None,ticker,dimension,calendardate,datekey,reportperiod,lastupdated,accoci,assets,assetsavg,assetsc,assetsnc,assetturnover,bvps,capex,cashneq,cashnequsd,cor,consolinc,currentratio,de,debt,debtc,debtnc,debtusd,deferredrev,depamor,deposits,divyield,dps,ebit,ebitda,ebitdamargin,ebitdausd,ebitusd,ebt,eps,epsdil,epsusd,equity,equityavg,equityusd,ev,evebit,evebitda,fcf,fcfps,fxusd,gp,grossmargin,intangibles,intexp,invcap,invcapavg,inventory,investments,investmentsc,investmentsnc,liabilities,liabilitiesc,liabilitiesnc,marketcap,ncf,ncfbus,ncfcommon,ncfdebt,ncfdiv,ncff,ncfi,ncfinv,ncfo,ncfx,netinc,netinccmn,netinccmnusd,netincdis,netincnci,netmargin,opex,opinc,payables,payoutratio,pb,pe,pe1,ppnenet,prefdivis,price,ps,ps1,receivables,retearn,revenue,revenueusd,rnd,roa,roe,roic,ros,sbcomp,sgna,sharefactor,sharesbas,shareswa,shareswadil,sps,tangibles,taxassets,taxexp,taxliabilities,tbvps,workingcapital
0,FIS,MRY,2020-12-31,2020-12-31,2020-12-31,2021-08-25,57000000.0,83842000000.0,83038250000.0,9898000000.0,73944000000.0,0.151,79.645,-1129000000.0,1959000000.0,1959000000.0,8348000000.0,164000000.0,0.801,0.697,20015000000.0,4064000000.0,15951000000.0,20015000000.0,940000000.0,3714000000.0,0.0,0.01,1.4,593000000.0,4307000000.0,0.343,4307000000.0,593000000.0,254000000.0,0.26,0.25,0.26,49300000000.0,49135250000.0,49300000000.0,106140178243.0,179.0,24.644,3313000000.0,5.352,1.0,4204000000.0,0.335,70566000000.0,339000000.0,18971000000.0,20098250000.0,0.0,0.0,0.0,0.0,34355000000.0,12361000000.0,21994000000.0,87777178243.0,819000000.0,-469000000.0,220000000.0,-1372000000.0,-868000000.0,-2751000000.0,-914000000.0,0.0,4442000000.0,42000000.0,158000000.0,158000000.0,158000000.0,0.0,6000000.0,0.013,3652000000.0,552000000.0,7416000000.0,5.385,1.78,555.552,544.077,887000000.0,0.0,141.46,6.993,6.976,4293000000.0,3440000000.0,12552000000.0,12552000000.0,0.0,0.002,0.003,0.03,0.047,283000000.0,3516000000.0,1.0,620508824.0,619000000.0,627000000.0,20.278,13276000000.0,0.0,96000000.0,4017000000.0,21.447,-2463000000.0
1,FIS,MRY,2019-12-31,2019-12-31,2019-12-31,2021-08-25,-33000000.0,83806000000.0,56114000000.0,8692000000.0,75114000000.0,0.184,111.101,-828000000.0,1152000000.0,1152000000.0,6610000000.0,303000000.0,0.837,0.695,20192000000.0,2963000000.0,17229000000.0,20192000000.0,869000000.0,2444000000.0,0.0,0.01,1.4,787000000.0,3231000000.0,0.313,3231000000.0,787000000.0,398000000.0,0.67,0.66,0.67,49440000000.0,29629000000.0,49440000000.0,104372756422.0,133.0,32.304,1582000000.0,3.555,1.0,3723000000.0,0.36,71244000000.0,389000000.0,21220000000.0,17937500000.0,0.0,0.0,0.0,0.0,34350000000.0,10382000000.0,23968000000.0,85484756422.0,2508000000.0,-6583000000.0,-292000000.0,8579000000.0,-656000000.0,7581000000.0,-7501000000.0,0.0,2410000000.0,18000000.0,298000000.0,298000000.0,298000000.0,0.0,5000000.0,0.029,2754000000.0,969000000.0,6602000000.0,2.09,1.729,286.862,207.597,900000000.0,0.0,139.09,8.273,5.99,4226000000.0,4161000000.0,10333000000.0,10333000000.0,0.0,0.005,0.01,0.044,0.076,402000000.0,2667000000.0,1.0,614600305.0,445000000.0,451000000.0,23.22,12562000000.0,0.0,100000000.0,4281000000.0,28.229,-1690000000.0
2,FIS,MRY,2018-12-31,2018-12-31,2018-12-31,2021-08-25,-430000000.0,23770000000.0,23934250000.0,3733000000.0,20037000000.0,0.352,31.143,-622000000.0,703000000.0,703000000.0,5569000000.0,881000000.0,1.195,1.326,8985000000.0,315000000.0,8670000000.0,8985000000.0,806000000.0,1420000000.0,0.0,0.012,1.28,1368000000.0,2788000000.0,0.331,2788000000.0,1368000000.0,1054000000.0,2.58,2.55,2.58,10215000000.0,10307500000.0,10215000000.0,41989921883.0,31.0,15.061,1371000000.0,4.18,1.0,2854000000.0,0.339,18472000000.0,314000000.0,10455000000.0,10410250000.0,0.0,0.0,0.0,0.0,13548000000.0,3125000000.0,10423000000.0,33583921883.0,38000000.0,-16000000.0,-967000000.0,193000000.0,-421000000.0,-1236000000.0,-668000000.0,0.0,1993000000.0,-51000000.0,846000000.0,846000000.0,846000000.0,0.0,35000000.0,0.1,1396000000.0,1458000000.0,2071000000.0,0.496,3.288,39.697,39.748,587000000.0,0.0,102.55,3.987,3.993,1919000000.0,4528000000.0,8423000000.0,8423000000.0,0.0,0.035,0.082,0.131,0.162,84000000.0,1301000000.0,1.0,327488268.0,328000000.0,332000000.0,25.68,5298000000.0,0.0,208000000.0,1360000000.0,16.152,608000000.0
3,FIS,MRY,2017-12-31,2017-12-31,2017-12-31,2021-08-25,-332000000.0,24526000000.0,24719000000.0,3688000000.0,20838000000.0,0.351,32.458,-613000000.0,665000000.0,665000000.0,5794000000.0,1294000000.0,0.919,1.28,8763000000.0,1045000000.0,7718000000.0,8763000000.0,882000000.0,1366000000.0,0.0,0.012,1.16,1299000000.0,2665000000.0,0.307,2665000000.0,1299000000.0,940000000.0,3.82,3.75,3.82,10711000000.0,10116250000.0,10711000000.0,39802691964.0,31.0,14.935,1128000000.0,3.418,1.0,2874000000.0,0.332,19343000000.0,359000000.0,9270000000.0,10437750000.0,0.0,0.0,0.0,0.0,13706000000.0,4011000000.0,9695000000.0,31413691964.0,-18000000.0,1307000000.0,55000000.0,-2087000000.0,-385000000.0,-2480000000.0,690000000.0,0.0,1741000000.0,31000000.0,1261000000.0,1261000000.0,1261000000.0,0.0,33000000.0,0.145,1442000000.0,1432000000.0,2190000000.0,0.304,2.933,24.912,24.631,610000000.0,0.0,94.09,3.624,3.582,1985000000.0,4109000000.0,8668000000.0,8668000000.0,0.0,0.051,0.125,0.124,0.15,107000000.0,1442000000.0,1.0,333868551.0,330000000.0,336000000.0,26.267,5183000000.0,0.0,-321000000.0,1468000000.0,15.706,-323000000.0
4,FIS,MRY,2016-12-31,2016-12-31,2016-12-31,2021-08-25,-331000000.0,26031000000.0,26244750000.0,4282000000.0,21749000000.0,0.336,29.88,-616000000.0,683000000.0,683000000.0,5895000000.0,547000000.0,1.359,1.662,10478000000.0,332000000.0,10146000000.0,10478000000.0,699000000.0,1153000000.0,0.0,0.014,1.04,1219000000.0,2372000000.0,0.269,2372000000.0,1219000000.0,816000000.0,1.61,1.59,1.61,9741000000.0,9573000000.0,9741000000.0,34913155860.0,29.0,14.719,1309000000.0,4.015,1.0,2936000000.0,0.332,20450000000.0,403000000.0,12225000000.0,12016750000.0,0.0,0.0,0.0,0.0,16186000000.0,3151000000.0,13035000000.0,24827155860.0,1000000.0,0.0,72000000.0,-1029000000.0,-341000000.0,-1309000000.0,-619000000.0,0.0,1925000000.0,4000000.0,525000000.0,525000000.0,525000000.0,-1000000.0,22000000.0,0.059,1707000000.0,1229000000.0,1860000000.0,0.646,2.549,47.29,46.981,626000000.0,0.0,75.64,2.811,2.792,1879000000.0,3299000000.0,8831000000.0,8831000000.0,0.0,0.02,0.055,0.101,0.138,105000000.0,1707000000.0,1.0,328227867.0,326000000.0,330000000.0,27.089,5581000000.0,101000000.0,291000000.0,2484000000.0,17.12,1131000000.0
5,FIS,MRY,2015-12-31,2015-12-31,2015-12-31,2021-08-25,-279000000.0,26200000000.0,17297825000.0,3509000000.0,22691000000.0,0.381,32.705,-415000000.0,682000000.0,682000000.0,4395000000.0,651000000.0,1.484,1.802,11444000000.0,15000000.0,11429000000.0,11444000000.0,645000000.0,669000000.0,0.0,0.017,1.04,1210000000.0,1879000000.0,0.285,1879000000.0,1210000000.0,1011000000.0,2.22,2.19,2.22,9321000000.0,7162925000.0,9321000000.0,21627410463.0,18.0,11.51,716000000.0,2.512,1.0,2201000000.0,0.334,21488000000.0,199000000.0,13110000000.0,8136300000.0,0.0,0.0,0.0,0.0,16793000000.0,2364000000.0,14429000000.0,17098510463.0,189000000.0,-1479000000.0,-263000000.0,1618000000.0,-305000000.0,1015000000.0,-1898000000.0,0.0,1131000000.0,-59000000.0,632000000.0,632000000.0,632000000.0,7000000.0,19000000.0,0.096,1102000000.0,1099000000.0,1734000000.0,0.468,1.834,27.055,27.297,611000000.0,0.0,60.6,2.592,2.618,2090000000.0,3073000000.0,6596000000.0,6596000000.0,0.0,0.037,0.088,0.149,0.183,69000000.0,1102000000.0,1.0,282153638.0,285000000.0,289000000.0,23.144,4712000000.0,100000000.0,379000000.0,2658000000.0,16.533,1145000000.0
6,FIS,MRY,2014-12-31,2014-12-31,2014-12-31,2021-08-25,-107200000.0,14520500000.0,14351075000.0,2473100000.0,12047400000.0,0.447,23.006,-372000000.0,492800000.0,492800000.0,4327000000.0,707000000.0,1.547,1.194,5067700000.0,13100000.0,5054600000.0,5067700000.0,305500000.0,626000000.0,0.0,0.015,0.96,1187000000.0,1813000000.0,0.283,1813000000.0,1187000000.0,1014000000.0,2.38,2.35,2.38,6556700000.0,6516850000.0,6556700000.0,22010619913.0,19.0,12.14,793000000.0,2.782,1.0,2086000000.0,0.325,11039000000.0,173000000.0,6457500000.0,6267950000.0,0.0,0.0,0.0,0.0,7829000000.0,1598900000.0,6230100000.0,17649319913.0,-55000000.0,-595000000.0,-461000000.0,558000000.0,-275000000.0,-198000000.0,-985000000.0,0.0,1165000000.0,-37000000.0,679000000.0,679000000.0,679000000.0,11000000.0,28000000.0,0.106,815000000.0,1271000000.0,1331600000.0,0.403,2.692,25.993,26.134,483300000.0,0.0,62.2,2.752,2.764,1345200000.0,2746800000.0,6413000000.0,6413000000.0,0.0,0.047,0.104,0.189,0.185,16000000.0,815000000.0,1.0,283751124.0,285000000.0,289000000.0,22.502,3481500000.0,67400000.0,335000000.0,874400000.0,12.216,874200000.0
7,FIS,MRY,2013-12-31,2013-12-31,2013-12-31,2021-08-25,-9900000.0,13960100000.0,13975025000.0,2351900000.0,11608200000.0,0.434,22.715,-336200000.0,547500000.0,547500000.0,4092700000.0,517700000.0,1.406,1.098,4468600000.0,128800000.0,4339800000.0,4468600000.0,270800000.0,614600000.0,0.0,0.016,0.88,1000600000.0,1615200000.0,0.266,1615200000.0,1000600000.0,802000000.0,1.7,1.68,1.7,6580500000.0,6616575000.0,6580500000.0,19637610690.0,20.0,12.158,724100000.0,2.499,1.0,1970700000.0,0.325,10695800000.0,198600000.0,5512700000.0,5730825000.0,0.0,0.0,0.0,0.0,7222800000.0,1672700000.0,5550100000.0,15628010690.0,29900000.0,-123700000.0,-332900000.0,53900000.0,-256300000.0,-546000000.0,-464700000.0,0.0,1060300000.0,-19700000.0,493100000.0,493100000.0,493100000.0,-3100000.0,24600000.0,0.081,907800000.0,1062900000.0,1334800000.0,0.518,2.375,31.693,31.576,439000000.0,0.0,53.68,2.577,2.565,1264000000.0,2341900000.0,6063400000.0,6063400000.0,0.0,0.035,0.075,0.175,0.165,13000000.0,907800000.0,1.0,291132837.0,289700000.0,294200000.0,20.93,3264300000.0,58900000.0,308900000.0,823600000.0,11.268,679200000.0
8,FIS,MRY,2012-12-31,2012-12-31,2012-12-31,2021-08-25,30000000.0,13549700000.0,13755775000.0,1844200000.0,11705500000.0,0.421,22.758,-296100000.0,517600000.0,517600000.0,3956200000.0,481100000.0,1.467,1.017,4385500000.0,153900000.0,4231600000.0,4385500000.0,329500000.0,632800000.0,0.0,0.023,0.8,962600000.0,1595400000.0,0.275,1595400000.0,962600000.0,731300000.0,1.58,1.55,1.58,6640900000.0,6637400000.0,6640900000.0,14161629412.0,15.0,8.877,750600000.0,2.572,1.0,1839600000.0,0.317,10804700000.0,231300000.0,5356100000.0,5744925000.0,0.0,0.0,0.0,0.0,6756100000.0,1256800000.0,5499300000.0,10206229412.0,102100000.0,275900000.0,-234700000.0,-475400000.0,-234800000.0,-920800000.0,-23200000.0,0.0,1046700000.0,-600000.0,461200000.0,461200000.0,461200000.0,77100000.0,19900000.0,0.08,763300000.0,1076300000.0,856100000.0,0.506,1.537,22.13,22.032,419500000.0,0.0,34.81,1.761,1.753,1126200000.0,2105800000.0,5795800000.0,5795800000.0,0.0,0.034,0.069,0.168,0.166,53200000.0,763300000.0,1.0,293198202.0,291800000.0,297500000.0,19.862,2745000000.0,55900000.0,270100000.0,821800000.0,9.407,587400000.0
9,FIS,MRY,2011-12-31,2011-12-31,2011-12-31,2021-08-25,36300000.0,13873200000.0,14008650000.0,1674000000.0,12199200000.0,0.402,21.633,-300300000.0,415500000.0,415500000.0,3919100000.0,481100000.0,1.234,1.111,4809800000.0,259200000.0,4550600000.0,4809800000.0,332400000.0,637200000.0,0.0,0.008,0.2,966800000.0,1604000000.0,0.285,1604000000.0,966800000.0,702000000.0,1.56,1.53,1.56,6503000000.0,6599500000.0,6503000000.0,12442138251.0,13.0,7.757,871200000.0,2.898,1.0,1706500000.0,0.303,11327600000.0,264800000.0,5583600000.0,5486475000.0,0.0,0.0,0.0,0.0,7222000000.0,1356300000.0,5865700000.0,7962938251.0,77500000.0,-20200000.0,-295000000.0,-434000000.0,-60400000.0,-784700000.0,-299200000.0,0.0,1171500000.0,-10100000.0,469600000.0,469600000.0,469600000.0,13500000.0,11500000.0,0.083,657000000.0,1049500000.0,871200000.0,0.128,1.225,16.957,17.045,414500000.0,0.0,26.59,1.415,1.421,1023500000.0,1880400000.0,5625600000.0,5625600000.0,0.0,0.034,0.071,0.176,0.172,57200000.0,647900000.0,1.0,299471164.0,300600000.0,307000000.0,18.715,2545600000.0,74000000.0,232400000.0,884100000.0,8.468,317700000.0
10,FIS,MRY,2010-12-31,2010-12-31,2010-12-31,2021-08-25,87900000.0,14176300000.0,13833075000.0,1673000000.0,12503300000.0,0.372,18.555,-314000000.0,338000000.0,338000000.0,3553700000.0,357900000.0,1.287,1.189,5192100000.0,256900000.0,4935200000.0,5192100000.0,354900000.0,619500000.0,0.0,0.007,0.2,792700000.0,1412200000.0,0.274,1412200000.0,792700000.0,612900000.0,1.17,1.15,1.17,6403200000.0,7373175000.0,6403200000.0,12950214641.0,16.0,9.17,757300000.0,2.194,1.0,1591900000.0,0.309,11661900000.0,179800000.0,6068100000.0,4792075000.0,0.0,0.0,0.0,0.0,7614700000.0,1300400000.0,6314300000.0,8243314641.0,-92900000.0,-331700000.0,-2330700000.0,1862100000.0,-67900000.0,-519000000.0,-644200000.0,0.0,1071300000.0,-1000000.0,404500000.0,404500000.0,404500000.0,31800000.0,-46600000.0,0.079,808900000.0,783000000.0,818100000.0,0.171,1.287,20.379,23.41,390000000.0,0.0,27.39,1.602,1.837,1085600000.0,1471200000.0,5145600000.0,5145600000.0,0.0,0.029,0.055,0.165,0.154,36400000.0,654000000.0,1.0,300960739.0,345100000.0,352000000.0,14.91,2514400000.0,58100000.0,208400000.0,859300000.0,7.286,372600000.0
11,FIS,MRY,2009-12-31,2009-12-31,2009-12-31,2021-08-25,82200000.0,13997600000.0,9071075000.0,1666100000.0,12331500000.0,0.409,35.148,-212500000.0,430900000.0,430900000.0,2741500000.0,108500000.0,1.349,0.659,3253300000.0,236700000.0,3016600000.0,3253300000.0,384300000.0,434000000.0,0.0,0.009,0.2,294600000.0,728600000.0,0.196,728600000.0,294600000.0,160600000.0,0.45,0.44,0.45,8308900000.0,4860050000.0,8308900000.0,10668995712.0,36.0,14.643,501600000.0,2.122,1.0,969600000.0,0.261,11562400000.0,134000000.0,4022900000.0,3178700000.0,0.0,0.0,0.0,0.0,5479000000.0,1234700000.0,4244300000.0,8730895712.0,210000000.0,455400000.0,24300000.0,-989100000.0,-47400000.0,-770000000.0,248800000.0,5900000.0,714100000.0,17100000.0,105900000.0,105900000.0,105900000.0,500000.0,2600000.0,0.029,684000000.0,285600000.0,718500000.0,0.444,1.051,82.445,52.089,375900000.0,0.0,23.44,2.353,1.493,890800000.0,1134600000.0,3711100000.0,3711100000.0,0.0,0.012,0.022,0.093,0.079,68200000.0,547100000.0,1.0,372478486.0,236400000.0,239400000.0,15.698,2435200000.0,80900000.0,54700000.0,915900000.0,10.301,431400000.0
12,FIS,MRY,2008-12-31,2008-12-31,2008-12-31,2021-08-25,-102300000.0,7500400000.0,8665261750.0,1166200000.0,6334200000.0,0.388,18.438,-255400000.0,220900000.0,220900000.0,2616100000.0,219500000.0,1.428,1.077,2514500000.0,105500000.0,2409000000.0,2514500000.0,269600000.0,439400000.0,0.0,0.012,0.2,435800000.0,875200000.0,0.261,875200000.0,435800000.0,272400000.0,1.12,1.11,1.12,3532800000.0,3682610000.0,3532800000.0,5501526840.0,13.0,6.286,341000000.0,1.78,1.0,743400000.0,0.221,5735300000.0,163400000.0,3242200000.0,4369209000.0,0.0,5500000.0,0.0,5500000.0,3803400000.0,816500000.0,2986900000.0,3091223840.0,-134400000.0,-13000000.0,-216900000.0,-177300000.0,-38200000.0,-438400000.0,-273100000.0,0.0,596400000.0,-19300000.0,214800000.0,214800000.0,214800000.0,-96500000.0,4700000.0,0.064,407000000.0,336400000.0,528100000.0,0.179,0.875,14.391,14.527,272600000.0,0.0,16.27,0.92,0.928,721400000.0,1076100000.0,3359500000.0,3359500000.0,0.0,0.025,0.058,0.1,0.13,60700000.0,381000000.0,1.0,189995319.0,191600000.0,193500000.0,17.534,1765100000.0,77400000.0,57600000.0,332700000.0,9.212,349700000.0
13,FIS,MRY,2007-12-31,2007-12-31,2007-12-31,2021-08-25,53400000.0,9794600000.0,8718010000.0,1829500000.0,7965100000.0,0.332,19.582,-343300000.0,355300000.0,355300000.0,2315300000.0,561100000.0,1.459,1.587,4275400000.0,272000000.0,4003400000.0,4275400000.0,358100000.0,483300000.0,0.0,0.005,0.2,879800000.0,1363100000.0,0.471,1363100000.0,879800000.0,689600000.0,2.91,2.86,2.91,3781200000.0,3534900000.0,3781200000.0,12108787464.0,14.0,8.883,120200000.0,0.622,1.0,577600000.0,0.2,7132600000.0,190200000.0,5327900000.0,4724086000.0,0.0,36600000.0,0.0,36600000.0,5999200000.0,1254200000.0,4745000000.0,8066987464.0,143500000.0,-1298800000.0,-22600000.0,1267600000.0,-38700000.0,1224400000.0,-1545900000.0,0.0,463500000.0,1500000.0,561200000.0,561200000.0,561200000.0,-323000000.0,-100000.0,0.194,316000000.0,261600000.0,736000000.0,0.069,2.133,14.375,14.292,392500000.0,0.0,41.59,2.789,2.776,1164400000.0,899500000.0,2892900000.0,2892900000.0,0.0,0.064,0.159,0.186,0.304,-8500000.0,302500000.0,1.0,193964594.0,193100000.0,196500000.0,14.981,2662000000.0,120100000.0,128400000.0,395000000.0,13.786,575300000.0
14,FIS,MRY,2006-12-31,2006-12-31,2006-12-31,2021-08-25,45009000.0,7630560000.0,7453061500.0,1300539000.0,6330021000.0,0.324,16.906,-300200000.0,211753000.0,211753000.0,1872200000.0,259100000.0,1.477,1.424,3009501000.0,61661000.0,2947840000.0,3009501000.0,359387000.0,433600000.0,0.0,0.099,3.95,447100000.0,880700000.0,0.364,880700000.0,447100000.0,256200000.0,1.39,1.37,1.39,3142744000.0,3038404750.0,3142744000.0,10329238333.0,23.0,11.728,194500000.0,1.046,1.0,544300000.0,0.225,5388333000.0,190900000.0,4159460000.0,3917425250.0,0.0,248441000.0,0.0,248441000.0,4474846000.0,880515000.0,3594331000.0,7635137333.0,78600000.0,111000000.0,-90100000.0,-123500000.0,-38200000.0,-228600000.0,-189200000.0,0.0,494700000.0,1700000.0,259100000.0,259100000.0,259100000.0,-243500000.0,0.0,0.107,350700000.0,193600000.0,563946000.0,2.842,2.429,29.468,28.842,345799000.0,0.0,40.09,3.16,3.084,806299000.0,376961000.0,2416500000.0,2416500000.0,70900000.0,0.035,0.085,0.114,0.185,23200000.0,279800000.0,1.0,190449921.0,185900000.0,189200000.0,12.999,2242227000.0,108398000.0,-2900000.0,396263000.0,12.061,420024000.0
15,FIS,MRY,2005-12-31,2005-12-31,2005-12-31,2021-08-25,-8475000.0,4189021000.0,1737561000.0,791216000.0,3397805000.0,1.547,5.43,-238665000.0,133152000.0,133152000.0,1750199000.0,196550000.0,1.324,5.012,2564128000.0,33673000.0,2530455000.0,2564128000.0,366070000.0,299637000.0,0.0,0.005,0.2,430394000.0,730031000.0,0.272,730031000.0,430394000.0,303616000.0,1.54,1.53,1.54,694570000.0,457895500.0,694570000.0,2640441956.0,6.0,3.617,187311000.0,1.464,1.0,938019000.0,0.349,2748486000.0,126778000.0,3273713000.0,1132907000.0,0.0,136024000.0,0.0,136024000.0,3481391000.0,597798000.0,2883593000.0,2519838956.0,-57736000.0,-48389000.0,454336000.0,2088963000.0,-2700000000.0,-197254000.0,-287054000.0,0.0,425976000.0,596000.0,196550000.0,196550000.0,196550000.0,-15226000.0,0.0,0.073,525416000.0,412603000.0,309591000.0,0.13,3.628,12.82,26.338,220425000.0,0.0,40.56,0.937,1.93,493991000.0,156127000.0,2688218000.0,2688218000.0,113498000.0,0.113,0.429,0.38,0.16,20367000.0,411918000.0,1.0,62126207.0,127920000.0,128354000.0,21.015,1440535000.0,105845000.0,107066000.0,153193000.0,11.261,193418000.0
16,FIS,MRY,2004-12-31,2004-12-31,2004-12-31,2021-08-25,-59194000.0,922209000.0,876278750.0,408717000.0,513492000.0,2.661,2.402,-177502000.0,41801000.0,41801000.0,1525174000.0,189416000.0,1.408,2.001,273968000.0,0.0,273968000.0,273968000.0,0.0,238400000.0,0.0,0.006,0.2,312255000.0,550655000.0,0.236,550655000.0,312255000.0,307759000.0,1.48,1.48,1.48,307287000.0,269617250.0,307287000.0,2464698350.0,8.0,4.476,326244000.0,2.55,1.0,806353000.0,0.346,381582000.0,4496000.0,482456000.0,539394250.0,0.0,0.0,0.0,0.0,614922000.0,290338000.0,324584000.0,2220991350.0,98839000.0,-423170000.0,0.0,390161000.0,0.0,195154000.0,-600672000.0,0.0,503746000.0,611000.0,189416000.0,189416000.0,189416000.0,0.0,0.0,0.081,506524000.0,299829000.0,210566000.0,0.135,7.228,11.725,24.007,61490000.0,0.0,35.53,0.953,1.949,218681000.0,295532000.0,2331527000.0,2331527000.0,74214000.0,0.216,0.703,0.579,0.134,15436000.0,432310000.0,1.0,62510311.0,127920000.0,127920000.0,18.226,540627000.0,0.0,118343000.0,47469000.0,4.226,118379000.0
17,FIS,MRY,2003-12-31,2003-12-31,2003-12-31,2021-08-25,-75854000.0,785356000.0,757076000.0,343404000.0,441952000.0,1.217,4.012,-43747000.0,22280000.0,22280000.0,655654000.0,84706000.0,1.406,2.007,222399000.0,0.0,222399000.0,222399000.0,0.0,42030000.0,0.0,0.003,0.1,143085000.0,185115000.0,0.201,185115000.0,143085000.0,135135000.0,1.3,1.29,1.3,261139000.0,239643000.0,261139000.0,2281857254.0,16.0,12.327,88072000.0,1.353,1.0,266080000.0,0.289,317729000.0,7950000.0,423481000.0,417350000.0,0.0,0.0,0.0,0.0,524217000.0,244265000.0,279952000.0,2127019254.0,8114000.0,0.0,-68048000.0,-18070000.0,-3242000.0,-89392000.0,-43747000.0,0.0,131819000.0,7886000.0,84706000.0,84706000.0,84706000.0,-3897000.0,0.0,0.092,127896000.0,138184000.0,174686000.0,0.077,8.145,25.111,25.231,58897000.0,0.0,32.8,2.308,2.316,189388000.0,226495000.0,921734000.0,921734000.0,0.0,0.112,0.353,0.343,0.155,15215000.0,115693000.0,1.0,64848148.0,65094000.0,65870000.0,14.16,467627000.0,0.0,50429000.0,52088000.0,7.184,99139000.0
18,FIS,MRY,2002-12-31,2002-12-31,2002-12-31,2021-08-25,-114799000.0,702141000.0,671395750.0,312000000.0,390141000.0,1.351,2.907,-48961000.0,14166000.0,14166000.0,637123000.0,89984000.0,1.243,2.538,214200000.0,0.0,214200000.0,214200000.0,0.0,39050000.0,0.0,0.0,0.0,151214000.0,190264000.0,0.21,190264000.0,151214000.0,144094000.0,1.32,1.3,1.32,198443000.0,217270500.0,198443000.0,1778445198.0,12.0,9.347,70895000.0,1.039,1.0,269668000.0,0.297,200298000.0,7120000.0,450947000.0,406265250.0,0.0,0.0,0.0,0.0,503698000.0,250930000.0,252768000.0,1629588198.0,-13508000.0,-10433000.0,-63619000.0,-15800000.0,0.0,-79778000.0,-59394000.0,0.0,119856000.0,-991000.0,89984000.0,89984000.0,89984000.0,-2926000.0,0.0,0.099,122499000.0,147169000.0,176962000.0,0.0,8.212,18.11,18.598,38637000.0,0.0,24.55,1.797,1.848,183233000.0,140552000.0,906791000.0,906791000.0,0.0,0.134,0.414,0.372,0.167,3772000.0,110269000.0,1.0,66378338.0,68254000.0,69033000.0,13.286,501843000.0,0.0,54110000.0,41346000.0,7.353,61070000.0
19,FIS,MRY,2001-12-31,2001-12-31,2001-12-31,2021-08-25,-67839000.0,736203000.0,609644500.0,321536000.0,414667000.0,1.535,3.101,-49349000.0,27674000.0,27674000.0,686588000.0,87076000.0,1.234,2.475,230000000.0,0.0,230000000.0,230000000.0,0.0,45677000.0,0.0,0.0,0.0,150552000.0,196229000.0,0.21,196229000.0,150552000.0,143352000.0,1.27,1.26,1.27,211865000.0,277771250.0,211865000.0,2570147486.0,17.0,13.098,53527000.0,0.784,1.0,249383000.0,0.266,240630000.0,7200000.0,437333000.0,295543500.0,0.0,0.0,0.0,0.0,524338000.0,260566000.0,263772000.0,2352916486.0,-2120000.0,-79038000.0,1639000.0,230000000.0,0.0,24871000.0,-128387000.0,0.0,102876000.0,-1480000.0,87076000.0,87076000.0,87076000.0,0.0,0.0,0.093,97964000.0,151419000.0,187254000.0,0.0,11.106,27.021,26.945,34340000.0,0.0,34.22,2.514,2.498,202625000.0,50568000.0,935971000.0,935971000.0,0.0,0.143,0.313,0.509,0.161,729000.0,97964000.0,1.0,68758518.0,68317000.0,69063000.0,13.7,495573000.0,0.0,56276000.0,36332000.0,7.254,60970000.0
20,FIS,MRY,2000-12-31,2000-12-31,2000-12-31,2021-08-25,-57288000.0,502445000.0,498850000.0,199207000.0,303238000.0,1.736,4.816,-38789000.0,29794000.0,29794000.0,623096000.0,88462000.0,1.243,0.534,549000.0,549000.0,0.0,549000.0,0.0,42698000.0,0.0,,0.0,147372000.0,190070000.0,0.22,190070000.0,147372000.0,146071000.0,1.32,1.3,1.32,323618000.0,297554000.0,323618000.0,,,,64995000.0,0.967,1.0,242811000.0,0.28,184612000.0,1301000.0,128337000.0,119159000.0,0.0,0.0,0.0,0.0,172921000.0,160251000.0,12670000.0,,-3823000.0,-46257000.0,0.0,0.0,0.0,-26819000.0,-78196000.0,6850000.0,103784000.0,-2592000.0,88462000.0,88462000.0,88462000.0,0.0,0.0,0.102,95652000.0,147159000.0,95678000.0,0.0,,,,32806000.0,0.0,,,,155351000.0,,865907000.0,865907000.0,0.0,0.177,0.297,1.237,0.17,0.0,95652000.0,1.0,68618753.0,67200000.0,67933000.0,12.886,317833000.0,4827000.0,57609000.0,20382000.0,4.73,38956000.0
21,FIS,MRY,1999-12-31,1999-12-31,1999-12-31,2021-08-25,-48462000.0,495255000.0,,221956000.0,273299000.0,,3.95,-50111000.0,33617000.0,33617000.0,466379000.0,74629000.0,1.087,0.81,1288000.0,1288000.0,0.0,1288000.0,0.0,35758000.0,0.0,,0.0,129802000.0,165560000.0,0.243,165560000.0,129802000.0,128901000.0,1.09,1.07,1.09,271490000.0,,271490000.0,,,,96109000.0,1.398,1.0,214793000.0,0.315,148823000.0,901000.0,109981000.0,,0.0,0.0,0.0,0.0,219875000.0,204122000.0,15753000.0,,10827000.0,1320000.0,0.0,-871000.0,0.0,-103707000.0,-30934000.0,17857000.0,146220000.0,-752000.0,74629000.0,74629000.0,74629000.0,0.0,0.0,0.11,87308000.0,127485000.0,145259000.0,0.0,,,,36910000.0,0.0,,,,174467000.0,,681172000.0,681172000.0,0.0,,,,0.191,0.0,87308000.0,1.0,,68729000.0,69462000.0,9.911,346432000.0,4902000.0,54272000.0,18789000.0,5.041,17834000.0
22,FIS,MRY,1998-12-31,1998-12-31,1998-12-31,2021-08-25,,,,,,,,-18095000.0,,,384933000.0,61090000.0,,,,,,,,27839000.0,,,0.0,102128000.0,129967000.0,0.23,129967000.0,102128000.0,101595000.0,0.86,,0.86,,,,,,,54559000.0,0.772,1.0,181187000.0,0.32,,533000.0,,,,,,,,,,,4574000.0,-157189000.0,0.0,-130000.0,0.0,136546000.0,-205082000.0,0.0,72654000.0,456000.0,61090000.0,61090000.0,61090000.0,0.0,0.0,0.108,77896000.0,103291000.0,,0.0,,,,,0.0,,,,,,566120000.0,566120000.0,0.0,,,,0.18,0.0,77896000.0,1.0,,70699000.0,,8.007,,,40505000.0,,,
0,FIS,MRQ,2021-06-30,2021-06-30,2021-06-30,2021-08-25,249000000.0,82288000000.0,,9438000000.0,72850000000.0,,78.178,-315000000.0,1301000000.0,1301000000.0,2135000000.0,342000000.0,0.821,0.697,19417000000.0,3355000000.0,16062000000.0,19417000000.0,972000000.0,971000000.0,0.0,0.01,0.39,691000000.0,1662000000.0,0.478,1662000000.0,691000000.0,643000000.0,0.55,0.55,0.55,48392000000.0,,48392000000.0,106253187802.0,149.0,23.502,713000000.0,1.152,1.0,1340000000.0,0.386,69347000000.0,48000000.0,19563000000.0,,0.0,0.0,0.0,0.0,33709000000.0,11494000000.0,22215000000.0,87853187802.0,161000000.0,367000000.0,-411000000.0,-221000000.0,-242000000.0,-874000000.0,-2000000.0,0.0,1028000000.0,9000000.0,341000000.0,341000000.0,341000000.0,0.0,1000000.0,0.098,977000000.0,363000000.0,7216000000.0,0.709,1.815,954.926,944.467,864000000.0,0.0,141.67,6.65,6.638,4575000000.0,2921000000.0,3475000000.0,3475000000.0,0.0,,,,,84000000.0,977000000.0,1.0,620125558.0,619000000.0,624000000.0,5.614,12941000000.0,0.0,302000000.0,4239000000.0,20.906,-2056000000.0
1,FIS,MRQ,2021-03-31,2021-03-31,2021-03-31,2021-08-25,124000000.0,82317000000.0,,9105000000.0,73212000000.0,,78.035,-298000000.0,1039000000.0,1039000000.0,2118000000.0,-370000000.0,0.812,0.695,19439000000.0,3139000000.0,16300000000.0,19439000000.0,1023000000.0,953000000.0,0.0,0.01,0.39,-396000000.0,557000000.0,0.173,557000000.0,-396000000.0,-470000000.0,-0.6,-0.6,-0.6,48460000000.0,,48460000000.0,105392898352.0,792.0,27.121,538000000.0,0.866,1.0,1105000000.0,0.343,69766000000.0,74000000.0,19743000000.0,,0.0,0.0,0.0,0.0,33668000000.0,11208000000.0,22460000000.0,87336898352.0,-906000000.0,0.0,-421000000.0,-580000000.0,-244000000.0,-1381000000.0,-321000000.0,0.0,836000000.0,-40000000.0,-373000000.0,-373000000.0,-373000000.0,0.0,3000000.0,-0.116,1006000000.0,99000000.0,7105000000.0,-0.65,1.802,-379.726,-380.027,863000000.0,0.0,140.61,6.878,6.877,4681000000.0,2823000000.0,3223000000.0,3223000000.0,0.0,,,,,157000000.0,1006000000.0,1.0,621128642.0,621000000.0,621000000.0,5.19,12551000000.0,0.0,-97000000.0,4115000000.0,20.211,-2103000000.0
2,FIS,MRQ,2020-12-31,2020-12-31,2020-12-31,2021-08-25,57000000.0,83842000000.0,,9898000000.0,73944000000.0,,79.26,-291000000.0,1959000000.0,1959000000.0,2110000000.0,103000000.0,0.801,0.697,20015000000.0,4064000000.0,15951000000.0,20015000000.0,940000000.0,954000000.0,0.0,0.01,0.35,193000000.0,1147000000.0,0.346,1147000000.0,193000000.0,106000000.0,0.17,0.16,0.17,49300000000.0,,49300000000.0,106140178243.0,179.0,24.644,1127000000.0,1.812,1.0,1206000000.0,0.364,70566000000.0,87000000.0,18971000000.0,,0.0,0.0,0.0,0.0,34355000000.0,12361000000.0,21994000000.0,87777178243.0,195000000.0,0.0,20000000.0,-851000000.0,-218000000.0,-1558000000.0,301000000.0,0.0,1418000000.0,34000000.0,104000000.0,104000000.0,104000000.0,0.0,-1000000.0,0.031,1039000000.0,167000000.0,7416000000.0,2.059,1.78,555.552,544.077,887000000.0,0.0,141.46,6.993,6.976,4293000000.0,3440000000.0,3316000000.0,3316000000.0,0.0,,,,,101000000.0,903000000.0,1.0,620508824.0,622000000.0,630000000.0,5.331,13276000000.0,0.0,2000000.0,4017000000.0,21.344,-2463000000.0
3,FIS,MRQ,2020-09-30,2020-09-30,2020-09-30,2021-08-25,-212000000.0,83195000000.0,,9934000000.0,73261000000.0,,79.082,-271000000.0,1826000000.0,1826000000.0,2104000000.0,22000000.0,0.778,0.693,20189000000.0,4976000000.0,15213000000.0,20189000000.0,821000000.0,930000000.0,0.0,0.01,0.35,225000000.0,1155000000.0,0.361,1155000000.0,225000000.0,141000000.0,0.03,0.03,0.03,49031000000.0,,49031000000.0,109896828585.0,296.0,26.889,1140000000.0,1.839,1.0,1093000000.0,0.342,70092000000.0,84000000.0,18691000000.0,,0.0,0.0,0.0,0.0,33974000000.0,12775000000.0,21199000000.0,91211828585.0,377000000.0,0.0,-25000000.0,-350000000.0,-217000000.0,-796000000.0,-269000000.0,0.0,1411000000.0,31000000.0,20000000.0,20000000.0,20000000.0,0.0,2000000.0,0.006,862000000.0,231000000.0,7024000000.0,11.667,1.86,-877.037,-342.349,914000000.0,0.0,147.21,7.251,7.256,4281000000.0,3556000000.0,3197000000.0,3197000000.0,0.0,,,,,57000000.0,862000000.0,1.0,619603482.0,620000000.0,627000000.0,5.156,13103000000.0,0.0,121000000.0,4172000000.0,21.134,-2841000000.0
4,FIS,MRQ,2020-06-30,2020-06-30,2020-06-30,2021-08-25,-358000000.0,82642000000.0,,8600000000.0,74042000000.0,,79.358,-261000000.0,1183000000.0,1183000000.0,2046000000.0,21000000.0,0.71,0.681,19868000000.0,4994000000.0,14874000000.0,19868000000.0,886000000.0,916000000.0,0.0,0.01,0.35,111000000.0,1027000000.0,0.347,1027000000.0,111000000.0,23000000.0,0.03,0.03,0.03,49043000000.0,,49043000000.0,101849336387.0,230.0,25.584,969000000.0,1.568,1.0,916000000.0,0.309,69821000000.0,88000000.0,19389000000.0,,0.0,0.0,0.0,0.0,33409000000.0,12117000000.0,21292000000.0,82845336387.0,18000000.0,-67000000.0,95000000.0,-738000000.0,-217000000.0,-874000000.0,-330000000.0,0.0,1230000000.0,-8000000.0,19000000.0,19000000.0,19000000.0,0.0,2000000.0,0.006,870000000.0,46000000.0,6277000000.0,11.667,1.689,2761.511,-838.062,887000000.0,0.0,134.09,6.788,6.79,4237000000.0,3753000000.0,2962000000.0,2962000000.0,0.0,,,,,69000000.0,870000000.0,1.0,617833816.0,618000000.0,625000000.0,4.793,12821000000.0,0.0,4000000.0,4091000000.0,20.746,-3517000000.0
5,FIS,MRQ,2020-03-31,2020-03-31,2020-03-31,2021-08-25,-248000000.0,82474000000.0,,8346000000.0,74128000000.0,,79.817,-306000000.0,1373000000.0,1373000000.0,2089000000.0,18000000.0,1.053,0.674,20377000000.0,1395000000.0,18982000000.0,20377000000.0,945000000.0,914000000.0,0.0,0.012,0.35,65000000.0,979000000.0,0.318,979000000.0,65000000.0,-15000000.0,0.02,0.02,0.02,49167000000.0,,49167000000.0,94009362343.0,157.0,26.201,77000000.0,0.125,1.0,989000000.0,0.321,70210000000.0,80000000.0,23342000000.0,,0.0,0.0,0.0,0.0,33117000000.0,7926000000.0,25191000000.0,74969362343.0,229000000.0,-402000000.0,130000000.0,567000000.0,-216000000.0,477000000.0,-616000000.0,0.0,383000000.0,-15000000.0,15000000.0,15000000.0,15000000.0,0.0,3000000.0,0.005,881000000.0,108000000.0,5633000000.0,17.5,1.525,454.36,419.448,870000000.0,0.0,121.64,6.603,6.599,4161000000.0,3952000000.0,3078000000.0,3078000000.0,0.0,,,,,56000000.0,881000000.0,1.0,616321624.0,616000000.0,625000000.0,4.997,12264000000.0,0.0,-30000000.0,4131000000.0,19.909,420000000.0
6,FIS,MRQ,2019-12-31,2019-12-31,2019-12-31,2021-08-25,-33000000.0,83806000000.0,,8692000000.0,75114000000.0,,111.101,-284000000.0,1152000000.0,1152000000.0,1987000000.0,-156000000.0,0.837,0.695,20192000000.0,2963000000.0,17229000000.0,20192000000.0,869000000.0,956000000.0,0.0,0.01,0.35,-30000000.0,926000000.0,0.277,926000000.0,-30000000.0,-177000000.0,-0.51,-0.49,-0.51,49440000000.0,,49440000000.0,104372756422.0,133.0,32.304,385000000.0,0.865,1.0,1355000000.0,0.405,71244000000.0,147000000.0,21220000000.0,,0.0,0.0,0.0,0.0,34350000000.0,10382000000.0,23968000000.0,85484756422.0,-619000000.0,-3000000.0,-6000000.0,-778000000.0,-215000000.0,-1010000000.0,-334000000.0,0.0,669000000.0,56000000.0,-158000000.0,-158000000.0,-158000000.0,0.0,2000000.0,-0.047,1232000000.0,123000000.0,6602000000.0,-0.686,1.729,286.862,207.597,900000000.0,0.0,139.09,8.273,5.99,4226000000.0,4161000000.0,3342000000.0,3342000000.0,0.0,,,,,264000000.0,1232000000.0,1.0,614600305.0,445000000.0,451000000.0,7.51,12562000000.0,0.0,-19000000.0,4281000000.0,28.229,-1690000000.0
7,FIS,MRQ,2019-09-30,2019-09-30,2019-09-30,2021-08-25,-391000000.0,83718000000.0,,9325000000.0,74393000000.0,,95.339,-259000000.0,1305000000.0,1305000000.0,1838000000.0,156000000.0,0.855,0.701,20193000000.0,3248000000.0,16945000000.0,20193000000.0,770000000.0,752000000.0,0.0,0.01,0.35,297000000.0,1049000000.0,0.372,1049000000.0,297000000.0,202000000.0,0.3,0.29,0.3,49195000000.0,,49195000000.0,89926862480.0,70.0,28.648,662000000.0,1.283,1.0,984000000.0,0.349,70998000000.0,95000000.0,20707000000.0,,0.0,0.0,0.0,0.0,34506000000.0,10901000000.0,23605000000.0,81440862480.0,-5926000000.0,-6623000000.0,51000000.0,255000000.0,-215000000.0,76000000.0,-6883000000.0,0.0,921000000.0,-40000000.0,154000000.0,154000000.0,154000000.0,0.0,2000000.0,0.055,844000000.0,140000000.0,6934000000.0,1.167,1.655,108.012,61.749,811000000.0,0.0,132.76,8.893,7.48,4089000000.0,4538000000.0,2822000000.0,2822000000.0,0.0,,,,,95000000.0,757000000.0,1.0,613444279.0,516000000.0,524000000.0,5.469,12720000000.0,0.0,48000000.0,4198000000.0,24.651,-1576000000.0
8,FIS,MRQ,2019-06-30,2019-06-30,2019-06-30,2021-08-25,-438000000.0,32859000000.0,,12505000000.0,20354000000.0,,30.818,-140000000.0,9756000000.0,9756000000.0,1404000000.0,155000000.0,2.999,2.29,18242000000.0,1560000000.0,16682000000.0,18242000000.0,844000000.0,368000000.0,0.0,0.011,0.35,266000000.0,634000000.0,0.3,634000000.0,266000000.0,194000000.0,0.48,0.47,0.48,9985000000.0,,9985000000.0,48341980416.0,38.0,17.806,386000000.0,1.191,1.0,708000000.0,0.335,18203000000.0,72000000.0,18972000000.0,,0.0,0.0,0.0,0.0,22867000000.0,4170000000.0,18697000000.0,39702980416.0,9180000000.0,0.0,24000000.0,8904000000.0,-113000000.0,8790000000.0,-141000000.0,0.0,526000000.0,5000000.0,154000000.0,154000000.0,154000000.0,0.0,1000000.0,0.073,317000000.0,391000000.0,1822000000.0,0.729,3.976,52.656,52.879,541000000.0,0.0,122.68,4.715,4.721,1792000000.0,4599000000.0,2112000000.0,2112000000.0,0.0,,,,,24000000.0,317000000.0,1.0,323630424.0,324000000.0,327000000.0,6.519,14656000000.0,0.0,40000000.0,1295000000.0,45.235,8335000000.0
9,FIS,MRQ,2019-03-31,2019-03-31,2019-03-31,2021-08-25,-427000000.0,24073000000.0,,3611000000.0,20462000000.0,,30.638,-145000000.0,576000000.0,576000000.0,1381000000.0,149000000.0,1.026,1.432,9215000000.0,653000000.0,8562000000.0,9215000000.0,909000000.0,368000000.0,0.0,0.012,0.35,255000000.0,623000000.0,0.303,623000000.0,255000000.0,180000000.0,0.46,0.45,0.46,9896000000.0,,9896000000.0,44804318050.0,34.0,16.169,149000000.0,0.461,1.0,676000000.0,0.329,18340000000.0,75000000.0,10851000000.0,,0.0,0.0,0.0,0.0,14170000000.0,3521000000.0,10649000000.0,36522318050.0,-127000000.0,43000000.0,-361000000.0,198000000.0,-113000000.0,-275000000.0,-143000000.0,0.0,294000000.0,-3000000.0,148000000.0,148000000.0,148000000.0,0.0,1000000.0,0.072,361000000.0,315000000.0,2014000000.0,0.761,3.691,44.978,45.605,556000000.0,0.0,113.1,4.341,4.342,1947000000.0,4558000000.0,2057000000.0,2057000000.0,0.0,,,,,19000000.0,361000000.0,1.0,322920584.0,323000000.0,326000000.0,6.368,5733000000.0,0.0,32000000.0,1351000000.0,17.749,90000000.0
10,FIS,MRQ,2018-12-31,2018-12-31,2018-12-31,2021-08-25,-430000000.0,23770000000.0,,3733000000.0,20037000000.0,,31.431,-158000000.0,703000000.0,703000000.0,1377000000.0,310000000.0,1.195,1.326,8985000000.0,315000000.0,8670000000.0,8985000000.0,806000000.0,360000000.0,0.0,0.012,0.32,473000000.0,833000000.0,0.384,833000000.0,473000000.0,384000000.0,0.91,0.9,0.91,10215000000.0,,10215000000.0,41989921883.0,31.0,15.061,547000000.0,1.683,1.0,790000000.0,0.365,18472000000.0,89000000.0,10455000000.0,,0.0,0.0,0.0,0.0,13548000000.0,3125000000.0,10423000000.0,33583921883.0,71000000.0,-74000000.0,-202000000.0,-120000000.0,-105000000.0,-442000000.0,-236000000.0,0.0,705000000.0,5000000.0,298000000.0,298000000.0,298000000.0,0.0,12000000.0,0.138,321000000.0,469000000.0,2071000000.0,0.352,3.288,39.697,39.748,587000000.0,0.0,102.55,3.987,3.993,1919000000.0,4528000000.0,2167000000.0,2167000000.0,0.0,,,,,18000000.0,321000000.0,1.0,327488268.0,325000000.0,329000000.0,6.668,5298000000.0,0.0,86000000.0,1360000000.0,16.302,608000000.0
11,FIS,MRQ,2018-09-30,2018-09-30,2018-09-30,2021-08-25,-433000000.0,23694000000.0,,3597000000.0,20097000000.0,,30.735,-148000000.0,632000000.0,632000000.0,1364000000.0,163000000.0,1.336,1.342,9038000000.0,40000000.0,8998000000.0,9038000000.0,753000000.0,354000000.0,0.0,0.011,0.32,271000000.0,625000000.0,0.3,625000000.0,271000000.0,191000000.0,0.47,0.47,0.47,10081000000.0,,10081000000.0,44073470913.0,33.0,16.021,317000000.0,0.966,1.0,720000000.0,0.345,18599000000.0,80000000.0,10809000000.0,,0.0,0.0,0.0,0.0,13528000000.0,2692000000.0,10836000000.0,35864470913.0,-51000000.0,9000000.0,-331000000.0,155000000.0,-105000000.0,-305000000.0,-159000000.0,0.0,465000000.0,-13000000.0,154000000.0,154000000.0,154000000.0,0.0,9000000.0,0.074,378000000.0,342000000.0,1932000000.0,0.681,3.558,24.2,24.292,546000000.0,0.0,109.07,4.258,4.248,1982000000.0,4339000000.0,2084000000.0,2084000000.0,0.0,,,,,21000000.0,283000000.0,1.0,328820674.0,328000000.0,331000000.0,6.354,5095000000.0,0.0,37000000.0,1402000000.0,15.534,905000000.0
12,FIS,MRQ,2018-06-30,2018-06-30,2018-06-30,2021-08-25,-403000000.0,23868000000.0,,3494000000.0,20374000000.0,,31.729,-144000000.0,683000000.0,683000000.0,1414000000.0,218000000.0,1.379,1.276,8892000000.0,38000000.0,8854000000.0,8892000000.0,869000000.0,354000000.0,0.0,0.012,0.32,336000000.0,690000000.0,0.328,690000000.0,336000000.0,263000000.0,0.64,0.64,0.64,10439000000.0,,10439000000.0,43448462346.0,34.0,16.328,325000000.0,0.988,1.0,692000000.0,0.329,18913000000.0,73000000.0,10630000000.0,,0.0,0.0,0.0,0.0,13324000000.0,2534000000.0,10790000000.0,35097462346.0,-42000000.0,0.0,-108000000.0,-102000000.0,-105000000.0,-316000000.0,-146000000.0,0.0,469000000.0,-49000000.0,212000000.0,212000000.0,212000000.0,0.0,6000000.0,0.101,339000000.0,353000000.0,1730000000.0,0.5,3.362,25.305,25.245,557000000.0,0.0,106.03,4.161,4.136,1886000000.0,4291000000.0,2106000000.0,2106000000.0,0.0,,,,,25000000.0,339000000.0,1.0,331014452.0,329000000.0,333000000.0,6.401,4955000000.0,0.0,51000000.0,1455000000.0,15.061,960000000.0
13,FIS,MRQ,2018-03-31,2018-03-31,2018-03-31,2021-08-25,-318000000.0,24405000000.0,,3735000000.0,20670000000.0,,31.803,-172000000.0,725000000.0,725000000.0,1414000000.0,190000000.0,0.979,1.314,9076000000.0,1036000000.0,8040000000.0,9076000000.0,947000000.0,352000000.0,0.0,0.012,0.32,288000000.0,640000000.0,0.31,640000000.0,288000000.0,216000000.0,0.55,0.54,0.55,10495000000.0,,10495000000.0,39990567842.0,31.0,14.933,182000000.0,0.552,1.0,652000000.0,0.316,19193000000.0,72000000.0,9747000000.0,,0.0,0.0,0.0,0.0,13794000000.0,3816000000.0,9978000000.0,31892567842.0,60000000.0,49000000.0,-326000000.0,260000000.0,-106000000.0,-173000000.0,-127000000.0,0.0,354000000.0,6000000.0,182000000.0,182000000.0,182000000.0,0.0,8000000.0,0.088,358000000.0,294000000.0,1938000000.0,0.582,3.039,24.271,24.196,581000000.0,0.0,96.3,3.714,3.701,2004000000.0,4186000000.0,2066000000.0,2066000000.0,0.0,,,,,20000000.0,358000000.0,1.0,331179313.0,330000000.0,334000000.0,6.261,5212000000.0,0.0,34000000.0,1443000000.0,15.794,-81000000.0
14,FIS,MRQ,2017-12-31,2017-12-31,2017-12-31,2021-08-25,-332000000.0,24526000000.0,,3688000000.0,20838000000.0,,32.458,-165000000.0,665000000.0,665000000.0,1397000000.0,943000000.0,0.919,1.28,8763000000.0,1045000000.0,7718000000.0,8763000000.0,882000000.0,351000000.0,0.0,0.012,0.29,445000000.0,796000000.0,0.367,796000000.0,445000000.0,353000000.0,2.83,2.77,2.83,10711000000.0,,10711000000.0,39802691964.0,31.0,14.935,497000000.0,1.506,1.0,769000000.0,0.355,19343000000.0,92000000.0,9270000000.0,,0.0,0.0,0.0,0.0,13706000000.0,4011000000.0,9695000000.0,31413691964.0,-55000000.0,0.0,-67000000.0,-380000000.0,-96000000.0,-547000000.0,-166000000.0,0.0,662000000.0,-4000000.0,934000000.0,934000000.0,934000000.0,0.0,9000000.0,0.431,338000000.0,431000000.0,2190000000.0,0.102,2.933,24.912,24.631,610000000.0,0.0,94.09,3.624,3.582,1985000000.0,4109000000.0,2166000000.0,2166000000.0,0.0,,,,,21000000.0,338000000.0,1.0,333868551.0,330000000.0,339000000.0,6.564,5183000000.0,0.0,-581000000.0,1468000000.0,15.706,-323000000.0
15,FIS,MRQ,2017-09-30,2017-09-30,2017-09-30,2021-08-25,-340000000.0,24294000000.0,,3324000000.0,20970000000.0,,30.166,-151000000.0,720000000.0,720000000.0,1386000000.0,69000000.0,1.251,1.423,9109000000.0,296000000.0,8813000000.0,9109000000.0,649000000.0,342000000.0,0.0,0.012,0.29,193000000.0,535000000.0,0.255,535000000.0,193000000.0,109000000.0,0.18,0.18,0.18,9985000000.0,,9985000000.0,39970037089.0,33.0,15.855,400000000.0,1.208,1.0,710000000.0,0.339,19494000000.0,84000000.0,10531000000.0,,0.0,0.0,0.0,0.0,14205000000.0,2658000000.0,11547000000.0,31044037089.0,-66000000.0,461000000.0,56000000.0,-848000000.0,-97000000.0,-943000000.0,310000000.0,0.0,551000000.0,16000000.0,59000000.0,59000000.0,59000000.0,0.0,10000000.0,0.028,325000000.0,385000000.0,1735000000.0,1.611,3.109,63.226,62.678,576000000.0,0.0,93.39,3.636,3.621,1869000000.0,3341000000.0,2096000000.0,2096000000.0,0.0,,,,,25000000.0,325000000.0,1.0,332412861.0,331000000.0,336000000.0,6.332,4800000000.0,0.0,50000000.0,2305000000.0,14.502,666000000.0
16,FIS,MRQ,2017-06-30,2017-06-30,2017-06-30,2021-08-25,-385000000.0,24970000000.0,,4062000000.0,20908000000.0,,29.973,-142000000.0,786000000.0,786000000.0,1520000000.0,147000000.0,1.488,1.513,9712000000.0,297000000.0,9415000000.0,9712000000.0,729000000.0,341000000.0,0.0,0.013,0.29,366000000.0,707000000.0,0.313,707000000.0,366000000.0,275000000.0,0.42,0.42,0.42,9891000000.0,,9891000000.0,37031722015.0,26.0,13.901,-68000000.0,-0.206,1.0,738000000.0,0.327,19601000000.0,91000000.0,11566000000.0,,0.0,0.0,0.0,0.0,14965000000.0,2729000000.0,12236000000.0,28231722015.0,81000000.0,19000000.0,19000000.0,203000000.0,-97000000.0,124000000.0,-125000000.0,0.0,74000000.0,8000000.0,139000000.0,139000000.0,139000000.0,0.0,8000000.0,0.062,368000000.0,370000000.0,1601000000.0,0.69,2.854,45.756,45.426,584000000.0,0.0,85.4,3.226,3.22,1819000000.0,3377000000.0,2258000000.0,2258000000.0,0.0,,,,,35000000.0,368000000.0,1.0,330582225.0,330000000.0,334000000.0,6.842,5369000000.0,0.0,136000000.0,2372000000.0,16.27,1333000000.0
17,FIS,MRQ,2017-03-31,2017-03-31,2017-03-31,2021-08-25,-298000000.0,25086000000.0,,3409000000.0,21677000000.0,,30.116,-155000000.0,705000000.0,705000000.0,1491000000.0,135000000.0,1.086,1.528,9505000000.0,351000000.0,9154000000.0,9505000000.0,781000000.0,332000000.0,0.0,0.013,0.29,296000000.0,628000000.0,0.292,628000000.0,296000000.0,203000000.0,0.39,0.39,0.39,9878000000.0,,9878000000.0,35972504206.0,27.0,14.23,299000000.0,0.912,1.0,657000000.0,0.306,20364000000.0,93000000.0,10384000000.0,,0.0,0.0,0.0,0.0,15096000000.0,3138000000.0,11958000000.0,26177504206.0,22000000.0,827000000.0,47000000.0,-1062000000.0,-95000000.0,-1114000000.0,671000000.0,0.0,454000000.0,11000000.0,129000000.0,129000000.0,129000000.0,0.0,6000000.0,0.06,411000000.0,246000000.0,2027000000.0,0.744,2.65,43.702,43.508,610000000.0,0.0,79.62,2.975,2.968,1921000000.0,3341000000.0,2148000000.0,2148000000.0,0.0,,,,,26000000.0,411000000.0,1.0,328780510.0,328000000.0,333000000.0,6.549,4722000000.0,0.0,74000000.0,2389000000.0,14.396,271000000.0
18,FIS,MRQ,2016-12-31,2016-12-31,2016-12-31,2021-08-25,-331000000.0,26031000000.0,,4282000000.0,21749000000.0,,29.608,-170000000.0,683000000.0,683000000.0,1215000000.0,173000000.0,1.359,1.662,10478000000.0,332000000.0,10146000000.0,10478000000.0,699000000.0,277000000.0,0.0,0.014,0.26,374000000.0,651000000.0,0.32,651000000.0,374000000.0,255000000.0,0.5,0.49,0.5,9741000000.0,,9741000000.0,34913155860.0,29.0,14.719,413000000.0,1.255,1.0,821000000.0,0.403,20450000000.0,119000000.0,12225000000.0,,0.0,0.0,0.0,0.0,16186000000.0,3151000000.0,13035000000.0,24827155860.0,-18000000.0,0.0,11000000.0,-343000000.0,-86000000.0,-418000000.0,-169000000.0,0.0,583000000.0,-14000000.0,164000000.0,164000000.0,164000000.0,0.0,9000000.0,0.081,457000000.0,364000000.0,1860000000.0,0.52,2.549,47.29,46.981,626000000.0,0.0,75.64,2.811,2.792,1879000000.0,3299000000.0,2036000000.0,2036000000.0,0.0,,,,,30000000.0,457000000.0,1.0,328227867.0,329000000.0,333000000.0,6.188,5581000000.0,101000000.0,91000000.0,2484000000.0,16.964,1131000000.0
19,FIS,MRQ,2016-09-30,2016-09-30,2016-09-30,2021-08-25,-240000000.0,26134000000.0,,3523000000.0,22611000000.0,,29.635,-153000000.0,701000000.0,701000000.0,1527000000.0,191000000.0,1.2,1.695,10787000000.0,317000000.0,10470000000.0,10787000000.0,769000000.0,292000000.0,0.0,0.014,0.26,386000000.0,678000000.0,0.294,678000000.0,386000000.0,288000000.0,0.57,0.56,0.57,9661000000.0,,9661000000.0,35608395338.0,32.0,16.282,369000000.0,1.132,1.0,782000000.0,0.339,21354000000.0,98000000.0,11929000000.0,,0.0,0.0,0.0,0.0,16378000000.0,2937000000.0,13441000000.0,25252395338.0,-64000000.0,0.0,19000000.0,-353000000.0,-84000000.0,-430000000.0,-154000000.0,0.0,522000000.0,-2000000.0,185000000.0,185000000.0,185000000.0,0.0,6000000.0,0.08,384000000.0,398000000.0,1868000000.0,0.456,2.614,54.074,52.76,604000000.0,0.0,77.03,2.913,2.896,1983000000.0,3177000000.0,2309000000.0,2309000000.0,0.0,,,,,26000000.0,384000000.0,1.0,327825462.0,326000000.0,330000000.0,7.083,4780000000.0,82000000.0,103000000.0,2629000000.0,14.663,586000000.0
20,FIS,MRQ,2016-06-30,2016-06-30,2016-06-30,2021-08-25,-246000000.0,26384000000.0,,3678000000.0,22706000000.0,,29.222,-148000000.0,765000000.0,765000000.0,1600000000.0,124000000.0,1.052,1.767,11121000000.0,913000000.0,10208000000.0,11121000000.0,778000000.0,291000000.0,0.0,0.014,0.26,280000000.0,571000000.0,0.248,571000000.0,280000000.0,187000000.0,0.37,0.37,0.37,9497000000.0,,9497000000.0,34648125562.0,34.0,17.534,287000000.0,0.883,1.0,705000000.0,0.306,21463000000.0,93000000.0,11781000000.0,,0.0,0.0,0.0,0.0,16777000000.0,3496000000.0,13281000000.0,24053125562.0,63000000.0,0.0,34000000.0,-181000000.0,-86000000.0,-222000000.0,-150000000.0,0.0,435000000.0,0.0,121000000.0,121000000.0,121000000.0,-1000000.0,3000000.0,0.052,422000000.0,283000000.0,1826000000.0,0.703,2.533,52.633,48.795,595000000.0,0.0,73.68,3.029,3.016,2026000000.0,3078000000.0,2305000000.0,2305000000.0,0.0,,,,,27000000.0,422000000.0,1.0,326453930.0,325000000.0,329000000.0,7.092,4921000000.0,152000000.0,66000000.0,2729000000.0,15.142,182000000.0
21,FIS,MRQ,2016-03-31,2016-03-31,2016-03-31,2021-08-25,-232000000.0,26430000000.0,,3629000000.0,22801000000.0,,28.991,-145000000.0,702000000.0,702000000.0,1553000000.0,59000000.0,1.092,1.804,11297000000.0,764000000.0,10533000000.0,11297000000.0,809000000.0,293000000.0,0.0,0.016,0.26,179000000.0,472000000.0,0.216,472000000.0,179000000.0,86000000.0,0.17,0.17,0.17,9393000000.0,,9393000000.0,31389578232.0,27.0,15.758,240000000.0,0.741,1.0,628000000.0,0.288,21571000000.0,93000000.0,12132000000.0,,0.0,0.0,0.0,0.0,16941000000.0,3322000000.0,13619000000.0,20564078232.0,20000000.0,0.0,8000000.0,-152000000.0,-85000000.0,-239000000.0,-146000000.0,0.0,385000000.0,20000000.0,55000000.0,55000000.0,55000000.0,0.0,4000000.0,0.025,444000000.0,184000000.0,1768000000.0,1.529,2.189,35.702,31.814,611000000.0,0.0,63.31,2.847,2.84,2196000000.0,3043000000.0,2181000000.0,2181000000.0,0.0,,,,,22000000.0,444000000.0,1.0,324815641.0,324000000.0,327000000.0,6.731,4859000000.0,142000000.0,31000000.0,2743000000.0,14.997,307000000.0
22,FIS,MRQ,2015-12-31,2015-12-31,2015-12-31,2021-08-25,-279000000.0,26200000000.0,,3509000000.0,22691000000.0,,31.704,-350000000.0,682000000.0,682000000.0,1233000000.0,111000000.0,1.484,1.802,11444000000.0,15000000.0,11429000000.0,11444000000.0,645000000.0,205000000.0,0.0,0.017,0.26,261000000.0,466000000.0,0.249,466000000.0,261000000.0,171000000.0,0.35,0.34,0.35,9321000000.0,,9321000000.0,21627410463.0,18.0,11.51,83000000.0,0.282,1.0,642000000.0,0.342,21488000000.0,90000000.0,13110000000.0,,0.0,0.0,0.0,0.0,16793000000.0,2364000000.0,14429000000.0,17098510463.0,240000000.0,-1462000000.0,-1000000.0,1721000000.0,-85000000.0,1627000000.0,-1816000000.0,0.0,433000000.0,-4000000.0,106000000.0,106000000.0,106000000.0,0.0,5000000.0,0.057,383000000.0,259000000.0,1734000000.0,0.743,1.834,27.055,27.297,611000000.0,0.0,60.6,2.592,2.618,2090000000.0,3073000000.0,1875000000.0,1875000000.0,0.0,,,,,31000000.0,383000000.0,1.0,282153638.0,294000000.0,301000000.0,6.378,4712000000.0,100000000.0,65000000.0,2658000000.0,16.027,1145000000.0
23,FIS,MRQ,2015-09-30,2015-09-30,2015-09-30,2021-08-25,-261400000.0,14187800000.0,,2436300000.0,11751500000.0,,23.317,-87000000.0,441500000.0,441500000.0,1022000000.0,180000000.0,1.556,1.162,4970400000.0,13400000.0,4957000000.0,4970400000.0,301400000.0,156000000.0,0.0,0.015,0.26,311000000.0,467000000.0,0.296,467000000.0,311000000.0,275000000.0,0.62,0.62,0.62,6528700000.0,,6528700000.0,23485454167.0,18.0,12.221,168000000.0,0.6,1.0,557000000.0,0.353,10717500000.0,36000000.0,6433000000.0,,0.0,0.0,0.0,0.0,7583600000.0,1566200000.0,6017400000.0,18888554167.0,-4000000.0,-17000000.0,18000000.0,-76000000.0,-73000000.0,-127000000.0,-105000000.0,0.0,255000000.0,-27000000.0,175000000.0,175000000.0,175000000.0,2000000.0,5000000.0,0.111,219000000.0,338000000.0,1302400000.0,0.419,2.893,26.19,26.306,481000000.0,0.0,67.08,2.947,2.93,1419200000.0,3053100000.0,1579000000.0,1579000000.0,0.0,,,,,14000000.0,219000000.0,1.0,281582501.0,280000000.0,284000000.0,5.639,3470300000.0,79600000.0,100000000.0,843900000.0,12.394,870100000.0
24,FIS,MRQ,2015-06-30,2015-06-30,2015-06-30,2021-08-25,-198100000.0,14303500000.0,,2482600000.0,11820900000.0,,22.92,123000000.0,446400000.0,446400000.0,1070000000.0,245000000.0,1.48,1.207,5043300000.0,13500000.0,5029800000.0,5043300000.0,347000000.0,155000000.0,0.0,0.016,0.26,432000000.0,587000000.0,0.37,587000000.0,432000000.0,396000000.0,0.85,0.84,0.85,6440500000.0,,6440500000.0,22225460306.0,18.0,11.873,335000000.0,1.192,1.0,517000000.0,0.326,10780700000.0,36000000.0,6442400000.0,,0.0,0.0,0.0,0.0,7772200000.0,1677300000.0,6094900000.0,17518060306.0,-43000000.0,0.0,-137000000.0,-154000000.0,-73000000.0,-387000000.0,125000000.0,0.0,212000000.0,7000000.0,240000000.0,240000000.0,240000000.0,2000000.0,5000000.0,0.151,230000000.0,287000000.0,1371200000.0,0.306,2.72,25.144,25.122,495000000.0,0.0,61.8,2.722,2.698,1522800000.0,2950900000.0,1587000000.0,1587000000.0,0.0,,,,,14000000.0,230000000.0,1.0,283463759.0,281000000.0,284000000.0,5.648,3522800000.0,70200000.0,156000000.0,837700000.0,12.537,805300000.0
25,FIS,MRQ,2015-03-31,2015-03-31,2015-03-31,2021-08-25,-227800000.0,14500000000.0,,2597000000.0,11903000000.0,,22.479,-101000000.0,489000000.0,489000000.0,1070000000.0,115000000.0,1.475,1.26,5196400000.0,13600000.0,5182800000.0,5196400000.0,361100000.0,153000000.0,0.0,0.014,0.26,206000000.0,359000000.0,0.231,359000000.0,206000000.0,169000000.0,0.39,0.39,0.39,6361500000.0,,6361500000.0,23976554847.0,21.0,13.759,130000000.0,0.459,1.0,485000000.0,0.312,10886500000.0,37000000.0,6559800000.0,,0.0,0.0,0.0,0.0,8017600000.0,1761100000.0,6256500000.0,19401654847.0,-4000000.0,0.0,-143000000.0,127000000.0,-74000000.0,-98000000.0,-102000000.0,0.0,231000000.0,-35000000.0,111000000.0,111000000.0,111000000.0,3000000.0,4000000.0,0.071,270000000.0,215000000.0,1440400000.0,0.667,3.05,30.53,30.384,490000000.0,0.0,68.06,3.009,2.987,1542600000.0,2784300000.0,1555000000.0,1555000000.0,0.0,,,,,10000000.0,270000000.0,1.0,285066924.0,283000000.0,287000000.0,5.495,3613500000.0,68600000.0,58000000.0,847000000.0,12.769,835900000.0
26,FIS,MRQ,2014-12-31,2014-12-31,2014-12-31,2021-08-25,-107200000.0,14520500000.0,,2473100000.0,12047400000.0,,23.128,-99400000.0,492800000.0,492800000.0,1115600000.0,202700000.0,1.547,1.194,5067700000.0,13100000.0,5054600000.0,5067700000.0,305500000.0,159900000.0,0.0,0.015,0.24,348800000.0,508700000.0,0.301,508700000.0,348800000.0,296500000.0,0.69,0.68,0.69,6556700000.0,,6556700000.0,22010619913.0,19.0,12.14,378500000.0,1.335,1.0,572700000.0,0.339,11039000000.0,52300000.0,6457500000.0,,0.0,0.0,0.0,0.0,7829000000.0,1598900000.0,6230100000.0,17649319913.0,-119300000.0,-461400000.0,3900000.0,63100000.0,-69300000.0,10100000.0,-586300000.0,0.0,477900000.0,-21000000.0,195200000.0,195200000.0,195200000.0,6700000.0,7500000.0,0.116,221200000.0,351500000.0,1331600000.0,0.348,2.692,25.993,26.134,483300000.0,0.0,62.2,2.752,2.764,1345200000.0,2746800000.0,1688300000.0,1688300000.0,0.0,,,,,-300000.0,221200000.0,1.0,283751124.0,283500000.0,288100000.0,5.955,3481500000.0,67400000.0,101300000.0,874400000.0,12.28,874200000.0
27,FIS,MRQ,2014-09-30,2014-09-30,2014-09-30,2021-08-25,-40500000.0,14172100000.0,,2562900000.0,11609200000.0,,22.799,-86000000.0,611800000.0,611800000.0,1074500000.0,157900000.0,1.744,1.174,4973100000.0,6300000.0,4966800000.0,4973100000.0,285900000.0,157000000.0,0.0,0.017,0.24,260300000.0,417300000.0,0.26,417300000.0,260300000.0,222600000.0,0.53,0.52,0.53,6454500000.0,,6454500000.0,20198853386.0,19.0,12.011,122000000.0,0.431,1.0,530800000.0,0.331,10643100000.0,37700000.0,6420600000.0,,0.0,0.0,0.0,0.0,7580600000.0,1469700000.0,6110900000.0,16069053386.0,-181900000.0,-104600000.0,-124800000.0,48000000.0,-67800000.0,-168800000.0,-192400000.0,0.0,208000000.0,-28700000.0,150500000.0,150500000.0,150500000.0,1200000.0,7400000.0,0.094,207100000.0,323700000.0,1230200000.0,0.453,2.49,28.917,28.872,456300000.0,0.0,56.3,2.551,2.531,1418400000.0,2620000000.0,1605300000.0,1605300000.0,0.0,,,,,-200000.0,207100000.0,1.0,285418355.0,283100000.0,287000000.0,5.67,3529000000.0,71400000.0,72100000.0,840600000.0,12.466,1093200000.0
28,FIS,MRQ,2014-06-30,2014-06-30,2014-06-30,2021-08-25,12900000.0,14440800000.0,,2834900000.0,11605900000.0,,22.844,-96700000.0,793700000.0,793700000.0,1092500000.0,185300000.0,1.666,1.187,4923500000.0,23000000.0,4900500000.0,4923500000.0,304200000.0,156500000.0,0.0,0.017,0.24,301100000.0,457600000.0,0.286,457600000.0,301100000.0,259200000.0,0.63,0.62,0.63,6522100000.0,,6522100000.0,19794923217.0,18.0,11.441,159800000.0,0.56,1.0,506600000.0,0.317,10633900000.0,41900000.0,6235400000.0,,0.0,0.0,0.0,0.0,7740700000.0,1701300000.0,6039400000.0,15754023217.0,56000000.0,-29000000.0,-149800000.0,137500000.0,-68400000.0,-81700000.0,-124900000.0,0.0,256500000.0,6100000.0,178800000.0,178800000.0,178800000.0,900000.0,6500000.0,0.112,196900000.0,309700000.0,1432000000.0,0.381,2.415,27.28,27.099,459000000.0,0.0,54.74,2.544,2.524,1360000000.0,2538000000.0,1599100000.0,1599100000.0,0.0,,,,,11700000.0,196900000.0,1.0,287797282.0,285500000.0,289200000.0,5.601,3806900000.0,65700000.0,80400000.0,816400000.0,13.334,1133600000.0
29,FIS,MRQ,2014-03-31,2014-03-31,2014-03-31,2021-08-25,3200000.0,14270900000.0,,2688300000.0,11582600000.0,,22.688,-89900000.0,737700000.0,737700000.0,1044400000.0,161100000.0,1.577,1.158,4778600000.0,49700000.0,4728900000.0,4778600000.0,296800000.0,152600000.0,0.0,0.017,0.24,276800000.0,429400000.0,0.282,429400000.0,276800000.0,235700000.0,0.54,0.53,0.54,6534100000.0,,6534100000.0,19457346505.0,19.0,12.009,132700000.0,0.461,1.0,475900000.0,0.313,10649100000.0,41100000.0,5958300000.0,,0.0,0.0,0.0,0.0,7568500000.0,1704400000.0,5864100000.0,15536246505.0,190200000.0,0.0,-190300000.0,309400000.0,-69500000.0,42400000.0,-81400000.0,0.0,222600000.0,6600000.0,154500000.0,154500000.0,154500000.0,2200000.0,6600000.0,0.102,189800000.0,286100000.0,1420800000.0,0.444,2.378,30.856,30.543,449200000.0,0.0,53.45,2.544,2.521,1299400000.0,2427600000.0,1520300000.0,1520300000.0,0.0,,,,,4800000.0,189800000.0,1.0,290668784.0,288000000.0,291900000.0,5.279,3621800000.0,52800000.0,81200000.0,810700000.0,12.576,983900000.0
30,FIS,MRQ,2013-12-31,2013-12-31,2013-12-31,2021-08-25,-9900000.0,13960100000.0,,2351900000.0,11608200000.0,,22.786,-124400000.0,547500000.0,547500000.0,1056700000.0,80200000.0,1.406,1.098,4468600000.0,128800000.0,4339800000.0,4468600000.0,270800000.0,157200000.0,0.0,0.016,0.22,220200000.0,377400000.0,0.24,377400000.0,220200000.0,166400000.0,0.25,0.25,0.25,6580500000.0,,6580500000.0,19637610690.0,20.0,12.158,260000000.0,0.9,1.0,516600000.0,0.328,10695800000.0,53800000.0,5512700000.0,,0.0,0.0,0.0,0.0,7222800000.0,1672700000.0,5550100000.0,15628010690.0,-264100000.0,13900000.0,-80800000.0,-354400000.0,-64600000.0,-523800000.0,-119100000.0,0.0,384400000.0,-5600000.0,71900000.0,71900000.0,71900000.0,2300000.0,8300000.0,0.046,295900000.0,220700000.0,1334800000.0,0.88,2.375,31.693,31.576,439000000.0,0.0,53.68,2.577,2.565,1264000000.0,2341900000.0,1573300000.0,1573300000.0,0.0,,,,,0.0,295900000.0,1.0,291132837.0,288800000.0,293900000.0,5.448,3264300000.0,58900000.0,94500000.0,823600000.0,11.303,679200000.0
31,FIS,MRQ,2013-09-30,2013-09-30,2013-09-30,2021-08-25,-1200000.0,14490700000.0,,2834100000.0,11656600000.0,,22.986,-81600000.0,811600000.0,811600000.0,995100000.0,179100000.0,1.577,1.156,4821200000.0,117100000.0,4704100000.0,4821200000.0,267500000.0,151900000.0,0.0,0.019,0.22,313800000.0,465700000.0,0.31,465700000.0,313800000.0,270100000.0,0.6,0.59,0.6,6647500000.0,,6647500000.0,17668764127.0,17.0,10.559,229500000.0,0.794,1.0,504900000.0,0.337,10750100000.0,43700000.0,5952700000.0,,0.0,0.0,0.0,0.0,7687000000.0,1797500000.0,5889500000.0,13565464127.0,158500000.0,-7500000.0,-94200000.0,49700000.0,-63800000.0,-97700000.0,-62500000.0,0.0,311100000.0,7600000.0,172300000.0,172300000.0,172300000.0,3000000.0,6800000.0,0.115,187200000.0,317700000.0,1481800000.0,0.367,2.041,24.315,24.062,428300000.0,0.0,46.44,2.269,2.246,1258200000.0,2334400000.0,1500000000.0,1500000000.0,0.0,,,,,1100000.0,187200000.0,1.0,292107324.0,289200000.0,293200000.0,5.187,3740600000.0,51100000.0,97800000.0,799500000.0,12.934,1036600000.0
32,FIS,MRQ,2013-06-30,2013-06-30,2013-06-30,2021-08-25,-10300000.0,13750100000.0,,2051300000.0,11698800000.0,,22.762,-56500000.0,653100000.0,653100000.0,1031500000.0,109000000.0,1.795,1.061,4756400000.0,83700000.0,4672700000.0,4756400000.0,302300000.0,152300000.0,0.0,0.02,0.22,195400000.0,347700000.0,0.23,347700000.0,195400000.0,146000000.0,0.36,0.36,0.36,6598600000.0,,6598600000.0,16569315595.0,17.0,10.464,100800000.0,0.348,1.0,481300000.0,0.318,10802000000.0,49400000.0,5908500000.0,,0.0,0.0,0.0,0.0,6999900000.0,1142900000.0,5857000000.0,12556915595.0,62500000.0,-15100000.0,-71400000.0,142400000.0,-63100000.0,7300000.0,-87400000.0,0.0,157300000.0,-14700000.0,104800000.0,104800000.0,104800000.0,-12800000.0,4200000.0,0.069,232600000.0,248700000.0,827000000.0,0.611,1.903,26.581,26.282,415800000.0,0.0,42.84,2.123,2.099,1130400000.0,2226100000.0,1512800000.0,1512800000.0,0.0,,,,,2700000.0,232600000.0,1.0,293111942.0,289900000.0,294300000.0,5.218,2948100000.0,58600000.0,41200000.0,801200000.0,10.169,908400000.0
33,FIS,MRQ,2013-03-31,2013-03-31,2013-03-31,2021-08-25,21000000.0,13699200000.0,,1923100000.0,11776100000.0,,22.817,-73700000.0,590600000.0,590600000.0,1008000000.0,149400000.0,1.504,1.039,4603000000.0,166800000.0,4436200000.0,4603000000.0,320100000.0,153200000.0,0.0,0.021,0.22,271000000.0,424200000.0,0.287,424200000.0,271000000.0,219300000.0,0.5,0.49,0.5,6639700000.0,,6639700000.0,15516180000.0,15.0,9.306,133800000.0,0.46,1.0,470000000.0,0.318,10883800000.0,51700000.0,5549400000.0,,0.0,0.0,0.0,0.0,6900700000.0,1278400000.0,5622300000.0,11648280000.0,73000000.0,-115000000.0,-86500000.0,216200000.0,-64800000.0,68200000.0,-195700000.0,0.0,207500000.0,-7000000.0,144100000.0,144100000.0,144100000.0,3900000.0,5300000.0,0.097,194900000.0,275100000.0,871700000.0,0.44,1.754,22.478,22.258,422300000.0,0.0,39.62,1.988,1.967,1103600000.0,2185700000.0,1478000000.0,1478000000.0,0.0,,,,,9200000.0,194900000.0,1.0,294000000.0,291000000.0,295500000.0,5.079,2815400000.0,58100000.0,75200000.0,809900000.0,9.675,644700000.0
34,FIS,MRQ,2012-12-31,2012-12-31,2012-12-31,2021-08-25,30000000.0,13549700000.0,,1844200000.0,11705500000.0,,22.712,-69800000.0,517600000.0,517600000.0,1016800000.0,144800000.0,1.467,1.017,4385500000.0,153900000.0,4231600000.0,4385500000.0,329500000.0,159600000.0,0.0,0.023,0.2,276100000.0,435700000.0,0.293,435700000.0,276100000.0,214800000.0,0.47,0.46,0.47,6640900000.0,,6640900000.0,14161629412.0,15.0,8.877,258900000.0,0.885,1.0,471500000.0,0.317,10804700000.0,61300000.0,5356100000.0,,0.0,0.0,0.0,0.0,6756100000.0,1256800000.0,5499300000.0,10206229412.0,-59000000.0,-20600000.0,-109200000.0,-148400000.0,-58400000.0,-297500000.0,-90400000.0,0.0,328700000.0,200000.0,136700000.0,136700000.0,136700000.0,6500000.0,8100000.0,0.092,188300000.0,283200000.0,856100000.0,0.426,1.537,22.13,22.032,419500000.0,0.0,34.81,1.761,1.753,1126200000.0,2105800000.0,1488300000.0,1488300000.0,0.0,,,,,4100000.0,188300000.0,1.0,293198202.0,292400000.0,298400000.0,5.09,2745000000.0,55900000.0,78100000.0,821800000.0,9.388,587400000.0
35,FIS,MRQ,2012-09-30,2012-09-30,2012-09-30,2021-08-25,35400000.0,13626000000.0,,1875400000.0,11750600000.0,,22.68,-70600000.0,576600000.0,576600000.0,968800000.0,92400000.0,1.549,1.033,4532000000.0,140300000.0,4391700000.0,4532000000.0,285000000.0,156000000.0,0.0,0.021,0.2,219800000.0,375800000.0,0.262,375800000.0,219800000.0,165800000.0,0.3,0.29,0.3,6631600000.0,,6631600000.0,13527464162.0,15.0,8.618,184700000.0,0.632,1.0,468100000.0,0.326,10871300000.0,54000000.0,5499300000.0,,0.0,0.0,0.0,0.0,6849300000.0,1210800000.0,5638500000.0,9197764162.0,42800000.0,338200000.0,-92400000.0,-332000000.0,-58700000.0,-483100000.0,264600000.0,0.0,255300000.0,6000000.0,86800000.0,86800000.0,86800000.0,61000000.0,5600000.0,0.06,180200000.0,287900000.0,869300000.0,0.667,1.387,20.833,20.813,424400000.0,0.0,31.22,1.594,1.582,1090300000.0,2028500000.0,1436900000.0,1436900000.0,0.0,,,,,16500000.0,180200000.0,1.0,294611280.0,292400000.0,297900000.0,4.914,2754700000.0,49600000.0,79000000.0,819600000.0,9.421,664600000.0
36,FIS,MRQ,2012-06-30,2012-06-30,2012-06-30,2021-08-25,20100000.0,13943000000.0,,2157600000.0,11785400000.0,,22.761,-90700000.0,533800000.0,533800000.0,981100000.0,153800000.0,1.924,1.071,4863500000.0,127900000.0,4735600000.0,4863500000.0,318300000.0,159100000.0,0.0,0.015,0.2,272500000.0,431600000.0,0.296,431600000.0,272500000.0,215900000.0,0.51,0.5,0.51,6662100000.0,,6662100000.0,14409304507.0,15.0,8.912,168200000.0,0.575,1.0,476100000.0,0.327,10923100000.0,56600000.0,6228300000.0,,0.0,0.0,0.0,0.0,7137900000.0,1121300000.0,6016600000.0,10046904507.0,52100000.0,-41700000.0,-21800000.0,16300000.0,-58900000.0,-64400000.0,-132400000.0,0.0,258900000.0,-10000000.0,150600000.0,150600000.0,150600000.0,5200000.0,3200000.0,0.103,193400000.0,282700000.0,751700000.0,0.392,1.508,20.462,20.655,421800000.0,0.0,34.08,1.753,1.741,1099800000.0,2000400000.0,1457200000.0,1457200000.0,0.0,,,,,13300000.0,193400000.0,1.0,294803536.0,292700000.0,298300000.0,4.978,3019900000.0,58100000.0,65300000.0,863500000.0,10.317,1036300000.0
37,FIS,MRQ,2012-03-31,2012-03-31,2012-03-31,2021-08-25,63000000.0,13904400000.0,,1767600000.0,12136800000.0,,22.834,-65000000.0,481700000.0,481700000.0,989500000.0,90100000.0,1.6,1.079,4844100000.0,115700000.0,4728400000.0,4844100000.0,338000000.0,158100000.0,0.0,0.011,0.2,194200000.0,352300000.0,0.249,352300000.0,194200000.0,134800000.0,0.3,0.29,0.3,6615000000.0,,6615000000.0,13983443547.0,15.0,8.792,138800000.0,0.479,1.0,423900000.0,0.3,11266200000.0,59400000.0,5896000000.0,,0.0,0.0,0.0,0.0,7137300000.0,1104600000.0,6032700000.0,9589143547.0,66200000.0,0.0,-11300000.0,-11300000.0,-58800000.0,-75800000.0,-65000000.0,0.0,203800000.0,3200000.0,87100000.0,87100000.0,87100000.0,4400000.0,3000000.0,0.062,201400000.0,222500000.0,752200000.0,0.667,1.45,20.671,21.368,414400000.0,0.0,33.12,1.686,1.687,1071600000.0,1908700000.0,1413400000.0,1413400000.0,0.0,,,,,19300000.0,201400000.0,1.0,289527281.0,289700000.0,295400000.0,4.879,2638200000.0,55200000.0,47700000.0,878200000.0,9.107,663000000.0
38,FIS,MRQ,2011-12-31,2011-12-31,2011-12-31,2021-08-25,36300000.0,13873200000.0,,1674000000.0,12199200000.0,,21.94,-78500000.0,415500000.0,415500000.0,988100000.0,122000000.0,1.234,1.111,4809800000.0,259200000.0,4550600000.0,4809800000.0,332400000.0,165600000.0,0.0,0.008,0.05,244400000.0,410000000.0,0.281,410000000.0,244400000.0,173900000.0,0.39,0.39,0.39,6503000000.0,,6503000000.0,12442138251.0,13.0,7.757,293900000.0,0.992,1.0,473200000.0,0.324,11327600000.0,70500000.0,5583600000.0,,0.0,0.0,0.0,0.0,7222000000.0,1356300000.0,5865700000.0,7962938251.0,28700000.0,-7500000.0,-178500000.0,-76400000.0,-12400000.0,-271300000.0,-70600000.0,0.0,372400000.0,-1800000.0,117000000.0,117000000.0,117000000.0,2600000.0,5000000.0,0.08,161200000.0,312000000.0,871200000.0,0.128,1.225,16.957,17.045,414500000.0,0.0,26.59,1.415,1.421,1023500000.0,1880400000.0,1461300000.0,1461300000.0,0.0,,,,,18400000.0,152100000.0,1.0,299471164.0,296400000.0,301600000.0,4.93,2545600000.0,74000000.0,56900000.0,884100000.0,8.588,317700000.0
39,FIS,MRQ,2011-09-30,2011-09-30,2011-09-30,2021-08-25,39800000.0,13885500000.0,,1604200000.0,12281300000.0,,21.931,-82200000.0,386800000.0,386800000.0,965300000.0,140200000.0,1.058,1.081,4866000000.0,538300000.0,4327700000.0,4866000000.0,317300000.0,161600000.0,0.0,0.008,0.05,261400000.0,423000000.0,0.303,423000000.0,261400000.0,200900000.0,0.45,0.44,0.45,6599000000.0,,6599000000.0,11898977416.0,12.0,7.51,193400000.0,0.643,1.0,432900000.0,0.31,11434200000.0,60500000.0,5414600000.0,,0.0,0.0,0.0,0.0,7134600000.0,1515900000.0,5618700000.0,7441877416.0,-40500000.0,-5900000.0,-182900000.0,-17600000.0,-15900000.0,-216000000.0,-82200000.0,0.0,275600000.0,-17900000.0,136300000.0,136300000.0,136300000.0,7100000.0,3900000.0,0.097,159700000.0,273200000.0,770900000.0,0.111,1.128,16.066,16.0,410700000.0,0.0,24.32,1.361,1.338,965000000.0,1778400000.0,1398200000.0,1398200000.0,0.0,,,,,14600000.0,159700000.0,1.0,305998249.0,300900000.0,306800000.0,4.647,2451300000.0,73500000.0,64600000.0,845400000.0,8.147,88300000.0
40,FIS,MRQ,2011-06-30,2011-06-30,2011-06-30,2021-08-25,120700000.0,14161600000.0,,1705600000.0,12456000000.0,,22.155,-68000000.0,427300000.0,427300000.0,989400000.0,125300000.0,1.056,1.08,4884400000.0,564400000.0,4320000000.0,4884400000.0,346700000.0,155600000.0,0.0,0.006,0.05,249500000.0,405100000.0,0.287,405100000.0,249500000.0,183700000.0,0.41,0.4,0.41,6726300000.0,,6726300000.0,14043349807.0,15.0,9.145,195300000.0,0.643,1.0,423900000.0,0.3,11591500000.0,65800000.0,5411700000.0,,0.0,0.0,0.0,0.0,7267200000.0,1615500000.0,5651700000.0,9415249807.0,43200000.0,100000.0,14900000.0,-159500000.0,-16900000.0,-157300000.0,-67900000.0,0.0,263300000.0,5100000.0,123500000.0,123500000.0,123500000.0,3100000.0,1800000.0,0.087,169300000.0,254600000.0,829300000.0,0.122,1.4,21.53,21.993,408900000.0,0.0,30.79,1.732,1.72,1005800000.0,1657100000.0,1413300000.0,1413300000.0,0.0,,,,,13700000.0,169300000.0,1.0,305789211.0,303600000.0,310900000.0,4.655,2570100000.0,74500000.0,60200000.0,874600000.0,8.465,90100000.0
41,FIS,MRQ,2011-03-31,2011-03-31,2011-03-31,2021-08-25,105000000.0,14114300000.0,,1644700000.0,12469600000.0,,21.79,-71600000.0,384100000.0,384100000.0,996000000.0,93600000.0,1.047,1.124,5012200000.0,577000000.0,4435200000.0,5012200000.0,364200000.0,154400000.0,0.0,0.006,0.05,213100000.0,367500000.0,0.266,367500000.0,213100000.0,145100000.0,0.31,0.3,0.31,6569700000.0,,6569700000.0,14744445345.0,18.0,10.181,188600000.0,0.626,1.0,387400000.0,0.28,11636100000.0,68000000.0,5536000000.0,,0.0,0.0,0.0,0.0,7383800000.0,1570300000.0,5813500000.0,9890345345.0,46100000.0,-6900000.0,51500000.0,-180500000.0,-15200000.0,-140100000.0,-78500000.0,0.0,260200000.0,4500000.0,92800000.0,92800000.0,92800000.0,3300000.0,800000.0,0.067,173500000.0,213900000.0,760500000.0,0.161,1.505,24.499,26.577,383900000.0,0.0,32.69,1.868,1.862,1014100000.0,1548800000.0,1383400000.0,1383400000.0,0.0,,,,,10500000.0,173500000.0,1.0,302549567.0,301500000.0,308700000.0,4.588,2478200000.0,65500000.0,52300000.0,884900000.0,8.22,74400000.0
42,FIS,MRQ,2010-12-31,2010-12-31,2010-12-31,2021-08-25,87900000.0,14176300000.0,,1673000000.0,12503300000.0,,21.423,-86700000.0,338000000.0,338000000.0,872800000.0,112300000.0,1.287,1.189,5192100000.0,256900000.0,4935200000.0,5192100000.0,354900000.0,159700000.0,0.0,0.007,0.05,229200000.0,388900000.0,0.306,388900000.0,229200000.0,157800000.0,0.35,0.35,0.35,6403200000.0,,6403200000.0,12950214641.0,16.0,9.17,198700000.0,0.665,1.0,399600000.0,0.314,11661900000.0,71400000.0,6068100000.0,,0.0,0.0,0.0,0.0,7614700000.0,1300400000.0,6314300000.0,8243314641.0,-51400000.0,-336600000.0,9900000.0,24600000.0,-12800000.0,85400000.0,-423300000.0,0.0,285400000.0,1100000.0,110600000.0,110600000.0,110600000.0,-600000.0,1700000.0,0.087,164200000.0,235400000.0,818100000.0,0.143,1.287,20.379,23.41,390000000.0,0.0,27.39,1.602,1.837,1085600000.0,1471200000.0,1272400000.0,1272400000.0,0.0,,,,,16500000.0,164200000.0,1.0,300960739.0,298900000.0,304900000.0,4.257,2514400000.0,58100000.0,47200000.0,859300000.0,8.412,372600000.0
43,FIS,MRQ,2010-09-30,2010-09-30,2010-09-30,2021-08-25,70200000.0,13555700000.0,,1483500000.0,12072200000.0,,18.846,-93100000.0,389400000.0,389400000.0,897300000.0,61000000.0,1.25,1.14,5096300000.0,267500000.0,4828800000.0,5096300000.0,341300000.0,154700000.0,0.0,0.007,0.05,219500000.0,374200000.0,0.274,374200000.0,219500000.0,158600000.0,0.33,0.33,0.33,6260700000.0,,6260700000.0,12751576118.0,25.0,11.229,247600000.0,0.745,1.0,469900000.0,0.344,11239300000.0,60900000.0,5836300000.0,,0.0,0.0,0.0,0.0,7134800000.0,1187000000.0,5947800000.0,10292676118.0,-112600000.0,-20000000.0,-2394700000.0,2131700000.0,-15800000.0,-315900000.0,-147600000.0,0.0,340700000.0,10200000.0,110400000.0,110400000.0,110400000.0,23900000.0,-49400000.0,0.081,293800000.0,176100000.0,642300000.0,0.152,1.644,42.886,63.093,371900000.0,0.0,27.13,1.996,1.748,831700000.0,1375800000.0,1367200000.0,1367200000.0,0.0,,,,,-1200000.0,138900000.0,1.0,379383565.0,332200000.0,339200000.0,4.116,2316400000.0,75100000.0,48200000.0,800200000.0,6.973,296500000.0
44,FIS,MRQ,2010-06-30,2010-06-30,2010-06-30,2021-08-25,16100000.0,13766300000.0,,1618200000.0,12148100000.0,,22.513,-76000000.0,502000000.0,502000000.0,893200000.0,91100000.0,1.335,0.6,2960900000.0,263700000.0,2697200000.0,2960900000.0,368400000.0,152300000.0,0.0,0.007,0.05,165300000.0,317600000.0,0.25,317600000.0,165300000.0,146000000.0,0.24,0.23,0.24,8476100000.0,,8476100000.0,12688674604.0,29.0,12.809,97600000.0,0.259,1.0,377800000.0,0.297,11408300000.0,19300000.0,3604700000.0,,0.0,0.0,0.0,0.0,5087800000.0,1212200000.0,3875600000.0,10100074604.0,38100000.0,3400000.0,73100000.0,-93800000.0,-19800000.0,-49500000.0,-75800000.0,0.0,173600000.0,-10200000.0,89900000.0,89900000.0,89900000.0,5000000.0,1200000.0,0.071,193700000.0,184100000.0,669300000.0,0.208,1.192,51.217,59.6,368300000.0,0.0,26.82,2.187,2.187,856000000.0,1280400000.0,1271000000.0,1271000000.0,0.0,,,,,5000000.0,193700000.0,1.0,376587420.0,376500000.0,384600000.0,3.376,2358000000.0,71900000.0,56100000.0,856400000.0,6.263,406000000.0
45,FIS,MRQ,2010-03-31,2010-03-31,2010-03-31,2021-08-25,54200000.0,13834000000.0,,1593200000.0,12240800000.0,,22.375,-58200000.0,463900000.0,463900000.0,890400000.0,93500000.0,1.266,0.632,3052500000.0,236900000.0,2815600000.0,3052500000.0,390800000.0,152800000.0,0.0,0.009,0.05,178700000.0,331500000.0,0.268,331500000.0,178700000.0,150500000.0,0.25,0.25,0.25,8352700000.0,,8352700000.0,11610603019.0,30.0,13.109,213400000.0,0.572,1.0,344600000.0,0.279,11504700000.0,28200000.0,3659200000.0,,0.0,0.0,0.0,0.0,5276500000.0,1258700000.0,4017800000.0,8788203019.0,33000000.0,21500000.0,-19000000.0,-200400000.0,-19500000.0,-239000000.0,2500000.0,0.0,271600000.0,-2100000.0,93600000.0,93600000.0,93600000.0,3500000.0,-100000.0,0.076,157200000.0,187400000.0,722400000.0,0.2,1.052,52.782,45.077,368900000.0,0.0,23.44,2.105,2.095,877900000.0,1209500000.0,1235000000.0,1235000000.0,0.0,,,,,16100000.0,157200000.0,1.0,374923337.0,373300000.0,379900000.0,3.308,2329300000.0,58300000.0,56900000.0,875900000.0,6.24,334500000.0
46,FIS,MRQ,2009-12-31,2009-12-31,2009-12-31,2021-08-25,82200000.0,13997600000.0,,1666100000.0,12331500000.0,,35.148,-66900000.0,430900000.0,430900000.0,919300000.0,-52800000.0,1.349,0.659,3253300000.0,236700000.0,3016600000.0,3253300000.0,384300000.0,155600000.0,0.0,0.009,0.05,-43300000.0,112300000.0,0.088,112300000.0,-43300000.0,-83000000.0,-0.39,-0.39,-0.39,8308900000.0,,8308900000.0,10668995712.0,36.0,14.643,142200000.0,0.602,1.0,363700000.0,0.283,11562400000.0,39700000.0,4022900000.0,,0.0,0.0,0.0,0.0,5479000000.0,1234700000.0,4244300000.0,8730895712.0,225300000.0,459200000.0,12700000.0,-619300000.0,-16800000.0,-385700000.0,392300000.0,5900000.0,209100000.0,9600000.0,-53900000.0,-53900000.0,-53900000.0,1700000.0,1100000.0,-0.042,408300000.0,-44600000.0,718500000.0,-0.128,1.051,82.445,52.089,375900000.0,0.0,23.44,2.353,1.493,890800000.0,1134600000.0,1283000000.0,1283000000.0,0.0,,,,,45400000.0,271400000.0,1.0,372478486.0,236400000.0,239400000.0,5.427,2435200000.0,80900000.0,-29100000.0,915900000.0,10.301,431400000.0
47,FIS,MRQ,2009-09-30,2009-09-30,2009-09-30,2021-08-25,44600000.0,7430500000.0,,1057300000.0,6373200000.0,,20.168,-49400000.0,205600000.0,205600000.0,605400000.0,69000000.0,1.193,0.882,2143700000.0,195800000.0,1947900000.0,2143700000.0,260100000.0,94300000.0,0.0,0.008,0.05,134900000.0,229200000.0,0.277,229200000.0,134900000.0,103100000.0,0.35,0.35,0.35,3854100000.0,,3854100000.0,6957850085.0,16.0,8.739,124500000.0,0.651,1.0,223300000.0,0.269,5772700000.0,31800000.0,2710000000.0,,0.0,0.0,0.0,0.0,3398600000.0,885900000.0,2512700000.0,4893650085.0,-22300000.0,0.0,5600000.0,-148400000.0,-11500000.0,-149900000.0,-43500000.0,0.0,173900000.0,-2800000.0,67600000.0,67600000.0,67600000.0,-1000000.0,1400000.0,0.082,89400000.0,133900000.0,522300000.0,0.143,1.27,25.947,26.031,263300000.0,0.0,25.51,1.516,1.51,639300000.0,1207100000.0,828700000.0,828700000.0,0.0,,,,,4600000.0,89400000.0,1.0,191832618.0,191100000.0,194600000.0,4.336,1657800000.0,78400000.0,35500000.0,354000000.0,8.675,171400000.0
48,FIS,MRQ,2009-06-30,2009-06-30,2009-06-30,2021-08-25,-15700000.0,7439800000.0,,1094900000.0,6344900000.0,,19.532,-50900000.0,227900000.0,227900000.0,622800000.0,59600000.0,1.242,0.956,2292100000.0,158100000.0,2134000000.0,2292100000.0,273200000.0,92100000.0,0.0,0.01,0.05,120600000.0,212700000.0,0.257,212700000.0,120600000.0,89300000.0,0.31,0.31,0.31,3716900000.0,,3716900000.0,6005952495.0,15.0,7.648,117300000.0,0.616,1.0,206400000.0,0.249,5746100000.0,31300000.0,2876000000.0,,0.0,5100000.0,0.0,5100000.0,3551500000.0,881900000.0,2669600000.0,3817452495.0,-44100000.0,-800000.0,2400000.0,-167300000.0,-9600000.0,-174500000.0,-51700000.0,0.0,168200000.0,13900000.0,59200000.0,59200000.0,59200000.0,-2100000.0,400000.0,0.071,93000000.0,113400000.0,539700000.0,0.161,1.027,23.192,23.209,271400000.0,0.0,19.96,1.163,1.157,649600000.0,1149200000.0,829200000.0,829200000.0,0.0,,,,,8800000.0,93000000.0,1.0,191255135.0,190300000.0,192700000.0,4.357,1693700000.0,80500000.0,30100000.0,331200000.0,8.9,213000000.0
49,FIS,MRQ,2009-03-31,2009-03-31,2009-03-31,2021-08-25,-111500000.0,7416400000.0,,1136000000.0,6280400000.0,,18.738,-45300000.0,272000000.0,272000000.0,618400000.0,32700000.0,1.415,1.037,2460500000.0,132800000.0,2327700000.0,2460500000.0,280400000.0,92000000.0,0.0,0.011,0.05,81300000.0,173300000.0,0.218,173300000.0,81300000.0,50100000.0,0.17,0.17,0.17,3560300000.0,,3560300000.0,5768357577.0,14.0,7.106,117600000.0,0.619,1.0,175700000.0,0.221,5696200000.0,31200000.0,3105900000.0,,0.0,5300000.0,0.0,5300000.0,3692500000.0,802800000.0,2889700000.0,3474757577.0,51100000.0,-3000000.0,3600000.0,-54100000.0,-9500000.0,-59900000.0,-48300000.0,0.0,162900000.0,-3600000.0,33000000.0,33000000.0,33000000.0,0.0,-300000.0,0.042,95900000.0,79800000.0,477500000.0,0.294,0.976,19.598,19.783,269600000.0,0.0,18.2,1.046,1.041,663400000.0,1099600000.0,794100000.0,794100000.0,0.0,,,,,9400000.0,95900000.0,1.0,190920746.0,190000000.0,191600000.0,4.179,1720200000.0,62300000.0,17100000.0,326600000.0,9.054,333200000.0
50,FIS,MRQ,2008-12-31,2008-12-31,2008-12-31,2021-08-25,-102300000.0,7500400000.0,,1166200000.0,6334200000.0,,18.613,-51600000.0,220900000.0,220900000.0,631600000.0,30000000.0,1.428,1.077,2514500000.0,105500000.0,2409000000.0,2514500000.0,269600000.0,94900000.0,0.0,0.012,0.05,86100000.0,181000000.0,0.233,181000000.0,86100000.0,52800000.0,0.15,0.15,0.15,3532800000.0,,3532800000.0,5501526840.0,13.0,6.286,146100000.0,0.77,1.0,143900000.0,0.186,5735300000.0,33300000.0,3242200000.0,,0.0,5500000.0,0.0,5500000.0,3803400000.0,816500000.0,2986900000.0,3091223840.0,-17600000.0,4400000.0,600000.0,-134200000.0,-9500000.0,-128400000.0,-80700000.0,0.0,197700000.0,-6200000.0,28800000.0,28800000.0,28800000.0,22700000.0,1200000.0,0.037,36400000.0,107500000.0,528100000.0,0.333,0.875,14.391,14.527,272600000.0,0.0,16.27,0.92,0.928,721400000.0,1076100000.0,775500000.0,775500000.0,-61700000.0,,,,,10200000.0,72100000.0,1.0,189995319.0,189800000.0,191100000.0,4.086,1765100000.0,77400000.0,24000000.0,332700000.0,9.3,349700000.0
51,FIS,MRQ,2008-09-30,2008-09-30,2008-09-30,2021-08-25,-11682000.0,7549972000.0,,1205498000.0,6344474000.0,,19.009,-48200000.0,238458000.0,238458000.0,661800000.0,46400000.0,1.672,1.077,2648761000.0,93962000.0,2554799000.0,2648761000.0,248690000.0,100000000.0,0.0,0.011,0.05,118300000.0,218300000.0,0.247,218300000.0,118300000.0,70600000.0,0.23,0.23,0.23,3602291000.0,,3602291000.0,7567399674.0,15.0,7.731,107700000.0,0.568,1.0,222200000.0,0.251,5724703000.0,47700000.0,3514785000.0,,0.0,5659000.0,0.0,5659000.0,3881388000.0,720787000.0,3160601000.0,3502227674.0,31500000.0,0.0,7200000.0,-38200000.0,-9400000.0,-62000000.0,-48200000.0,0.0,155900000.0,-14200000.0,43600000.0,43600000.0,43600000.0,-400000.0,2800000.0,0.049,102400000.0,119800000.0,466988000.0,0.217,0.972,11.897,12.145,280502000.0,0.0,18.46,1.033,1.032,733901000.0,1056801000.0,884000000.0,884000000.0,22500000.0,,,,,9200000.0,79900000.0,1.0,189719809.0,189500000.0,191800000.0,4.665,1825269000.0,83317000.0,27000000.0,341701000.0,9.632,484711000.0
52,FIS,MRQ,2008-06-30,2008-06-30,2008-06-30,2021-08-25,86099000.0,9778445000.0,,1737601000.0,8040844000.0,,19.509,-66000000.0,207035000.0,207035000.0,674000000.0,72800000.0,1.422,1.584,4272207000.0,297129000.0,3975078000.0,4272207000.0,374066000.0,120400000.0,0.0,0.005,0.05,118800000.0,239200000.0,0.275,239200000.0,118800000.0,75200000.0,0.37,0.37,0.37,3755517000.0,,3755517000.0,11053092824.0,15.0,8.818,8600000.0,0.045,1.0,195700000.0,0.225,7171134000.0,43600000.0,5450381000.0,,0.0,33995000.0,0.0,33995000.0,5947638000.0,1222102000.0,4725536000.0,7201740824.0,-121000000.0,-15500000.0,-220800000.0,92900000.0,-9600000.0,-137000000.0,-58700000.0,0.0,74600000.0,100000.0,71900000.0,71900000.0,71900000.0,-59200000.0,900000.0,0.083,137800000.0,57900000.0,681256000.0,0.135,1.918,14.517,14.418,394496000.0,0.0,36.91,2.237,2.207,1221235000.0,1022664000.0,869700000.0,869700000.0,19900000.0,,,,,15300000.0,117900000.0,1.0,195116251.0,192500000.0,194400000.0,4.518,2607311000.0,120479000.0,3300000.0,402753000.0,13.544,515499000.0
53,FIS,MRQ,2008-03-31,2008-03-31,2008-03-31,2021-08-25,28476000.0,9832230000.0,,1840097000.0,7992133000.0,,19.742,-89600000.0,327965000.0,327965000.0,648700000.0,70300000.0,1.438,1.558,4179317000.0,270615000.0,3908702000.0,4179317000.0,362776000.0,124100000.0,0.0,0.005,0.05,112600000.0,236700000.0,0.285,236700000.0,112600000.0,73800000.0,0.36,0.36,0.36,3839832000.0,,3839832000.0,11337564117.0,13.0,8.077,78600000.0,0.404,1.0,181600000.0,0.219,7134308000.0,38800000.0,5269470000.0,,0.0,34605000.0,0.0,34605000.0,5981149000.0,1279804000.0,4701345000.0,7417445117.0,-27300000.0,-1900000.0,-3900000.0,-97800000.0,-9700000.0,-111000000.0,-85500000.0,0.0,168200000.0,1000000.0,70500000.0,70500000.0,70500000.0,-59600000.0,-200000.0,0.085,130400000.0,51200000.0,767881000.0,0.139,1.932,12.963,12.885,402848000.0,0.0,38.14,2.134,2.135,1174493000.0,960296000.0,830300000.0,830300000.0,19300000.0,,,,,26000000.0,111100000.0,1.0,194479421.0,194500000.0,196500000.0,4.269,2697922000.0,119983000.0,3300000.0,382245000.0,13.871,560293000.0
54,FIS,MRQ,2007-12-31,2007-12-31,2007-12-31,2021-08-25,53400000.0,9794600000.0,,1829500000.0,7965100000.0,,19.433,-98629000.0,355300000.0,355300000.0,690837000.0,108289000.0,1.459,1.587,4275400000.0,272000000.0,4003400000.0,4275400000.0,358100000.0,124357000.0,0.0,0.005,0.05,160324000.0,284681000.0,0.353,284681000.0,160324000.0,122987000.0,0.56,0.56,0.56,3781200000.0,,3781200000.0,12108787464.0,14.0,8.883,108465000.0,0.557,1.0,116369000.0,0.144,7132600000.0,37337000.0,5327900000.0,,0.0,36600000.0,0.0,36600000.0,5999200000.0,1254200000.0,4745000000.0,8066987464.0,76177000.0,-6700000.0,12779000.0,-45540000.0,-9769000.0,-40621000.0,-90364000.0,0.0,207094000.0,68000.0,108389000.0,108389000.0,108389000.0,-81670000.0,-100000.0,0.134,49386000.0,66983000.0,736000000.0,0.089,2.133,14.375,14.292,392500000.0,0.0,41.59,2.789,2.776,1164400000.0,899500000.0,807206000.0,807206000.0,-50002000.0,,,,,8613000.0,85888000.0,1.0,193964594.0,194573000.0,196560000.0,4.149,2662000000.0,120100000.0,14598000.0,395000000.0,13.681,575300000.0
55,FIS,MRQ,2007-09-30,2007-09-30,2007-09-30,2021-08-25,73005000.0,9593757000.0,,1579923000.0,8013834000.0,,19.0,-90661000.0,279076000.0,279076000.0,562998000.0,245304000.0,1.367,1.61,4320876000.0,272719000.0,4048157000.0,4320876000.0,356461000.0,134439000.0,0.0,0.005,0.05,358398000.0,492837000.0,0.691,492837000.0,358398000.0,320542000.0,1.27,1.25,1.27,3670341000.0,,3670341000.0,11197302310.0,14.0,8.644,-77342000.0,-0.4,1.0,149814000.0,0.21,7205132000.0,37856000.0,5274696000.0,,0.0,37477000.0,0.0,37477000.0,5909824000.0,1155729000.0,4754095000.0,8565768310.0,58186000.0,-1362688000.0,-78573000.0,1487038000.0,-9664000.0,1416408000.0,-1372114000.0,0.0,13319000.0,573000.0,245304000.0,245304000.0,245304000.0,-111933000.0,0.0,0.344,89966000.0,59848000.0,636707000.0,0.039,2.334,16.225,16.193,399633000.0,0.0,44.37,3.581,3.583,1025368000.0,800841000.0,712812000.0,712812000.0,17579000.0,,,,,-23192000.0,72387000.0,1.0,193053151.0,193171000.0,196649000.0,3.69,2388625000.0,76854000.0,75238000.0,428495000.0,12.365,424194000.0
56,FIS,MRQ,2007-06-30,2007-06-30,2007-06-30,2021-08-25,76449000.0,7795216000.0,,1458826000.0,6336390000.0,,17.848,-79894000.0,220890000.0,220890000.0,802461000.0,148004000.0,1.489,1.262,2852424000.0,113621000.0,2738803000.0,2852424000.0,366248000.0,113892000.0,0.0,0.004,0.05,275553000.0,389445000.0,0.346,389445000.0,275553000.0,232584000.0,0.77,0.75,0.77,3440019000.0,,3440019000.0,13254049527.0,21.0,12.247,90763000.0,0.471,1.0,322573000.0,0.287,5399635000.0,42969000.0,4047208000.0,,0.0,230394000.0,0.0,230394000.0,4342739000.0,979907000.0,3362832000.0,10446773527.0,-1114000.0,91784000.0,10037000.0,-185153000.0,-9646000.0,-184357000.0,11890000.0,0.0,170657000.0,696000.0,148004000.0,148004000.0,148004000.0,-2389000.0,0.0,0.132,143204000.0,179369000.0,604269000.0,0.065,3.037,28.921,28.872,352973000.0,0.0,54.28,3.816,3.822,948481000.0,565201000.0,1125034000.0,1125034000.0,23588000.0,,,,,8342000.0,119616000.0,1.0,192460824.0,192743000.0,196977000.0,5.837,2395581000.0,92239000.0,84580000.0,381558000.0,12.429,478919000.0
57,FIS,MRQ,2007-03-31,2007-03-31,2007-03-31,2021-08-25,48025000.0,7688467000.0,,1373175000.0,6315292000.0,,16.926,-74116000.0,222004000.0,222004000.0,772381000.0,59503000.0,1.577,1.364,3029280000.0,97557000.0,2931723000.0,3029280000.0,361036000.0,110612000.0,0.0,0.004,0.05,164347000.0,274959000.0,0.257,274959000.0,164347000.0,92232000.0,0.31,0.3,0.31,3248040000.0,,3248040000.0,11503757641.0,22.0,11.998,-1686000.0,-0.009,1.0,299059000.0,0.279,5378635000.0,72115000.0,4246540000.0,,0.0,256733000.0,0.0,256733000.0,4428708000.0,870568000.0,3558140000.0,8706009641.0,10251000.0,-21196000.0,33157000.0,11255000.0,-9621000.0,32970000.0,-95312000.0,0.0,72430000.0,163000.0,59503000.0,59503000.0,59503000.0,-3143000.0,0.0,0.056,140191000.0,158868000.0,515817000.0,0.161,2.68,31.177,31.352,348149000.0,0.0,45.46,3.305,3.311,897871000.0,426843000.0,1071440000.0,1071440000.0,27109000.0,,,,,-2263000.0,113082000.0,1.0,191509231.0,191898000.0,195807000.0,5.583,2309832000.0,81237000.0,32729000.0,379330000.0,12.037,502607000.0
58,FIS,MRQ,2006-12-31,2006-12-31,2006-12-31,2021-08-25,45009000.0,7630560000.0,,1300539000.0,6330021000.0,,16.499,-83666000.0,211753000.0,211753000.0,-200264000.0,75133000.0,1.477,1.424,3009501000.0,61661000.0,2947840000.0,3009501000.0,359387000.0,115296000.0,0.0,0.099,0.05,22849000.0,138145000.0,-0.267,138145000.0,22849000.0,-26033000.0,0.39,0.39,0.39,3142744000.0,,3142744000.0,10329238333.0,23.0,11.728,39512000.0,0.207,1.0,-316877000.0,0.613,5388333000.0,48882000.0,4159460000.0,,0.0,248441000.0,0.0,248441000.0,4474846000.0,880515000.0,3594331000.0,7635137333.0,37062000.0,-11621000.0,-26779000.0,37076000.0,-9571000.0,8927000.0,-95287000.0,0.0,123178000.0,244000.0,75133000.0,75133000.0,75133000.0,-229282000.0,0.0,-0.145,-106139000.0,-210738000.0,563946000.0,0.128,2.429,29.468,28.842,345799000.0,0.0,40.09,3.16,3.084,806299000.0,376961000.0,-517141000.0,-517141000.0,-6661000.0,,,,,4641000.0,-99478000.0,1.0,190449921.0,190481000.0,194585000.0,-2.715,2242227000.0,108398000.0,-101166000.0,396263000.0,11.771,420024000.0
59,FIS,MRQ,2006-09-30,2006-09-30,2006-09-30,2021-08-25,13416000.0,7432119000.0,,1166949000.0,6265170000.0,,15.976,-67114000.0,174690000.0,174690000.0,758813000.0,78580000.0,1.378,1.436,2868791000.0,24140000.0,2844651000.0,2868791000.0,368438000.0,111135000.0,0.0,0.107,0.05,168504000.0,279639000.0,0.264,279639000.0,168504000.0,118787000.0,0.41,0.41,0.41,3046361000.0,,3046361000.0,9817715518.0,18.0,10.582,81048000.0,0.425,1.0,299384000.0,0.283,5462927000.0,49717000.0,3816429000.0,,0.0,149227000.0,0.0,149227000.0,4373052000.0,846864000.0,3526188000.0,7082096518.0,30996000.0,336000.0,-35741000.0,-15800000.0,-9473000.0,-50666000.0,-66778000.0,0.0,148162000.0,278000.0,78580000.0,78580000.0,78580000.0,-4418000.0,0.0,0.074,136869000.0,162515000.0,559338000.0,0.122,2.325,30.865,27.612,299267000.0,0.0,37.0,1.961,1.954,733275000.0,311465000.0,1058197000.0,1058197000.0,25855000.0,,,,,-14229000.0,111014000.0,1.0,191408014.0,190680000.0,193626000.0,5.55,1969192000.0,90415000.0,40207000.0,389263000.0,10.327,320085000.0
60,FIS,MRQ,2006-06-30,2006-06-30,2006-06-30,2021-08-25,8673000.0,7342785000.0,,1139885000.0,6202900000.0,,15.587,-80156000.0,143694000.0,143694000.0,719718000.0,66029000.0,1.467,1.445,2879313000.0,15629000.0,2863684000.0,2879313000.0,385352000.0,110374000.0,0.0,0.112,0.05,155691000.0,266065000.0,0.26,266065000.0,155691000.0,106658000.0,0.34,0.34,0.34,2996161000.0,,2996161000.0,9530420931.0,19.0,11.272,45308000.0,0.236,1.0,302228000.0,0.296,5424429000.0,49033000.0,3877024000.0,,0.0,134252000.0,0.0,134252000.0,4328912000.0,776951000.0,3551961000.0,6813650931.0,-67661000.0,-3048000.0,-54414000.0,-47000000.0,-9540000.0,-110566000.0,-83204000.0,0.0,125464000.0,645000.0,66029000.0,66029000.0,66029000.0,0.0,0.0,0.065,149512000.0,152716000.0,487897000.0,0.147,2.274,32.638,25.652,300256000.0,0.0,35.4,2.096,2.093,736629000.0,242358000.0,1021946000.0,1021946000.0,23646000.0,,,,,4830000.0,125866000.0,1.0,192476015.0,192224000.0,195374000.0,5.316,1918356000.0,93692000.0,40629000.0,399786000.0,9.98,362934000.0
61,FIS,MRQ,2006-03-31,2006-03-31,2006-03-31,2021-08-25,2565000.0,7406782000.0,,1169150000.0,6237632000.0,,17.462,-69264000.0,211355000.0,211355000.0,622337000.0,39358000.0,1.38,1.49,2928125000.0,33590000.0,2894535000.0,2928125000.0,396919000.0,96795000.0,0.0,0.097,3.8,106113000.0,202908000.0,0.225,202908000.0,106113000.0,62845000.0,0.23,0.23,0.23,2968353000.0,,2968353000.0,7853691818.0,17.0,10.185,28632000.0,0.168,1.0,278599000.0,0.309,5459281000.0,43268000.0,3816788000.0,,0.0,147540000.0,0.0,147540000.0,4424251000.0,847483000.0,3576768000.0,7763789818.0,78203000.0,125333000.0,26834000.0,-97776000.0,-9616000.0,-76295000.0,56069000.0,0.0,97896000.0,533000.0,39358000.0,39358000.0,39358000.0,0.0,0.0,0.044,173789000.0,104810000.0,536425000.0,16.522,2.616,40.582,28.556,299458000.0,0.0,40.55,2.643,2.347,699101000.0,185869000.0,900936000.0,900936000.0,28060000.0,,,,,27958000.0,145729000.0,1.0,191462141.0,169989000.0,172987000.0,5.3,1947501000.0,107258000.0,23487000.0,413588000.0,11.457,321667000.0
62,FIS,MRQ,2005-12-31,2005-12-31,2005-12-31,2021-08-25,-8475000.0,4189021000.0,,791216000.0,3397805000.0,,5.43,-58168000.0,133152000.0,133152000.0,418826000.0,45486000.0,1.324,5.012,2564128000.0,33673000.0,2530455000.0,2564128000.0,366070000.0,77752000.0,0.0,0.005,0.05,101427000.0,179179000.0,0.284,179179000.0,101427000.0,62006000.0,0.36,0.35,0.36,694570000.0,,694570000.0,2640441956.0,6.0,3.617,-36740000.0,-0.287,1.0,210990000.0,0.335,2748486000.0,39421000.0,3273713000.0,,0.0,136024000.0,0.0,136024000.0,3481391000.0,597798000.0,2883593000.0,2519838956.0,-48276000.0,2785000.0,0.0,-7904000.0,0.0,-14917000.0,-55383000.0,0.0,21428000.0,596000.0,45486000.0,45486000.0,45486000.0,-15226000.0,0.0,0.072,126711000.0,84279000.0,309591000.0,0.139,3.628,12.82,26.338,220425000.0,0.0,40.56,0.937,1.93,493991000.0,156127000.0,629816000.0,629816000.0,27714000.0,,,,,4351000.0,98997000.0,1.0,62126207.0,127920000.0,129656000.0,4.924,1440535000.0,105845000.0,16520000.0,153193000.0,11.261,193418000.0
63,FIS,MRQ,2005-09-30,2005-09-30,2005-09-30,2021-08-25,-44638000.0,934094000.0,,388172000.0,545922000.0,,3.299,-74602000.0,105261000.0,105261000.0,447794000.0,57892000.0,1.675,1.214,225864000.0,0.0,225864000.0,225864000.0,0.0,70782000.0,0.0,0.005,0.05,126552000.0,197334000.0,0.283,197334000.0,126552000.0,89004000.0,0.45,0.45,0.45,421947000.0,,421947000.0,2605214288.0,5.0,2.768,113527000.0,0.887,1.0,250315000.0,0.359,407133000.0,37548000.0,415834000.0,,0.0,0.0,0.0,0.0,512147000.0,231730000.0,280417000.0,2480855288.0,-73507000.0,-51174000.0,0.0,-128165000.0,0.0,-128165000.0,-133471000.0,0.0,188129000.0,0.0,57892000.0,57892000.0,57892000.0,0.0,0.0,0.083,126592000.0,123723000.0,166002000.0,0.111,5.88,9.334,27.041,66197000.0,0.0,40.02,0.683,1.409,195131000.0,380137000.0,698109000.0,698109000.0,33545000.0,,,,,4562000.0,93047000.0,1.0,61990387.0,127920000.0,127920000.0,5.457,526961000.0,0.0,31112000.0,51538000.0,4.119,156442000.0
64,FIS,MRQ,2005-06-30,2005-06-30,2005-06-30,2021-08-25,-51940000.0,929770000.0,,397222000.0,532548000.0,,3.031,-63883000.0,101667000.0,101667000.0,453504000.0,48576000.0,1.497,1.398,226026000.0,0.0,226026000.0,226026000.0,0.0,75363000.0,0.0,0.005,0.05,116344000.0,191707000.0,0.271,191707000.0,116344000.0,79956000.0,0.38,0.38,0.38,387706000.0,,387706000.0,2562584957.0,6.0,3.193,74363000.0,0.581,1.0,255209000.0,0.36,394109000.0,36388000.0,394636000.0,,0.0,0.0,0.0,0.0,542064000.0,265384000.0,276680000.0,2363000957.0,-169381000.0,0.0,0.0,-250168000.0,0.0,-251439000.0,-56188000.0,0.0,138246000.0,0.0,48576000.0,48576000.0,48576000.0,0.0,0.0,0.069,137621000.0,117588000.0,189379000.0,0.132,6.095,10.049,26.0,66356000.0,0.0,38.22,0.739,1.529,202208000.0,360011000.0,708713000.0,708713000.0,28303000.0,,,,,7432000.0,109318000.0,1.0,61826294.0,127920000.0,127920000.0,5.54,535661000.0,0.0,31380000.0,62178000.0,4.187,131838000.0
65,FIS,MRQ,2005-03-31,2005-03-31,2005-03-31,2021-08-25,-62960000.0,897359000.0,,383977000.0,513382000.0,,2.559,-42012000.0,50625000.0,50625000.0,430075000.0,44596000.0,1.411,1.741,250209000.0,0.0,250209000.0,250209000.0,0.0,75740000.0,0.0,0.006,0.05,86071000.0,161811000.0,0.248,161811000.0,86071000.0,72650000.0,0.35,0.35,0.35,327359000.0,,327359000.0,2392122267.0,7.0,3.618,36161000.0,0.283,1.0,221505000.0,0.34,377356000.0,13421000.0,447445000.0,,0.0,0.0,0.0,0.0,570000000.0,272142000.0,297858000.0,2159955267.0,233428000.0,0.0,454336000.0,2475200000.0,-2700000000.0,197267000.0,-42012000.0,0.0,78173000.0,0.0,44596000.0,44596000.0,44596000.0,0.0,0.0,0.068,134492000.0,87013000.0,192959000.0,0.143,6.598,10.315,23.876,64438000.0,0.0,34.62,0.787,1.614,198877000.0,315600000.0,651580000.0,651580000.0,23936000.0,,,,,4022000.0,110556000.0,1.0,62390389.0,127920000.0,127920000.0,5.094,520003000.0,0.0,28054000.0,51182000.0,4.065,111835000.0
66,FIS,MRQ,2004-12-31,2004-12-31,2004-12-31,2021-08-25,-59194000.0,922209000.0,,408717000.0,513492000.0,,2.402,-149020000.0,41801000.0,41801000.0,978237000.0,114721000.0,1.408,2.001,273968000.0,0.0,273968000.0,273968000.0,0.0,203757000.0,0.0,0.006,0.05,186731000.0,390488000.0,0.248,390488000.0,186731000.0,191623000.0,0.3,0.32,0.3,307287000.0,,307287000.0,2464698350.0,8.0,4.476,237876000.0,1.86,1.0,595626000.0,0.378,381582000.0,-4892000.0,482456000.0,,0.0,0.0,0.0,0.0,614922000.0,290338000.0,324584000.0,2220991350.0,77661000.0,-382149000.0,79331000.0,328621000.0,9598000.0,222836000.0,-531169000.0,0.0,386896000.0,3745000.0,114721000.0,114721000.0,114721000.0,4133000.0,0.0,0.073,416589000.0,179037000.0,210566000.0,0.167,7.228,11.725,24.007,61490000.0,0.0,35.53,0.953,1.949,218681000.0,295532000.0,1573863000.0,1573863000.0,74214000.0,,,,,2867000.0,342375000.0,1.0,62510311.0,127920000.0,127920000.0,12.303,540627000.0,0.0,76902000.0,47469000.0,4.226,118379000.0
67,FIS,MRQ,2004-09-30,2004-09-30,2004-09-30,2021-08-25,-76972000.0,863620000.0,,358944000.0,504676000.0,,3.99,-11373000.0,43458000.0,43458000.0,186516000.0,27266000.0,1.35,2.458,287165000.0,0.0,287165000.0,287165000.0,0.0,12217000.0,0.0,0.005,0.05,46258000.0,58475000.0,0.223,58475000.0,46258000.0,42999000.0,0.44,0.43,0.44,249711000.0,,249711000.0,2561102395.0,16.0,12.576,14905000.0,0.238,1.0,76144000.0,0.29,251320000.0,3259000.0,590075000.0,,0.0,0.0,0.0,0.0,613909000.0,265932000.0,347977000.0,2358625395.0,-13873000.0,-8063000.0,-46581000.0,26540000.0,-3184000.0,-23380000.0,-19436000.0,0.0,26278000.0,-1121000.0,27266000.0,27266000.0,27266000.0,-1325000.0,0.0,0.104,31505000.0,44639000.0,182315000.0,0.114,9.445,25.797,25.84,61089000.0,0.0,37.21,2.344,2.314,184479000.0,291683000.0,262660000.0,262660000.0,0.0,,,,,3729000.0,31505000.0,1.0,63386869.0,62588000.0,63849000.0,4.197,612300000.0,0.0,15733000.0,57824000.0,9.783,93012000.0
68,FIS,MRQ,2004-06-30,2004-06-30,2004-06-30,2021-08-25,-84904000.0,859830000.0,,345450000.0,514380000.0,,4.138,-10083000.0,57331000.0,57331000.0,184537000.0,22819000.0,1.274,2.294,259808000.0,0.0,259808000.0,259808000.0,0.0,11342000.0,0.0,0.005,0.05,39064000.0,50406000.0,0.197,50406000.0,39064000.0,35911000.0,0.36,0.36,0.36,261067000.0,,261067000.0,2696222411.0,17.0,13.572,43605000.0,0.691,1.0,71127000.0,0.278,263969000.0,3153000.0,527099000.0,,0.0,0.0,0.0,0.0,598763000.0,271239000.0,327524000.0,2468150411.0,10801000.0,433000.0,-13619000.0,-15000000.0,-3196000.0,-31872000.0,-9650000.0,0.0,53688000.0,-2174000.0,22819000.0,22819000.0,22819000.0,-1536000.0,0.0,0.089,33684000.0,37443000.0,204709000.0,0.139,9.454,27.276,27.714,61187000.0,0.0,38.8,2.656,2.634,193659000.0,265709000.0,255664000.0,255664000.0,0.0,,,,,4026000.0,33684000.0,1.0,63612124.0,63083000.0,64272000.0,4.053,595861000.0,0.0,13092000.0,59806000.0,9.446,74211000.0
69,FIS,MRQ,2004-03-31,2004-03-31,2004-03-31,2021-08-25,-74422000.0,859456000.0,,336591000.0,522865000.0,,4.089,-7026000.0,46530000.0,46530000.0,177240000.0,18123000.0,1.305,2.3,274602000.0,0.0,274602000.0,274602000.0,0.0,11084000.0,0.0,0.004,0.05,31462000.0,42546000.0,0.178,42546000.0,31462000.0,28486000.0,0.28,0.28,0.28,260404000.0,,260404000.0,2452792477.0,16.0,12.467,29858000.0,0.469,1.0,62100000.0,0.259,271581000.0,2976000.0,557947000.0,,0.0,0.0,0.0,0.0,599052000.0,258000000.0,341052000.0,2252673477.0,24250000.0,-33391000.0,-19131000.0,50000000.0,-3218000.0,27570000.0,-40417000.0,0.0,36884000.0,161000.0,18123000.0,18123000.0,18123000.0,-1272000.0,0.0,0.076,32130000.0,29970000.0,199847000.0,0.179,8.651,24.854,25.194,61800000.0,0.0,35.02,2.446,2.421,194925000.0,243957000.0,239340000.0,239340000.0,0.0,,,,,4814000.0,32130000.0,1.0,64325342.0,63677000.0,64643000.0,3.759,587875000.0,0.0,10363000.0,60662000.0,9.232,78591000.0
70,FIS,MRQ,2003-12-31,2003-12-31,2003-12-31,2021-08-25,-75854000.0,785356000.0,,343404000.0,441952000.0,,4.081,-9455000.0,22280000.0,22280000.0,175894000.0,23221000.0,1.406,2.007,222399000.0,0.0,222399000.0,222399000.0,0.0,10912000.0,0.0,0.003,0.05,41318000.0,52230000.0,0.21,52230000.0,41318000.0,38722000.0,0.36,0.36,0.36,261139000.0,,261139000.0,2281857254.0,16.0,12.327,7389000.0,0.115,1.0,72892000.0,0.293,317729000.0,2596000.0,423481000.0,,0.0,0.0,0.0,0.0,524217000.0,244265000.0,279952000.0,2127019254.0,-22386000.0,0.0,-31089000.0,-550000.0,-3242000.0,-34908000.0,-9455000.0,0.0,16844000.0,3167000.0,23221000.0,23221000.0,23221000.0,-1250000.0,0.0,0.093,32371000.0,40521000.0,174686000.0,0.139,8.145,25.111,25.231,58897000.0,0.0,32.8,2.308,2.316,189388000.0,226495000.0,248786000.0,248786000.0,0.0,,,,,15215000.0,32371000.0,1.0,64848148.0,63990000.0,65129000.0,3.888,467627000.0,0.0,15501000.0,52088000.0,7.308,99139000.0
71,FIS,MRQ,2003-09-30,2003-09-30,2003-09-30,2021-08-25,-86636000.0,755830000.0,,329064000.0,426766000.0,,3.644,-10722000.0,44666000.0,44666000.0,119031000.0,26325000.0,1.185,2.169,199504000.0,0.0,199504000.0,199504000.0,0.0,11056000.0,0.0,0.002,0.05,42426000.0,53482000.0,0.288,53482000.0,42426000.0,40381000.0,0.4,0.4,0.4,238543000.0,,238543000.0,2271383856.0,15.0,11.988,19307000.0,0.295,1.0,66356000.0,0.358,216888000.0,2045000.0,416001000.0,,0.0,0.0,0.0,0.0,517287000.0,277779000.0,239508000.0,2126202856.0,4847000.0,0.0,-26213000.0,11680000.0,0.0,-14538000.0,-10722000.0,0.0,30029000.0,496000.0,26325000.0,26325000.0,26325000.0,-2647000.0,0.0,0.142,27051000.0,39305000.0,172123000.0,0.125,8.913,23.495,23.268,39119000.0,0.0,32.11,2.546,2.517,188373000.0,198795000.0,185387000.0,185387000.0,0.0,,,,,0.0,27051000.0,1.0,66216221.0,65462000.0,66117000.0,2.832,538942000.0,0.0,14056000.0,51381000.0,8.233,51285000.0
72,FIS,MRQ,2003-06-30,2003-06-30,2003-06-30,2021-08-25,-85884000.0,769069000.0,,347812000.0,421257000.0,,3.871,-15138000.0,39819000.0,39819000.0,182836000.0,22968000.0,1.201,2.032,185000000.0,0.0,185000000.0,185000000.0,0.0,10250000.0,0.0,0.0,0.0,38230000.0,48480000.0,0.196,48480000.0,38230000.0,36602000.0,0.35,0.35,0.35,253665000.0,,253665000.0,2002318253.0,14.0,10.932,21246000.0,0.324,1.0,64556000.0,0.261,215301000.0,1628000.0,409249000.0,,0.0,0.0,0.0,0.0,515404000.0,289700000.0,225704000.0,1829915253.0,5222000.0,0.0,559000.0,-22000000.0,0.0,-21441000.0,-15138000.0,0.0,36384000.0,5417000.0,22968000.0,22968000.0,22968000.0,0.0,0.0,0.093,27154000.0,37402000.0,199627000.0,0.0,7.214,21.24,21.346,37929000.0,0.0,27.75,2.024,2.011,210736000.0,175712000.0,247392000.0,247392000.0,0.0,,,,,0.0,27591000.0,1.0,65942892.0,65536000.0,66077000.0,3.775,553768000.0,0.0,13634000.0,47674000.0,8.45,58112000.0
73,FIS,MRQ,2003-03-31,2003-03-31,2003-03-31,2021-08-25,-109707000.0,718049000.0,,326004000.0,392045000.0,,3.117,-8432000.0,34597000.0,34597000.0,177893000.0,12192000.0,1.221,2.499,207000000.0,0.0,207000000.0,207000000.0,0.0,9812000.0,0.0,0.0,0.0,21111000.0,30923000.0,0.129,30923000.0,21111000.0,19430000.0,0.19,0.18,0.19,205225000.0,,205225000.0,1873556651.0,13.0,10.226,40130000.0,0.61,1.0,62276000.0,0.259,202869000.0,1681000.0,420669000.0,,0.0,0.0,0.0,0.0,512824000.0,266914000.0,245910000.0,1673522651.0,20431000.0,0.0,-11305000.0,-7200000.0,0.0,-18505000.0,-8432000.0,0.0,48562000.0,-1194000.0,12192000.0,12192000.0,12192000.0,0.0,0.0,0.051,41320000.0,20956000.0,184994000.0,0.0,8.155,19.43,19.688,37484000.0,0.0,25.2,1.835,1.819,202577000.0,152744000.0,240169000.0,240169000.0,0.0,,,,,0.0,28680000.0,1.0,66409629.0,65840000.0,66202000.0,3.648,515180000.0,0.0,7238000.0,41047000.0,7.825,59090000.0
74,FIS,MRQ,2002-12-31,2002-12-31,2002-12-31,2021-08-25,-114799000.0,702141000.0,,312000000.0,390141000.0,,2.994,-9264000.0,14166000.0,14166000.0,89947000.0,29010000.0,1.243,2.538,214200000.0,0.0,214200000.0,214200000.0,0.0,9685000.0,0.0,0.0,0.0,46902000.0,56587000.0,0.349,56587000.0,46902000.0,45127000.0,0.44,0.43,0.44,198443000.0,,198443000.0,1778445198.0,12.0,9.347,13894000.0,0.21,1.0,72127000.0,0.445,200298000.0,1775000.0,450947000.0,,0.0,0.0,0.0,0.0,503698000.0,250930000.0,252768000.0,1629588198.0,-3677000.0,-10433000.0,-62132000.0,47500000.0,0.0,-14633000.0,-19697000.0,0.0,23158000.0,696000.0,29010000.0,29010000.0,29010000.0,-2926000.0,0.0,0.179,28348000.0,43779000.0,176962000.0,0.0,8.212,18.11,18.598,38637000.0,0.0,24.55,1.797,1.848,183233000.0,140552000.0,162074000.0,162074000.0,0.0,,,,,3772000.0,25483000.0,1.0,66378338.0,66277000.0,66642000.0,2.445,501843000.0,0.0,16117000.0,41346000.0,7.572,61070000.0
75,FIS,MRQ,2002-09-30,2002-09-30,2002-09-30,2021-08-25,-122176000.0,678191000.0,,307297000.0,370894000.0,,3.065,-12847000.0,17843000.0,17843000.0,178972000.0,21983000.0,1.162,2.214,166700000.0,0.0,166700000.0,166700000.0,0.0,9728000.0,0.0,0.0,0.0,37442000.0,47170000.0,0.185,47170000.0,37442000.0,35823000.0,0.32,0.32,0.32,211037000.0,,211037000.0,1551499699.0,10.0,8.05,14602000.0,0.212,1.0,75534000.0,0.297,189413000.0,1619000.0,373125000.0,,0.0,0.0,0.0,0.0,467154000.0,264510000.0,202644000.0,1390891699.0,-3549000.0,0.0,-2377000.0,-15300000.0,0.0,-17872000.0,-12847000.0,0.0,27449000.0,-279000.0,21983000.0,21983000.0,21983000.0,0.0,0.0,0.086,38243000.0,37291000.0,186485000.0,0.0,6.591,15.899,15.952,36224000.0,0.0,20.1,1.392,1.385,207225000.0,111542000.0,254506000.0,254506000.0,0.0,,,,,0.0,28878000.0,1.0,69198592.0,68850000.0,69451000.0,3.697,488778000.0,4433000.0,13840000.0,36175000.0,7.099,42787000.0
76,FIS,MRQ,2002-06-30,2002-06-30,2002-06-30,2021-08-25,-93667000.0,657903000.0,,262733000.0,395170000.0,,3.241,-14713000.0,21392000.0,21392000.0,189131000.0,22944000.0,1.207,1.94,182000000.0,0.0,182000000.0,182000000.0,0.0,9631000.0,0.0,0.0,0.0,38905000.0,48536000.0,0.19,48536000.0,38905000.0,37157000.0,0.33,0.33,0.33,223766000.0,,223766000.0,2761507207.0,18.0,13.775,28429000.0,0.412,1.0,66238000.0,0.259,216073000.0,1748000.0,384844000.0,,0.0,0.0,0.0,0.0,434137000.0,217594000.0,216543000.0,2580192207.0,-2547000.0,0.0,-7596000.0,-23000000.0,0.0,-30594000.0,-14713000.0,0.0,43142000.0,-382000.0,22944000.0,22944000.0,22944000.0,0.0,0.0,0.09,27920000.0,38318000.0,145786000.0,0.0,11.531,28.81,28.546,38046000.0,0.0,37.11,2.625,2.607,163275000.0,89558000.0,255369000.0,255369000.0,0.0,,,,,0.0,27920000.0,1.0,69528219.0,69052000.0,70404000.0,3.698,441830000.0,5235000.0,14213000.0,37322000.0,6.399,45139000.0
77,FIS,MRQ,2002-03-31,2002-03-31,2002-03-31,2021-08-25,-69331000.0,647348000.0,,230577000.0,416771000.0,,3.424,-12137000.0,23939000.0,23939000.0,179108000.0,16047000.0,1.33,1.745,205254000.0,254000.0,205000000.0,205254000.0,0.0,10006000.0,0.0,0.0,0.0,27965000.0,37971000.0,0.162,37971000.0,27965000.0,25987000.0,0.23,0.23,0.23,235836000.0,,235836000.0,2942487844.0,19.0,14.84,13970000.0,0.203,1.0,55734000.0,0.237,239088000.0,1978000.0,416145000.0,,0.0,0.0,0.0,0.0,411512000.0,173430000.0,238082000.0,2739738844.0,-3735000.0,0.0,8486000.0,-25000000.0,0.0,-16679000.0,-12137000.0,0.0,26107000.0,-1026000.0,16047000.0,16047000.0,16047000.0,0.0,0.0,0.068,27953000.0,27781000.0,111683000.0,0.0,11.617,31.174,31.016,36119000.0,0.0,39.7,2.868,2.863,165329000.0,66615000.0,234842000.0,234842000.0,0.0,,,,,0.0,27953000.0,1.0,69011054.0,68868000.0,69963000.0,3.41,408260000.0,6081000.0,9940000.0,38717000.0,5.928,57147000.0
78,FIS,MRQ,2001-12-31,2001-12-31,2001-12-31,2021-08-25,-67839000.0,736203000.0,,321536000.0,414667000.0,,3.09,-8646000.0,27674000.0,27674000.0,185028000.0,26509000.0,1.234,2.475,230000000.0,0.0,230000000.0,230000000.0,0.0,12486000.0,0.0,0.0,0.0,46559000.0,59045000.0,0.232,59045000.0,46559000.0,43458000.0,0.38,0.38,0.38,211865000.0,,211865000.0,2570147486.0,17.0,13.098,11152000.0,0.163,1.0,69582000.0,0.273,240630000.0,3101000.0,437333000.0,,0.0,0.0,0.0,0.0,524338000.0,260566000.0,263772000.0,2352916486.0,-15501000.0,0.0,1820000.0,-30000000.0,0.0,-28212000.0,-8646000.0,0.0,19798000.0,1559000.0,26509000.0,26509000.0,26509000.0,0.0,0.0,0.104,23224000.0,46358000.0,187254000.0,0.0,11.106,27.021,26.945,34340000.0,0.0,34.22,2.514,2.498,202625000.0,50568000.0,254610000.0,254610000.0,0.0,,,,,729000.0,23224000.0,1.0,68758518.0,68575000.0,69405000.0,3.713,495573000.0,0.0,16949000.0,36332000.0,7.227,60970000.0
79,FIS,MRQ,2001-09-30,2001-09-30,2001-09-30,2021-08-25,-91924000.0,619073000.0,,234845000.0,384228000.0,,2.34,-14002000.0,43175000.0,43175000.0,170650000.0,24059000.0,1.329,2.878,260406000.0,406000.0,260000000.0,260406000.0,0.0,11810000.0,0.0,0.0,0.0,43104000.0,54914000.0,0.231,54914000.0,43104000.0,39440000.0,0.36,0.35,0.36,159645000.0,,159645000.0,1734120828.0,,,34047000.0,0.499,1.0,67332000.0,0.283,223384000.0,3664000.0,436194000.0,,0.0,0.0,0.0,0.0,459428000.0,176726000.0,282702000.0,1781342828.0,-4268000.0,-23534000.0,-181000.0,260000000.0,0.0,-14979000.0,-37536000.0,0.0,48049000.0,198000.0,24059000.0,24059000.0,24059000.0,0.0,0.0,0.101,24611000.0,42721000.0,94749000.0,0.0,11.158,,,32849000.0,0.0,25.96,,,152068000.0,24059000.0,237982000.0,237982000.0,0.0,,,,,0.0,24611000.0,1.0,68618753.0,68231000.0,68949000.0,3.488,395689000.0,5456000.0,15381000.0,39626000.0,5.799,58119000.0
80,FIS,MRQ,2001-06-30,2001-06-30,2001-06-30,2021-08-25,-76183000.0,586805000.0,,233705000.0,353100000.0,,6.039,-14380000.0,47443000.0,47443000.0,166744000.0,21269000.0,1.465,0.423,221000.0,221000.0,0.0,221000.0,0.0,11016000.0,0.0,0.0,0.0,35333000.0,46349000.0,0.204,46349000.0,35333000.0,35077000.0,0.31,0.31,0.31,412277000.0,,412277000.0,1896997084.0,,,13401000.0,0.196,1.0,60937000.0,0.268,218135000.0,256000.0,161891000.0,,0.0,0.0,0.0,0.0,174528000.0,159557000.0,14971000.0,1921325084.0,22672000.0,-55504000.0,0.0,0.0,0.0,65870000.0,-69884000.0,0.0,27781000.0,-1095000.0,21269000.0,21269000.0,21269000.0,0.0,0.0,0.093,25087000.0,35850000.0,95198000.0,0.0,4.66,,,31791000.0,0.0,28.0,,,171610000.0,,227681000.0,227681000.0,0.0,,,,,0.0,25087000.0,1.0,68618753.0,68268000.0,69001000.0,3.335,368670000.0,4961000.0,13808000.0,23464000.0,5.4,74148000.0
81,FIS,MRQ,2001-03-31,2001-03-31,2001-03-31,2021-08-25,-69260000.0,496497000.0,,204363000.0,292134000.0,,4.813,-12321000.0,24771000.0,24771000.0,164166000.0,15239000.0,1.356,0.499,443000.0,443000.0,0.0,443000.0,0.0,10365000.0,0.0,,0.0,25556000.0,35921000.0,0.167,35921000.0,25556000.0,25377000.0,0.22,0.22,0.22,327298000.0,,327298000.0,,,,-5073000.0,-0.075,1.0,51532000.0,0.239,174707000.0,179000.0,146756000.0,,0.0,0.0,0.0,0.0,163275000.0,150706000.0,12569000.0,,-5023000.0,0.0,0.0,0.0,0.0,2192000.0,-12321000.0,0.0,7248000.0,-2142000.0,15239000.0,15239000.0,15239000.0,0.0,0.0,0.071,25042000.0,26490000.0,94716000.0,0.0,,,,32038000.0,0.0,,,,165593000.0,,215698000.0,215698000.0,0.0,,,,,0.0,25042000.0,1.0,68618753.0,68004000.0,68737000.0,3.172,321790000.0,4894000.0,10138000.0,18856000.0,4.732,53657000.0
82,FIS,MRQ,2000-12-31,2000-12-31,2000-12-31,2021-08-25,-57288000.0,502445000.0,,199207000.0,303238000.0,,4.816,-12963000.0,29794000.0,29794000.0,,,1.243,0.534,549000.0,549000.0,0.0,549000.0,0.0,10702000.0,0.0,,0.0,,,,,,,,,,323618000.0,,323618000.0,,,,7780000.0,0.116,1.0,,,184612000.0,,128337000.0,,0.0,0.0,0.0,0.0,172921000.0,160251000.0,12670000.0,,-1701000.0,-22000000.0,0.0,-207000.0,0.0,12530000.0,-34963000.0,0.0,20743000.0,-11000.0,,,,,,,,,95678000.0,,,,,32806000.0,,,,,155351000.0,,,,,,,,,0.0,,1.0,68618753.0,67200000.0,,,317833000.0,4827000.0,,20382000.0,4.73,38956000.0
83,FIS,MRQ,2000-09-30,2000-09-30,2000-09-30,2021-08-25,,,,,,,,-8266000.0,,,129586000.0,24931000.0,,,,,,,,10336000.0,,,0.0,42096000.0,52432000.0,0.269,52432000.0,42096000.0,41739000.0,0.37,,0.37,,,,,,,12475000.0,0.186,1.0,65090000.0,0.334,,357000.0,,,,,,,,,,,2087000.0,-11755000.0,0.0,613000.0,0.0,-4418000.0,-13171000.0,6850000.0,20741000.0,-1065000.0,24931000.0,24931000.0,24931000.0,0.0,0.0,0.128,23656000.0,41434000.0,,0.0,,,,,0.0,,,,,,194676000.0,194676000.0,0.0,,,,,0.0,23656000.0,1.0,,67178000.0,,2.898,,,16808000.0,,,
84,FIS,MRQ,2000-06-30,2000-06-30,2000-06-30,2021-08-25,,,,,,,,,,,131647000.0,22468000.0,,,,,,,,,,,0.0,36655000.0,,,,36655000.0,36617000.0,0.34,,0.34,,,,,,,,,1.0,61461000.0,0.318,,38000.0,,,,,,,,,,,,,,,,,,,,,22468000.0,22468000.0,22468000.0,0.0,0.0,0.116,24912000.0,36549000.0,,0.0,,,,,0.0,,,,,,193108000.0,193108000.0,0.0,,,,,,24912000.0,1.0,,67045000.0,,2.88,,,14149000.0,,,
85,FIS,MRQ,2000-03-31,2000-03-31,2000-03-31,2021-08-25,-57288000.0,502445000.0,,199207000.0,303238000.0,,,,29794000.0,29794000.0,,,1.243,0.534,549000.0,549000.0,0.0,549000.0,0.0,,0.0,,0.0,,,,,,,,,,323618000.0,,323618000.0,,,,,,1.0,,,184612000.0,,128337000.0,,0.0,0.0,0.0,0.0,172921000.0,160251000.0,12670000.0,,,,,,,,,,,,,,,,,,,,95678000.0,,,,,32806000.0,,,,,155351000.0,,,,,,,,,,,1.0,,,,,317833000.0,4827000.0,,20382000.0,,38956000.0
86,FIS,MRQ,1999-12-31,1999-12-31,1999-12-31,2021-08-25,-48462000.0,495255000.0,,221956000.0,273299000.0,,3.95,,33617000.0,33617000.0,,,1.087,0.81,1288000.0,1288000.0,0.0,1288000.0,0.0,,0.0,,0.0,,,,,,,,,,271490000.0,,271490000.0,,,,,,1.0,,,148823000.0,,109981000.0,,0.0,0.0,0.0,0.0,219875000.0,204122000.0,15753000.0,,,,,,,,,,,,,,,,,,,,145259000.0,,,,,36910000.0,,,,,174467000.0,,,,,,,,,,,1.0,,68729000.0,,,346432000.0,4902000.0,,18789000.0,5.041,17834000.0
87,FIS,MRQ,1999-03-31,1999-03-31,1999-03-31,2021-08-25,-48462000.0,495255000.0,,221956000.0,273299000.0,,,,33617000.0,33617000.0,,,1.087,0.81,1288000.0,1288000.0,0.0,1288000.0,0.0,,0.0,,0.0,,,,,,,,,,271490000.0,,271490000.0,,,,,,1.0,,,148823000.0,,109981000.0,,0.0,0.0,0.0,0.0,219875000.0,204122000.0,15753000.0,,,,,,,,,,,,,,,,,,,,145259000.0,,,,,36910000.0,,,,,174467000.0,,,,,,,,,,,1.0,,,,,346432000.0,4902000.0,,18789000.0,,17834000.0
0,FIS,MRT,2021-06-30,2021-06-30,2021-06-30,2021-08-25,249000000.0,82288000000.0,82910500000.0,9438000000.0,72850000000.0,0.159,78.178,-1175000000.0,1301000000.0,1301000000.0,8467000000.0,97000000.0,0.821,0.697,19417000000.0,3355000000.0,16062000000.0,19417000000.0,972000000.0,3808000000.0,0.0,0.01,1.48,713000000.0,4521000000.0,0.342,4521000000.0,713000000.0,420000000.0,0.15,0.14,0.15,48392000000.0,48795750000.0,48392000000.0,106253187802.0,149.0,23.502,3518000000.0,5.683,1.0,4744000000.0,0.359,69347000000.0,293000000.0,19563000000.0,19242000000.0,0.0,0.0,0.0,0.0,33709000000.0,11494000000.0,22215000000.0,87853187802.0,-173000000.0,367000000.0,-837000000.0,-2002000000.0,-921000000.0,-4609000000.0,-291000000.0,0.0,4693000000.0,34000000.0,92000000.0,92000000.0,92000000.0,0.0,5000000.0,0.007,3884000000.0,860000000.0,7216000000.0,9.867,1.815,954.926,944.467,864000000.0,0.0,141.67,6.65,6.638,4575000000.0,2921000000.0,13211000000.0,13211000000.0,0.0,0.001,0.002,0.037,0.054,399000000.0,3748000000.0,1.0,620125558.0,619000000.0,624000000.0,21.342,12941000000.0,0.0,328000000.0,4239000000.0,20.906,-2056000000.0
1,FIS,MRT,2021-03-31,2021-03-31,2021-03-31,2021-08-25,124000000.0,82317000000.0,82999000000.0,9105000000.0,73212000000.0,0.153,78.035,-1121000000.0,1039000000.0,1039000000.0,8378000000.0,-224000000.0,0.812,0.695,19439000000.0,3139000000.0,16300000000.0,19439000000.0,1023000000.0,3753000000.0,0.0,0.01,1.44,133000000.0,3886000000.0,0.306,3886000000.0,133000000.0,-200000000.0,-0.37,-0.38,-0.37,48460000000.0,48958500000.0,48460000000.0,105392898352.0,792.0,27.121,3774000000.0,6.077,1.0,4320000000.0,0.34,69766000000.0,333000000.0,19743000000.0,19198500000.0,0.0,0.0,0.0,0.0,33668000000.0,11208000000.0,22460000000.0,87336898352.0,-316000000.0,-67000000.0,-331000000.0,-2519000000.0,-896000000.0,-4609000000.0,-619000000.0,0.0,4895000000.0,17000000.0,-230000000.0,-230000000.0,-230000000.0,0.0,6000000.0,-0.018,3777000000.0,543000000.0,7105000000.0,-3.892,1.802,-379.726,-380.027,863000000.0,0.0,140.61,6.878,6.877,4681000000.0,2823000000.0,12698000000.0,12698000000.0,0.0,-0.003,-0.005,0.007,0.01,384000000.0,3641000000.0,1.0,621128642.0,621000000.0,621000000.0,20.448,12551000000.0,0.0,30000000.0,4115000000.0,20.211,-2103000000.0
2,FIS,MRT,2020-12-31,2020-12-31,2020-12-31,2021-08-25,57000000.0,83842000000.0,83038250000.0,9898000000.0,73944000000.0,0.151,79.645,-1129000000.0,1959000000.0,1959000000.0,8348000000.0,164000000.0,0.801,0.697,20015000000.0,4064000000.0,15951000000.0,20015000000.0,940000000.0,3714000000.0,0.0,0.01,1.4,593000000.0,4307000000.0,0.343,4307000000.0,593000000.0,254000000.0,0.26,0.25,0.26,49300000000.0,49135250000.0,49300000000.0,106140178243.0,179.0,24.644,3313000000.0,5.352,1.0,4204000000.0,0.335,70566000000.0,339000000.0,18971000000.0,20098250000.0,0.0,0.0,0.0,0.0,34355000000.0,12361000000.0,21994000000.0,87777178243.0,819000000.0,-469000000.0,220000000.0,-1372000000.0,-868000000.0,-2751000000.0,-914000000.0,0.0,4442000000.0,42000000.0,158000000.0,158000000.0,158000000.0,0.0,6000000.0,0.013,3652000000.0,552000000.0,7416000000.0,5.385,1.78,555.552,544.077,887000000.0,0.0,141.46,6.993,6.976,4293000000.0,3440000000.0,12552000000.0,12552000000.0,0.0,0.002,0.003,0.03,0.047,283000000.0,3516000000.0,1.0,620508824.0,619000000.0,627000000.0,20.278,13276000000.0,0.0,96000000.0,4017000000.0,21.447,-2463000000.0
3,FIS,MRT,2020-09-30,2020-09-30,2020-09-30,2021-08-25,-212000000.0,83195000000.0,83029250000.0,9934000000.0,73261000000.0,0.152,79.082,-1122000000.0,1826000000.0,1826000000.0,8226000000.0,-95000000.0,0.778,0.693,20189000000.0,4976000000.0,15213000000.0,20189000000.0,821000000.0,3716000000.0,0.0,0.01,1.4,371000000.0,4087000000.0,0.325,4087000000.0,371000000.0,-28000000.0,-0.43,-0.41,-0.43,49031000000.0,49170250000.0,49031000000.0,109896828585.0,296.0,26.889,2571000000.0,4.147,1.0,4353000000.0,0.346,70092000000.0,399000000.0,18691000000.0,20660500000.0,0.0,0.0,0.0,0.0,33974000000.0,12775000000.0,21199000000.0,91211828585.0,5000000.0,-472000000.0,194000000.0,-1299000000.0,-865000000.0,-2203000000.0,-1549000000.0,0.0,3693000000.0,64000000.0,-104000000.0,-104000000.0,-104000000.0,0.0,9000000.0,-0.008,3845000000.0,508000000.0,7024000000.0,-3.256,1.86,-877.037,-342.349,914000000.0,0.0,147.21,7.251,7.256,4281000000.0,3556000000.0,12579000000.0,12579000000.0,0.0,-0.001,-0.002,0.018,0.029,446000000.0,3845000000.0,1.0,619603482.0,620000000.0,627000000.0,20.289,13103000000.0,0.0,76000000.0,4172000000.0,21.134,-2841000000.0
4,FIS,MRT,2020-06-30,2020-06-30,2020-06-30,2021-08-25,-358000000.0,82642000000.0,83160000000.0,8600000000.0,74042000000.0,0.147,79.358,-1110000000.0,1183000000.0,1183000000.0,7960000000.0,39000000.0,0.71,0.681,19868000000.0,4994000000.0,14874000000.0,19868000000.0,886000000.0,3538000000.0,0.0,0.01,1.4,443000000.0,3981000000.0,0.326,3981000000.0,443000000.0,33000000.0,-0.16,-0.15,-0.16,49043000000.0,49211250000.0,49043000000.0,101849336387.0,230.0,25.584,2093000000.0,3.387,1.0,4244000000.0,0.348,69821000000.0,410000000.0,19389000000.0,21164500000.0,0.0,0.0,0.0,0.0,33409000000.0,12117000000.0,21292000000.0,82845336387.0,-6298000000.0,-7095000000.0,270000000.0,-694000000.0,-863000000.0,-1331000000.0,-8163000000.0,0.0,3203000000.0,-7000000.0,30000000.0,30000000.0,30000000.0,0.0,9000000.0,0.002,3827000000.0,417000000.0,6277000000.0,-8.75,1.689,2761.511,-838.062,887000000.0,0.0,134.09,6.788,6.79,4237000000.0,3753000000.0,12204000000.0,12204000000.0,0.0,0.0,0.001,0.021,0.036,484000000.0,3740000000.0,1.0,617833816.0,618000000.0,625000000.0,19.748,12821000000.0,0.0,3000000.0,4091000000.0,20.746,-3517000000.0
5,FIS,MRT,2020-03-31,2020-03-31,2020-03-31,2021-08-25,-248000000.0,82474000000.0,70714250000.0,8346000000.0,74128000000.0,0.161,79.817,-989000000.0,1373000000.0,1373000000.0,7318000000.0,173000000.0,1.053,0.674,20377000000.0,1395000000.0,18982000000.0,20377000000.0,945000000.0,2990000000.0,0.0,0.012,1.4,598000000.0,3588000000.0,0.316,3588000000.0,598000000.0,204000000.0,0.29,0.29,0.29,49167000000.0,39446750000.0,49167000000.0,94009362343.0,157.0,26.201,1510000000.0,2.451,1.0,4036000000.0,0.355,70210000000.0,394000000.0,23342000000.0,21060250000.0,0.0,0.0,0.0,0.0,33117000000.0,7926000000.0,25191000000.0,74969362343.0,2864000000.0,-7028000000.0,199000000.0,8948000000.0,-759000000.0,8333000000.0,-7974000000.0,0.0,2499000000.0,6000000.0,165000000.0,165000000.0,165000000.0,0.0,8000000.0,0.015,3274000000.0,762000000.0,5633000000.0,4.828,1.525,454.36,419.448,870000000.0,0.0,121.64,6.603,6.599,4161000000.0,3952000000.0,11354000000.0,11354000000.0,0.0,0.002,0.004,0.028,0.053,439000000.0,3187000000.0,1.0,616321624.0,616000000.0,625000000.0,18.432,12264000000.0,0.0,39000000.0,4131000000.0,19.909,420000000.0
6,FIS,MRT,2019-12-31,2019-12-31,2019-12-31,2021-08-25,-33000000.0,83806000000.0,56114000000.0,8692000000.0,75114000000.0,0.184,111.101,-828000000.0,1152000000.0,1152000000.0,6610000000.0,303000000.0,0.837,0.695,20192000000.0,2963000000.0,17229000000.0,20192000000.0,869000000.0,2444000000.0,0.0,0.01,1.4,787000000.0,3231000000.0,0.313,3231000000.0,787000000.0,398000000.0,0.67,0.66,0.67,49440000000.0,29629000000.0,49440000000.0,104372756422.0,133.0,32.304,1582000000.0,3.555,1.0,3723000000.0,0.36,71244000000.0,389000000.0,21220000000.0,17937500000.0,0.0,0.0,0.0,0.0,34350000000.0,10382000000.0,23968000000.0,85484756422.0,2508000000.0,-6583000000.0,-292000000.0,8579000000.0,-656000000.0,7581000000.0,-7501000000.0,0.0,2410000000.0,18000000.0,298000000.0,298000000.0,298000000.0,0.0,5000000.0,0.029,2754000000.0,969000000.0,6602000000.0,2.09,1.729,286.862,207.597,900000000.0,0.0,139.09,8.273,5.99,4226000000.0,4161000000.0,10333000000.0,10333000000.0,0.0,0.005,0.01,0.044,0.076,402000000.0,2667000000.0,1.0,614600305.0,445000000.0,451000000.0,23.22,12562000000.0,0.0,100000000.0,4281000000.0,28.229,-1690000000.0
7,FIS,MRT,2019-09-30,2019-09-30,2019-09-30,2021-08-25,-391000000.0,83718000000.0,41105000000.0,9325000000.0,74393000000.0,0.223,95.339,-702000000.0,1305000000.0,1305000000.0,6000000000.0,770000000.0,0.855,0.701,20193000000.0,3248000000.0,16945000000.0,20193000000.0,770000000.0,1848000000.0,0.0,0.01,1.37,1291000000.0,3139000000.0,0.343,3139000000.0,1291000000.0,960000000.0,2.15,2.11,2.15,49195000000.0,19822750000.0,49195000000.0,89926862480.0,70.0,28.648,1744000000.0,3.38,1.0,3158000000.0,0.345,70998000000.0,331000000.0,20707000000.0,15246250000.0,0.0,0.0,0.0,0.0,34506000000.0,10901000000.0,23605000000.0,81440862480.0,3198000000.0,-6654000000.0,-488000000.0,9237000000.0,-546000000.0,8149000000.0,-7403000000.0,0.0,2446000000.0,-33000000.0,754000000.0,754000000.0,754000000.0,0.0,16000000.0,0.082,1843000000.0,1315000000.0,6934000000.0,0.637,1.655,108.012,61.749,811000000.0,0.0,132.76,8.893,7.48,4089000000.0,4538000000.0,9158000000.0,9158000000.0,0.0,0.018,0.038,0.085,0.141,156000000.0,1756000000.0,1.0,613444279.0,516000000.0,524000000.0,17.748,12720000000.0,0.0,206000000.0,4198000000.0,24.651,-1576000000.0
8,FIS,MRT,2019-06-30,2019-06-30,2019-06-30,2021-08-25,-438000000.0,32859000000.0,26099000000.0,12505000000.0,20354000000.0,0.323,30.818,-591000000.0,9756000000.0,9756000000.0,5526000000.0,777000000.0,2.999,2.29,18242000000.0,1560000000.0,16682000000.0,18242000000.0,844000000.0,1450000000.0,0.0,0.011,1.34,1265000000.0,2715000000.0,0.322,2715000000.0,1265000000.0,949000000.0,2.32,2.29,2.32,9985000000.0,10044250000.0,9985000000.0,48341980416.0,38.0,17.806,1399000000.0,4.318,1.0,2894000000.0,0.344,18203000000.0,316000000.0,18972000000.0,12771750000.0,0.0,0.0,0.0,0.0,22867000000.0,4170000000.0,18697000000.0,39702980416.0,9073000000.0,-22000000.0,-870000000.0,9137000000.0,-436000000.0,7768000000.0,-679000000.0,0.0,1990000000.0,-6000000.0,754000000.0,754000000.0,754000000.0,0.0,23000000.0,0.09,1377000000.0,1517000000.0,1822000000.0,0.578,3.976,52.656,52.879,541000000.0,0.0,122.68,4.715,4.721,1792000000.0,4599000000.0,8420000000.0,8420000000.0,0.0,0.029,0.075,0.099,0.15,82000000.0,1282000000.0,1.0,323630424.0,324000000.0,327000000.0,25.988,14656000000.0,0.0,195000000.0,1295000000.0,45.235,8335000000.0
9,FIS,MRT,2019-03-31,2019-03-31,2019-03-31,2021-08-25,-427000000.0,24073000000.0,23851250000.0,3611000000.0,20462000000.0,0.353,30.638,-595000000.0,576000000.0,576000000.0,5536000000.0,840000000.0,1.026,1.432,9215000000.0,653000000.0,8562000000.0,9215000000.0,909000000.0,1436000000.0,0.0,0.012,1.31,1335000000.0,2771000000.0,0.329,2771000000.0,1335000000.0,1018000000.0,2.48,2.46,2.48,9896000000.0,10157750000.0,9896000000.0,44804318050.0,34.0,16.169,1338000000.0,4.142,1.0,2878000000.0,0.342,18340000000.0,317000000.0,10851000000.0,10686250000.0,0.0,0.0,0.0,0.0,14170000000.0,3521000000.0,10649000000.0,36522318050.0,-149000000.0,-22000000.0,-1002000000.0,131000000.0,-428000000.0,-1338000000.0,-684000000.0,0.0,1933000000.0,-60000000.0,812000000.0,812000000.0,812000000.0,0.0,28000000.0,0.097,1399000000.0,1479000000.0,2014000000.0,0.528,3.691,44.978,45.605,556000000.0,0.0,113.1,4.341,4.342,1947000000.0,4558000000.0,8414000000.0,8414000000.0,0.0,0.034,0.08,0.125,0.159,83000000.0,1304000000.0,1.0,322920584.0,323000000.0,326000000.0,26.05,5733000000.0,0.0,206000000.0,1351000000.0,17.749,90000000.0
10,FIS,MRT,2018-12-31,2018-12-31,2018-12-31,2021-08-25,-430000000.0,23770000000.0,23934250000.0,3733000000.0,20037000000.0,0.352,31.143,-622000000.0,703000000.0,703000000.0,5569000000.0,881000000.0,1.195,1.326,8985000000.0,315000000.0,8670000000.0,8985000000.0,806000000.0,1420000000.0,0.0,0.012,1.28,1368000000.0,2788000000.0,0.331,2788000000.0,1368000000.0,1054000000.0,2.58,2.55,2.58,10215000000.0,10307500000.0,10215000000.0,41989921883.0,31.0,15.061,1371000000.0,4.18,1.0,2854000000.0,0.339,18472000000.0,314000000.0,10455000000.0,10410250000.0,0.0,0.0,0.0,0.0,13548000000.0,3125000000.0,10423000000.0,33583921883.0,38000000.0,-16000000.0,-967000000.0,193000000.0,-421000000.0,-1236000000.0,-668000000.0,0.0,1993000000.0,-51000000.0,846000000.0,846000000.0,846000000.0,0.0,35000000.0,0.1,1396000000.0,1458000000.0,2071000000.0,0.496,3.288,39.697,39.748,587000000.0,0.0,102.55,3.987,3.993,1919000000.0,4528000000.0,8423000000.0,8423000000.0,0.0,0.035,0.082,0.131,0.162,84000000.0,1301000000.0,1.0,327488268.0,328000000.0,332000000.0,25.68,5298000000.0,0.0,208000000.0,1360000000.0,16.152,608000000.0
11,FIS,MRT,2018-09-30,2018-09-30,2018-09-30,2021-08-25,-433000000.0,23694000000.0,24123250000.0,3597000000.0,20097000000.0,0.349,30.735,-629000000.0,632000000.0,632000000.0,5589000000.0,1514000000.0,1.336,1.342,9038000000.0,40000000.0,8998000000.0,9038000000.0,753000000.0,1411000000.0,0.0,0.011,1.25,1340000000.0,2751000000.0,0.327,2751000000.0,1340000000.0,1023000000.0,4.49,4.42,4.49,10081000000.0,10431500000.0,10081000000.0,44073470913.0,33.0,16.021,1321000000.0,4.027,1.0,2833000000.0,0.336,18599000000.0,317000000.0,10809000000.0,10114000000.0,0.0,0.0,0.0,0.0,13528000000.0,2692000000.0,10836000000.0,35864470913.0,-88000000.0,58000000.0,-832000000.0,-67000000.0,-412000000.0,-1341000000.0,-598000000.0,0.0,1950000000.0,-60000000.0,1482000000.0,1482000000.0,1482000000.0,0.0,32000000.0,0.176,1413000000.0,1420000000.0,1932000000.0,0.278,3.558,24.2,24.292,546000000.0,0.0,109.07,4.258,4.248,1982000000.0,4339000000.0,8422000000.0,8422000000.0,0.0,0.061,0.142,0.132,0.159,87000000.0,1318000000.0,1.0,328820674.0,328000000.0,331000000.0,25.677,5095000000.0,0.0,-459000000.0,1402000000.0,15.534,905000000.0
12,FIS,MRT,2018-06-30,2018-06-30,2018-06-30,2021-08-25,-403000000.0,23868000000.0,24273250000.0,3494000000.0,20374000000.0,0.347,31.729,-632000000.0,683000000.0,683000000.0,5611000000.0,1420000000.0,1.379,1.276,8892000000.0,38000000.0,8854000000.0,8892000000.0,869000000.0,1399000000.0,0.0,0.012,1.22,1262000000.0,2661000000.0,0.316,2661000000.0,1262000000.0,941000000.0,4.2,4.13,4.2,10439000000.0,10407500000.0,10439000000.0,43448462346.0,34.0,16.328,1404000000.0,4.267,1.0,2823000000.0,0.335,18913000000.0,321000000.0,10630000000.0,10044500000.0,0.0,0.0,0.0,0.0,13324000000.0,2534000000.0,10790000000.0,35097462346.0,-103000000.0,510000000.0,-445000000.0,-1070000000.0,-404000000.0,-1979000000.0,-129000000.0,0.0,2036000000.0,-31000000.0,1387000000.0,1387000000.0,1387000000.0,0.0,33000000.0,0.164,1360000000.0,1463000000.0,1730000000.0,0.29,3.362,25.305,25.245,557000000.0,0.0,106.03,4.161,4.136,1886000000.0,4291000000.0,8434000000.0,8434000000.0,0.0,0.057,0.133,0.126,0.15,91000000.0,1360000000.0,1.0,331014452.0,329000000.0,333000000.0,25.635,4955000000.0,0.0,-446000000.0,1455000000.0,15.061,960000000.0
13,FIS,MRT,2018-03-31,2018-03-31,2018-03-31,2021-08-25,-318000000.0,24405000000.0,24548750000.0,3735000000.0,20670000000.0,0.35,31.803,-630000000.0,725000000.0,725000000.0,5717000000.0,1349000000.0,0.979,1.314,9076000000.0,1036000000.0,8040000000.0,9076000000.0,947000000.0,1386000000.0,0.0,0.012,1.19,1292000000.0,2678000000.0,0.312,2678000000.0,1292000000.0,953000000.0,3.98,3.91,3.98,10495000000.0,10270500000.0,10495000000.0,39990567842.0,31.0,14.933,1011000000.0,3.064,1.0,2869000000.0,0.334,19193000000.0,339000000.0,9747000000.0,10278500000.0,0.0,0.0,0.0,0.0,13794000000.0,3816000000.0,9978000000.0,31892567842.0,20000000.0,529000000.0,-318000000.0,-765000000.0,-396000000.0,-1539000000.0,-108000000.0,0.0,1641000000.0,26000000.0,1314000000.0,1314000000.0,1314000000.0,0.0,35000000.0,0.153,1389000000.0,1480000000.0,1938000000.0,0.299,3.039,24.271,24.196,581000000.0,0.0,96.3,3.714,3.701,2004000000.0,4186000000.0,8586000000.0,8586000000.0,0.0,0.054,0.128,0.126,0.15,101000000.0,1389000000.0,1.0,331179313.0,330000000.0,334000000.0,26.018,5212000000.0,0.0,-361000000.0,1443000000.0,15.794,-81000000.0
14,FIS,MRT,2017-12-31,2017-12-31,2017-12-31,2021-08-25,-332000000.0,24526000000.0,24719000000.0,3688000000.0,20838000000.0,0.351,32.458,-613000000.0,665000000.0,665000000.0,5794000000.0,1294000000.0,0.919,1.28,8763000000.0,1045000000.0,7718000000.0,8763000000.0,882000000.0,1366000000.0,0.0,0.012,1.16,1299000000.0,2665000000.0,0.307,2665000000.0,1299000000.0,940000000.0,3.82,3.75,3.82,10711000000.0,10116250000.0,10711000000.0,39802691964.0,31.0,14.935,1128000000.0,3.418,1.0,2874000000.0,0.332,19343000000.0,359000000.0,9270000000.0,10437750000.0,0.0,0.0,0.0,0.0,13706000000.0,4011000000.0,9695000000.0,31413691964.0,-18000000.0,1307000000.0,55000000.0,-2087000000.0,-385000000.0,-2480000000.0,690000000.0,0.0,1741000000.0,31000000.0,1261000000.0,1261000000.0,1261000000.0,0.0,33000000.0,0.145,1442000000.0,1432000000.0,2190000000.0,0.304,2.933,24.912,24.631,610000000.0,0.0,94.09,3.624,3.582,1985000000.0,4109000000.0,8668000000.0,8668000000.0,0.0,0.051,0.125,0.124,0.15,107000000.0,1442000000.0,1.0,333868551.0,330000000.0,336000000.0,26.267,5183000000.0,0.0,-321000000.0,1468000000.0,15.706,-323000000.0
15,FIS,MRT,2017-09-30,2017-09-30,2017-09-30,2021-08-25,-340000000.0,24294000000.0,25095250000.0,3324000000.0,20970000000.0,0.34,30.166,-618000000.0,720000000.0,720000000.0,5612000000.0,524000000.0,1.251,1.423,9109000000.0,296000000.0,8813000000.0,9109000000.0,649000000.0,1292000000.0,0.0,0.012,1.13,1229000000.0,2521000000.0,0.295,2521000000.0,1229000000.0,842000000.0,1.49,1.48,1.49,9985000000.0,9873750000.0,9985000000.0,39970037089.0,33.0,15.855,1044000000.0,3.154,1.0,2926000000.0,0.343,19494000000.0,387000000.0,10531000000.0,11176500000.0,0.0,0.0,0.0,0.0,14205000000.0,2658000000.0,11547000000.0,31044037089.0,19000000.0,1307000000.0,133000000.0,-2050000000.0,-375000000.0,-2351000000.0,687000000.0,0.0,1662000000.0,21000000.0,491000000.0,491000000.0,491000000.0,0.0,33000000.0,0.058,1561000000.0,1365000000.0,1735000000.0,0.758,3.109,63.226,62.678,576000000.0,0.0,93.39,3.636,3.621,1869000000.0,3341000000.0,8538000000.0,8538000000.0,0.0,0.02,0.05,0.11,0.144,116000000.0,1561000000.0,1.0,332412861.0,331000000.0,336000000.0,25.795,4800000000.0,0.0,351000000.0,2305000000.0,14.502,666000000.0
16,FIS,MRT,2017-06-30,2017-06-30,2017-06-30,2021-08-25,-385000000.0,24970000000.0,25555250000.0,4062000000.0,20908000000.0,0.342,29.973,-620000000.0,786000000.0,786000000.0,5753000000.0,646000000.0,1.488,1.513,9712000000.0,297000000.0,9415000000.0,9712000000.0,729000000.0,1242000000.0,0.0,0.013,1.1,1422000000.0,2664000000.0,0.304,2664000000.0,1422000000.0,1021000000.0,1.88,1.86,1.88,9891000000.0,9792750000.0,9891000000.0,37031722015.0,26.0,13.901,1013000000.0,3.07,1.0,2998000000.0,0.343,19601000000.0,401000000.0,11566000000.0,11526000000.0,0.0,0.0,0.0,0.0,14965000000.0,2729000000.0,12236000000.0,28231722015.0,21000000.0,846000000.0,96000000.0,-1555000000.0,-362000000.0,-1838000000.0,223000000.0,0.0,1633000000.0,3000000.0,617000000.0,617000000.0,617000000.0,0.0,29000000.0,0.071,1620000000.0,1378000000.0,1601000000.0,0.585,2.854,45.756,45.426,584000000.0,0.0,85.4,3.226,3.22,1819000000.0,3377000000.0,8751000000.0,8751000000.0,0.0,0.024,0.063,0.123,0.162,117000000.0,1620000000.0,1.0,330582225.0,330000000.0,334000000.0,26.518,5369000000.0,0.0,404000000.0,2372000000.0,16.27,1333000000.0
17,FIS,MRT,2017-03-31,2017-03-31,2017-03-31,2021-08-25,-298000000.0,25086000000.0,25908750000.0,3409000000.0,21677000000.0,0.34,30.116,-626000000.0,705000000.0,705000000.0,5833000000.0,623000000.0,1.086,1.528,9505000000.0,351000000.0,9154000000.0,9505000000.0,781000000.0,1192000000.0,0.0,0.013,1.07,1336000000.0,2528000000.0,0.287,2528000000.0,1336000000.0,933000000.0,1.83,1.81,1.83,9878000000.0,9694250000.0,9878000000.0,35972504206.0,27.0,14.23,1368000000.0,4.171,1.0,2965000000.0,0.337,20364000000.0,403000000.0,10384000000.0,11579750000.0,0.0,0.0,0.0,0.0,15096000000.0,3138000000.0,11958000000.0,26177504206.0,3000000.0,827000000.0,111000000.0,-1939000000.0,-351000000.0,-2184000000.0,198000000.0,0.0,1994000000.0,-5000000.0,599000000.0,599000000.0,599000000.0,-1000000.0,24000000.0,0.068,1674000000.0,1291000000.0,2027000000.0,0.585,2.65,43.702,43.508,610000000.0,0.0,79.62,2.975,2.968,1921000000.0,3341000000.0,8798000000.0,8798000000.0,0.0,0.023,0.062,0.115,0.152,109000000.0,1674000000.0,1.0,328780510.0,328000000.0,333000000.0,26.823,4722000000.0,0.0,334000000.0,2389000000.0,14.396,271000000.0
18,FIS,MRT,2016-12-31,2016-12-31,2016-12-31,2021-08-25,-331000000.0,26031000000.0,26244750000.0,4282000000.0,21749000000.0,0.336,29.88,-616000000.0,683000000.0,683000000.0,5895000000.0,547000000.0,1.359,1.662,10478000000.0,332000000.0,10146000000.0,10478000000.0,699000000.0,1153000000.0,0.0,0.014,1.04,1219000000.0,2372000000.0,0.269,2372000000.0,1219000000.0,816000000.0,1.61,1.59,1.61,9741000000.0,9573000000.0,9741000000.0,34913155860.0,29.0,14.719,1309000000.0,4.015,1.0,2936000000.0,0.332,20450000000.0,403000000.0,12225000000.0,12016750000.0,0.0,0.0,0.0,0.0,16186000000.0,3151000000.0,13035000000.0,24827155860.0,1000000.0,0.0,72000000.0,-1029000000.0,-341000000.0,-1309000000.0,-619000000.0,0.0,1925000000.0,4000000.0,525000000.0,525000000.0,525000000.0,-1000000.0,22000000.0,0.059,1707000000.0,1229000000.0,1860000000.0,0.646,2.549,47.29,46.981,626000000.0,0.0,75.64,2.811,2.792,1879000000.0,3299000000.0,8831000000.0,8831000000.0,0.0,0.02,0.055,0.101,0.138,105000000.0,1707000000.0,1.0,328227867.0,326000000.0,330000000.0,27.089,5581000000.0,101000000.0,291000000.0,2484000000.0,17.12,1131000000.0
19,FIS,MRT,2016-09-30,2016-09-30,2016-09-30,2021-08-25,-240000000.0,26134000000.0,26287000000.0,3523000000.0,22611000000.0,0.33,29.635,-796000000.0,701000000.0,701000000.0,5913000000.0,485000000.0,1.2,1.695,10787000000.0,317000000.0,10470000000.0,10787000000.0,769000000.0,1081000000.0,0.0,0.014,1.04,1106000000.0,2187000000.0,0.252,2187000000.0,1106000000.0,732000000.0,1.46,1.44,1.46,9661000000.0,9468000000.0,9661000000.0,35608395338.0,32.0,16.282,979000000.0,3.003,1.0,2757000000.0,0.318,21354000000.0,374000000.0,11929000000.0,12238000000.0,0.0,0.0,0.0,0.0,16378000000.0,2937000000.0,13441000000.0,25252395338.0,259000000.0,-1462000000.0,60000000.0,1035000000.0,-340000000.0,736000000.0,-2266000000.0,0.0,1775000000.0,14000000.0,467000000.0,467000000.0,467000000.0,-1000000.0,18000000.0,0.054,1633000000.0,1124000000.0,1868000000.0,0.712,2.614,54.074,52.76,604000000.0,0.0,77.03,2.913,2.896,1983000000.0,3177000000.0,8670000000.0,8670000000.0,0.0,0.018,0.049,0.09,0.128,106000000.0,1633000000.0,1.0,327825462.0,326000000.0,330000000.0,26.595,4780000000.0,82000000.0,265000000.0,2629000000.0,14.663,586000000.0
20,FIS,MRT,2016-06-30,2016-06-30,2016-06-30,2021-08-25,-246000000.0,26384000000.0,23300450000.0,3678000000.0,22706000000.0,0.341,29.222,-730000000.0,765000000.0,765000000.0,5408000000.0,474000000.0,1.052,1.767,11121000000.0,913000000.0,10208000000.0,11121000000.0,778000000.0,945000000.0,0.0,0.014,1.04,1031000000.0,1976000000.0,0.249,1976000000.0,1031000000.0,719000000.0,1.51,1.5,1.51,9497000000.0,8684925000.0,9497000000.0,34648125562.0,34.0,17.534,778000000.0,2.394,1.0,2532000000.0,0.319,21463000000.0,312000000.0,11781000000.0,10864000000.0,0.0,0.0,0.0,0.0,16777000000.0,3496000000.0,13281000000.0,24053125562.0,319000000.0,-1479000000.0,59000000.0,1312000000.0,-329000000.0,1039000000.0,-2217000000.0,0.0,1508000000.0,-11000000.0,457000000.0,457000000.0,457000000.0,1000000.0,17000000.0,0.058,1468000000.0,1064000000.0,1826000000.0,0.689,2.533,52.633,48.795,595000000.0,0.0,73.68,3.029,3.016,2026000000.0,3078000000.0,7940000000.0,7940000000.0,0.0,0.02,0.053,0.095,0.13,94000000.0,1468000000.0,1.0,326453930.0,325000000.0,329000000.0,24.431,4921000000.0,152000000.0,262000000.0,2729000000.0,15.142,182000000.0
21,FIS,MRT,2016-03-31,2016-03-31,2016-03-31,2021-08-25,-232000000.0,26430000000.0,20280325000.0,3629000000.0,22801000000.0,0.356,28.991,-459000000.0,702000000.0,702000000.0,4878000000.0,595000000.0,1.092,1.804,11297000000.0,764000000.0,10533000000.0,11297000000.0,809000000.0,809000000.0,0.0,0.016,1.04,1183000000.0,1992000000.0,0.276,1992000000.0,1183000000.0,928000000.0,1.99,1.97,1.99,9393000000.0,7920800000.0,9393000000.0,31389578232.0,27.0,15.758,826000000.0,2.549,1.0,2344000000.0,0.325,21571000000.0,255000000.0,12132000000.0,9529350000.0,0.0,0.0,0.0,0.0,16941000000.0,3322000000.0,13619000000.0,20564078232.0,213000000.0,-1479000000.0,-112000000.0,1339000000.0,-316000000.0,874000000.0,-1942000000.0,0.0,1285000000.0,-4000000.0,576000000.0,576000000.0,576000000.0,4000000.0,19000000.0,0.08,1276000000.0,1068000000.0,1768000000.0,0.523,2.189,35.702,31.814,611000000.0,0.0,63.31,2.847,2.84,2196000000.0,3043000000.0,7222000000.0,7222000000.0,0.0,0.028,0.073,0.124,0.164,81000000.0,1276000000.0,1.0,324815641.0,324000000.0,327000000.0,22.29,4859000000.0,142000000.0,352000000.0,2743000000.0,14.997,307000000.0
22,FIS,MRT,2015-12-31,2015-12-31,2015-12-31,2021-08-25,-279000000.0,26200000000.0,17297825000.0,3509000000.0,22691000000.0,0.381,32.705,-415000000.0,682000000.0,682000000.0,4395000000.0,651000000.0,1.484,1.802,11444000000.0,15000000.0,11429000000.0,11444000000.0,645000000.0,669000000.0,0.0,0.017,1.04,1210000000.0,1879000000.0,0.285,1879000000.0,1210000000.0,1011000000.0,2.22,2.19,2.22,9321000000.0,7162925000.0,9321000000.0,21627410463.0,18.0,11.51,716000000.0,2.512,1.0,2201000000.0,0.334,21488000000.0,199000000.0,13110000000.0,8136300000.0,0.0,0.0,0.0,0.0,16793000000.0,2364000000.0,14429000000.0,17098510463.0,189000000.0,-1479000000.0,-263000000.0,1618000000.0,-305000000.0,1015000000.0,-1898000000.0,0.0,1131000000.0,-59000000.0,632000000.0,632000000.0,632000000.0,7000000.0,19000000.0,0.096,1102000000.0,1099000000.0,1734000000.0,0.468,1.834,27.055,27.297,611000000.0,0.0,60.6,2.592,2.618,2090000000.0,3073000000.0,6596000000.0,6596000000.0,0.0,0.037,0.088,0.149,0.183,69000000.0,1102000000.0,1.0,282153638.0,285000000.0,289000000.0,23.144,4712000000.0,100000000.0,379000000.0,2658000000.0,16.533,1145000000.0
23,FIS,MRT,2015-09-30,2015-09-30,2015-09-30,2021-08-25,-261400000.0,14187800000.0,14377950000.0,2436300000.0,11751500000.0,0.446,23.317,-164400000.0,441500000.0,441500000.0,4277600000.0,742700000.0,1.556,1.162,4970400000.0,13400000.0,4957000000.0,4970400000.0,301400000.0,623900000.0,0.0,0.015,1.02,1297800000.0,1921700000.0,0.3,1921700000.0,1297800000.0,1136500000.0,2.55,2.53,2.55,6528700000.0,6471850000.0,6528700000.0,23485454167.0,18.0,12.221,1011500000.0,3.612,1.0,2131700000.0,0.333,10717500000.0,161300000.0,6433000000.0,6473175000.0,0.0,0.0,0.0,0.0,7583600000.0,1566200000.0,6017400000.0,18888554167.0,-170300000.0,-478400000.0,-258100000.0,-39900000.0,-289300000.0,-601900000.0,-668300000.0,0.0,1175900000.0,-76000000.0,721200000.0,721200000.0,721200000.0,13700000.0,21500000.0,0.113,940200000.0,1191500000.0,1302400000.0,0.4,2.893,26.19,26.306,481000000.0,0.0,67.08,2.947,2.93,1419200000.0,3053100000.0,6409300000.0,6409300000.0,0.0,0.05,0.111,0.2,0.202,37700000.0,940200000.0,1.0,281582501.0,280000000.0,284000000.0,22.89,3470300000.0,79600000.0,415300000.0,843900000.0,12.394,870100000.0
24,FIS,MRT,2015-06-30,2015-06-30,2015-06-30,2021-08-25,-198100000.0,14303500000.0,14374025000.0,2482600000.0,11820900000.0,0.448,22.92,-163400000.0,446400000.0,446400000.0,4330100000.0,720600000.0,1.48,1.207,5043300000.0,13500000.0,5029800000.0,5043300000.0,347000000.0,624900000.0,0.0,0.016,1.0,1247100000.0,1872000000.0,0.291,1872000000.0,1247100000.0,1084100000.0,2.46,2.43,2.46,6440500000.0,6453300000.0,6440500000.0,22225460306.0,18.0,11.873,965500000.0,3.436,1.0,2105500000.0,0.327,10780700000.0,163000000.0,6442400000.0,6470075000.0,0.0,0.0,0.0,0.0,7772200000.0,1677300000.0,6094900000.0,17518060306.0,-348200000.0,-566000000.0,-400900000.0,84100000.0,-284100000.0,-643700000.0,-755700000.0,0.0,1128900000.0,-77700000.0,696700000.0,696700000.0,696700000.0,12900000.0,23900000.0,0.108,928300000.0,1177200000.0,1371200000.0,0.407,2.72,25.144,25.122,495000000.0,0.0,61.8,2.722,2.698,1522800000.0,2950900000.0,6435600000.0,6435600000.0,0.0,0.048,0.108,0.193,0.194,23500000.0,928300000.0,1.0,283463759.0,281000000.0,284000000.0,22.902,3522800000.0,70200000.0,387400000.0,837700000.0,12.537,805300000.0
25,FIS,MRT,2015-03-31,2015-03-31,2015-03-31,2021-08-25,-227800000.0,14500000000.0,14408350000.0,2597000000.0,11903000000.0,0.447,22.479,-383100000.0,489000000.0,489000000.0,4352600000.0,660900000.0,1.475,1.26,5196400000.0,13600000.0,5182800000.0,5196400000.0,361100000.0,626400000.0,0.0,0.014,0.98,1116200000.0,1742600000.0,0.27,1742600000.0,1116200000.0,947300000.0,2.24,2.21,2.24,6361500000.0,6473700000.0,6361500000.0,23976554847.0,21.0,13.759,790300000.0,2.793,1.0,2095100000.0,0.325,10886500000.0,168900000.0,6559800000.0,6418325000.0,0.0,0.0,0.0,0.0,8017600000.0,1761100000.0,6256500000.0,19401654847.0,-249200000.0,-595000000.0,-413700000.0,375600000.0,-279500000.0,-338400000.0,-1005600000.0,0.0,1173400000.0,-78600000.0,635500000.0,635500000.0,635500000.0,11800000.0,25400000.0,0.099,895200000.0,1199900000.0,1440400000.0,0.438,3.05,30.53,30.384,490000000.0,0.0,68.06,3.009,2.987,1542600000.0,2784300000.0,6447700000.0,6447700000.0,0.0,0.044,0.098,0.174,0.173,21200000.0,895200000.0,1.0,285066924.0,283000000.0,287000000.0,22.783,3613500000.0,68600000.0,311800000.0,847000000.0,12.769,835900000.0
26,FIS,MRT,2014-12-31,2014-12-31,2014-12-31,2021-08-25,-107200000.0,14520500000.0,14351075000.0,2473100000.0,12047400000.0,0.447,23.006,-372000000.0,492800000.0,492800000.0,4327000000.0,707000000.0,1.547,1.194,5067700000.0,13100000.0,5054600000.0,5067700000.0,305500000.0,626000000.0,0.0,0.015,0.96,1187000000.0,1813000000.0,0.283,1813000000.0,1187000000.0,1014000000.0,2.38,2.35,2.38,6556700000.0,6516850000.0,6556700000.0,22010619913.0,19.0,12.14,793000000.0,2.782,1.0,2086000000.0,0.325,11039000000.0,173000000.0,6457500000.0,6267950000.0,0.0,0.0,0.0,0.0,7829000000.0,1598900000.0,6230100000.0,17649319913.0,-55000000.0,-595000000.0,-461000000.0,558000000.0,-275000000.0,-198000000.0,-985000000.0,0.0,1165000000.0,-37000000.0,679000000.0,679000000.0,679000000.0,11000000.0,28000000.0,0.106,815000000.0,1271000000.0,1331600000.0,0.403,2.692,25.993,26.134,483300000.0,0.0,62.2,2.752,2.764,1345200000.0,2746800000.0,6413000000.0,6413000000.0,0.0,0.047,0.104,0.189,0.185,16000000.0,815000000.0,1.0,283751124.0,285000000.0,289000000.0,22.502,3481500000.0,67400000.0,335000000.0,874400000.0,12.216,874200000.0
27,FIS,MRT,2014-09-30,2014-09-30,2014-09-30,2021-08-25,-40500000.0,14172100000.0,14210975000.0,2562900000.0,11609200000.0,0.443,22.799,-397000000.0,611800000.0,611800000.0,4268100000.0,584500000.0,1.744,1.174,4973100000.0,6300000.0,4966800000.0,4973100000.0,285900000.0,623300000.0,0.0,0.017,0.94,1058400000.0,1681700000.0,0.267,1681700000.0,1058400000.0,883900000.0,1.95,1.92,1.95,6454500000.0,6522800000.0,6454500000.0,20198853386.0,19.0,12.011,674500000.0,2.383,1.0,2029900000.0,0.322,10643100000.0,174500000.0,6420600000.0,6031750000.0,0.0,0.0,0.0,0.0,7580600000.0,1469700000.0,6110900000.0,16069053386.0,-199800000.0,-119700000.0,-545700000.0,140500000.0,-270300000.0,-731900000.0,-517800000.0,0.0,1071500000.0,-21600000.0,555700000.0,555700000.0,555700000.0,6600000.0,28800000.0,0.088,889700000.0,1140200000.0,1230200000.0,0.482,2.49,28.917,28.872,456300000.0,0.0,56.3,2.551,2.531,1418400000.0,2620000000.0,6298000000.0,6298000000.0,0.0,0.039,0.085,0.175,0.168,16300000.0,889700000.0,1.0,285418355.0,283100000.0,287000000.0,22.247,3529000000.0,71400000.0,328200000.0,840600000.0,12.466,1093200000.0
28,FIS,MRT,2014-06-30,2014-06-30,2014-06-30,2021-08-25,12900000.0,14440800000.0,14290625000.0,2834900000.0,11605900000.0,0.433,22.844,-392600000.0,793700000.0,793700000.0,4188700000.0,605700000.0,1.666,1.187,4923500000.0,23000000.0,4900500000.0,4923500000.0,304200000.0,618200000.0,0.0,0.017,0.92,1111900000.0,1730100000.0,0.279,1730100000.0,1111900000.0,931400000.0,2.02,1.99,2.02,6522100000.0,6571050000.0,6522100000.0,19794923217.0,18.0,11.441,782000000.0,2.739,1.0,2004000000.0,0.324,10633900000.0,180500000.0,6235400000.0,5914775000.0,0.0,0.0,0.0,0.0,7740700000.0,1701300000.0,6039400000.0,15754023217.0,140600000.0,-22600000.0,-515100000.0,142200000.0,-266300000.0,-660800000.0,-387900000.0,0.0,1174600000.0,14700000.0,577500000.0,577500000.0,577500000.0,8400000.0,28200000.0,0.093,869800000.0,1134200000.0,1432000000.0,0.455,2.415,27.28,27.099,459000000.0,0.0,54.74,2.544,2.524,1360000000.0,2538000000.0,6192700000.0,6192700000.0,0.0,0.04,0.088,0.188,0.18,17600000.0,869800000.0,1.0,287797282.0,285500000.0,289200000.0,21.691,3806900000.0,65700000.0,353900000.0,816400000.0,13.334,1133600000.0
29,FIS,MRT,2014-03-31,2014-03-31,2014-03-31,2021-08-25,3200000.0,14270900000.0,14117950000.0,2688300000.0,11582600000.0,0.433,22.688,-352400000.0,737700000.0,737700000.0,4127700000.0,529400000.0,1.577,1.158,4778600000.0,49700000.0,4728900000.0,4778600000.0,296800000.0,614000000.0,0.0,0.017,0.9,1006200000.0,1620200000.0,0.265,1620200000.0,1006200000.0,818200000.0,1.75,1.73,1.75,6534100000.0,6590175000.0,6534100000.0,19457346505.0,19.0,12.009,723000000.0,2.51,1.0,1978700000.0,0.324,10649100000.0,188000000.0,5958300000.0,5833050000.0,0.0,0.0,0.0,0.0,7568500000.0,1704400000.0,5864100000.0,15536246505.0,147100000.0,-8700000.0,-436700000.0,147100000.0,-261000000.0,-571800000.0,-350400000.0,0.0,1075400000.0,-6100000.0,503500000.0,503500000.0,503500000.0,-5300000.0,25900000.0,0.082,905500000.0,1073200000.0,1420800000.0,0.514,2.378,30.856,30.543,449200000.0,0.0,53.45,2.544,2.521,1299400000.0,2427600000.0,6106400000.0,6106400000.0,0.0,0.036,0.076,0.172,0.165,8600000.0,905500000.0,1.0,290668784.0,288000000.0,291900000.0,21.203,3621800000.0,52800000.0,314700000.0,810700000.0,12.576,983900000.0
30,FIS,MRT,2013-12-31,2013-12-31,2013-12-31,2021-08-25,-9900000.0,13960100000.0,13975025000.0,2351900000.0,11608200000.0,0.434,22.715,-336200000.0,547500000.0,547500000.0,4092700000.0,517700000.0,1.406,1.098,4468600000.0,128800000.0,4339800000.0,4468600000.0,270800000.0,614600000.0,0.0,0.016,0.88,1000600000.0,1615200000.0,0.266,1615200000.0,1000600000.0,802000000.0,1.7,1.68,1.7,6580500000.0,6616575000.0,6580500000.0,19637610690.0,20.0,12.158,724100000.0,2.499,1.0,1970700000.0,0.325,10695800000.0,198600000.0,5512700000.0,5730825000.0,0.0,0.0,0.0,0.0,7222800000.0,1672700000.0,5550100000.0,15628010690.0,29900000.0,-123700000.0,-332900000.0,53900000.0,-256300000.0,-546000000.0,-464700000.0,0.0,1060300000.0,-19700000.0,493100000.0,493100000.0,493100000.0,-3100000.0,24600000.0,0.081,907800000.0,1062900000.0,1334800000.0,0.518,2.375,31.693,31.576,439000000.0,0.0,53.68,2.577,2.565,1264000000.0,2341900000.0,6063400000.0,6063400000.0,0.0,0.035,0.075,0.175,0.165,13000000.0,907800000.0,1.0,291132837.0,289700000.0,294200000.0,20.93,3264300000.0,58900000.0,308900000.0,823600000.0,11.268,679200000.0
31,FIS,MRT,2013-09-30,2013-09-30,2013-09-30,2021-08-25,-1200000.0,14490700000.0,13872425000.0,2834100000.0,11656600000.0,0.431,22.986,-281600000.0,811600000.0,811600000.0,4051400000.0,582300000.0,1.577,1.156,4821200000.0,117100000.0,4704100000.0,4821200000.0,267500000.0,617000000.0,0.0,0.019,0.86,1056300000.0,1673300000.0,0.28,1673300000.0,1056300000.0,850200000.0,1.93,1.9,1.93,6647500000.0,6631675000.0,6647500000.0,17668764127.0,17.0,10.559,723000000.0,2.5,1.0,1927700000.0,0.322,10750100000.0,206100000.0,5952700000.0,5691675000.0,0.0,0.0,0.0,0.0,7687000000.0,1797500000.0,5889500000.0,13565464127.0,235000000.0,-158200000.0,-361300000.0,259900000.0,-250100000.0,-319700000.0,-436000000.0,0.0,1004600000.0,-13900000.0,557900000.0,557900000.0,557900000.0,600000.0,24400000.0,0.093,803000000.0,1124700000.0,1481800000.0,0.446,2.041,24.315,24.062,428300000.0,0.0,46.44,2.269,2.246,1258200000.0,2334400000.0,5979100000.0,5979100000.0,0.0,0.04,0.084,0.186,0.177,17100000.0,803000000.0,1.0,292107324.0,289200000.0,293200000.0,20.675,3740600000.0,51100000.0,292300000.0,799500000.0,12.934,1036600000.0
32,FIS,MRT,2013-06-30,2013-06-30,2013-06-30,2021-08-25,-10300000.0,13750100000.0,13656250000.0,2051300000.0,11698800000.0,0.433,22.762,-270600000.0,653100000.0,653100000.0,4025100000.0,495600000.0,1.795,1.061,4756400000.0,83700000.0,4672700000.0,4756400000.0,302300000.0,621100000.0,0.0,0.02,0.84,962300000.0,1583400000.0,0.268,1583400000.0,962300000.0,745900000.0,1.63,1.6,1.63,6598600000.0,6627700000.0,6598600000.0,16569315595.0,17.0,10.464,678200000.0,2.339,1.0,1890900000.0,0.32,10802000000.0,216400000.0,5908500000.0,5578325000.0,0.0,0.0,0.0,0.0,6999900000.0,1142900000.0,5857000000.0,12556915595.0,119300000.0,187500000.0,-359500000.0,-121800000.0,-245000000.0,-705100000.0,-108900000.0,0.0,948800000.0,-15500000.0,472400000.0,472400000.0,472400000.0,58600000.0,23200000.0,0.08,796000000.0,1094900000.0,827000000.0,0.515,1.903,26.581,26.282,415800000.0,0.0,42.84,2.123,2.099,1130400000.0,2226100000.0,5916000000.0,5916000000.0,0.0,0.035,0.071,0.173,0.163,32500000.0,796000000.0,1.0,293111942.0,289900000.0,294300000.0,20.407,2948100000.0,58600000.0,273500000.0,801200000.0,10.169,908400000.0
33,FIS,MRT,2013-03-31,2013-03-31,2013-03-31,2021-08-25,21000000.0,13699200000.0,13704475000.0,1923100000.0,11776100000.0,0.428,22.817,-304800000.0,590600000.0,590600000.0,3974700000.0,540400000.0,1.504,1.039,4603000000.0,166800000.0,4436200000.0,4603000000.0,320100000.0,627900000.0,0.0,0.021,0.82,1039400000.0,1667300000.0,0.285,1667300000.0,1039400000.0,815800000.0,1.78,1.74,1.78,6639700000.0,6643575000.0,6639700000.0,15516180000.0,15.0,9.306,745600000.0,2.562,1.0,1885700000.0,0.322,10883800000.0,223600000.0,5549400000.0,5658275000.0,0.0,0.0,0.0,0.0,6900700000.0,1278400000.0,5622300000.0,11648280000.0,108900000.0,160900000.0,-309900000.0,-247900000.0,-240800000.0,-776800000.0,-153900000.0,0.0,1050400000.0,-10800000.0,518200000.0,518200000.0,518200000.0,76600000.0,22200000.0,0.088,756800000.0,1128900000.0,871700000.0,0.461,1.754,22.478,22.258,422300000.0,0.0,39.62,1.988,1.967,1103600000.0,2185700000.0,5860400000.0,5860400000.0,0.0,0.038,0.078,0.184,0.177,43100000.0,756800000.0,1.0,294000000.0,291000000.0,295500000.0,20.139,2815400000.0,58100000.0,297600000.0,809900000.0,9.675,644700000.0
34,FIS,MRT,2012-12-31,2012-12-31,2012-12-31,2021-08-25,30000000.0,13549700000.0,13755775000.0,1844200000.0,11705500000.0,0.421,22.758,-296100000.0,517600000.0,517600000.0,3956200000.0,481100000.0,1.467,1.017,4385500000.0,153900000.0,4231600000.0,4385500000.0,329500000.0,632800000.0,0.0,0.023,0.8,962600000.0,1595400000.0,0.275,1595400000.0,962600000.0,731300000.0,1.58,1.55,1.58,6640900000.0,6637400000.0,6640900000.0,14161629412.0,15.0,8.877,750600000.0,2.572,1.0,1839600000.0,0.317,10804700000.0,231300000.0,5356100000.0,5744925000.0,0.0,0.0,0.0,0.0,6756100000.0,1256800000.0,5499300000.0,10206229412.0,102100000.0,275900000.0,-234700000.0,-475400000.0,-234800000.0,-920800000.0,-23200000.0,0.0,1046700000.0,-600000.0,461200000.0,461200000.0,461200000.0,77100000.0,19900000.0,0.08,763300000.0,1076300000.0,856100000.0,0.506,1.537,22.13,22.032,419500000.0,0.0,34.81,1.761,1.753,1126200000.0,2105800000.0,5795800000.0,5795800000.0,0.0,0.034,0.069,0.168,0.166,53200000.0,763300000.0,1.0,293198202.0,291800000.0,297500000.0,19.862,2745000000.0,55900000.0,270100000.0,821800000.0,9.407,587400000.0
35,FIS,MRT,2012-09-30,2012-09-30,2012-09-30,2021-08-25,35400000.0,13626000000.0,13836650000.0,1875400000.0,11750600000.0,0.417,22.68,-304800000.0,576600000.0,576600000.0,3927500000.0,458300000.0,1.549,1.033,4532000000.0,140300000.0,4391700000.0,4532000000.0,285000000.0,638800000.0,0.0,0.021,0.65,930900000.0,1569700000.0,0.272,1569700000.0,930900000.0,690400000.0,1.5,1.47,1.5,6631600000.0,6602925000.0,6631600000.0,13527464162.0,15.0,8.618,785600000.0,2.687,1.0,1841300000.0,0.319,10871300000.0,240500000.0,5499300000.0,5801800000.0,0.0,0.0,0.0,0.0,6849300000.0,1210800000.0,5638500000.0,9197764162.0,189800000.0,289000000.0,-304000000.0,-403400000.0,-188800000.0,-894600000.0,-3400000.0,0.0,1090400000.0,-2600000.0,441500000.0,441500000.0,441500000.0,73200000.0,16800000.0,0.077,736200000.0,1105100000.0,869300000.0,0.433,1.387,20.833,20.813,424400000.0,0.0,31.22,1.594,1.582,1090300000.0,2028500000.0,5768800000.0,5768800000.0,0.0,0.032,0.067,0.16,0.161,67500000.0,727100000.0,1.0,294611280.0,292400000.0,297900000.0,19.729,2754700000.0,49600000.0,248900000.0,819600000.0,9.421,664600000.0
36,FIS,MRT,2012-06-30,2012-06-30,2012-06-30,2021-08-25,20100000.0,13943000000.0,13901525000.0,2157600000.0,11785400000.0,0.412,22.761,-316400000.0,533800000.0,533800000.0,3924000000.0,506100000.0,1.924,1.071,4863500000.0,127900000.0,4735600000.0,4863500000.0,318300000.0,644400000.0,0.0,0.015,0.5,972500000.0,1616900000.0,0.282,1616900000.0,972500000.0,725500000.0,1.65,1.62,1.65,6662100000.0,6594775000.0,6662100000.0,14409304507.0,15.0,8.912,794300000.0,2.714,1.0,1806100000.0,0.315,10923100000.0,247000000.0,6228300000.0,5780625000.0,0.0,0.0,0.0,0.0,7137900000.0,1121300000.0,6016600000.0,10046904507.0,106500000.0,-55100000.0,-394500000.0,-89000000.0,-146000000.0,-627500000.0,-350200000.0,0.0,1110700000.0,-26500000.0,491000000.0,491000000.0,491000000.0,19300000.0,15100000.0,0.086,715700000.0,1090400000.0,751700000.0,0.303,1.508,20.462,20.655,421800000.0,0.0,34.08,1.753,1.741,1099800000.0,2000400000.0,5730100000.0,5730100000.0,0.0,0.035,0.074,0.168,0.17,65600000.0,706600000.0,1.0,294803536.0,292700000.0,298300000.0,19.577,3019900000.0,58100000.0,234500000.0,863500000.0,10.317,1036300000.0
37,FIS,MRT,2012-03-31,2012-03-31,2012-03-31,2021-08-25,63000000.0,13904400000.0,13956175000.0,1767600000.0,12136800000.0,0.407,22.834,-293700000.0,481700000.0,481700000.0,3932300000.0,477600000.0,1.6,1.079,4844100000.0,115700000.0,4728400000.0,4844100000.0,338000000.0,640900000.0,0.0,0.011,0.35,949500000.0,1590400000.0,0.28,1590400000.0,949500000.0,693300000.0,1.55,1.52,1.55,6615000000.0,6610825000.0,6615000000.0,13983443547.0,15.0,8.792,821400000.0,2.835,1.0,1753900000.0,0.308,11266200000.0,256200000.0,5896000000.0,5576475000.0,0.0,0.0,0.0,0.0,7137300000.0,1104600000.0,6032700000.0,9589143547.0,97600000.0,-13300000.0,-357800000.0,-264800000.0,-104000000.0,-720400000.0,-285700000.0,0.0,1115100000.0,-11400000.0,463900000.0,463900000.0,463900000.0,17200000.0,13700000.0,0.082,691600000.0,1062300000.0,752200000.0,0.226,1.45,20.671,21.368,414400000.0,0.0,33.12,1.686,1.687,1071600000.0,1908700000.0,5686200000.0,5686200000.0,0.0,0.033,0.07,0.17,0.167,66000000.0,682500000.0,1.0,289527281.0,289700000.0,295400000.0,19.628,2638200000.0,55200000.0,229400000.0,878200000.0,9.107,663000000.0
38,FIS,MRT,2011-12-31,2011-12-31,2011-12-31,2021-08-25,36300000.0,13873200000.0,14008650000.0,1674000000.0,12199200000.0,0.402,21.633,-300300000.0,415500000.0,415500000.0,3919100000.0,481100000.0,1.234,1.111,4809800000.0,259200000.0,4550600000.0,4809800000.0,332400000.0,637200000.0,0.0,0.008,0.2,966800000.0,1604000000.0,0.285,1604000000.0,966800000.0,702000000.0,1.56,1.53,1.56,6503000000.0,6599500000.0,6503000000.0,12442138251.0,13.0,7.757,871200000.0,2.898,1.0,1706500000.0,0.303,11327600000.0,264800000.0,5583600000.0,5486475000.0,0.0,0.0,0.0,0.0,7222000000.0,1356300000.0,5865700000.0,7962938251.0,77500000.0,-20200000.0,-295000000.0,-434000000.0,-60400000.0,-784700000.0,-299200000.0,0.0,1171500000.0,-10100000.0,469600000.0,469600000.0,469600000.0,13500000.0,11500000.0,0.083,657000000.0,1049500000.0,871200000.0,0.128,1.225,16.957,17.045,414500000.0,0.0,26.59,1.415,1.421,1023500000.0,1880400000.0,5625600000.0,5625600000.0,0.0,0.034,0.071,0.176,0.172,57200000.0,647900000.0,1.0,299471164.0,300600000.0,307000000.0,18.715,2545600000.0,74000000.0,232400000.0,884100000.0,8.468,317700000.0
39,FIS,MRT,2011-09-30,2011-09-30,2011-09-30,2021-08-25,39800000.0,13885500000.0,14084425000.0,1604200000.0,12281300000.0,0.388,21.931,-308500000.0,386800000.0,386800000.0,3823500000.0,471400000.0,1.058,1.081,4866000000.0,538300000.0,4327700000.0,4866000000.0,317300000.0,631300000.0,0.0,0.008,0.2,953200000.0,1584500000.0,0.29,1584500000.0,953200000.0,687500000.0,1.52,1.49,1.52,6599000000.0,6574550000.0,6599000000.0,11898977416.0,12.0,7.51,776000000.0,2.579,1.0,1643800000.0,0.301,11434200000.0,265700000.0,5414600000.0,5607600000.0,0.0,0.0,0.0,0.0,7134600000.0,1515900000.0,5618700000.0,7441877416.0,-2600000.0,-349300000.0,-106600000.0,-333000000.0,-60800000.0,-428000000.0,-651900000.0,0.0,1084500000.0,-7200000.0,463200000.0,463200000.0,463200000.0,12900000.0,8200000.0,0.085,666700000.0,977100000.0,770900000.0,0.132,1.128,16.066,16.0,410700000.0,0.0,24.32,1.361,1.338,965000000.0,1778400000.0,5467300000.0,5467300000.0,0.0,0.033,0.07,0.17,0.174,55300000.0,666700000.0,1.0,305998249.0,300900000.0,306800000.0,18.17,2451300000.0,73500000.0,224300000.0,845400000.0,8.147,88300000.0
40,FIS,MRT,2011-06-30,2011-06-30,2011-06-30,2021-08-25,120700000.0,14161600000.0,14001975000.0,1705600000.0,12456000000.0,0.388,22.155,-319400000.0,427300000.0,427300000.0,3755500000.0,392200000.0,1.056,1.08,4884400000.0,564400000.0,4320000000.0,4884400000.0,346700000.0,624400000.0,0.0,0.006,0.2,911300000.0,1535700000.0,0.282,1535700000.0,911300000.0,645200000.0,1.4,1.38,1.4,6726300000.0,6489975000.0,6726300000.0,14043349807.0,15.0,9.145,830200000.0,2.735,1.0,1680800000.0,0.309,11591500000.0,266100000.0,5411700000.0,5713025000.0,0.0,0.0,0.0,0.0,7267200000.0,1615500000.0,5651700000.0,9415249807.0,-74700000.0,-363400000.0,-2318400000.0,1816300000.0,-60700000.0,-527900000.0,-717300000.0,0.0,1149600000.0,20900000.0,437300000.0,437300000.0,437300000.0,29700000.0,-45100000.0,0.08,800800000.0,880000000.0,829300000.0,0.143,1.4,21.53,21.993,408900000.0,0.0,30.79,1.732,1.72,1005800000.0,1657100000.0,5436300000.0,5436300000.0,0.0,0.031,0.067,0.16,0.168,39500000.0,645900000.0,1.0,305789211.0,303600000.0,310900000.0,17.906,2570100000.0,74500000.0,207900000.0,874600000.0,8.465,90100000.0
41,FIS,MRT,2011-03-31,2011-03-31,2011-03-31,2021-08-25,105000000.0,14114300000.0,13903150000.0,1644700000.0,12469600000.0,0.381,21.79,-327400000.0,384100000.0,384100000.0,3659300000.0,358000000.0,1.047,1.124,5012200000.0,577000000.0,4435200000.0,5012200000.0,364200000.0,621100000.0,0.0,0.006,0.2,827100000.0,1448200000.0,0.274,1448200000.0,827100000.0,607500000.0,1.23,1.21,1.23,6569700000.0,6927425000.0,6569700000.0,14744445345.0,18.0,10.181,732500000.0,2.43,1.0,1634700000.0,0.309,11636100000.0,219600000.0,5536000000.0,5261275000.0,0.0,0.0,0.0,0.0,7383800000.0,1570300000.0,5813500000.0,9890345345.0,-79800000.0,-360100000.0,-2260200000.0,1882000000.0,-63600000.0,-420100000.0,-725200000.0,0.0,1059900000.0,5600000.0,403700000.0,403700000.0,403700000.0,31600000.0,-45700000.0,0.076,825200000.0,809500000.0,760500000.0,0.163,1.505,24.499,26.577,383900000.0,0.0,32.69,1.868,1.862,1014100000.0,1548800000.0,5294000000.0,5294000000.0,0.0,0.029,0.058,0.157,0.156,30800000.0,670300000.0,1.0,302549567.0,301500000.0,308700000.0,17.559,2478200000.0,65500000.0,203800000.0,884900000.0,8.22,74400000.0
42,FIS,MRT,2010-12-31,2010-12-31,2010-12-31,2021-08-25,87900000.0,14176300000.0,13833075000.0,1673000000.0,12503300000.0,0.372,18.555,-314000000.0,338000000.0,338000000.0,3553700000.0,357900000.0,1.287,1.189,5192100000.0,256900000.0,4935200000.0,5192100000.0,354900000.0,619500000.0,0.0,0.007,0.2,792700000.0,1412200000.0,0.274,1412200000.0,792700000.0,612900000.0,1.17,1.15,1.17,6403200000.0,7373175000.0,6403200000.0,12950214641.0,16.0,9.17,757300000.0,2.194,1.0,1591900000.0,0.309,11661900000.0,179800000.0,6068100000.0,4792075000.0,0.0,0.0,0.0,0.0,7614700000.0,1300400000.0,6314300000.0,8243314641.0,-92900000.0,-331700000.0,-2330700000.0,1862100000.0,-67900000.0,-519000000.0,-644200000.0,0.0,1071300000.0,-1000000.0,404500000.0,404500000.0,404500000.0,31800000.0,-46600000.0,0.079,808900000.0,783000000.0,818100000.0,0.171,1.287,20.379,23.41,390000000.0,0.0,27.39,1.602,1.837,1085600000.0,1471200000.0,5145600000.0,5145600000.0,0.0,0.029,0.055,0.165,0.154,36400000.0,654000000.0,1.0,300960739.0,345100000.0,352000000.0,14.91,2514400000.0,58100000.0,208400000.0,859300000.0,7.286,372600000.0
43,FIS,MRT,2010-09-30,2010-09-30,2010-09-30,2021-08-25,70200000.0,13555700000.0,13788400000.0,1483500000.0,12072200000.0,0.374,18.846,-294200000.0,389400000.0,389400000.0,3600200000.0,192800000.0,1.25,1.14,5096300000.0,267500000.0,4828800000.0,5096300000.0,341300000.0,615400000.0,0.0,0.007,0.2,520200000.0,1135600000.0,0.22,1135600000.0,520200000.0,372100000.0,0.43,0.42,0.43,6260700000.0,7849600000.0,6260700000.0,12751576118.0,25.0,11.229,700800000.0,2.11,1.0,1556000000.0,0.302,11239300000.0,148100000.0,5836300000.0,4280775000.0,0.0,0.0,0.0,0.0,7134800000.0,1187000000.0,5947800000.0,10292676118.0,183800000.0,464100000.0,-2327900000.0,1218200000.0,-71900000.0,-990100000.0,171400000.0,5900000.0,995000000.0,7500000.0,240000000.0,240000000.0,240000000.0,34100000.0,-47200000.0,0.047,1053000000.0,503000000.0,642300000.0,0.465,1.644,42.886,63.093,371900000.0,0.0,27.13,1.996,1.748,831700000.0,1375800000.0,5156200000.0,5156200000.0,0.0,0.017,0.031,0.122,0.101,65300000.0,761200000.0,1.0,379383565.0,332200000.0,339200000.0,15.521,2316400000.0,75100000.0,132100000.0,800200000.0,6.973,296500000.0
44,FIS,MRT,2010-06-30,2010-06-30,2010-06-30,2021-08-25,16100000.0,13766300000.0,12257100000.0,1618200000.0,12148100000.0,0.377,22.513,-250500000.0,502000000.0,502000000.0,3308300000.0,200800000.0,1.335,0.6,2960900000.0,263700000.0,2697200000.0,2960900000.0,368400000.0,555000000.0,0.0,0.007,0.2,435600000.0,990600000.0,0.215,990600000.0,435600000.0,316600000.0,0.45,0.44,0.45,8476100000.0,7247950000.0,8476100000.0,12688674604.0,29.0,12.809,577700000.0,1.534,1.0,1309400000.0,0.284,11408300000.0,119000000.0,3604700000.0,3499200000.0,0.0,0.0,0.0,0.0,5087800000.0,1212200000.0,3875600000.0,10100074604.0,274100000.0,484100000.0,72400000.0,-1061900000.0,-67600000.0,-824100000.0,275500000.0,5900000.0,828200000.0,-5500000.0,197200000.0,197200000.0,197200000.0,9200000.0,3600000.0,0.043,848600000.0,460800000.0,669300000.0,0.444,1.192,51.217,59.6,368300000.0,0.0,26.82,2.187,2.187,856000000.0,1280400000.0,4617700000.0,4617700000.0,0.0,0.016,0.027,0.124,0.094,71100000.0,711700000.0,1.0,376587420.0,376500000.0,384600000.0,12.265,2358000000.0,71900000.0,119400000.0,856400000.0,6.263,406000000.0
45,FIS,MRT,2010-03-31,2010-03-31,2010-03-31,2021-08-25,54200000.0,13834000000.0,10675475000.0,1593200000.0,12240800000.0,0.391,22.375,-225400000.0,463900000.0,463900000.0,3037900000.0,169300000.0,1.266,0.632,3052500000.0,236900000.0,2815600000.0,3052500000.0,390800000.0,494800000.0,0.0,0.009,0.2,390900000.0,885700000.0,0.212,885700000.0,390900000.0,259900000.0,0.52,0.52,0.52,8352700000.0,6058150000.0,8352700000.0,11610603019.0,30.0,13.109,597400000.0,1.6,1.0,1138000000.0,0.273,11504700000.0,131000000.0,3659200000.0,3317025000.0,0.0,0.0,0.0,0.0,5276500000.0,1258700000.0,4017800000.0,8788203019.0,191900000.0,479900000.0,1700000.0,-1135400000.0,-57400000.0,-949100000.0,299600000.0,5900000.0,822800000.0,18600000.0,166500000.0,166500000.0,166500000.0,2100000.0,2800000.0,0.04,747900000.0,390100000.0,722400000.0,0.385,1.052,52.782,45.077,368900000.0,0.0,23.44,2.105,2.095,877900000.0,1209500000.0,4175900000.0,4175900000.0,0.0,0.016,0.027,0.118,0.094,74900000.0,611000000.0,1.0,374923337.0,373300000.0,379900000.0,11.186,2329300000.0,58300000.0,93400000.0,875900000.0,6.24,334500000.0
46,FIS,MRT,2009-12-31,2009-12-31,2009-12-31,2021-08-25,82200000.0,13997600000.0,9071075000.0,1666100000.0,12331500000.0,0.409,35.148,-212500000.0,430900000.0,430900000.0,2741500000.0,108500000.0,1.349,0.659,3253300000.0,236700000.0,3016600000.0,3253300000.0,384300000.0,434000000.0,0.0,0.009,0.2,294600000.0,728600000.0,0.196,728600000.0,294600000.0,160600000.0,0.45,0.44,0.45,8308900000.0,4860050000.0,8308900000.0,10668995712.0,36.0,14.643,501600000.0,2.122,1.0,969600000.0,0.261,11562400000.0,134000000.0,4022900000.0,3178700000.0,0.0,0.0,0.0,0.0,5479000000.0,1234700000.0,4244300000.0,8730895712.0,210000000.0,455400000.0,24300000.0,-989100000.0,-47400000.0,-770000000.0,248800000.0,5900000.0,714100000.0,17100000.0,105900000.0,105900000.0,105900000.0,500000.0,2600000.0,0.029,684000000.0,285600000.0,718500000.0,0.444,1.051,82.445,52.089,375900000.0,0.0,23.44,2.353,1.493,890800000.0,1134600000.0,3711100000.0,3711100000.0,0.0,0.012,0.022,0.093,0.079,68200000.0,547100000.0,1.0,372478486.0,236400000.0,239400000.0,15.698,2435200000.0,80900000.0,54700000.0,915900000.0,10.301,431400000.0
47,FIS,MRT,2009-09-30,2009-09-30,2009-09-30,2021-08-25,44600000.0,7430500000.0,7446775000.0,1057300000.0,6373200000.0,0.433,20.168,-197200000.0,205600000.0,205600000.0,2478200000.0,191300000.0,1.193,0.882,2143700000.0,195800000.0,1947900000.0,2143700000.0,260100000.0,373300000.0,0.0,0.008,0.2,422900000.0,796200000.0,0.247,796200000.0,422900000.0,295300000.0,0.98,0.98,0.98,3854100000.0,3666025000.0,3854100000.0,6957850085.0,16.0,8.739,505500000.0,2.645,1.0,749300000.0,0.232,5772700000.0,127600000.0,2710000000.0,2983525000.0,0.0,0.0,0.0,0.0,3398600000.0,885900000.0,2512700000.0,4893650085.0,-32900000.0,600000.0,12200000.0,-504000000.0,-40100000.0,-512700000.0,-224200000.0,0.0,702700000.0,1300000.0,188600000.0,188600000.0,188600000.0,19600000.0,2700000.0,0.058,314700000.0,434600000.0,522300000.0,0.204,1.27,25.947,26.031,263300000.0,0.0,25.51,1.516,1.51,639300000.0,1207100000.0,3227500000.0,3227500000.0,-61700000.0,0.025,0.051,0.142,0.131,33000000.0,350400000.0,1.0,191832618.0,191100000.0,194600000.0,16.889,1657800000.0,78400000.0,106700000.0,354000000.0,8.675,171400000.0
48,FIS,MRT,2009-06-30,2009-06-30,2009-06-30,2021-08-25,-15700000.0,7439800000.0,7476643000.0,1094900000.0,6344900000.0,0.439,19.532,-196000000.0,227900000.0,227900000.0,2534600000.0,168700000.0,1.242,0.956,2292100000.0,158100000.0,2134000000.0,2292100000.0,273200000.0,379000000.0,0.0,0.01,0.2,406300000.0,785300000.0,0.239,785300000.0,406300000.0,262800000.0,0.86,0.86,0.86,3716900000.0,3603072750.0,3716900000.0,6005952495.0,15.0,7.648,488700000.0,2.568,1.0,748200000.0,0.228,5746100000.0,143500000.0,2876000000.0,3184721250.0,0.0,5100000.0,0.0,5100000.0,3551500000.0,881900000.0,2669600000.0,3817452495.0,20900000.0,600000.0,13800000.0,-393800000.0,-38000000.0,-424800000.0,-228900000.0,0.0,684700000.0,-10100000.0,164600000.0,164600000.0,164600000.0,20200000.0,4100000.0,0.05,327700000.0,420500000.0,539700000.0,0.233,1.027,23.192,23.209,271400000.0,0.0,19.96,1.163,1.157,649600000.0,1149200000.0,3282800000.0,3282800000.0,-39200000.0,0.022,0.046,0.128,0.124,37600000.0,340900000.0,1.0,191255135.0,190300000.0,192700000.0,17.251,1693700000.0,80500000.0,98200000.0,331200000.0,8.9,213000000.0
49,FIS,MRT,2009-03-31,2009-03-31,2009-03-31,2021-08-25,-111500000.0,7416400000.0,8061304250.0,1136000000.0,6280400000.0,0.412,18.738,-211100000.0,272000000.0,272000000.0,2585800000.0,181900000.0,1.415,1.037,2460500000.0,132800000.0,2327700000.0,2460500000.0,280400000.0,407300000.0,0.0,0.011,0.2,404500000.0,811800000.0,0.244,811800000.0,404500000.0,248700000.0,0.92,0.92,0.92,3560300000.0,3612727000.0,3560300000.0,5768357577.0,14.0,7.106,380000000.0,2.0,1.0,737500000.0,0.222,5696200000.0,155800000.0,3105900000.0,3828316500.0,0.0,5300000.0,0.0,5300000.0,3692500000.0,802800000.0,2889700000.0,3474757577.0,-56000000.0,-14100000.0,-209400000.0,-133600000.0,-38000000.0,-387300000.0,-235900000.0,0.0,591100000.0,-23900000.0,177300000.0,177300000.0,177300000.0,-36900000.0,4600000.0,0.053,372500000.0,365000000.0,477500000.0,0.217,0.976,19.598,19.783,269600000.0,0.0,18.2,1.046,1.041,663400000.0,1099600000.0,3323300000.0,3323300000.0,-19300000.0,0.022,0.049,0.106,0.122,44100000.0,365800000.0,1.0,190920746.0,190000000.0,191600000.0,17.491,1720200000.0,62300000.0,71400000.0,326600000.0,9.054,333200000.0
50,FIS,MRT,2008-12-31,2008-12-31,2008-12-31,2021-08-25,-102300000.0,7500400000.0,8665261750.0,1166200000.0,6334200000.0,0.388,18.438,-255400000.0,220900000.0,220900000.0,2616100000.0,219500000.0,1.428,1.077,2514500000.0,105500000.0,2409000000.0,2514500000.0,269600000.0,439400000.0,0.0,0.012,0.2,435800000.0,875200000.0,0.261,875200000.0,435800000.0,272400000.0,1.12,1.11,1.12,3532800000.0,3682610000.0,3532800000.0,5501526840.0,13.0,6.286,341000000.0,1.78,1.0,743400000.0,0.221,5735300000.0,163400000.0,3242200000.0,4369209000.0,0.0,5500000.0,0.0,5500000.0,3803400000.0,816500000.0,2986900000.0,3091223840.0,-134400000.0,-13000000.0,-216900000.0,-177300000.0,-38200000.0,-438400000.0,-273100000.0,0.0,596400000.0,-19300000.0,214800000.0,214800000.0,214800000.0,-96500000.0,4700000.0,0.064,407000000.0,336400000.0,528100000.0,0.179,0.875,14.391,14.527,272600000.0,0.0,16.27,0.92,0.928,721400000.0,1076100000.0,3359500000.0,3359500000.0,0.0,0.025,0.058,0.1,0.13,60700000.0,381000000.0,1.0,189995319.0,191600000.0,193500000.0,17.534,1765100000.0,77400000.0,57600000.0,332700000.0,9.212,349700000.0
51,FIS,MRT,2008-09-30,2008-09-30,2008-09-30,2021-08-25,-11682000.0,7549972000.0,9238811750.0,1205498000.0,6344474000.0,0.367,19.009,-302429000.0,238458000.0,238458000.0,2675337000.0,297789000.0,1.672,1.077,2648761000.0,93962000.0,2554799000.0,2648761000.0,248690000.0,468857000.0,0.0,0.011,0.2,510024000.0,978881000.0,0.289,978881000.0,510024000.0,342587000.0,1.52,1.52,1.52,3602291000.0,3744710000.0,3602291000.0,7567399674.0,15.0,7.731,303365000.0,1.601,1.0,715869000.0,0.211,5724703000.0,167437000.0,3514785000.0,4890634000.0,0.0,5659000.0,0.0,5659000.0,3881388000.0,720787000.0,3160601000.0,3502227674.0,-40623000.0,-24100000.0,-204721000.0,-88640000.0,-38469000.0,-350621000.0,-282764000.0,0.0,605794000.0,-13032000.0,294389000.0,294389000.0,294389000.0,-200870000.0,3400000.0,0.087,419986000.0,295883000.0,466988000.0,0.132,0.972,11.897,12.145,280502000.0,0.0,18.46,1.033,1.032,733901000.0,1056801000.0,3391206000.0,3391206000.0,11698000.0,0.032,0.079,0.104,0.15,59113000.0,394788000.0,1.0,189719809.0,189500000.0,191800000.0,17.896,1825269000.0,83317000.0,48198000.0,341701000.0,9.632,484711000.0
52,FIS,MRT,2008-06-30,2008-06-30,2008-06-30,2021-08-25,86099000.0,9778445000.0,9749758000.0,1737601000.0,8040844000.0,0.33,19.509,-344890000.0,207035000.0,207035000.0,2576535000.0,496693000.0,1.422,1.584,4272207000.0,297129000.0,3975078000.0,4272207000.0,374066000.0,503296000.0,0.0,0.005,0.2,750122000.0,1253418000.0,0.389,1253418000.0,750122000.0,592529000.0,2.56,2.54,2.56,3755517000.0,3761722500.0,3755517000.0,11053092824.0,15.0,8.818,118323000.0,0.615,1.0,643483000.0,0.2,7171134000.0,157593000.0,5450381000.0,5330611750.0,0.0,33995000.0,0.0,33995000.0,5947638000.0,1222102000.0,4725536000.0,7201740824.0,-13937000.0,-1386788000.0,-290494000.0,1436598000.0,-38733000.0,1127787000.0,-1606678000.0,0.0,463213000.0,1741000.0,496093000.0,496093000.0,496093000.0,-312403000.0,600000.0,0.154,407552000.0,235931000.0,681256000.0,0.078,1.918,14.517,14.418,394496000.0,0.0,36.91,2.237,2.207,1221235000.0,1022664000.0,3220018000.0,3220018000.0,6777000.0,0.051,0.132,0.141,0.233,26721000.0,387275000.0,1.0,195116251.0,192500000.0,194400000.0,16.727,2607311000.0,120479000.0,96436000.0,402753000.0,13.544,515499000.0
53,FIS,MRT,2008-03-31,2008-03-31,2008-03-31,2021-08-25,28476000.0,9832230000.0,9253950750.0,1840097000.0,7992133000.0,0.376,19.742,-358784000.0,327965000.0,327965000.0,2704996000.0,571897000.0,1.438,1.558,4179317000.0,270615000.0,3908702000.0,4179317000.0,362776000.0,496788000.0,0.0,0.005,0.2,906875000.0,1403663000.0,0.404,1403663000.0,906875000.0,749913000.0,2.96,2.92,2.96,3839832000.0,3682848000.0,3839832000.0,11337564117.0,13.0,8.077,200486000.0,1.031,1.0,770356000.0,0.222,7134308000.0,156962000.0,5269470000.0,4979818500.0,0.0,34605000.0,0.0,34605000.0,5981149000.0,1279804000.0,4701345000.0,7417445117.0,105949000.0,-1279504000.0,-59657000.0,1158545000.0,-38779000.0,1080430000.0,-1536088000.0,0.0,559270000.0,2337000.0,572197000.0,572197000.0,572197000.0,-255592000.0,-300000.0,0.165,412956000.0,357400000.0,767881000.0,0.068,1.932,12.963,12.885,402848000.0,0.0,38.14,2.134,2.135,1174493000.0,960296000.0,3475352000.0,3475352000.0,10465000.0,0.062,0.155,0.182,0.261,19763000.0,388991000.0,1.0,194479421.0,194500000.0,196500000.0,17.868,2697922000.0,119983000.0,177716000.0,382245000.0,13.871,560293000.0
54,FIS,MRT,2007-12-31,2007-12-31,2007-12-31,2021-08-25,53400000.0,9794600000.0,8718010000.0,1829500000.0,7965100000.0,0.332,19.582,-343300000.0,355300000.0,355300000.0,2315300000.0,561100000.0,1.459,1.587,4275400000.0,272000000.0,4003400000.0,4275400000.0,358100000.0,483300000.0,0.0,0.005,0.2,879800000.0,1363100000.0,0.471,1363100000.0,879800000.0,689600000.0,2.91,2.86,2.91,3781200000.0,3534900000.0,3781200000.0,12108787464.0,14.0,8.883,120200000.0,0.622,1.0,577600000.0,0.2,7132600000.0,190200000.0,5327900000.0,4724086000.0,0.0,36600000.0,0.0,36600000.0,5999200000.0,1254200000.0,4745000000.0,8066987464.0,143500000.0,-1298800000.0,-22600000.0,1267600000.0,-38700000.0,1224400000.0,-1545900000.0,0.0,463500000.0,1500000.0,561200000.0,561200000.0,561200000.0,-323000000.0,-100000.0,0.194,316000000.0,261600000.0,736000000.0,0.069,2.133,14.375,14.292,392500000.0,0.0,41.59,2.789,2.776,1164400000.0,899500000.0,2892900000.0,2892900000.0,0.0,0.064,0.159,0.186,0.304,-8500000.0,302500000.0,1.0,193964594.0,193100000.0,196500000.0,14.981,2662000000.0,120100000.0,128400000.0,395000000.0,13.786,575300000.0
55,FIS,MRT,2007-09-30,2007-09-30,2007-09-30,2021-08-25,73005000.0,9593757000.0,8177000000.0,1579923000.0,8013834000.0,0.293,19.0,-328337000.0,279076000.0,279076000.0,1937576000.0,527944000.0,1.367,1.61,4320876000.0,272719000.0,4048157000.0,4320876000.0,356461000.0,474239000.0,0.0,0.005,0.2,821147000.0,1295386000.0,0.542,1295386000.0,821147000.0,619325000.0,2.74,2.69,2.74,3670341000.0,3375286000.0,3670341000.0,11197302310.0,14.0,8.644,51247000.0,0.265,1.0,454569000.0,0.19,7205132000.0,201822000.0,5274696000.0,4431976000.0,0.0,37477000.0,0.0,37477000.0,5909824000.0,1155729000.0,4754095000.0,8565768310.0,104385000.0,-1303721000.0,-62158000.0,1350216000.0,-38502000.0,1273948000.0,-1550823000.0,0.0,379584000.0,1676000.0,527944000.0,527944000.0,527944000.0,-346747000.0,0.0,0.221,267222000.0,187347000.0,636707000.0,0.073,2.334,16.225,16.193,399633000.0,0.0,44.37,3.581,3.583,1025368000.0,800841000.0,2392145000.0,2392145000.0,61615000.0,0.065,0.156,0.185,0.343,-12472000.0,205607000.0,1.0,193053151.0,193171000.0,196649000.0,12.384,2388625000.0,76854000.0,91381000.0,428495000.0,12.365,424194000.0
56,FIS,MRT,2007-06-30,2007-06-30,2007-06-30,2021-08-25,76449000.0,7795216000.0,7636590500.0,1458826000.0,6336390000.0,0.358,17.848,-304790000.0,220890000.0,220890000.0,2133391000.0,361220000.0,1.489,1.262,2852424000.0,113621000.0,2738803000.0,2852424000.0,366248000.0,450935000.0,0.0,0.004,0.2,631253000.0,1082188000.0,0.395,1082188000.0,631253000.0,417570000.0,1.88,1.85,1.88,3440019000.0,3219291000.0,3440019000.0,13254049527.0,21.0,12.247,209637000.0,1.088,1.0,604139000.0,0.221,5399635000.0,213683000.0,4047208000.0,4067409250.0,0.0,230394000.0,0.0,230394000.0,4342739000.0,979907000.0,3362832000.0,10446773527.0,77195000.0,59303000.0,-19326000.0,-152622000.0,-38311000.0,-193126000.0,-245487000.0,0.0,514427000.0,1381000.0,361220000.0,361220000.0,361220000.0,-239232000.0,0.0,0.132,314125000.0,290014000.0,604269000.0,0.106,3.037,28.921,28.872,352973000.0,0.0,54.28,3.816,3.822,948481000.0,565201000.0,2737530000.0,2737530000.0,69891000.0,0.047,0.112,0.155,0.231,-3509000.0,244234000.0,1.0,192460824.0,192743000.0,196977000.0,14.203,2395581000.0,92239000.0,56350000.0,381558000.0,12.429,478919000.0
57,FIS,MRT,2007-03-31,2007-03-31,2007-03-31,2021-08-25,48025000.0,7688467000.0,7523482750.0,1373175000.0,6315292000.0,0.35,16.926,-305052000.0,222004000.0,222004000.0,2050648000.0,279245000.0,1.577,1.364,3029280000.0,97557000.0,2931723000.0,3029280000.0,361036000.0,447417000.0,0.0,0.004,0.2,511391000.0,958808000.0,0.364,958808000.0,511391000.0,291644000.0,1.45,1.44,1.45,3248040000.0,3108326500.0,3248040000.0,11503757641.0,22.0,11.998,164182000.0,0.856,1.0,583794000.0,0.222,5378635000.0,219747000.0,4246540000.0,4024863250.0,0.0,256733000.0,0.0,256733000.0,4428708000.0,870568000.0,3558140000.0,8706009641.0,10648000.0,-35529000.0,-83777000.0,-14469000.0,-38205000.0,-119335000.0,-340581000.0,0.0,469234000.0,1330000.0,279245000.0,279245000.0,279245000.0,-236843000.0,0.0,0.106,320433000.0,263361000.0,515817000.0,0.138,2.68,31.177,31.352,348149000.0,0.0,45.46,3.305,3.311,897871000.0,426843000.0,2634442000.0,2634442000.0,69949000.0,0.037,0.09,0.127,0.194,-7021000.0,250484000.0,1.0,191509231.0,191898000.0,195807000.0,13.728,2309832000.0,81237000.0,12399000.0,379330000.0,12.037,502607000.0
58,FIS,MRT,2006-12-31,2006-12-31,2006-12-31,2021-08-25,45009000.0,7630560000.0,7453061500.0,1300539000.0,6330021000.0,0.324,16.906,-300200000.0,211753000.0,211753000.0,1872200000.0,259100000.0,1.477,1.424,3009501000.0,61661000.0,2947840000.0,3009501000.0,359387000.0,433600000.0,0.0,0.099,3.95,447100000.0,880700000.0,0.364,880700000.0,447100000.0,256200000.0,1.39,1.37,1.39,3142744000.0,3038404750.0,3142744000.0,10329238333.0,23.0,11.728,194500000.0,1.046,1.0,544300000.0,0.225,5388333000.0,190900000.0,4159460000.0,3917425250.0,0.0,248441000.0,0.0,248441000.0,4474846000.0,880515000.0,3594331000.0,7635137333.0,78600000.0,111000000.0,-90100000.0,-123500000.0,-38200000.0,-228600000.0,-189200000.0,0.0,494700000.0,1700000.0,259100000.0,259100000.0,259100000.0,-243500000.0,0.0,0.107,350700000.0,193600000.0,563946000.0,2.842,2.429,29.468,28.842,345799000.0,0.0,40.09,3.16,3.084,806299000.0,376961000.0,2416500000.0,2416500000.0,70900000.0,0.035,0.085,0.114,0.185,23200000.0,279800000.0,1.0,190449921.0,185900000.0,189200000.0,12.999,2242227000.0,108398000.0,-2900000.0,396263000.0,12.061,420024000.0
59,FIS,MRT,2006-09-30,2006-09-30,2006-09-30,2021-08-25,13416000.0,7432119000.0,6592676750.0,1166949000.0,6265170000.0,0.548,15.976,-274702000.0,174690000.0,174690000.0,2519694000.0,229453000.0,1.378,1.436,2868791000.0,24140000.0,2844651000.0,2868791000.0,368438000.0,396056000.0,0.0,0.107,3.95,531735000.0,927791000.0,0.257,927791000.0,531735000.0,350296000.0,1.34,1.33,1.34,3046361000.0,2426361250.0,3046361000.0,9817715518.0,18.0,10.582,118248000.0,0.62,1.0,1091201000.0,0.302,5462927000.0,181439000.0,3816429000.0,3695988500.0,0.0,149227000.0,0.0,149227000.0,4373052000.0,846864000.0,3526188000.0,7082096518.0,-6738000.0,125406000.0,-63321000.0,-168480000.0,-28629000.0,-252444000.0,-149296000.0,0.0,392950000.0,2052000.0,229453000.0,229453000.0,229453000.0,-19644000.0,0.0,0.064,586881000.0,504320000.0,559338000.0,2.948,2.325,30.865,27.612,299267000.0,0.0,37.0,1.961,1.954,733275000.0,311465000.0,3610895000.0,3610895000.0,105275000.0,0.035,0.095,0.144,0.147,22910000.0,481606000.0,1.0,191408014.0,190680000.0,193626000.0,18.937,1969192000.0,90415000.0,120843000.0,389263000.0,10.327,320085000.0
60,FIS,MRT,2006-06-30,2006-06-30,2006-06-30,2021-08-25,8673000.0,7342785000.0,4968170500.0,1139885000.0,6202900000.0,0.654,15.587,-282190000.0,143694000.0,143694000.0,2208675000.0,208765000.0,1.467,1.445,2879313000.0,15629000.0,2863684000.0,2879313000.0,385352000.0,355703000.0,0.0,0.112,3.95,489783000.0,845486000.0,0.26,845486000.0,489783000.0,320513000.0,1.38,1.37,1.38,2996161000.0,1770257750.0,2996161000.0,9530420931.0,19.0,11.272,150727000.0,0.784,1.0,1042132000.0,0.321,5424429000.0,169270000.0,3877024000.0,2845839750.0,0.0,134252000.0,0.0,134252000.0,4328912000.0,776951000.0,3551961000.0,6813650931.0,-111241000.0,73896000.0,-27580000.0,-280845000.0,-19156000.0,-329943000.0,-215989000.0,0.0,432917000.0,1774000.0,208765000.0,208765000.0,208765000.0,-15226000.0,0.0,0.064,576604000.0,465528000.0,487897000.0,2.862,2.274,32.638,25.652,300256000.0,0.0,35.4,2.096,2.093,736629000.0,242358000.0,3250807000.0,3250807000.0,112965000.0,0.042,0.118,0.172,0.151,41701000.0,463639000.0,1.0,192476015.0,192224000.0,195374000.0,16.912,1918356000.0,93692000.0,111748000.0,399786000.0,9.98,362934000.0
61,FIS,MRT,2006-03-31,2006-03-31,2006-03-31,2021-08-25,2565000.0,7406782000.0,3364916750.0,1169150000.0,6237632000.0,0.873,17.462,-265917000.0,211355000.0,211355000.0,1942461000.0,191312000.0,1.38,1.49,2928125000.0,33590000.0,2894535000.0,2928125000.0,396919000.0,320692000.0,0.0,0.097,3.95,450436000.0,771128000.0,0.263,771128000.0,450436000.0,293811000.0,1.42,1.41,1.42,2968353000.0,1118144000.0,2968353000.0,7853691818.0,17.0,10.185,179782000.0,1.058,1.0,995113000.0,0.339,5459281000.0,156625000.0,3816788000.0,1975242750.0,0.0,147540000.0,0.0,147540000.0,4424251000.0,847483000.0,3576768000.0,7763789818.0,-212961000.0,76944000.0,26834000.0,-484013000.0,-9616000.0,-470816000.0,-188973000.0,0.0,445699000.0,1129000.0,191312000.0,191312000.0,191312000.0,-15226000.0,0.0,0.065,564713000.0,430400000.0,536425000.0,2.782,2.616,40.582,28.556,299458000.0,0.0,40.55,2.643,2.347,699101000.0,185869000.0,2937574000.0,2937574000.0,117622000.0,0.057,0.171,0.228,0.153,44303000.0,447091000.0,1.0,191462141.0,169989000.0,172987000.0,17.281,1947501000.0,107258000.0,102499000.0,413588000.0,11.457,321667000.0
62,FIS,MRT,2005-12-31,2005-12-31,2005-12-31,2021-08-25,-8475000.0,4189021000.0,1737561000.0,791216000.0,3397805000.0,1.547,5.43,-238665000.0,133152000.0,133152000.0,1750199000.0,196550000.0,1.324,5.012,2564128000.0,33673000.0,2530455000.0,2564128000.0,366070000.0,299637000.0,0.0,0.005,0.2,430394000.0,730031000.0,0.272,730031000.0,430394000.0,303616000.0,1.54,1.53,1.54,694570000.0,457895500.0,694570000.0,2640441956.0,6.0,3.617,187311000.0,1.464,1.0,938019000.0,0.349,2748486000.0,126778000.0,3273713000.0,1132907000.0,0.0,136024000.0,0.0,136024000.0,3481391000.0,597798000.0,2883593000.0,2519838956.0,-57736000.0,-48389000.0,454336000.0,2088963000.0,-2700000000.0,-197254000.0,-287054000.0,0.0,425976000.0,596000.0,196550000.0,196550000.0,196550000.0,-15226000.0,0.0,0.073,525416000.0,412603000.0,309591000.0,0.13,3.628,12.82,26.338,220425000.0,0.0,40.56,0.937,1.93,493991000.0,156127000.0,2688218000.0,2688218000.0,113498000.0,0.113,0.429,0.38,0.16,20367000.0,411918000.0,1.0,62126207.0,127920000.0,128354000.0,21.015,1440535000.0,105845000.0,107066000.0,153193000.0,11.261,193418000.0
63,FIS,MRT,2005-09-30,2005-09-30,2005-09-30,2021-08-25,-44638000.0,934094000.0,920858000.0,388172000.0,545922000.0,3.944,3.299,-329517000.0,105261000.0,105261000.0,2309610000.0,265785000.0,1.675,1.214,225864000.0,0.0,225864000.0,225864000.0,0.0,425642000.0,0.0,0.005,0.2,515698000.0,941340000.0,0.259,941340000.0,515698000.0,433233000.0,1.48,1.5,1.48,421947000.0,361074750.0,421947000.0,2605214288.0,5.0,2.768,461927000.0,3.611,1.0,1322655000.0,0.364,407133000.0,82465000.0,415834000.0,435092750.0,0.0,0.0,0.0,0.0,512147000.0,231730000.0,280417000.0,2480855288.0,68201000.0,-433323000.0,533667000.0,2425488000.0,-2690402000.0,40499000.0,-762840000.0,0.0,791444000.0,3745000.0,265785000.0,265785000.0,265785000.0,4133000.0,0.0,0.073,815294000.0,507361000.0,166002000.0,0.135,5.88,9.334,27.041,66197000.0,0.0,40.02,0.683,1.409,195131000.0,380137000.0,3632265000.0,3632265000.0,159998000.0,0.289,0.736,1.185,0.142,18883000.0,655296000.0,1.0,61990387.0,127920000.0,127920000.0,28.395,526961000.0,0.0,167448000.0,51538000.0,4.119,156442000.0
64,FIS,MRT,2005-06-30,2005-06-30,2005-06-30,2021-08-25,-51940000.0,929770000.0,903239500.0,397222000.0,532548000.0,3.539,3.031,-266288000.0,101667000.0,101667000.0,2048332000.0,235159000.0,1.497,1.398,226026000.0,0.0,226026000.0,226026000.0,0.0,367077000.0,0.0,0.005,0.2,435404000.0,802481000.0,0.251,802481000.0,435404000.0,387228000.0,1.47,1.48,1.47,387706000.0,318015750.0,387706000.0,2562584957.0,6.0,3.193,363305000.0,2.84,1.0,1148484000.0,0.359,394109000.0,48176000.0,394636000.0,478653000.0,0.0,0.0,0.0,0.0,542064000.0,265384000.0,276680000.0,2363000957.0,127835000.0,-390212000.0,487086000.0,2580193000.0,-2693586000.0,145284000.0,-648805000.0,0.0,629593000.0,2624000.0,235159000.0,235159000.0,235159000.0,2808000.0,0.0,0.074,720207000.0,428277000.0,189379000.0,0.136,6.095,10.049,26.0,66356000.0,0.0,38.22,0.739,1.529,202208000.0,360011000.0,3196816000.0,3196816000.0,126453000.0,0.26,0.739,0.91,0.136,18050000.0,593754000.0,1.0,61826294.0,127920000.0,127920000.0,24.991,535661000.0,0.0,152069000.0,62178000.0,4.187,131838000.0
65,FIS,MRT,2005-03-31,2005-03-31,2005-03-31,2021-08-25,-62960000.0,897359000.0,885754500.0,383977000.0,513382000.0,3.098,2.559,-212488000.0,50625000.0,50625000.0,1779365000.0,209402000.0,1.411,1.741,250209000.0,0.0,250209000.0,250209000.0,0.0,303056000.0,0.0,0.006,0.2,358124000.0,661180000.0,0.241,661180000.0,358124000.0,343183000.0,1.45,1.46,1.45,327359000.0,286356000.0,327359000.0,2392122267.0,7.0,3.618,332547000.0,2.6,1.0,964402000.0,0.351,377356000.0,14941000.0,447445000.0,511768750.0,0.0,0.0,0.0,0.0,570000000.0,272142000.0,297858000.0,2159955267.0,308017000.0,-389779000.0,473467000.0,2815361000.0,-2696782000.0,364851000.0,-602267000.0,0.0,545035000.0,450000.0,209402000.0,209402000.0,209402000.0,1272000.0,0.0,0.076,616270000.0,348132000.0,192959000.0,0.138,6.598,10.315,23.876,64438000.0,0.0,34.62,0.787,1.614,198877000.0,315600000.0,2743767000.0,2743767000.0,98150000.0,0.236,0.731,0.7,0.131,14644000.0,518120000.0,1.0,62390389.0,127920000.0,127920000.0,21.449,520003000.0,0.0,133781000.0,51182000.0,4.065,111835000.0
66,FIS,MRT,2004-12-31,2004-12-31,2004-12-31,2021-08-25,-59194000.0,922209000.0,876278750.0,408717000.0,513492000.0,2.661,2.402,-177502000.0,41801000.0,41801000.0,1525174000.0,189416000.0,1.408,2.001,273968000.0,0.0,273968000.0,273968000.0,0.0,238400000.0,0.0,0.006,0.2,312255000.0,550655000.0,0.236,550655000.0,312255000.0,307759000.0,1.48,1.48,1.48,307287000.0,269617250.0,307287000.0,2464698350.0,8.0,4.476,326244000.0,2.55,1.0,806353000.0,0.346,381582000.0,4496000.0,482456000.0,539394250.0,0.0,0.0,0.0,0.0,614922000.0,290338000.0,324584000.0,2220991350.0,98839000.0,-423170000.0,0.0,390161000.0,0.0,195154000.0,-600672000.0,0.0,503746000.0,611000.0,189416000.0,189416000.0,189416000.0,0.0,0.0,0.081,506524000.0,299829000.0,210566000.0,0.135,7.228,11.725,24.007,61490000.0,0.0,35.53,0.953,1.949,218681000.0,295532000.0,2331527000.0,2331527000.0,74214000.0,0.216,0.703,0.579,0.134,15436000.0,432310000.0,1.0,62510311.0,127920000.0,127920000.0,18.226,540627000.0,0.0,118343000.0,47469000.0,4.226,118379000.0
67,FIS,MRT,2004-09-30,2004-09-30,2004-09-30,2021-08-25,-76972000.0,863620000.0,842065500.0,358944000.0,504676000.0,1.195,3.99,-37937000.0,43458000.0,43458000.0,724187000.0,91429000.0,1.35,2.458,287165000.0,0.0,287165000.0,287165000.0,0.0,45555000.0,0.0,0.005,0.2,158102000.0,203657000.0,0.202,203657000.0,158102000.0,146118000.0,1.44,1.43,1.44,249711000.0,258080250.0,249711000.0,2561102395.0,16.0,12.576,95757000.0,1.53,1.0,282263000.0,0.28,251320000.0,11984000.0,590075000.0,524650500.0,0.0,0.0,0.0,0.0,613909000.0,265932000.0,347977000.0,2358625395.0,-1208000.0,-41021000.0,-110420000.0,60990000.0,-12840000.0,-62590000.0,-78958000.0,0.0,133694000.0,33000.0,91429000.0,91429000.0,91429000.0,-5383000.0,0.0,0.091,129690000.0,152573000.0,182315000.0,0.139,9.445,25.797,25.84,61089000.0,0.0,37.21,2.344,2.314,184479000.0,291683000.0,1006450000.0,1006450000.0,0.0,0.109,0.354,0.301,0.157,27784000.0,129690000.0,1.0,63386869.0,62588000.0,63849000.0,16.081,612300000.0,0.0,54689000.0,57824000.0,9.783,93012000.0
68,FIS,MRT,2004-06-30,2004-06-30,2004-06-30,2021-08-25,-84904000.0,859830000.0,815118000.0,345450000.0,514380000.0,1.14,4.138,-37286000.0,57331000.0,57331000.0,656702000.0,90488000.0,1.274,2.294,259808000.0,0.0,259808000.0,259808000.0,0.0,44394000.0,0.0,0.005,0.2,154270000.0,198664000.0,0.214,198664000.0,154270000.0,143500000.0,1.4,1.4,1.4,261067000.0,255288250.0,261067000.0,2696222411.0,17.0,13.572,100159000.0,1.588,1.0,272475000.0,0.293,263969000.0,10770000.0,527099000.0,481132000.0,0.0,0.0,0.0,0.0,598763000.0,271239000.0,327524000.0,2468150411.0,17512000.0,-32958000.0,-90052000.0,46130000.0,-9656000.0,-53748000.0,-70244000.0,0.0,137445000.0,1650000.0,90488000.0,90488000.0,90488000.0,-6705000.0,0.0,0.097,125236000.0,147239000.0,204709000.0,0.143,9.454,27.276,27.714,61187000.0,0.0,38.8,2.656,2.634,193659000.0,265709000.0,929177000.0,929177000.0,0.0,0.111,0.354,0.321,0.166,24055000.0,125236000.0,1.0,63612124.0,63083000.0,64272000.0,14.729,595861000.0,0.0,53012000.0,59806000.0,9.446,74211000.0
69,FIS,MRT,2004-03-31,2004-03-31,2004-03-31,2021-08-25,-74422000.0,859456000.0,792427750.0,336591000.0,522865000.0,1.162,4.089,-42341000.0,46530000.0,46530000.0,655001000.0,90637000.0,1.305,2.3,274602000.0,0.0,274602000.0,274602000.0,0.0,43302000.0,0.0,0.004,0.15,153436000.0,196738000.0,0.214,196738000.0,153436000.0,144191000.0,1.39,1.39,1.39,260404000.0,253437750.0,260404000.0,2452792477.0,16.0,12.467,77800000.0,1.222,1.0,265904000.0,0.289,271581000.0,9245000.0,557947000.0,451669500.0,0.0,0.0,0.0,0.0,599052000.0,258000000.0,341052000.0,2252673477.0,11933000.0,-33391000.0,-75874000.0,39130000.0,-6460000.0,-43317000.0,-75732000.0,0.0,120141000.0,9241000.0,90637000.0,90637000.0,90637000.0,-5169000.0,0.0,0.098,118706000.0,147198000.0,199847000.0,0.108,8.651,24.854,25.194,61800000.0,0.0,35.02,2.446,2.421,194925000.0,243957000.0,920905000.0,920905000.0,0.0,0.114,0.358,0.34,0.167,20029000.0,119143000.0,1.0,64325342.0,63677000.0,64643000.0,14.462,587875000.0,0.0,53554000.0,60662000.0,9.232,78591000.0
70,FIS,MRT,2003-12-31,2003-12-31,2003-12-31,2021-08-25,-75854000.0,785356000.0,757076000.0,343404000.0,441952000.0,1.217,4.012,-43747000.0,22280000.0,22280000.0,655654000.0,84706000.0,1.406,2.007,222399000.0,0.0,222399000.0,222399000.0,0.0,42030000.0,0.0,0.003,0.1,143085000.0,185115000.0,0.201,185115000.0,143085000.0,135135000.0,1.3,1.29,1.3,261139000.0,239643000.0,261139000.0,2281857254.0,16.0,12.327,88072000.0,1.353,1.0,266080000.0,0.289,317729000.0,7950000.0,423481000.0,417350000.0,0.0,0.0,0.0,0.0,524217000.0,244265000.0,279952000.0,2127019254.0,8114000.0,0.0,-68048000.0,-18070000.0,-3242000.0,-89392000.0,-43747000.0,0.0,131819000.0,7886000.0,84706000.0,84706000.0,84706000.0,-3897000.0,0.0,0.092,127896000.0,138184000.0,174686000.0,0.077,8.145,25.111,25.231,58897000.0,0.0,32.8,2.308,2.316,189388000.0,226495000.0,921734000.0,921734000.0,0.0,0.112,0.353,0.343,0.155,15215000.0,115693000.0,1.0,64848148.0,65094000.0,65870000.0,14.16,467627000.0,0.0,50429000.0,52088000.0,7.184,99139000.0
71,FIS,MRT,2003-09-30,2003-09-30,2003-09-30,2021-08-25,-86636000.0,755830000.0,736272250.0,329064000.0,426766000.0,1.134,3.644,-43556000.0,44666000.0,44666000.0,569707000.0,90495000.0,1.185,2.169,199504000.0,0.0,199504000.0,199504000.0,0.0,40803000.0,0.0,0.002,0.05,148669000.0,189472000.0,0.227,189472000.0,148669000.0,141540000.0,1.38,1.36,1.38,238543000.0,223969000.0,238543000.0,2271383856.0,15.0,11.988,94577000.0,1.445,1.0,265315000.0,0.318,216888000.0,7129000.0,416001000.0,424216500.0,0.0,0.0,0.0,0.0,517287000.0,277779000.0,239508000.0,2126202856.0,26823000.0,-10433000.0,-99091000.0,29980000.0,0.0,-69117000.0,-53989000.0,0.0,138133000.0,5415000.0,90495000.0,90495000.0,90495000.0,-5573000.0,0.0,0.108,123873000.0,141442000.0,172123000.0,0.036,8.913,23.495,23.268,39119000.0,0.0,32.11,2.546,2.517,188373000.0,198795000.0,835022000.0,835022000.0,0.0,0.123,0.404,0.35,0.178,3772000.0,108805000.0,1.0,66216221.0,65462000.0,66117000.0,12.756,538942000.0,0.0,51045000.0,51381000.0,8.233,51285000.0
72,FIS,MRT,2003-06-30,2003-06-30,2003-06-30,2021-08-25,-85884000.0,769069000.0,716862500.0,347812000.0,421257000.0,1.261,3.871,-45681000.0,39819000.0,39819000.0,629648000.0,86153000.0,1.201,2.032,185000000.0,0.0,185000000.0,185000000.0,0.0,39475000.0,0.0,0.0,0.0,143685000.0,183160000.0,0.203,183160000.0,143685000.0,136982000.0,1.3,1.28,1.3,253665000.0,217092500.0,253665000.0,2002318253.0,14.0,10.932,89872000.0,1.371,1.0,274493000.0,0.304,215301000.0,6703000.0,409249000.0,413497500.0,0.0,0.0,0.0,0.0,515404000.0,289700000.0,225704000.0,1829915253.0,18427000.0,-10433000.0,-75255000.0,3000000.0,0.0,-72451000.0,-56114000.0,0.0,135553000.0,4640000.0,86153000.0,86153000.0,86153000.0,-2926000.0,0.0,0.095,135065000.0,139428000.0,199627000.0,0.0,7.214,21.24,21.346,37929000.0,0.0,27.75,2.024,2.011,210736000.0,175712000.0,904141000.0,904141000.0,0.0,0.12,0.397,0.347,0.159,3772000.0,110632000.0,1.0,65942892.0,65536000.0,66077000.0,13.796,553768000.0,0.0,50829000.0,47674000.0,8.45,58112000.0
73,FIS,MRT,2003-03-31,2003-03-31,2003-03-31,2021-08-25,-109707000.0,718049000.0,689071000.0,326004000.0,392045000.0,1.324,3.117,-45256000.0,34597000.0,34597000.0,635943000.0,86129000.0,1.221,2.499,207000000.0,0.0,207000000.0,207000000.0,0.0,38856000.0,0.0,0.0,0.0,144360000.0,183216000.0,0.201,183216000.0,144360000.0,137537000.0,1.28,1.26,1.28,205225000.0,209617750.0,205225000.0,1873556651.0,13.0,10.226,97055000.0,1.474,1.0,276175000.0,0.303,202869000.0,6823000.0,420669000.0,407396250.0,0.0,0.0,0.0,0.0,512824000.0,266914000.0,245910000.0,1673522651.0,10658000.0,-10433000.0,-83410000.0,2000000.0,0.0,-81604000.0,-55689000.0,0.0,142311000.0,-1159000.0,86129000.0,86129000.0,86129000.0,-2926000.0,0.0,0.094,135831000.0,140344000.0,184994000.0,0.0,8.155,19.43,19.688,37484000.0,0.0,25.2,1.835,1.819,202577000.0,152744000.0,912118000.0,912118000.0,0.0,0.125,0.411,0.354,0.158,3772000.0,110961000.0,1.0,66409629.0,65840000.0,66202000.0,13.854,515180000.0,0.0,51408000.0,41047000.0,7.825,59090000.0
74,FIS,MRT,2002-12-31,2002-12-31,2002-12-31,2021-08-25,-114799000.0,702141000.0,671395750.0,312000000.0,390141000.0,1.351,2.907,-48961000.0,14166000.0,14166000.0,637123000.0,89984000.0,1.243,2.538,214200000.0,0.0,214200000.0,214200000.0,0.0,39050000.0,0.0,0.0,0.0,151214000.0,190264000.0,0.21,190264000.0,151214000.0,144094000.0,1.32,1.3,1.32,198443000.0,217270500.0,198443000.0,1778445198.0,12.0,9.347,70895000.0,1.039,1.0,269668000.0,0.297,200298000.0,7120000.0,450947000.0,406265250.0,0.0,0.0,0.0,0.0,503698000.0,250930000.0,252768000.0,1629588198.0,-13508000.0,-10433000.0,-63619000.0,-15800000.0,0.0,-79778000.0,-59394000.0,0.0,119856000.0,-991000.0,89984000.0,89984000.0,89984000.0,-2926000.0,0.0,0.099,122499000.0,147169000.0,176962000.0,0.0,8.212,18.11,18.598,38637000.0,0.0,24.55,1.797,1.848,183233000.0,140552000.0,906791000.0,906791000.0,0.0,0.134,0.414,0.372,0.167,3772000.0,110269000.0,1.0,66378338.0,68254000.0,69033000.0,13.286,501843000.0,0.0,54110000.0,41346000.0,7.353,61070000.0
75,FIS,MRT,2002-09-30,2002-09-30,2002-09-30,2021-08-25,-122176000.0,678191000.0,679911250.0,307297000.0,370894000.0,1.47,3.065,-48343000.0,17843000.0,17843000.0,732239000.0,87483000.0,1.162,2.214,166700000.0,0.0,166700000.0,166700000.0,0.0,41851000.0,0.0,0.0,0.0,150871000.0,192722000.0,0.193,192722000.0,150871000.0,142425000.0,1.26,1.26,1.26,211037000.0,220626000.0,211037000.0,1551499699.0,10.0,8.05,68153000.0,0.99,1.0,267088000.0,0.267,189413000.0,8446000.0,373125000.0,402861750.0,0.0,0.0,0.0,0.0,467154000.0,264510000.0,202644000.0,1390891699.0,-25332000.0,0.0,333000.0,-93300000.0,0.0,-93357000.0,-48343000.0,0.0,116496000.0,-128000.0,87483000.0,87483000.0,87483000.0,0.0,0.0,0.088,117340000.0,149748000.0,186485000.0,0.0,6.591,15.899,15.952,36224000.0,0.0,20.1,1.392,1.385,207225000.0,111542000.0,999327000.0,999327000.0,0.0,0.129,0.397,0.374,0.151,729000.0,107975000.0,1.0,69198592.0,68850000.0,69451000.0,14.515,488778000.0,4433000.0,54942000.0,36175000.0,7.099,42787000.0
76,FIS,MRT,2002-06-30,2002-06-30,2002-06-30,2021-08-25,-93667000.0,657903000.0,665131750.0,262733000.0,395170000.0,1.478,3.241,-49498000.0,21392000.0,21392000.0,723917000.0,89559000.0,1.207,1.94,182000000.0,0.0,182000000.0,182000000.0,0.0,43933000.0,0.0,0.0,0.0,156533000.0,200466000.0,0.204,200466000.0,156533000.0,146042000.0,1.3,1.29,1.3,223766000.0,207778000.0,223766000.0,2761507207.0,18.0,13.775,87598000.0,1.269,1.0,258886000.0,0.263,216073000.0,10491000.0,384844000.0,418629000.0,0.0,0.0,0.0,0.0,434137000.0,217594000.0,216543000.0,2580192207.0,-26051000.0,-23534000.0,2529000.0,182000000.0,0.0,-90464000.0,-73032000.0,0.0,137096000.0,349000.0,89559000.0,89559000.0,89559000.0,0.0,0.0,0.091,103708000.0,155178000.0,145786000.0,0.0,11.531,28.81,28.546,38046000.0,0.0,37.11,2.625,2.607,163275000.0,89558000.0,982803000.0,982803000.0,0.0,0.135,0.431,0.374,0.159,729000.0,103708000.0,1.0,69528219.0,69052000.0,70404000.0,14.233,441830000.0,5235000.0,56483000.0,37322000.0,6.399,45139000.0
77,FIS,MRT,2002-03-31,2002-03-31,2002-03-31,2021-08-25,-69331000.0,647348000.0,647357250.0,230577000.0,416771000.0,1.475,3.424,-49165000.0,23939000.0,23939000.0,701530000.0,87884000.0,1.33,1.745,205254000.0,254000.0,205000000.0,205254000.0,0.0,45318000.0,0.0,0.0,0.0,152961000.0,198279000.0,0.208,198279000.0,152961000.0,143962000.0,1.28,1.27,1.28,235836000.0,254905750.0,235836000.0,2942487844.0,19.0,14.84,72570000.0,1.054,1.0,253585000.0,0.266,239088000.0,8999000.0,416145000.0,362890750.0,0.0,0.0,0.0,0.0,411512000.0,173430000.0,238082000.0,2739738844.0,-832000.0,-79038000.0,10125000.0,205000000.0,0.0,6000000.0,-128203000.0,0.0,121735000.0,-364000.0,87884000.0,87884000.0,87884000.0,0.0,0.0,0.092,100875000.0,152710000.0,111683000.0,0.0,11.617,31.174,31.016,36119000.0,0.0,39.7,2.868,2.863,165329000.0,66615000.0,955115000.0,955115000.0,0.0,0.136,0.345,0.422,0.16,729000.0,100875000.0,1.0,69011054.0,68868000.0,69963000.0,13.869,408260000.0,6081000.0,56078000.0,38717000.0,5.928,57147000.0
78,FIS,MRT,2001-12-31,2001-12-31,2001-12-31,2021-08-25,-67839000.0,736203000.0,609644500.0,321536000.0,414667000.0,1.535,3.101,-49349000.0,27674000.0,27674000.0,686588000.0,87076000.0,1.234,2.475,230000000.0,0.0,230000000.0,230000000.0,0.0,45677000.0,0.0,0.0,0.0,150552000.0,196229000.0,0.21,196229000.0,150552000.0,143352000.0,1.27,1.26,1.27,211865000.0,277771250.0,211865000.0,2570147486.0,17.0,13.098,53527000.0,0.784,1.0,249383000.0,0.266,240630000.0,7200000.0,437333000.0,295543500.0,0.0,0.0,0.0,0.0,524338000.0,260566000.0,263772000.0,2352916486.0,-2120000.0,-79038000.0,1639000.0,230000000.0,0.0,24871000.0,-128387000.0,0.0,102876000.0,-1480000.0,87076000.0,87076000.0,87076000.0,0.0,0.0,0.093,97964000.0,151419000.0,187254000.0,0.0,11.106,27.021,26.945,34340000.0,0.0,34.22,2.514,2.498,202625000.0,50568000.0,935971000.0,935971000.0,0.0,0.143,0.313,0.509,0.161,729000.0,97964000.0,1.0,68758518.0,68317000.0,69063000.0,13.7,495573000.0,0.0,56276000.0,36332000.0,7.254,60970000.0
79,FIS,MRT,2001-09-30,2001-09-30,2001-09-30,2021-08-25,-91924000.0,619073000.0,551205000.0,234845000.0,384228000.0,,2.34,-53666000.0,43175000.0,43175000.0,,,1.329,2.878,260406000.0,406000.0,260000000.0,260406000.0,0.0,43893000.0,0.0,0.0,0.0,,,,,,,,,,159645000.0,305709500.0,159645000.0,1734120828.0,,,50155000.0,0.735,1.0,,,223384000.0,,436194000.0,218294500.0,0.0,0.0,0.0,0.0,459428000.0,176726000.0,282702000.0,1781342828.0,11680000.0,-101038000.0,-181000.0,259793000.0,0.0,65613000.0,-154704000.0,0.0,103821000.0,-3050000.0,,,,,,,,,94749000.0,,11.158,,,32849000.0,,25.96,,,152068000.0,24059000.0,,,,,,,,0.0,,1.0,68618753.0,68231000.0,,,395689000.0,5456000.0,,39626000.0,5.799,58119000.0
80,FIS,MRT,2001-06-30,2001-06-30,2001-06-30,2021-08-25,-76183000.0,586805000.0,,233705000.0,353100000.0,,6.039,-47930000.0,47443000.0,47443000.0,,,1.465,0.423,221000.0,221000.0,0.0,221000.0,0.0,42419000.0,0.0,0.0,0.0,,,,,,,,,,412277000.0,,412277000.0,1896997084.0,,,28583000.0,0.419,1.0,,,218135000.0,,161891000.0,,0.0,0.0,0.0,0.0,174528000.0,159557000.0,14971000.0,1921325084.0,18035000.0,-89259000.0,0.0,406000.0,0.0,76174000.0,-130339000.0,6850000.0,76513000.0,-4313000.0,,,,,,,,,95198000.0,,4.66,,,31791000.0,,28.0,,,171610000.0,,,,,,,,,0.0,,1.0,68618753.0,68268000.0,,,368670000.0,4961000.0,,23464000.0,5.4,74148000.0
81,FIS,MRT,2001-03-31,2001-03-31,2001-03-31,2021-08-25,-69260000.0,496497000.0,499471000.0,204363000.0,292134000.0,,4.813,,24771000.0,24771000.0,,,1.356,0.499,443000.0,443000.0,0.0,443000.0,0.0,,0.0,,0.0,,,,,,,,,,327298000.0,325458000.0,327298000.0,,,,,,1.0,,,174707000.0,,146756000.0,137546500.0,0.0,0.0,0.0,0.0,163275000.0,150706000.0,12569000.0,,,,,,,,,,,,,,,,,,,,94716000.0,,,,,32038000.0,,,,,165593000.0,,,,,,,,,,,1.0,68618753.0,68004000.0,,,321790000.0,4894000.0,,18856000.0,4.732,53657000.0
82,FIS,MRT,2000-12-31,2000-12-31,2000-12-31,2021-08-25,-57288000.0,502445000.0,498850000.0,199207000.0,303238000.0,1.736,4.816,-38789000.0,29794000.0,29794000.0,623096000.0,88462000.0,1.243,0.534,549000.0,549000.0,0.0,549000.0,0.0,42698000.0,0.0,,0.0,147372000.0,190070000.0,0.22,190070000.0,147372000.0,146071000.0,1.32,1.3,1.32,323618000.0,297554000.0,323618000.0,,,,64995000.0,0.967,1.0,242811000.0,0.28,184612000.0,1301000.0,128337000.0,119159000.0,0.0,0.0,0.0,0.0,172921000.0,160251000.0,12670000.0,,-3823000.0,-46257000.0,0.0,0.0,0.0,-26819000.0,-78196000.0,6850000.0,103784000.0,-2592000.0,88462000.0,88462000.0,88462000.0,0.0,0.0,0.102,95652000.0,147159000.0,95678000.0,0.0,,,,32806000.0,0.0,,,,155351000.0,,865907000.0,865907000.0,0.0,0.177,0.297,1.237,0.17,0.0,95652000.0,1.0,68618753.0,67200000.0,67933000.0,12.886,317833000.0,4827000.0,57609000.0,20382000.0,4.73,38956000.0
83,FIS,MRT,2000-09-30,2000-09-30,2000-09-30,2021-08-25,,,,,,,,,,,,,,,,,,,,,,,0.0,,,,,,,,,,,,,,,,,,1.0,,,,,,,,,,,,,,,,,,,,,,,,,,,,,,,,,,,,,,,,,,,,,,,,,,,,,,1.0,,67178000.0,,,,,,,,
84,FIS,MRT,2000-06-30,2000-06-30,2000-06-30,2021-08-25,,,,,,,,,,,,,,,,,,,,,,,0.0,,,,,,,,,,,,,,,,,,1.0,,,,,,,,,,,,,,,,,,,,,,,,,,,,,,,,,,,,,,,,,,,,,,,,,,,,,,1.0,,67045000.0,,,,,,,,
85,FIS,MRT,2000-03-31,2000-03-31,2000-03-31,2021-08-25,-57288000.0,502445000.0,,199207000.0,303238000.0,,,,29794000.0,29794000.0,,,1.243,0.534,549000.0,549000.0,0.0,549000.0,0.0,,0.0,,,,,,,,,,,,323618000.0,,323618000.0,,,,,,1.0,,,184612000.0,,128337000.0,,0.0,0.0,0.0,0.0,172921000.0,160251000.0,12670000.0,,,,,,,,,,,,,,,,,,,,95678000.0,,,,,32806000.0,,,,,155351000.0,,,,,,,,,,,1.0,,,,,317833000.0,4827000.0,,20382000.0,,38956000.0
86,FIS,MRT,1999-12-31,1999-12-31,1999-12-31,2021-08-25,-48462000.0,495255000.0,,221956000.0,273299000.0,,3.95,-50111000.0,33617000.0,33617000.0,466379000.0,74629000.0,1.087,0.81,1288000.0,1288000.0,0.0,1288000.0,0.0,35758000.0,0.0,,0.0,129802000.0,165560000.0,0.243,165560000.0,129802000.0,128901000.0,1.09,1.07,1.09,271490000.0,,271490000.0,,,,96109000.0,1.398,1.0,214793000.0,0.315,148823000.0,901000.0,109981000.0,,0.0,0.0,0.0,0.0,219875000.0,204122000.0,15753000.0,,10827000.0,1320000.0,0.0,-871000.0,0.0,-103707000.0,-30934000.0,17857000.0,146220000.0,-752000.0,74629000.0,74629000.0,74629000.0,0.0,0.0,0.11,87308000.0,127485000.0,145259000.0,0.0,,,,36910000.0,0.0,,,,174467000.0,,681172000.0,681172000.0,0.0,,,,0.191,0.0,87308000.0,1.0,,68729000.0,69462000.0,9.911,346432000.0,4902000.0,54272000.0,18789000.0,5.041,17834000.0
87,FIS,MRT,1999-03-31,1999-03-31,1999-03-31,2021-08-25,-48462000.0,495255000.0,,221956000.0,273299000.0,,,,33617000.0,33617000.0,,,1.087,0.81,1288000.0,1288000.0,0.0,1288000.0,0.0,,0.0,,,,,,,,,,,,271490000.0,,271490000.0,,,,,,1.0,,,148823000.0,,109981000.0,,0.0,0.0,0.0,0.0,219875000.0,204122000.0,15753000.0,,,,,,,,,,,,,,,,,,,,145259000.0,,,,,36910000.0,,,,,174467000.0,,,,,,,,,,,1.0,,,,,346432000.0,4902000.0,,18789000.0,,17834000.0
88,FIS,MRT,1998-12-31,1998-12-31,1998-12-31,2021-08-25,,,,,,,,-18095000.0,,,384933000.0,61090000.0,,,,,,,,27839000.0,,,0.0,102128000.0,129967000.0,0.23,129967000.0,102128000.0,101595000.0,0.86,,0.86,,,,,,,54559000.0,0.772,1.0,181187000.0,0.32,,533000.0,,,,,,,,,,,4574000.0,-157189000.0,0.0,-130000.0,0.0,136546000.0,-205082000.0,0.0,72654000.0,456000.0,61090000.0,61090000.0,61090000.0,0.0,0.0,0.108,77896000.0,103291000.0,,0.0,,,,,0.0,,,,,,566120000.0,566120000.0,0.0,,,,0.18,0.0,77896000.0,1.0,,70699000.0,,8.007,,,40505000.0,,,
