None,ticker,dimension,calendardate,datekey,reportperiod,lastupdated,accoci,assets,assetsavg,assetsc,assetsnc,assetturnover,bvps,capex,cashneq,cashnequsd,cor,consolinc,currentratio,de,debt,debtc,debtnc,debtusd,deferredrev,depamor,deposits,divyield,dps,ebit,ebitda,ebitdamargin,ebitdausd,ebitusd,ebt,eps,epsdil,epsusd,equity,equityavg,equityusd,ev,evebit,evebitda,fcf,fcfps,fxusd,gp,grossmargin,intangibles,intexp,invcap,invcapavg,inventory,investments,investmentsc,investmentsnc,liabilities,liabilitiesc,liabilitiesnc,marketcap,ncf,ncfbus,ncfcommon,ncfdebt,ncfdiv,ncff,ncfi,ncfinv,ncfo,ncfx,netinc,netinccmn,netinccmnusd,netincdis,netincnci,netmargin,opex,opinc,payables,payoutratio,pb,pe,pe1,ppnenet,prefdivis,price,ps,ps1,receivables,retearn,revenue,revenueusd,rnd,roa,roe,roic,ros,sbcomp,sgna,sharefactor,sharesbas,shareswa,shareswadil,sps,tangibles,taxassets,taxexp,taxliabilities,tbvps,workingcapital
0,DLX,MRY,2020-12-31,2020-12-31,2020-12-31,2021-09-07,-41433000.0,1842175000.0,1988493000.0,506631000.0,1335544000.0,0.901,12.255,-64007000.0,123122000.0,123122000.0,730771000.0,8899000.0,1.23,2.588,868344000.0,0.0,868344000.0,868344000.0,0.0,110792000.0,0.0,0.041,1.2,53628000.0,164420000.0,0.092,164420000.0,53628000.0,30488000.0,0.21,0.19,0.21,513392000.0,496035250.0,513392000.0,1983783450.0,37.0,12.065,153546000.0,3.665,1.0,1060010000.0,0.592,949718000.0,23140000.0,1225859000.0,1437767500.0,40130000.0,165668000.0,119749000.0,45919000.0,1328783000.0,411820000.0,916963000.0,1223304450.0,54598000.0,0.0,-10253000.0,-43500000.0,-50746000.0,-110555000.0,-56093000.0,3846000.0,217553000.0,3693000.0,8808000.0,8808000.0,8808000.0,0.0,91000.0,0.005,1015505000.0,44505000.0,116990000.0,5.714,2.383,138.886,139.048,124586000.0,0.0,29.2,0.683,0.683,179576000.0,495153000.0,1790781000.0,1790781000.0,0.0,0.004,0.018,0.037,0.03,21824000.0,841658000.0,1.0,41893988.0,41893988.0,,42.746,892457000.0,6642000.0,21680000.0,5401000.0,21.303,94811000.0
1,DLX,MRY,2019-12-31,2019-12-31,2019-12-31,2021-09-07,-47947000.0,1943311000.0,2117180750.0,472211000.0,1471100000.0,0.949,13.559,-66595000.0,73620000.0,73620000.0,812935000.0,-199897000.0,1.158,2.404,917085000.0,0.0,917085000.0,917085000.0,0.0,126036000.0,0.0,0.024,1.2,-150948000.0,-24912000.0,-0.012,-24912000.0,-150948000.0,-185630000.0,-4.65,-4.65,-4.65,570861000.0,722025000.0,570861000.0,2984686901.0,-20.0,-119.809,220058000.0,5.227,1.0,1195780000.0,0.595,1080609000.0,34682000.0,1298220000.0,1351067500.0,39921000.0,162636000.0,117641000.0,44995000.0,1372450000.0,407947000.0,964503000.0,2101724901.0,29552000.0,-8251000.0,-115349000.0,-26500000.0,-51742000.0,-190148000.0,-72397000.0,0.0,286653000.0,5444000.0,-199897000.0,-199897000.0,-199897000.0,0.0,0.0,-0.1,1353921000.0,-158141000.0,112198000.0,-0.258,3.682,-10.514,-10.735,140839000.0,0.0,49.92,1.046,1.046,196211000.0,572596000.0,2008715000.0,2008715000.0,0.0,-0.094,-0.277,-0.112,-0.075,19702000.0,891693000.0,1.0,42101861.0,42101861.0,,47.711,862702000.0,3907000.0,14267000.0,14898000.0,20.491,64264000.0
2,DLX,MRY,2018-12-31,2018-12-31,2018-12-31,2021-09-07,-56579000.0,2305096000.0,2284880750.0,450046000.0,1855050000.0,0.874,19.768,-62238000.0,59740000.0,59740000.0,791748000.0,149630000.0,1.148,1.518,911864000.0,791000.0,911073000.0,911864000.0,0.0,131100000.0,0.0,0.031,1.2,239743000.0,370843000.0,0.186,370843000.0,239743000.0,212631000.0,3.18,3.16,3.18,915413000.0,999378500.0,915413000.0,2613060356.0,11.0,7.046,277077000.0,5.984,1.0,1206277000.0,0.604,1520591000.0,27112000.0,1244579000.0,1146730500.0,46441000.0,43773000.0,0.0,43773000.0,1389683000.0,392050000.0,997633000.0,1780028356.0,16440000.0,-191903000.0,-192477000.0,201147000.0,-56669000.0,-62180000.0,-253059000.0,0.0,339315000.0,-7636000.0,149630000.0,149630000.0,149630000.0,0.0,0.0,0.075,975056000.0,231221000.0,106978000.0,0.377,1.945,11.896,12.088,90342000.0,0.0,38.44,0.891,0.891,204320000.0,927345000.0,1998025000.0,1998025000.0,0.0,0.065,0.15,0.209,0.12,13378000.0,854000000.0,1.0,46306669.0,46306669.0,,43.148,784505000.0,2886000.0,63001000.0,46680000.0,16.942,57996000.0
3,DLX,MRY,2017-12-31,2017-12-31,2017-12-31,2021-09-07,-37597000.0,2208827000.0,2179962750.0,392966000.0,1815861000.0,0.902,21.093,-47450000.0,59240000.0,59240000.0,742707000.0,230155000.0,0.923,1.176,709300000.0,44040000.0,665260000.0,709300000.0,0.0,122652000.0,0.0,0.016,1.2,334186000.0,456838000.0,0.232,456838000.0,334186000.0,312827000.0,4.75,4.72,4.75,1015013000.0,956926750.0,1015013000.0,4400650361.0,13.0,9.633,290981000.0,6.047,1.0,1222849000.0,0.622,1515200000.0,21359000.0,917917000.0,923964000.0,42249000.0,42607000.0,0.0,42607000.0,1193814000.0,425770000.0,768044000.0,3697662361.0,-20046000.0,-139223000.0,-55967000.0,-51165000.0,-58098000.0,-182956000.0,-180891000.0,3500000.0,338431000.0,5370000.0,230155000.0,230155000.0,230155000.0,0.0,0.0,0.117,893673000.0,329176000.0,104477000.0,0.253,3.643,16.066,16.177,84638000.0,0.0,76.84,1.881,1.881,166223000.0,1004657000.0,1965556000.0,1965556000.0,0.0,0.106,0.241,0.362,0.17,15109000.0,830231000.0,1.0,48121582.0,48121582.0,,40.846,693627000.0,1428000.0,82672000.0,50543000.0,14.414,-32804000.0
4,DLX,MRY,2016-12-31,2016-12-31,2016-12-31,2021-09-07,-50371000.0,2184338000.0,1956786250.0,398230000.0,1786108000.0,0.945,18.128,-46614000.0,76574000.0,76574000.0,667813000.0,229382000.0,0.958,1.479,758648000.0,35842000.0,722806000.0,758648000.0,0.0,91583000.0,0.0,0.017,1.2,362688000.0,454271000.0,0.246,454271000.0,362688000.0,340386000.0,4.68,4.65,4.68,880970000.0,832881250.0,880970000.0,4017656255.0,11.0,8.844,272698000.0,5.611,1.0,1181249000.0,0.639,1515737000.0,22302000.0,934991000.0,759114500.0,40182000.0,42240000.0,0.0,42240000.0,1303368000.0,415684000.0,887684000.0,3479980255.0,48162000.0,-239664000.0,-46110000.0,116811000.0,-58720000.0,5998000.0,-279511000.0,1635000.0,319312000.0,2363000.0,229382000.0,229382000.0,229382000.0,0.0,0.0,0.124,814362000.0,366887000.0,106793000.0,0.256,3.95,15.171,15.301,86896000.0,0.0,71.61,1.882,1.882,152649000.0,882795000.0,1849062000.0,1849062000.0,0.0,0.117,0.275,0.478,0.196,12459000.0,807238000.0,1.0,48596289.0,48596289.0,,38.049,668601000.0,1605000.0,111004000.0,85172000.0,13.758,-17454000.0
5,DLX,MRY,2015-12-31,2015-12-31,2015-12-31,2021-09-07,-55203000.0,1842153000.0,1722249750.0,323985000.0,1518168000.0,1.029,15.138,-43261000.0,62427000.0,62427000.0,639209000.0,218629000.0,1.022,1.472,629018000.0,1045000.0,627973000.0,629018000.0,0.0,76700000.0,0.0,0.022,1.2,348246000.0,424946000.0,0.24,424946000.0,348246000.0,327947000.0,4.39,4.36,4.39,745069000.0,717603750.0,745069000.0,3140067110.0,9.0,7.389,266370000.0,5.412,1.0,1133608000.0,0.639,1261726000.0,20299000.0,829975000.0,524672250.0,41956000.0,41691000.0,0.0,41691000.0,1097084000.0,317043000.0,780041000.0,2684451110.0,886000.0,-212990000.0,-54057000.0,65938000.0,-59755000.0,-48387000.0,-251140000.0,0.0,309631000.0,-9218000.0,218629000.0,218629000.0,218629000.0,0.0,0.0,0.123,779277000.0,354331000.0,87575000.0,0.273,3.603,12.279,12.424,85732000.0,0.0,54.54,1.514,1.514,123654000.0,751253000.0,1772817000.0,1772817000.0,0.0,0.127,0.305,0.664,0.196,11894000.0,774859000.0,1.0,49219859.0,49219859.0,,36.018,580427000.0,1238000.0,109318000.0,81076000.0,11.793,6942000.0
6,DLX,MRY,2014-12-31,2014-12-31,2014-12-31,2021-09-07,-36338000.0,1688391000.0,1640146750.0,318890000.0,1369501000.0,1.021,13.036,-32668000.0,61541000.0,61541000.0,606278000.0,199794000.0,0.682,1.608,554312000.0,160911000.0,393401000.0,554312000.0,0.0,65842000.0,0.0,0.018,1.15,333710000.0,399552000.0,0.239,399552000.0,333710000.0,297181000.0,3.99,3.96,3.99,647497000.0,598122750.0,647497000.0,3548677188.0,11.0,8.882,252430000.0,5.082,1.0,1067804000.0,0.638,1075556000.0,36529000.0,638358000.0,644286500.0,39411000.0,46451000.0,0.0,46451000.0,1040894000.0,467248000.0,573646000.0,3092066188.0,-59548000.0,-105029000.0,-50971000.0,-94403000.0,-57603000.0,-204048000.0,-136043000.0,0.0,285098000.0,-4555000.0,199794000.0,199794000.0,199794000.0,0.0,0.0,0.119,735171000.0,332633000.0,87216000.0,0.288,4.775,15.476,15.602,87623000.0,0.0,62.25,1.847,1.847,113656000.0,629335000.0,1674082000.0,1674082000.0,0.0,0.122,0.334,0.518,0.199,9776000.0,719192000.0,1.0,49671746.0,49671746.0,,33.703,612835000.0,11570000.0,97387000.0,95838000.0,12.338,-148358000.0
7,DLX,MRY,2013-12-31,2013-12-31,2013-12-31,2021-09-07,-33424000.0,1569529000.0,1492248500.0,319313000.0,1250216000.0,1.062,10.9,-37459000.0,121089000.0,121089000.0,561116000.0,186652000.0,0.652,1.851,640704000.0,255589000.0,385115000.0,640704000.0,0.0,64473000.0,0.0,0.019,1.0,319360000.0,383833000.0,0.242,383833000.0,319360000.0,281059000.0,3.68,3.65,3.68,550457000.0,503788500.0,550457000.0,3179110631.0,10.0,8.283,224043000.0,4.437,1.0,1023708000.0,0.646,976353000.0,38301000.0,622720000.0,808318500.0,28966000.0,44451000.0,0.0,44451000.0,1019072000.0,490071000.0,529001000.0,2635582631.0,75654000.0,-69709000.0,-32850000.0,-1791000.0,-50711000.0,-82297000.0,-101050000.0,0.0,261502000.0,-2501000.0,186652000.0,186652000.0,186652000.0,0.0,0.0,0.118,705794000.0,317914000.0,71492000.0,0.272,4.788,14.12,14.182,101343000.0,0.0,52.19,1.663,1.663,88049000.0,510941000.0,1584824000.0,1584824000.0,0.0,0.125,0.37,0.395,0.202,7562000.0,691359000.0,1.0,50499763.0,50499763.0,,31.383,593176000.0,8797000.0,94407000.0,82814000.0,11.746,-170758000.0
8,DLX,MRY,2012-12-31,2012-12-31,2012-12-31,2021-09-07,-40647000.0,1412440000.0,1427983750.0,219743000.0,1192697000.0,1.061,8.505,-32580000.0,45435000.0,45435000.0,524375000.0,170492000.0,0.998,2.262,652581000.0,0.0,652581000.0,652581000.0,0.0,65652000.0,0.0,0.031,1.0,297600000.0,363252000.0,0.24,363252000.0,297600000.0,250753000.0,3.33,3.32,3.33,432935000.0,382372500.0,432935000.0,2277788499.0,8.0,6.271,211497000.0,4.155,1.0,990542000.0,0.654,940353000.0,46847000.0,859123000.0,866660750.0,23291000.0,46898000.0,0.0,46898000.0,979505000.0,220110000.0,759395000.0,1641103499.0,16748000.0,-37459000.0,-14835000.0,-96042000.0,-50918000.0,-159510000.0,-68513000.0,0.0,244077000.0,694000.0,170492000.0,170492000.0,170492000.0,0.0,0.0,0.113,688514000.0,302028000.0,65107000.0,0.3,3.791,9.626,9.682,104189000.0,0.0,32.24,1.083,1.083,70387000.0,375000000.0,1514917000.0,1514917000.0,0.0,0.119,0.446,0.343,0.196,7292000.0,680460000.0,1.0,50902714.0,50902714.0,,29.761,472087000.0,9349000.0,80261000.0,75147000.0,9.274,-367000.0
9,DLX,MRY,2011-12-31,2011-12-31,2011-12-31,2021-09-07,-59401000.0,1388809000.0,1356947500.0,192575000.0,1196234000.0,1.045,5.956,-34807000.0,28687000.0,28687000.0,493402000.0,144595000.0,0.641,3.588,741706000.0,85575000.0,656131000.0,741706000.0,0.0,73343000.0,0.0,0.044,1.0,263881000.0,337224000.0,0.238,337224000.0,263881000.0,216084000.0,2.82,2.8,2.82,302689000.0,274827000.0,302689000.0,1909174114.0,7.0,5.661,200560000.0,3.947,1.0,924194000.0,0.652,934337000.0,47797000.0,867124000.0,931692000.0,22043000.0,45147000.0,0.0,45147000.0,1086120000.0,300367000.0,785753000.0,1156603114.0,11304000.0,-90816000.0,-15949000.0,-25679000.0,-51126000.0,-91702000.0,-131785000.0,0.0,235367000.0,-576000.0,144595000.0,144595000.0,144595000.0,0.0,0.0,0.102,653136000.0,271058000.0,64694000.0,0.355,3.821,7.999,8.071,113411000.0,0.0,22.76,0.816,0.816,69023000.0,255426000.0,1417596000.0,1417596000.0,0.0,0.107,0.526,0.283,0.186,5733000.0,640307000.0,1.0,50817360.0,50817360.0,,27.896,454472000.0,7216000.0,71489000.0,49807000.0,8.943,-107792000.0
10,DLX,MRY,2010-12-31,2010-12-31,2010-12-31,2021-09-07,-50012000.0,1308691000.0,1300605250.0,171237000.0,1137454000.0,1.078,4.409,-43932000.0,17383000.0,17383000.0,488419000.0,152624000.0,0.81,4.786,755122000.0,7000000.0,748122000.0,755122000.0,0.0,73915000.0,0.0,0.043,1.0,279343000.0,353258000.0,0.252,353258000.0,279343000.0,235178000.0,2.97,2.96,2.97,226198000.0,183185750.0,226198000.0,1939200660.0,7.0,5.489,168683000.0,3.288,1.0,913818000.0,0.652,881049000.0,44165000.0,953869000.0,948849000.0,21660000.0,37410000.0,0.0,37410000.0,1082493000.0,211512000.0,870981000.0,1181013660.0,4594000.0,-98621000.0,268000.0,-22054000.0,-51435000.0,-72541000.0,-136170000.0,0.0,212615000.0,690000.0,152624000.0,152624000.0,152624000.0,771000.0,0.0,0.109,632274000.0,281544000.0,60478000.0,0.337,5.221,7.738,7.751,120221000.0,0.0,23.02,0.842,0.842,66471000.0,161957000.0,1402237000.0,1402237000.0,0.0,0.117,0.833,0.294,0.199,6150000.0,624303000.0,1.0,51303808.0,51303808.0,,27.332,427642000.0,9390000.0,82554000.0,46752000.0,8.335,-40275000.0
11,DLX,MRY,2009-12-31,2009-12-31,2009-12-31,2021-09-07,-52818000.0,1211210000.0,1212235000.0,159499000.0,1051711000.0,1.109,2.289,-45905000.0,12789000.0,12789000.0,504782000.0,99365000.0,0.656,9.334,768753000.0,26000000.0,742753000.0,768753000.0,0.0,67765000.0,0.0,0.068,1.0,201301000.0,269066000.0,0.2,269066000.0,201301000.0,155021000.0,1.94,1.94,1.94,117210000.0,85583500.0,117210000.0,1550456580.0,8.0,5.762,160063000.0,3.126,1.0,839413000.0,0.624,804576000.0,46280000.0,919550000.0,936311750.0,22122000.0,39200000.0,0.0,39200000.0,1094000000.0,243048000.0,850952000.0,757308580.0,-2801000.0,-30825000.0,653000.0,-77987000.0,-51279000.0,-128545000.0,-81818000.0,-3667000.0,205968000.0,1594000.0,99365000.0,99365000.0,99365000.0,0.0,0.0,0.074,648824000.0,190589000.0,60640000.0,0.515,6.461,7.621,7.624,121797000.0,0.0,14.79,0.563,0.563,65564000.0,60768000.0,1344195000.0,1344195000.0,0.0,0.082,1.161,0.215,0.15,6663000.0,616496000.0,1.0,51204096.0,51204096.0,,26.252,406634000.0,10841000.0,55656000.0,24800000.0,7.941,-83549000.0
12,DLX,MRY,2008-12-31,2008-12-31,2008-12-31,2021-09-07,-64954000.0,1218985000.0,1202033750.0,167086000.0,1051899000.0,1.222,1.038,-31321000.0,15590000.0,15590000.0,566513000.0,101634000.0,0.589,21.971,853336000.0,79440000.0,773896000.0,853336000.0,0.0,63960000.0,0.0,0.067,1.0,206359000.0,270319000.0,0.184,270319000.0,206359000.0,155938000.0,1.97,1.97,1.97,53066000.0,57725750.0,53066000.0,1632449316.0,8.0,6.039,168161000.0,3.289,1.0,902149000.0,0.614,807125000.0,50421000.0,965969000.0,993904500.0,25791000.0,36794000.0,0.0,36794000.0,1165919000.0,283637000.0,882282000.0,764992316.0,-6025000.0,-104879000.0,-19046000.0,2675000.0,-51422000.0,-67681000.0,-135773000.0,0.0,199482000.0,-2053000.0,101634000.0,101634000.0,101634000.0,4238000.0,0.0,0.069,692915000.0,209234000.0,61598000.0,0.508,14.416,7.527,7.594,128105000.0,0.0,14.96,0.521,0.521,68572000.0,12682000.0,1468662000.0,1468662000.0,0.0,0.085,1.761,0.208,0.141,9683000.0,670991000.0,1.0,51135850.0,51135850.0,,28.721,411860000.0,17825000.0,54304000.0,9491000.0,8.054,-116551000.0
13,DLX,MRY,2007-12-31,2007-12-31,2007-12-31,2021-09-07,-39046000.0,1210755000.0,1323459250.0,191945000.0,1018810000.0,1.201,0.789,-32286000.0,21615000.0,21615000.0,574604000.0,143515000.0,0.645,28.454,844040000.0,68954000.0,775086000.0,844040000.0,0.0,67560000.0,0.0,0.03,1.0,273707000.0,341267000.0,0.215,341267000.0,273707000.0,218413000.0,2.76,2.75,2.76,41107000.0,6273750.0,41107000.0,2788564755.0,10.0,8.171,212388000.0,4.074,1.0,1014281000.0,0.638,733186000.0,55294000.0,1002406000.0,1068011750.0,29918000.0,36013000.0,0.0,36013000.0,1169648000.0,297588000.0,872060000.0,1714583755.0,10016000.0,16898000.0,4635000.0,-178719000.0,-52048000.0,-224890000.0,-10929000.0,0.0,244674000.0,1161000.0,143515000.0,143515000.0,143515000.0,1602000.0,0.0,0.09,744377000.0,269904000.0,78659000.0,0.362,41.71,11.947,11.917,138860000.0,0.0,32.89,1.079,1.079,84268000.0,-37530000.0,1588885000.0,1588885000.0,0.0,0.108,22.875,0.256,0.172,13533000.0,743449000.0,1.0,52130853.0,52130853.0,,30.479,477569000.0,14901000.0,74898000.0,10194000.0,9.161,-105643000.0
14,DLX,MRY,2006-12-31,2006-12-31,2006-12-31,2021-09-07,-41873000.0,1267132000.0,1321627250.0,202117000.0,1065015000.0,1.225,-1.275,-41012000.0,11599000.0,11599000.0,599980000.0,100954000.0,0.304,-20.295,1015781000.0,439191000.0,576590000.0,1015781000.0,0.0,84535000.0,0.0,0.052,1.3,199565000.0,284100000.0,0.175,284100000.0,199565000.0,142904000.0,1.98,1.96,1.98,-65673000.0,-73866750.0,-65673000.0,2353041857.0,12.0,8.282,198062000.0,3.845,1.0,1019357000.0,0.629,769080000.0,56661000.0,837731000.0,1126238500.0,42854000.0,35985000.0,0.0,35985000.0,1332805000.0,664503000.0,668302000.0,1298030857.0,4732000.0,-7274000.0,8936000.0,-147763000.0,-66973000.0,-204587000.0,-29913000.0,0.0,239074000.0,158000.0,100954000.0,100954000.0,100954000.0,-116000.0,0.0,0.062,820813000.0,198544000.0,78489000.0,0.657,-19.765,12.858,12.727,142247000.0,0.0,25.2,0.802,0.802,103014000.0,-125420000.0,1619337000.0,1619337000.0,0.0,0.076,-1.367,0.177,0.123,6191000.0,770218000.0,1.0,51509161.0,51509161.0,,31.438,498052000.0,18776000.0,41950000.0,16315000.0,9.669,-462386000.0
15,DLX,MRY,2005-12-31,2005-12-31,2005-12-31,2021-09-07,-11224000.0,1425875000.0,1487539750.0,213938000.0,1211937000.0,1.154,-1.618,-55653000.0,6867000.0,6867000.0,608361000.0,157521000.0,0.436,-18.383,1166510000.0,263705000.0,902805000.0,1166510000.0,0.0,108348000.0,0.0,0.053,1.6,306896000.0,415244000.0,0.242,415244000.0,306896000.0,250292000.0,3.11,3.09,3.11,-82026000.0,-114187500.0,-82026000.0,2720489824.0,9.0,6.552,118474000.0,2.337,1.0,1107933000.0,0.646,839127000.0,56604000.0,1255306000.0,1310495250.0,41028000.0,48668000.0,0.0,48668000.0,1507901000.0,491085000.0,1016816000.0,1527816824.0,-8625000.0,-270000.0,11247000.0,-72792000.0,-81271000.0,-142816000.0,-40138000.0,0.0,174127000.0,202000.0,157521000.0,157521000.0,157521000.0,442000.0,0.0,0.092,803094000.0,304839000.0,88178000.0,0.514,-18.626,9.699,9.691,152968000.0,0.0,30.14,0.89,0.89,105238000.0,-159401000.0,1716294000.0,1716294000.0,0.0,0.106,-1.379,0.234,0.179,7003000.0,803633000.0,1.0,50690671.0,50690671.0,,33.858,586748000.0,17978000.0,92771000.0,68707000.0,11.575,-277147000.0
16,DLX,MRY,2004-12-31,2004-12-31,2004-12-31,2021-09-07,-13867000.0,1499079000.0,1290837750.0,240386000.0,1258693000.0,1.214,-3.554,-43817000.0,16009000.0,16009000.0,535949000.0,197991000.0,0.421,-9.399,1244207000.0,290359000.0,953848000.0,1244207000.0,0.0,93856000.0,0.0,0.04,1.48,349067000.0,442923000.0,0.283,442923000.0,349067000.0,316216000.0,3.95,3.92,3.95,-178491000.0,-230280250.0,-178491000.0,3155933690.0,9.0,7.125,267618000.0,5.328,1.0,1031066000.0,0.658,877924000.0,32851000.0,1278155000.0,964030250.0,38890000.0,47529000.0,0.0,47529000.0,1677570000.0,571198000.0,1106372000.0,1874983690.0,12524000.0,-624859000.0,-7714000.0,475543000.0,-74302000.0,369963000.0,-670029000.0,0.0,311435000.0,1155000.0,197991000.0,197991000.0,197991000.0,657000.0,0.0,0.126,683154000.0,347912000.0,72984000.0,0.375,-10.505,9.47,9.451,158162000.0,0.0,37.33,1.197,1.197,110529000.0,-235651000.0,1567015000.0,1567015000.0,0.0,0.153,-0.86,0.362,0.223,12248000.0,683154000.0,1.0,50227262.0,50227262.0,,31.198,621155000.0,13531000.0,118225000.0,82489000.0,12.367,-330812000.0
17,DLX,MRY,2003-12-31,2003-12-31,2003-12-31,2021-09-07,-2265000.0,562960000.0,582400750.0,78928000.0,484032000.0,2.133,-5.898,-22034000.0,2968000.0,2968000.0,425965000.0,192472000.0,0.204,-2.889,594944000.0,214324000.0,380620000.0,594944000.0,0.0,60082000.0,0.0,0.036,1.48,318621000.0,378703000.0,0.305,378703000.0,318621000.0,299380000.0,3.53,3.49,3.53,-298083000.0,-217007750.0,-298083000.0,2642644014.0,8.0,6.978,159433000.0,3.154,1.0,816176000.0,0.657,160398000.0,19241000.0,606699000.0,552365750.0,18652000.0,42510000.0,0.0,42510000.0,861043000.0,387839000.0,473204000.0,2088928014.0,-121887000.0,0.0,-483257000.0,285239000.0,-80453000.0,-278471000.0,-24883000.0,0.0,181467000.0,0.0,192472000.0,192472000.0,192472000.0,0.0,0.0,0.155,497255000.0,318921000.0,46694000.0,0.419,-7.008,10.853,11.708,123615000.0,0.0,41.33,1.682,1.682,37066000.0,-345950000.0,1242141000.0,1242141000.0,0.0,0.33,-0.887,0.577,0.257,954000.0,497255000.0,1.0,50542657.0,50542657.0,,24.576,402562000.0,258000.0,106908000.0,42654000.0,7.965,-308911000.0
18,DLX,MRY,2002-12-31,2002-12-31,2002-12-31,2021-09-07,-2486000.0,668973000.0,584729000.0,199646000.0,469327000.0,2.196,1.042,-40708000.0,124855000.0,124855000.0,435794000.0,214274000.0,0.93,9.401,308199000.0,1610000.0,306589000.0,308199000.0,0.0,58205000.0,0.0,0.035,1.48,345801000.0,404006000.0,0.315,404006000.0,345801000.0,340722000.0,3.41,3.36,3.41,64316000.0,71903000.0,64316000.0,2796629862.0,8.0,6.922,216431000.0,3.506,1.0,848189000.0,0.661,188213000.0,5079000.0,449325000.0,229273500.0,20287000.0,40205000.0,0.0,40205000.0,604657000.0,214779000.0,389878000.0,2598669862.0,115284000.0,0.0,-141934000.0,141194000.0,-92940000.0,-97706000.0,-44149000.0,0.0,257139000.0,0.0,214274000.0,214274000.0,214274000.0,0.0,0.0,0.167,503258000.0,344931000.0,57857000.0,0.434,40.405,12.128,12.346,140042000.0,0.0,42.1,2.024,2.024,32925000.0,5380000.0,1283983000.0,1283983000.0,0.0,0.366,2.98,1.508,0.269,3102000.0,502961000.0,1.0,61726125.0,61726125.0,,20.801,480760000.0,4563000.0,126448000.0,54453000.0,7.789,-15133000.0
19,DLX,MRY,2001-12-31,2001-12-31,2001-12-31,2021-09-07,0.0,537721000.0,574163250.0,83972000.0,453749000.0,2.227,1.185,-28775000.0,9571000.0,9571000.0,453818000.0,185900000.0,0.229,5.841,161465000.0,151381000.0,10084000.0,161465000.0,0.0,73982000.0,0.0,0.176,7.304,303117000.0,377099000.0,0.295,377099000.0,303117000.0,297534000.0,2.72,2.69,2.72,78605000.0,159457000.0,78605000.0,2868563349.0,9.0,7.607,241848000.0,3.645,1.0,824557000.0,0.645,197093000.0,5583000.0,125398000.0,150812750.0,22263000.0,37661000.0,0.0,37661000.0,459116000.0,367124000.0,91992000.0,2759105349.0,-71161000.0,0.0,-276676000.0,50162000.0,-101773000.0,-328287000.0,-13497000.0,18608000.0,270623000.0,0.0,185900000.0,185900000.0,185900000.0,0.0,0.0,0.145,522619000.0,301938000.0,52834000.0,2.685,35.101,14.842,15.287,151069000.0,0.0,41.58,2.158,2.158,37703000.0,14563000.0,1278375000.0,1278375000.0,0.0,0.324,1.166,2.01,0.237,0.0,514369000.0,1.0,66356550.0,66356550.0,,19.265,340628000.0,0.0,111634000.0,44890000.0,5.133,-283152000.0
20,DLX,MRY,2000-12-31,2000-12-31,2000-12-31,2021-09-07,-173000.0,656274000.0,929695250.0,187757000.0,468517000.0,1.358,3.622,-34014000.0,80732000.0,80732000.0,453023000.0,161936000.0,0.639,1.497,110873000.0,100672000.0,10201000.0,110873000.0,0.0,68570000.0,0.0,0.047,1.2,277329000.0,345899000.0,0.274,345899000.0,277329000.0,265893000.0,2.24,2.24,2.24,262808000.0,422515500.0,262808000.0,1824575319.0,7.0,5.275,219558000.0,3.026,1.0,809689000.0,0.641,222798000.0,11436000.0,169731000.0,254641000.0,23139000.0,54013000.0,18458000.0,35555000.0,393466000.0,293886000.0,99580000.0,1833478319.0,-43703000.0,-95991000.0,8064000.0,-69643000.0,-107195000.0,-168774000.0,-96141000.0,40127000.0,253572000.0,0.0,161936000.0,161936000.0,161936000.0,7536000.0,0.0,0.128,530755000.0,278934000.0,44692000.0,0.536,6.976,11.322,11.281,173956000.0,0.0,25.27,1.452,1.452,46005000.0,146243000.0,1262712000.0,1262712000.0,0.0,0.174,0.383,1.089,0.22,0.0,518245000.0,1.0,72555533.0,72555533.0,,17.403,433476000.0,7403000.0,103957000.0,88304000.0,5.974,-106129000.0
21,DLX,MRY,1999-12-31,1999-12-31,1999-12-31,2021-09-07,-1282000.0,905365000.0,1008521750.0,333520000.0,571845000.0,1.352,5.685,-11132000.0,104616000.0,104616000.0,557775000.0,203022000.0,1.044,1.17,174407000.0,62462000.0,111945000.0,174407000.0,0.0,41786000.0,0.0,0.044,1.2,329872000.0,371658000.0,0.273,371658000.0,329872000.0,321283000.0,2.65,2.64,2.65,417308000.0,487672250.0,417308000.0,2062420533.0,6.0,5.549,210105000.0,2.862,1.0,806023000.0,0.591,138525000.0,8589000.0,517194000.0,454730750.0,26593000.0,65232000.0,25713000.0,39519000.0,488057000.0,319437000.0,168620000.0,2014165533.0,-141394000.0,99475000.0,-284284000.0,60532000.0,-113535000.0,-337287000.0,72637000.0,-17640000.0,221237000.0,0.0,203022000.0,203022000.0,203022000.0,1299000.0,0.0,0.149,498069000.0,307954000.0,41085000.0,0.453,4.827,9.921,10.355,219484000.0,0.0,27.44,1.477,1.477,62940000.0,346617000.0,1363798000.0,1363798000.0,0.0,0.201,0.416,0.725,0.242,0.0,506490000.0,1.0,73402534.0,73402534.0,,18.58,766840000.0,3654000.0,118261000.0,76275000.0,10.447,14083000.0
22,DLX,MRY,1998-12-31,1998-12-31,1998-12-31,2021-09-07,-242000.0,1171519000.0,1131608250.0,608080000.0,563439000.0,1.479,7.54,-62359000.0,272855000.0,272855000.0,729739000.0,143063000.0,1.412,0.931,113653000.0,7332000.0,106321000.0,113653000.0,0.0,62154000.0,0.0,0.035,1.27,253842000.0,315996000.0,0.189,315996000.0,253842000.0,245802000.0,1.77,1.77,1.77,606565000.0,598963500.0,606565000.0,2905604270.0,11.0,9.195,202771000.0,2.521,1.0,943976000.0,0.564,174233000.0,8040000.0,407389000.0,505700750.0,29401000.0,86341000.0,41133000.0,45208000.0,564954000.0,430695000.0,134259000.0,2941021270.0,104740000.0,89416000.0,-33474000.0,-4525000.0,-119682000.0,-157681000.0,-5670000.0,-33212000.0,265130000.0,0.0,143063000.0,143063000.0,143063000.0,10503000.0,0.0,0.085,686082000.0,257894000.0,53555000.0,0.718,4.849,20.558,20.655,340077000.0,0.0,36.56,1.757,1.757,145079000.0,519742000.0,1673715000.0,1673715000.0,0.0,0.126,0.239,0.502,0.152,0.0,686082000.0,1.0,80443689.0,80443689.0,,20.806,997286000.0,56554000.0,102739000.0,60594000.0,12.397,177385000.0
23,DLX,MRY,1997-12-31,1997-12-31,1997-12-31,2021-09-07,-489000.0,1148364000.0,1145372500.0,512613000.0,635751000.0,1.677,7.501,-89464000.0,171438000.0,171438000.0,897313000.0,44672000.0,1.343,0.882,117064000.0,7078000.0,109986000.0,117064000.0,0.0,81143000.0,0.0,0.035,1.2,123972000.0,205115000.0,0.107,205115000.0,123972000.0,115150000.0,0.55,0.55,0.55,610248000.0,668314500.0,610248000.0,2810601347.0,23.0,13.703,206314000.0,2.536,1.0,1023316000.0,0.533,167833000.0,8822000.0,544602000.0,589504000.0,66996000.0,60931000.0,8021000.0,52910000.0,538116000.0,381555000.0,156561000.0,2806648347.0,28867000.0,11027000.0,-56281000.0,-23601000.0,-121321000.0,-177549000.0,-89362000.0,-8000000.0,295778000.0,0.0,44672000.0,44672000.0,44672000.0,0.0,0.0,0.023,867597000.0,155719000.0,73516000.0,2.182,4.599,62.828,62.727,415008000.0,0.0,34.5,1.461,1.461,151201000.0,525302000.0,1920629000.0,1920629000.0,2175000.0,0.039,0.067,0.21,0.065,0.0,782529000.0,1.0,81352126.0,81352126.0,,23.609,980531000.0,50345000.0,70478000.0,38000000.0,12.053,131058000.0
24,DLX,MRY,1996-12-31,1996-12-31,1996-12-31,2021-09-07,646000.0,1176440000.0,1235767500.0,449524000.0,726916000.0,1.602,8.67,-86420000.0,142571000.0,142571000.0,983444000.0,65463000.0,1.317,0.65,132239000.0,23617000.0,108622000.0,132239000.0,0.0,106636000.0,0.0,0.037,1.2,129414000.0,236050000.0,0.119,236050000.0,129414000.0,118765000.0,0.8,0.79,0.8,712916000.0,746645000.0,712916000.0,,,,204283000.0,2.484,1.0,996183000.0,0.503,220920000.0,10649000.0,603811000.0,656698000.0,67541000.0,59138000.0,0.0,59138000.0,463524000.0,341377000.0,122147000.0,2692848150.0,128903000.0,97815000.0,-48065000.0,-43362000.0,-121976000.0,-185315000.0,23515000.0,6250000.0,290703000.0,0.0,65463000.0,65463000.0,65463000.0,0.0,0.0,0.033,909074000.0,87109000.0,63810000.0,1.5,3.777,41.135,40.938,446858000.0,0.0,32.75,1.36,1.36,145475000.0,631151000.0,1979627000.0,1979627000.0,0.0,0.053,0.088,0.197,0.065,0.0,797174000.0,1.0,82224371.0,82224371.0,,24.076,955520000.0,31413000.0,53302000.0,12837000.0,11.621,108147000.0
25,DLX,MRY,1995-12-31,1995-12-31,1995-12-31,2021-09-07,258000.0,1295095000.0,,381098000.0,913997000.0,,,-125068000.0,13668000.0,13668000.0,935587000.0,87021000.0,1.033,0.66,168658000.0,57661000.0,110997000.0,168658000.0,0.0,103303000.0,0.0,0.044,1.27,174967000.0,278270000.0,0.144,278270000.0,174967000.0,161906000.0,1.06,1.06,1.06,780374000.0,,780374000.0,,,,84259000.0,,1.0,1001132000.0,0.517,371692000.0,13061000.0,709585000.0,,87041000.0,54417000.0,6270000.0,48147000.0,514721000.0,368808000.0,145913000.0,,-15471000.0,-37313000.0,-34715000.0,27394000.0,-122143000.0,-104437000.0,-120361000.0,44878000.0,209327000.0,0.0,87021000.0,87021000.0,87021000.0,7413000.0,0.0,0.045,817348000.0,183784000.0,75644000.0,1.198,,,27.358,494158000.0,0.0,29.0,,,169310000.0,697036000.0,1936719000.0,1936719000.0,0.0,,,,0.09,0.0,817348000.0,1.0,,,,,923403000.0,35926000.0,74885000.0,34916000.0,,12290000.0
26,DLX,MRY,1994-12-31,1994-12-31,1994-12-31,2021-09-07,,,,,,,,-126226000.0,,,784452000.0,140866000.0,,,,,,,,85906000.0,,0.045,1.18,253052000.0,338958000.0,0.194,338958000.0,253052000.0,243319000.0,1.71,,1.71,,,,,,,67592000.0,,1.0,963192000.0,0.551,,9733000.0,,,,,,,,,,,-84964000.0,-53796000.0,-39638000.0,2989000.0,-120503000.0,-132038000.0,-146744000.0,51211000.0,193818000.0,0.0,140866000.0,140866000.0,140866000.0,3387000.0,0.0,0.081,713361000.0,249831000.0,,0.69,,,15.421,,0.0,26.37,,,,,1747644000.0,1747644000.0,0.0,,,,0.145,0.0,631660000.0,1.0,,,,,,,102453000.0,,,
0,DLX,MRQ,2021-06-30,2021-06-30,2021-06-30,2021-09-07,-37829000.0,3017476000.0,,603358000.0,2414118000.0,,13.087,-24945000.0,163338000.0,163338000.0,206575000.0,12129000.0,1.144,4.464,1886330000.0,57130000.0,1829200000.0,1886330000.0,0.0,33244000.0,0.0,0.025,0.3,28469000.0,61713000.0,0.129,61713000.0,28469000.0,18939000.0,0.29,0.28,0.29,552271000.0,,552271000.0,2764817238.0,18.0,10.353,19285000.0,0.457,1.0,271641000.0,0.568,1960755000.0,9530000.0,2252478000.0,,33267000.0,182097000.0,135604000.0,46493000.0,2465205000.0,527235000.0,1937970000.0,2015969238.0,53559000.0,-956717000.0,14179000.0,989939000.0,-12920000.0,990388000.0,-982840000.0,0.0,44230000.0,1781000.0,12100000.0,12100000.0,12100000.0,0.0,29000.0,0.025,245272000.0,26369000.0,137303000.0,1.034,3.65,22.283,22.116,158716000.0,0.0,47.77,1.112,1.112,204958000.0,505753000.0,478216000.0,478216000.0,0.0,,,,,7625000.0,233908000.0,1.0,42201575.0,42201575.0,,11.332,1056721000.0,3387000.0,6839000.0,64723000.0,25.04,76123000.0
1,DLX,MRQ,2021-03-31,2021-03-31,2021-03-31,2021-09-07,-39824000.0,1893252000.0,,504496000.0,1388756000.0,,13.296,-21670000.0,125440000.0,125440000.0,178509000.0,24325000.0,1.247,2.388,874288000.0,0.0,874288000.0,874288000.0,0.0,27780000.0,0.0,0.029,0.3,38006000.0,65786000.0,0.149,65786000.0,38006000.0,33482000.0,0.58,0.57,0.58,558819000.0,,558819000.0,2508774491.0,17.0,9.72,17911000.0,0.426,1.0,262755000.0,0.595,991014000.0,4524000.0,1246518000.0,,37119000.0,168613000.0,122466000.0,46147000.0,1334433000.0,404568000.0,929865000.0,1763552491.0,5106000.0,0.0,673000.0,0.0,-12932000.0,-14231000.0,-21850000.0,0.0,39581000.0,1606000.0,24292000.0,24292000.0,24292000.0,0.0,33000.0,0.055,226749000.0,36006000.0,109064000.0,0.517,3.156,18.916,18.816,129124000.0,0.0,41.96,1.01,1.01,167202000.0,534059000.0,441264000.0,441264000.0,0.0,,,,,6742000.0,212436000.0,1.0,42029373.0,42029373.0,,10.499,902238000.0,4636000.0,9190000.0,15265000.0,21.467,99928000.0
2,DLX,MRQ,2020-12-31,2020-12-31,2020-12-31,2021-09-07,-41433000.0,1842175000.0,,506631000.0,1335544000.0,,12.255,-31013000.0,123122000.0,123122000.0,191979000.0,24708000.0,1.23,2.588,868344000.0,0.0,868344000.0,868344000.0,0.0,27727000.0,0.0,0.041,0.3,37271000.0,64998000.0,0.143,64998000.0,37271000.0,32385000.0,0.59,0.59,0.59,513392000.0,,513392000.0,1983783450.0,37.0,12.065,19729000.0,0.471,1.0,262514000.0,0.578,949718000.0,4886000.0,1225859000.0,,40130000.0,165668000.0,119749000.0,45919000.0,1328783000.0,411820000.0,916963000.0,1223304450.0,-170607000.0,0.0,699000.0,-200000000.0,-12689000.0,-203914000.0,-24425000.0,3846000.0,50742000.0,6990000.0,24663000.0,24663000.0,24663000.0,0.0,45000.0,0.054,225930000.0,36584000.0,116990000.0,0.508,2.383,138.886,139.048,124586000.0,0.0,29.2,0.683,0.683,179576000.0,495153000.0,454493000.0,454493000.0,0.0,,,,,6489000.0,207013000.0,1.0,41893988.0,41893988.0,,10.849,892457000.0,6642000.0,7722000.0,5401000.0,21.303,94811000.0
3,DLX,MRQ,2020-09-30,2020-09-30,2020-09-30,2021-09-07,-52904000.0,2007179000.0,,677936000.0,1329243000.0,,12.218,-5909000.0,310430000.0,310430000.0,174461000.0,29444000.0,1.789,2.925,1070909000.0,0.0,1070909000.0,1070909000.0,0.0,27972000.0,0.0,0.047,0.3,46594000.0,74566000.0,0.17,74566000.0,46594000.0,41511000.0,0.7,0.7,0.7,511444000.0,,511444000.0,1879226412.0,22.0,9.489,51253000.0,1.224,1.0,265000000.0,0.603,971543000.0,5083000.0,1417256000.0,,50512000.0,151721000.0,106199000.0,45522000.0,1495735000.0,378859000.0,1116876000.0,1077012412.0,-38316000.0,0.0,637000.0,-100000000.0,-12593000.0,-92251000.0,-6420000.0,0.0,57162000.0,3193000.0,29417000.0,29417000.0,29417000.0,0.0,27000.0,0.067,220580000.0,44420000.0,113120000.0,0.429,2.106,37.178,40.841,121169000.0,0.0,25.73,0.58,0.58,167656000.0,510805000.0,439461000.0,439461000.0,0.0,,,,,6240000.0,198871000.0,1.0,41858236.0,41858236.0,,10.499,1035636000.0,5834000.0,12094000.0,4794000.0,24.742,299077000.0
4,DLX,MRQ,2020-06-30,2020-06-30,2020-06-30,2021-09-07,-55779000.0,2060082000.0,,716250000.0,1343832000.0,,11.602,-12816000.0,371951000.0,371951000.0,162283000.0,14878000.0,1.998,3.245,1174165000.0,0.0,1174165000.0,1174165000.0,0.0,26663000.0,0.0,0.051,0.3,26104000.0,52767000.0,0.129,52767000.0,26104000.0,19933000.0,0.36,0.35,0.36,485338000.0,,485338000.0,1847258571.0,-6.0,-10.011,70365000.0,1.682,1.0,248122000.0,0.605,967493000.0,6171000.0,1536282000.0,,47525000.0,126987000.0,82582000.0,44405000.0,1574744000.0,358521000.0,1216223000.0,984718571.0,52529000.0,0.0,675000.0,0.0,-12750000.0,-25546000.0,-11333000.0,0.0,83181000.0,6227000.0,14859000.0,14859000.0,14859000.0,0.0,19000.0,0.036,223807000.0,24315000.0,103639000.0,0.833,2.029,-3.087,-3.114,122905000.0,0.0,23.54,0.515,0.515,165299000.0,494243000.0,410405000.0,410405000.0,0.0,,,,,5477000.0,198570000.0,1.0,41831715.0,41831715.0,,9.811,1092589000.0,5929000.0,5074000.0,3243000.0,26.119,357729000.0
5,DLX,MRQ,2020-03-31,2020-03-31,2020-03-31,2021-09-07,-59954000.0,2044536000.0,,686204000.0,1358332000.0,,11.234,-14269000.0,310146000.0,310146000.0,202049000.0,-60131000.0,1.913,3.314,1172686000.0,0.0,1172686000.0,1172686000.0,0.0,28430000.0,0.0,0.046,0.3,-56342000.0,-27912000.0,-0.057,-27912000.0,-56342000.0,-63341000.0,-1.43,-1.45,-1.43,473967000.0,,473967000.0,1937489687.0,-7.0,-12.85,12199000.0,0.289,1.0,284374000.0,0.585,976702000.0,6999000.0,1571673000.0,,42681000.0,136526000.0,90938000.0,45588000.0,1570569000.0,358701000.0,1211868000.0,1094024687.0,210992000.0,0.0,-12264000.0,256500000.0,-12714000.0,211156000.0,-13915000.0,0.0,26468000.0,-12717000.0,-60131000.0,-60131000.0,-60131000.0,0.0,0.0,-0.124,345188000.0,-60814000.0,108271000.0,-0.21,2.308,-3.632,-3.616,138210000.0,0.0,25.93,0.548,0.548,192377000.0,492230000.0,486423000.0,486423000.0,0.0,,,,,3618000.0,237204000.0,1.0,42191465.0,42191465.0,,11.529,1067834000.0,5817000.0,-3210000.0,4960000.0,25.309,327503000.0
6,DLX,MRQ,2019-12-31,2019-12-31,2019-12-31,2021-09-07,-47947000.0,1943311000.0,,472211000.0,1471100000.0,,13.559,-16916000.0,73620000.0,73620000.0,207060000.0,44824000.0,1.158,2.404,917085000.0,0.0,917085000.0,917085000.0,0.0,30606000.0,0.0,0.024,0.3,68020000.0,98626000.0,0.189,98626000.0,68020000.0,60589000.0,1.0,1.0,1.0,570861000.0,,570861000.0,2984686901.0,-20.0,-119.809,61713000.0,1.466,1.0,315010000.0,0.603,1080609000.0,7431000.0,1298220000.0,,39921000.0,162636000.0,117641000.0,44995000.0,1372450000.0,407947000.0,964503000.0,2101724901.0,22700000.0,-8251000.0,39000.0,-40500000.0,-12674000.0,-32904000.0,-25865000.0,0.0,78629000.0,2840000.0,44824000.0,44824000.0,44824000.0,0.0,0.0,0.086,248065000.0,66945000.0,112198000.0,0.3,3.682,-10.514,-10.735,140839000.0,0.0,49.92,1.046,1.046,196211000.0,572596000.0,522070000.0,522070000.0,0.0,,,,,5122000.0,225906000.0,1.0,42101861.0,42101861.0,,12.4,862702000.0,3907000.0,15765000.0,14898000.0,20.491,64264000.0
7,DLX,MRQ,2019-09-30,2019-09-30,2019-09-30,2021-09-07,-57184000.0,1888963000.0,,425716000.0,1463247000.0,,12.241,-17335000.0,73472000.0,73472000.0,203723000.0,-318493000.0,1.177,2.594,956434000.0,0.0,956434000.0,956434000.0,0.0,30494000.0,0.0,0.024,0.3,-338500000.0,-308006000.0,-0.624,-308006000.0,-338500000.0,-347210000.0,-7.49,-7.49,-7.49,525527000.0,,525527000.0,3028270051.0,-22.0,-338.392,85585000.0,1.994,1.0,289870000.0,0.587,1087784000.0,8710000.0,1322294000.0,,42194000.0,44616000.0,0.0,44616000.0,1363436000.0,361847000.0,1001589000.0,2110506051.0,8053000.0,0.0,-38129000.0,-27000000.0,-12815000.0,-79743000.0,-13732000.0,0.0,102920000.0,-1392000.0,-318493000.0,-318493000.0,-318493000.0,0.0,0.0,-0.645,630553000.0,-340683000.0,97588000.0,-0.04,4.016,-11.253,-10.757,134400000.0,0.0,49.16,1.049,1.049,168590000.0,540612000.0,493593000.0,493593000.0,0.0,,,,,5356000.0,213318000.0,1.0,42931368.0,42931368.0,,11.497,801179000.0,5494000.0,-28717000.0,10257000.0,18.662,63869000.0
8,DLX,MRQ,2019-06-30,2019-06-30,2019-06-30,2021-09-07,-53527000.0,2314038000.0,,445077000.0,1868961000.0,,20.49,-17725000.0,66732000.0,66732000.0,202528000.0,32582000.0,1.273,1.588,984496000.0,0.0,984496000.0,984496000.0,0.0,32517000.0,0.0,0.03,0.3,53992000.0,86509000.0,0.175,86509000.0,53992000.0,44753000.0,0.75,0.75,0.75,894149000.0,,894149000.0,2694892416.0,15.0,8.487,41980000.0,0.962,1.0,291458000.0,0.59,1484472000.0,9239000.0,1397696000.0,,46097000.0,44396000.0,0.0,44396000.0,1419889000.0,349634000.0,1070255000.0,1774334416.0,5558000.0,0.0,-28807000.0,5000000.0,-13135000.0,-38094000.0,-17973000.0,0.0,59705000.0,1920000.0,32582000.0,32582000.0,32582000.0,0.0,0.0,0.066,239634000.0,51824000.0,95412000.0,0.4,1.984,17.769,18.071,135466000.0,0.0,40.66,0.882,0.882,183652000.0,904748000.0,493986000.0,493986000.0,0.0,,,,,5464000.0,222292000.0,1.0,43638328.0,43638328.0,,11.32,829566000.0,5464000.0,12171000.0,51910000.0,19.01,95443000.0
9,DLX,MRQ,2019-03-31,2019-03-31,2019-03-31,2021-09-07,-54689000.0,2322411000.0,,431148000.0,1891263000.0,,20.55,-14619000.0,61529000.0,61529000.0,199623000.0,41190000.0,1.21,1.587,982087000.0,0.0,982087000.0,982087000.0,0.0,32419000.0,0.0,0.027,0.3,65539000.0,97958000.0,0.196,97958000.0,65539000.0,56238000.0,0.93,0.93,0.93,897563000.0,,897563000.0,2761695206.0,13.0,7.921,30780000.0,0.705,1.0,299442000.0,0.6,1500460000.0,9301000.0,1386060000.0,,45052000.0,44422000.0,0.0,44422000.0,1424848000.0,356449000.0,1068399000.0,1909571206.0,-6759000.0,0.0,-48452000.0,36000000.0,-13118000.0,-39407000.0,-14827000.0,0.0,45399000.0,2076000.0,41190000.0,41190000.0,41190000.0,0.0,0.0,0.083,235669000.0,63773000.0,91781000.0,0.323,2.128,14.979,15.841,138420000.0,0.0,43.72,0.952,0.952,190751000.0,908614000.0,499065000.0,499065000.0,0.0,,,,,3760000.0,230177000.0,1.0,43677292.0,43677292.0,,11.426,821951000.0,4102000.0,15048000.0,49567000.0,18.819,74699000.0
10,DLX,MRQ,2018-12-31,2018-12-31,2018-12-31,2021-09-07,-56579000.0,2305096000.0,,450046000.0,1855050000.0,,19.768,-19672000.0,59740000.0,59740000.0,215154000.0,57169000.0,1.148,1.518,911864000.0,791000.0,911073000.0,911864000.0,0.0,34177000.0,0.0,0.031,0.3,80413000.0,114590000.0,0.218,114590000.0,80413000.0,72254000.0,1.24,1.23,1.24,915413000.0,,915413000.0,2613060356.0,11.0,7.046,100541000.0,2.171,1.0,309522000.0,0.59,1520591000.0,8159000.0,1244579000.0,,46441000.0,43773000.0,0.0,43773000.0,1389683000.0,392050000.0,997633000.0,1780028356.0,19145000.0,-1507000.0,-79777000.0,20786000.0,-13726000.0,-74743000.0,-21135000.0,0.0,120213000.0,-5190000.0,57169000.0,57169000.0,57169000.0,0.0,0.0,0.109,231550000.0,77972000.0,106978000.0,0.242,1.945,11.896,12.088,90342000.0,0.0,38.44,0.891,0.891,204320000.0,927345000.0,524676000.0,524676000.0,0.0,,,,,3897000.0,224728000.0,1.0,46306669.0,46306669.0,,11.33,784505000.0,2886000.0,15085000.0,46680000.0,16.942,57996000.0
11,DLX,MRQ,2018-09-30,2018-09-30,2018-09-30,2021-09-07,-48989000.0,2267367000.0,,417342000.0,1850025000.0,,20.06,-14526000.0,57851000.0,57851000.0,197634000.0,-31083000.0,1.252,1.373,890883000.0,785000.0,890098000.0,890883000.0,0.0,33406000.0,0.0,0.021,0.3,-14926000.0,18480000.0,0.037,18480000.0,-14926000.0,-22170000.0,-0.67,-0.67,-0.67,955295000.0,,955295000.0,3409817328.0,13.0,8.811,57640000.0,1.21,1.0,295556000.0,0.599,1522595000.0,7244000.0,1244499000.0,,45118000.0,43520000.0,0.0,43520000.0,1312072000.0,333305000.0,978767000.0,2711607328.0,-19189000.0,-100191000.0,-78471000.0,123771000.0,-14181000.0,21545000.0,-114361000.0,0.0,72166000.0,1461000.0,-31083000.0,-31083000.0,-31083000.0,0.0,0.0,-0.063,312838000.0,-17282000.0,97991000.0,-0.448,2.839,15.305,15.557,83507000.0,0.0,56.94,1.378,1.378,190874000.0,957979000.0,493190000.0,493190000.0,0.0,,,,,3724000.0,208533000.0,1.0,47622187.0,47622187.0,,10.356,744772000.0,1606000.0,8913000.0,46339000.0,15.639,84037000.0
12,DLX,MRQ,2018-06-30,2018-06-30,2018-06-30,2021-09-07,-49170000.0,2293244000.0,,409404000.0,1883840000.0,,22.471,-14006000.0,68594000.0,68594000.0,190201000.0,60207000.0,1.164,1.133,766804000.0,765000.0,766039000.0,766804000.0,0.0,32376000.0,0.0,0.018,0.3,85259000.0,117635000.0,0.241,117635000.0,85259000.0,79129000.0,1.26,1.25,1.26,1075136000.0,,1075136000.0,3842623774.0,12.0,8.456,52142000.0,1.09,1.0,298043000.0,0.61,1559618000.0,6130000.0,1080071000.0,,43233000.0,43172000.0,0.0,43172000.0,1218108000.0,351765000.0,866343000.0,3167818774.0,-1176000.0,-37836000.0,-19402000.0,24165000.0,-14369000.0,-14718000.0,-50710000.0,0.0,66148000.0,-1896000.0,60207000.0,60207000.0,60207000.0,0.0,0.0,0.123,215220000.0,82823000.0,105281000.0,0.238,2.946,13.363,13.43,81751000.0,0.0,66.21,1.606,1.606,131132000.0,1076683000.0,488244000.0,488244000.0,0.0,,,,,2795000.0,209585000.0,1.0,47845020.0,47845020.0,,10.205,733626000.0,1778000.0,18922000.0,55828000.0,15.333,57639000.0
13,DLX,MRQ,2018-03-31,2018-03-31,2018-03-31,2021-09-07,-46235000.0,2273816000.0,,399938000.0,1873878000.0,,21.945,-14034000.0,67728000.0,67728000.0,188758000.0,63336000.0,1.065,1.162,742533000.0,831000.0,741702000.0,742533000.0,0.0,31141000.0,0.0,0.016,0.3,88997000.0,120138000.0,0.244,120138000.0,88997000.0,83418000.0,1.32,1.31,1.32,1051670000.0,,1051670000.0,4196883120.0,12.0,9.098,66754000.0,1.393,1.0,303156000.0,0.616,1555215000.0,5579000.0,1017773000.0,,42384000.0,42858000.0,0.0,42858000.0,1222146000.0,375633000.0,846513000.0,3546823120.0,17660000.0,-52369000.0,-14827000.0,32425000.0,-14393000.0,5736000.0,-66853000.0,0.0,80788000.0,-2011000.0,63336000.0,63336000.0,63336000.0,0.0,0.0,0.129,215448000.0,87708000.0,99474000.0,0.227,3.373,15.002,15.104,82665000.0,0.0,74.01,1.801,1.801,135979000.0,1050064000.0,491914000.0,491914000.0,0.0,,,,,2962000.0,211154000.0,1.0,47923566.0,47923566.0,,10.265,718601000.0,5000.0,20082000.0,56699000.0,14.995,24305000.0
14,DLX,MRQ,2017-12-31,2017-12-31,2017-12-31,2021-09-07,-37597000.0,2208827000.0,,392966000.0,1815861000.0,,21.093,-13099000.0,59240000.0,59240000.0,190955000.0,84709000.0,0.923,1.176,709300000.0,44040000.0,665260000.0,709300000.0,0.0,31355000.0,0.0,0.016,0.3,99394000.0,130749000.0,0.264,130749000.0,99394000.0,93830000.0,1.75,1.74,1.75,1015013000.0,,1015013000.0,4400650361.0,13.0,9.633,99436000.0,2.066,1.0,303935000.0,0.614,1515200000.0,5564000.0,917917000.0,,42249000.0,42607000.0,0.0,42607000.0,1193814000.0,425770000.0,768044000.0,3697662361.0,3118000.0,-13806000.0,-14115000.0,-47575000.0,-14426000.0,-85745000.0,-26789000.0,0.0,112535000.0,3117000.0,84709000.0,84709000.0,84709000.0,0.0,0.0,0.171,205935000.0,98000000.0,104477000.0,0.171,3.643,16.066,16.177,84638000.0,0.0,76.84,1.881,1.881,166223000.0,1004657000.0,494890000.0,494890000.0,0.0,,,,,3960000.0,201081000.0,1.0,48121582.0,48121582.0,,10.284,693627000.0,1428000.0,9121000.0,50543000.0,14.414,-32804000.0
15,DLX,MRQ,2017-09-30,2017-09-30,2017-09-30,2021-09-07,-44836000.0,2179980000.0,,372519000.0,1807461000.0,,19.658,-11563000.0,53410000.0,53410000.0,193071000.0,28801000.0,0.929,1.293,756398000.0,41966000.0,714432000.0,756398000.0,0.0,31246000.0,0.0,0.016,0.3,54655000.0,85901000.0,0.173,85901000.0,54655000.0,48947000.0,0.6,0.59,0.6,950545000.0,,950545000.0,4213600758.0,13.0,9.677,62755000.0,1.298,1.0,304598000.0,0.612,1518609000.0,5708000.0,963274000.0,,40929000.0,42178000.0,0.0,42178000.0,1229435000.0,401085000.0,828350000.0,3527927758.0,18630000.0,-47864000.0,-17698000.0,35462000.0,-14516000.0,1234000.0,-58000000.0,0.0,74318000.0,1078000.0,28801000.0,28801000.0,28801000.0,0.0,0.0,0.058,251246000.0,53352000.0,103577000.0,0.5,3.711,17.668,17.752,83253000.0,0.0,72.96,1.808,1.808,136262000.0,947261000.0,497669000.0,497669000.0,0.0,,,,,3840000.0,203349000.0,1.0,48354273.0,48354273.0,,10.292,661371000.0,2839000.0,20146000.0,65226000.0,13.678,-28566000.0
16,DLX,MRQ,2017-06-30,2017-06-30,2017-06-30,2021-09-07,-47578000.0,2168755000.0,,354279000.0,1814476000.0,,19.566,-11767000.0,34780000.0,34780000.0,179368000.0,59579000.0,0.866,1.285,720453000.0,39801000.0,680652000.0,720453000.0,0.0,30414000.0,0.0,0.017,0.3,94077000.0,124491000.0,0.257,124491000.0,94077000.0,88819000.0,1.23,1.22,1.23,948989000.0,,948989000.0,4011240347.0,11.0,8.615,65467000.0,1.35,1.0,305864000.0,0.63,1540676000.0,5258000.0,904536000.0,,41434000.0,41851000.0,0.0,41851000.0,1219766000.0,409216000.0,810550000.0,3357264347.0,-50732000.0,-72314000.0,-14165000.0,-19491000.0,-14565000.0,-48424000.0,-80303000.0,3500000.0,77234000.0,761000.0,59579000.0,59579000.0,59579000.0,0.0,0.0,0.123,213037000.0,92827000.0,97248000.0,0.244,3.538,14.626,14.696,84279000.0,0.0,69.22,1.756,1.756,139332000.0,948216000.0,485232000.0,485232000.0,0.0,,,,,3608000.0,208656000.0,1.0,48501363.0,48501363.0,,10.005,628079000.0,2718000.0,29240000.0,78665000.0,12.95,-54937000.0
17,DLX,MRQ,2017-03-31,2017-03-31,2017-03-31,2021-09-07,-49189000.0,2162289000.0,,391523000.0,1770766000.0,,18.824,-11021000.0,85512000.0,85512000.0,179314000.0,57066000.0,0.954,1.368,739488000.0,37837000.0,701651000.0,739488000.0,0.0,29637000.0,0.0,0.017,0.3,86060000.0,115697000.0,0.237,115697000.0,86060000.0,81231000.0,1.17,1.16,1.17,913160000.0,,913160000.0,4183044236.0,12.0,9.188,63323000.0,1.305,1.0,308452000.0,0.632,1495867000.0,4829000.0,910129000.0,,39650000.0,42690000.0,0.0,42690000.0,1249129000.0,410269000.0,838860000.0,3500970236.0,8938000.0,-5239000.0,-9989000.0,-19561000.0,-14591000.0,-50021000.0,-15799000.0,0.0,74344000.0,414000.0,57066000.0,57066000.0,57066000.0,0.0,0.0,0.117,223454000.0,84998000.0,87000000.0,0.256,3.834,15.332,15.454,83484000.0,0.0,72.17,1.865,1.865,133076000.0,913847000.0,487766000.0,487766000.0,0.0,,,,,3701000.0,217144000.0,1.0,48510049.0,48510049.0,,10.055,666422000.0,1618000.0,24165000.0,80375000.0,13.738,-18746000.0
18,DLX,MRQ,2016-12-31,2016-12-31,2016-12-31,2021-09-07,-50371000.0,2184338000.0,,398230000.0,1786108000.0,,18.128,-14399000.0,76574000.0,76574000.0,177406000.0,54228000.0,0.958,1.479,758648000.0,35842000.0,722806000.0,758648000.0,0.0,23872000.0,0.0,0.017,0.3,85470000.0,109342000.0,0.228,109342000.0,85470000.0,78449000.0,1.11,1.1,1.11,880970000.0,,880970000.0,4017656255.0,11.0,8.844,96792000.0,1.992,1.0,302796000.0,0.631,1515737000.0,7021000.0,934991000.0,,40182000.0,42240000.0,0.0,42240000.0,1303368000.0,415684000.0,887684000.0,3479980255.0,30524000.0,-175027000.0,-8027000.0,133684000.0,-14593000.0,109048000.0,-189112000.0,0.0,111191000.0,-603000.0,54228000.0,54228000.0,54228000.0,0.0,0.0,0.113,211792000.0,91004000.0,106793000.0,0.27,3.95,15.171,15.301,86896000.0,0.0,71.61,1.882,1.882,152649000.0,882795000.0,480202000.0,480202000.0,0.0,,,,,3195000.0,208675000.0,1.0,48596289.0,48596289.0,,9.881,668601000.0,1605000.0,24221000.0,85172000.0,13.758,-17454000.0
19,DLX,MRQ,2016-09-30,2016-09-30,2016-09-30,2021-09-07,-50059000.0,1941148000.0,,372508000.0,1568640000.0,,17.429,-10031000.0,80065000.0,80065000.0,166270000.0,58663000.0,1.134,1.284,617741000.0,951000.0,616790000.0,617741000.0,0.0,23059000.0,0.0,0.018,0.3,93034000.0,116093000.0,0.253,116093000.0,93034000.0,88179000.0,1.2,1.19,1.2,849947000.0,,849947000.0,3802865115.0,10.0,8.291,69824000.0,1.432,1.0,292650000.0,0.638,1303519000.0,4855000.0,846882000.0,,41474000.0,41893000.0,0.0,41893000.0,1091201000.0,328423000.0,762778000.0,3258629115.0,10473000.0,-36140000.0,-12295000.0,4711000.0,-14681000.0,-23555000.0,-44858000.0,0.0,79855000.0,-969000.0,58663000.0,58663000.0,58663000.0,0.0,0.0,0.128,200358000.0,92292000.0,86835000.0,0.25,3.834,13.875,13.979,83667000.0,0.0,66.82,1.778,1.778,117761000.0,851420000.0,458920000.0,458920000.0,0.0,,,,,2399000.0,198365000.0,1.0,48767272.0,48767272.0,,9.41,637629000.0,1749000.0,29516000.0,80754000.0,13.075,44085000.0
20,DLX,MRQ,2016-06-30,2016-06-30,2016-06-30,2021-09-07,-49220000.0,1868902000.0,,332993000.0,1535909000.0,,16.697,-11995000.0,69592000.0,69592000.0,159832000.0,58389000.0,1.129,1.288,613828000.0,1041000.0,612787000.0,613828000.0,0.0,22773000.0,0.0,0.018,0.3,91391000.0,114164000.0,0.253,114164000.0,91391000.0,86208000.0,1.19,1.18,1.19,816742000.0,,816742000.0,3790545085.0,10.0,8.394,43603000.0,0.891,1.0,290810000.0,0.645,1274607000.0,5183000.0,843560000.0,,38086000.0,42423000.0,0.0,42423000.0,1052160000.0,294971000.0,757189000.0,3246488085.0,-1418000.0,-21830000.0,-13369000.0,-3316000.0,-14706000.0,-32800000.0,-24533000.0,1635000.0,55598000.0,317000.0,58389000.0,58389000.0,58389000.0,0.0,0.0,0.13,199861000.0,90949000.0,83341000.0,0.252,3.975,13.926,14.061,84883000.0,0.0,66.37,1.79,1.79,108938000.0,817202000.0,450642000.0,450642000.0,0.0,,,,,3441000.0,198726000.0,1.0,48914993.0,48914993.0,,9.213,594295000.0,1756000.0,27819000.0,80962000.0,12.15,38022000.0
21,DLX,MRQ,2016-03-31,2016-03-31,2016-03-31,2021-09-07,-50113000.0,1832757000.0,,312573000.0,1520184000.0,,16.009,-10189000.0,71010000.0,71010000.0,164305000.0,58102000.0,0.442,1.338,615067000.0,417040000.0,198027000.0,615067000.0,0.0,21879000.0,0.0,0.019,0.3,92793000.0,114672000.0,0.25,114672000.0,92793000.0,87550000.0,1.18,1.18,1.18,783866000.0,,783866000.0,3628581301.0,10.0,8.152,62479000.0,1.276,1.0,294993000.0,0.642,1259154000.0,5243000.0,411025000.0,,39953000.0,41936000.0,0.0,41936000.0,1048891000.0,706635000.0,342256000.0,3059741301.0,8583000.0,-6667000.0,-12419000.0,-18268000.0,-14740000.0,-46695000.0,-21008000.0,0.0,72668000.0,3618000.0,58102000.0,58102000.0,58102000.0,0.0,0.0,0.127,202350000.0,92643000.0,78777000.0,0.254,3.903,13.258,13.439,84121000.0,0.0,62.49,1.701,1.701,105919000.0,785069000.0,459298000.0,459298000.0,0.0,,,,,3424000.0,201471000.0,1.0,48963695.0,48963695.0,,9.38,573603000.0,1316000.0,29448000.0,80947000.0,11.715,-394062000.0
22,DLX,MRQ,2015-12-31,2015-12-31,2015-12-31,2021-09-07,-55203000.0,1842153000.0,,323985000.0,1518168000.0,,15.138,-13712000.0,62427000.0,62427000.0,171287000.0,59709000.0,1.022,1.472,629018000.0,1045000.0,627973000.0,629018000.0,0.0,22269000.0,0.0,0.022,0.3,91451000.0,113720000.0,0.245,113720000.0,91451000.0,86474000.0,1.21,1.2,1.21,745069000.0,,745069000.0,3140067110.0,9.0,7.389,76771000.0,1.56,1.0,292222000.0,0.63,1261726000.0,4977000.0,829975000.0,,41956000.0,41691000.0,0.0,41691000.0,1097084000.0,317043000.0,780041000.0,2684451110.0,-468000.0,-162057000.0,-12553000.0,114729000.0,-14790000.0,86671000.0,-175436000.0,0.0,90483000.0,-2186000.0,59709000.0,59709000.0,59709000.0,0.0,0.0,0.129,201429000.0,90793000.0,87575000.0,0.248,3.603,12.279,12.424,85732000.0,0.0,54.54,1.514,1.514,123654000.0,751253000.0,463509000.0,463509000.0,0.0,,,,,3120000.0,199749000.0,1.0,49219859.0,49219859.0,,9.417,580427000.0,1238000.0,26765000.0,81076000.0,11.793,6942000.0
23,DLX,MRQ,2015-09-30,2015-09-30,2015-09-30,2021-09-07,-45068000.0,1692421000.0,,311739000.0,1380682000.0,,14.413,-10242000.0,62895000.0,62895000.0,159302000.0,56917000.0,0.511,1.35,518511000.0,320049000.0,198462000.0,518511000.0,0.0,18753000.0,0.0,0.022,0.3,90287000.0,109040000.0,0.248,109040000.0,90287000.0,85900000.0,1.14,1.13,1.14,720073000.0,,720073000.0,3223622318.0,9.0,7.695,61999000.0,1.241,1.0,280514000.0,0.638,1111657000.0,4387000.0,426173000.0,,42195000.0,43774000.0,0.0,43774000.0,972348000.0,610207000.0,362141000.0,2784779318.0,-2031000.0,-15133000.0,-45639000.0,10730000.0,-14922000.0,-50029000.0,-20936000.0,0.0,72241000.0,-3307000.0,56917000.0,56917000.0,56917000.0,0.0,0.0,0.129,191146000.0,89368000.0,77209000.0,0.263,3.867,12.84,12.843,82768000.0,0.0,55.74,1.584,1.584,100380000.0,715922000.0,439816000.0,439816000.0,0.0,,,,,2834000.0,189641000.0,1.0,49960160.0,49960160.0,,8.803,580764000.0,11171000.0,28983000.0,94634000.0,11.625,-298468000.0
24,DLX,MRQ,2015-06-30,2015-06-30,2015-06-30,2021-09-07,-40831000.0,1688785000.0,,312279000.0,1376506000.0,,14.531,-9795000.0,64926000.0,64926000.0,155938000.0,56063000.0,0.519,1.328,503769000.0,308998000.0,194771000.0,503769000.0,0.0,17995000.0,0.0,0.019,0.3,89703000.0,107698000.0,0.247,107698000.0,89703000.0,85283000.0,1.12,1.11,1.12,725527000.0,,725527000.0,3552800648.0,11.0,8.819,58582000.0,1.173,1.0,279936000.0,0.642,1101340000.0,4420000.0,424415000.0,,40521000.0,45500000.0,0.0,45500000.0,963258000.0,601873000.0,361385000.0,3095672648.0,6607000.0,-28216000.0,746000.0,-10182000.0,-15032000.0,-24351000.0,-38135000.0,0.0,68377000.0,716000.0,56063000.0,56063000.0,56063000.0,0.0,0.0,0.129,191057000.0,88879000.0,77445000.0,0.268,4.267,15.145,15.159,84092000.0,0.0,62.0,1.788,1.788,95116000.0,701295000.0,435874000.0,435874000.0,0.0,,,,,2785000.0,190091000.0,1.0,49930204.0,49930204.0,,8.73,587445000.0,11842000.0,29220000.0,95053000.0,11.765,-289594000.0
25,DLX,MRQ,2015-03-31,2015-03-31,2015-03-31,2021-09-07,-42095000.0,1665640000.0,,294944000.0,1370696000.0,,13.625,-9512000.0,58319000.0,58319000.0,152681000.0,45940000.0,0.479,1.45,515447000.0,319013000.0,196434000.0,515447000.0,0.0,17683000.0,0.0,0.017,0.3,76804000.0,94487000.0,0.218,94487000.0,76804000.0,70289000.0,0.92,0.91,0.92,679746000.0,,679746000.0,3949133642.0,12.0,9.951,69018000.0,1.383,1.0,280936000.0,0.648,1089513000.0,6515000.0,418126000.0,,38100000.0,46137000.0,0.0,46137000.0,985894000.0,615129000.0,370765000.0,3456362642.0,-3222000.0,-7584000.0,3389000.0,-49339000.0,-15011000.0,-60678000.0,-16633000.0,0.0,78530000.0,-4441000.0,45940000.0,45940000.0,45940000.0,0.0,0.0,0.106,195645000.0,85291000.0,75227000.0,0.326,5.085,17.42,17.451,85258000.0,0.0,69.28,2.032,2.032,94361000.0,660264000.0,433617000.0,433617000.0,0.0,,,,,3155000.0,195378000.0,1.0,49889761.0,49889761.0,,8.692,576127000.0,11586000.0,24349000.0,94836000.0,11.548,-320185000.0
26,DLX,MRQ,2014-12-31,2014-12-31,2014-12-31,2021-09-07,-36338000.0,1688391000.0,,318890000.0,1369501000.0,,13.036,-3019000.0,61541000.0,61541000.0,165309000.0,57964000.0,0.682,1.608,554312000.0,160911000.0,393401000.0,554312000.0,0.0,17297000.0,0.0,0.018,0.3,90403000.0,107700000.0,0.24,107700000.0,90403000.0,82551000.0,1.16,1.16,1.16,647497000.0,,647497000.0,3548677188.0,11.0,8.882,78720000.0,1.585,1.0,283204000.0,0.631,1075556000.0,7852000.0,638358000.0,,39411000.0,46451000.0,0.0,46451000.0,1040894000.0,467248000.0,573646000.0,3092066188.0,-126460000.0,-92885000.0,334000.0,-92373000.0,-14972000.0,-110663000.0,-95609000.0,0.0,81739000.0,-1927000.0,57964000.0,57964000.0,57964000.0,0.0,0.0,0.129,193058000.0,90146000.0,87216000.0,0.259,4.775,15.476,15.602,87623000.0,0.0,62.25,1.847,1.847,113656000.0,629335000.0,448513000.0,448513000.0,0.0,,,,,2779000.0,192054000.0,1.0,49671746.0,49671746.0,,9.03,612835000.0,11570000.0,24587000.0,95838000.0,12.338,-148358000.0
27,DLX,MRQ,2014-09-30,2014-09-30,2014-09-30,2021-09-07,-35090000.0,1671464000.0,,394996000.0,1276468000.0,,12.141,-9798000.0,188001000.0,188001000.0,150150000.0,44431000.0,0.781,1.767,644612000.0,254291000.0,390321000.0,644612000.0,0.0,15927000.0,0.0,0.02,0.3,77053000.0,92980000.0,0.225,92980000.0,77053000.0,67473000.0,0.89,0.88,0.89,604168000.0,,604168000.0,3243947014.0,10.0,8.395,67712000.0,1.361,1.0,263054000.0,0.637,970089000.0,9580000.0,652300000.0,,36099000.0,46025000.0,0.0,46025000.0,1067296000.0,505686000.0,561610000.0,2744913014.0,41059000.0,-3258000.0,-6498000.0,-404000.0,-14954000.0,-21302000.0,-12683000.0,0.0,77510000.0,-2466000.0,44431000.0,44431000.0,44431000.0,0.0,0.0,0.108,186322000.0,76732000.0,74280000.0,0.337,4.543,14.635,14.749,94448000.0,0.0,55.16,1.67,1.67,91368000.0,586739000.0,413204000.0,413204000.0,0.0,,,,,2400000.0,175661000.0,1.0,49762745.0,49762745.0,,8.303,701375000.0,7205000.0,23042000.0,83941000.0,14.094,-110690000.0
28,DLX,MRQ,2014-06-30,2014-06-30,2014-06-30,2021-09-07,-32244000.0,1636400000.0,,344187000.0,1292213000.0,,11.624,-8901000.0,146942000.0,146942000.0,145891000.0,50076000.0,0.707,1.812,645976000.0,254791000.0,391185000.0,645976000.0,0.0,16353000.0,0.0,0.018,0.3,85327000.0,101680000.0,0.251,101680000.0,85327000.0,75797000.0,1.0,0.99,1.0,581833000.0,,581833000.0,3434754019.0,11.0,8.808,43609000.0,0.871,1.0,259519000.0,0.64,977448000.0,9530000.0,671471000.0,,32737000.0,45697000.0,0.0,45697000.0,1054567000.0,486515000.0,568052000.0,2932165019.0,6327000.0,-6020000.0,-18253000.0,-359000.0,-15033000.0,-33019000.0,-14741000.0,0.0,52510000.0,1577000.0,50076000.0,50076000.0,50076000.0,0.0,0.0,0.124,174560000.0,84959000.0,72238000.0,0.3,5.04,15.43,15.497,96752000.0,0.0,58.58,1.801,1.801,85376000.0,564318000.0,405410000.0,405410000.0,0.0,,,,,2689000.0,173546000.0,1.0,50054029.0,50054029.0,,8.099,658952000.0,8241000.0,25721000.0,84553000.0,13.165,-142328000.0
29,DLX,MRQ,2014-03-31,2014-03-31,2014-03-31,2021-09-07,-35293000.0,1564332000.0,,318794000.0,1245538000.0,,11.086,-10950000.0,140615000.0,140615000.0,144928000.0,47324000.0,0.673,1.798,643204000.0,255262000.0,387942000.0,643204000.0,0.0,16265000.0,0.0,0.019,0.25,80927000.0,97192000.0,0.239,97192000.0,80927000.0,71360000.0,0.94,0.93,0.94,558993000.0,,558993000.0,3165361650.0,10.0,8.178,62389000.0,1.237,1.0,262027000.0,0.644,978237000.0,9567000.0,615017000.0,,29334000.0,44700000.0,0.0,44700000.0,1005339000.0,473667000.0,531672000.0,2645746650.0,19526000.0,-2866000.0,-26554000.0,-1267000.0,-12644000.0,-39064000.0,-13010000.0,0.0,73339000.0,-1739000.0,47324000.0,47324000.0,47324000.0,0.0,0.0,0.116,181231000.0,80796000.0,69353000.0,0.266,4.733,14.066,14.067,98633000.0,0.0,52.47,1.649,1.649,77974000.0,544243000.0,406955000.0,406955000.0,0.0,,,,,1908000.0,177931000.0,1.0,50423988.0,50423988.0,,8.071,586095000.0,8357000.0,24036000.0,83624000.0,11.623,-154873000.0
30,DLX,MRQ,2013-12-31,2013-12-31,2013-12-31,2021-09-07,-33424000.0,1569529000.0,,319313000.0,1250216000.0,,10.9,-10673000.0,121089000.0,121089000.0,152049000.0,45722000.0,0.652,1.851,640704000.0,255589000.0,385115000.0,640704000.0,0.0,16152000.0,0.0,0.019,0.25,78400000.0,94552000.0,0.226,94552000.0,78400000.0,68803000.0,0.91,0.9,0.91,550457000.0,,550457000.0,3179110631.0,10.0,8.283,66856000.0,1.324,1.0,265708000.0,0.636,976353000.0,9597000.0,622720000.0,,28966000.0,44451000.0,0.0,44451000.0,1019072000.0,490071000.0,529001000.0,2635582631.0,21049000.0,-21595000.0,-11933000.0,171000.0,-12684000.0,-22973000.0,-32221000.0,0.0,77529000.0,-1286000.0,45722000.0,45722000.0,45722000.0,0.0,0.0,0.109,187706000.0,78002000.0,71492000.0,0.275,4.788,14.12,14.182,101343000.0,0.0,52.19,1.663,1.663,88049000.0,510941000.0,417757000.0,417757000.0,0.0,,,,,2008000.0,178346000.0,1.0,50499763.0,50499763.0,,8.272,593176000.0,8797000.0,23081000.0,82814000.0,11.746,-170758000.0
31,DLX,MRQ,2013-09-30,2013-09-30,2013-09-30,2021-09-07,-40632000.0,1509686000.0,,277933000.0,1231753000.0,,10.326,-10196000.0,100040000.0,100040000.0,142223000.0,46903000.0,1.277,1.901,643568000.0,499000.0,643069000.0,643568000.0,0.0,16275000.0,0.0,0.024,0.25,80275000.0,96550000.0,0.243,96550000.0,80275000.0,70613000.0,0.93,0.92,0.93,520326000.0,,520326000.0,2688884438.0,9.0,7.113,71635000.0,1.422,1.0,255857000.0,0.643,964933000.0,9662000.0,870627000.0,,26825000.0,44391000.0,0.0,44391000.0,989360000.0,217654000.0,771706000.0,2099270438.0,47210000.0,-13034000.0,1717000.0,-1765000.0,-12665000.0,-12252000.0,-23147000.0,0.0,81831000.0,778000.0,46903000.0,46903000.0,46903000.0,0.0,0.0,0.118,176139000.0,79718000.0,68875000.0,0.269,4.035,11.435,11.54,101627000.0,0.0,41.66,1.35,1.35,80218000.0,477903000.0,398080000.0,398080000.0,0.0,,,,,1943000.0,173359000.0,1.0,50390553.0,50390553.0,,7.9,544753000.0,6986000.0,23710000.0,78966000.0,10.811,60279000.0
32,DLX,MRQ,2013-06-30,2013-06-30,2013-06-30,2021-09-07,-42636000.0,1447969000.0,,229775000.0,1218194000.0,,9.448,-8286000.0,52830000.0,52830000.0,133547000.0,48152000.0,1.137,2.013,642444000.0,277000.0,642167000.0,642444000.0,0.0,16147000.0,0.0,0.029,0.25,82603000.0,98750000.0,0.259,98750000.0,82603000.0,73040000.0,0.95,0.94,0.95,480548000.0,,480548000.0,2342273380.0,8.0,6.32,42388000.0,0.833,1.0,247886000.0,0.65,963892000.0,9563000.0,871523000.0,,25197000.0,44061000.0,0.0,44061000.0,967421000.0,202168000.0,765253000.0,1762413380.0,-17911000.0,-33720000.0,-19012000.0,-114000.0,-12631000.0,-31551000.0,-35845000.0,0.0,50674000.0,-1189000.0,48152000.0,48152000.0,48152000.0,0.0,0.0,0.126,165425000.0,82461000.0,63764000.0,0.263,3.668,9.891,9.928,100823000.0,0.0,34.65,1.148,1.148,75610000.0,443665000.0,381433000.0,381433000.0,0.0,,,,,1692000.0,164501000.0,1.0,50863301.0,50863301.0,,7.499,484077000.0,8103000.0,24888000.0,77982000.0,9.517,27607000.0
33,DLX,MRQ,2013-03-31,2013-03-31,2013-03-31,2021-09-07,-41272000.0,1441810000.0,,255880000.0,1185930000.0,,9.134,-8304000.0,70741000.0,70741000.0,133297000.0,45875000.0,1.176,2.109,650601000.0,172000.0,650429000.0,650601000.0,0.0,15899000.0,0.0,0.024,0.25,78083000.0,93982000.0,0.243,93982000.0,78083000.0,68604000.0,0.9,0.89,0.9,463823000.0,,463823000.0,2709345057.0,9.0,7.483,43164000.0,0.85,1.0,254256000.0,0.656,935589000.0,9479000.0,868404000.0,,23735000.0,44415000.0,0.0,44415000.0,977987000.0,217677000.0,760310000.0,2102199057.0,25306000.0,-1360000.0,-3622000.0,-83000.0,-12731000.0,-15521000.0,-9837000.0,0.0,51468000.0,-804000.0,45875000.0,45875000.0,45875000.0,0.0,0.0,0.118,176523000.0,77733000.0,63210000.0,0.278,4.532,12.202,12.285,101770000.0,0.0,41.4,1.379,1.379,74873000.0,408144000.0,387553000.0,387553000.0,0.0,,,,,1919000.0,175152000.0,1.0,50777755.0,50777755.0,,7.632,506221000.0,8395000.0,22729000.0,74744000.0,9.969,38203000.0
34,DLX,MRQ,2012-12-31,2012-12-31,2012-12-31,2021-09-07,-40647000.0,1412440000.0,,219743000.0,1192697000.0,,8.505,-7018000.0,45435000.0,45435000.0,137603000.0,42647000.0,0.998,2.262,652581000.0,0.0,652581000.0,652581000.0,0.0,15980000.0,0.0,0.031,0.25,72788000.0,88768000.0,0.229,88768000.0,72788000.0,60885000.0,0.83,0.83,0.83,432935000.0,,432935000.0,2277788499.0,8.0,6.271,59904000.0,1.177,1.0,249980000.0,0.645,940353000.0,11903000.0,859123000.0,,23291000.0,46898000.0,0.0,46898000.0,979505000.0,220110000.0,759395000.0,1641103499.0,-60202000.0,-1590000.0,-12446000.0,-92251000.0,-12787000.0,-116319000.0,-10620000.0,0.0,66922000.0,-185000.0,42647000.0,42647000.0,42647000.0,0.0,0.0,0.11,172223000.0,77757000.0,65107000.0,0.301,3.791,9.626,9.682,104189000.0,0.0,32.24,1.083,1.083,70387000.0,375000000.0,387583000.0,387583000.0,0.0,,,,,1982000.0,169674000.0,1.0,50902714.0,50902714.0,,7.614,472087000.0,9349000.0,18238000.0,75147000.0,9.274,-367000.0
35,DLX,MRQ,2012-09-30,2012-09-30,2012-09-30,2021-09-07,-55882000.0,1467291000.0,,271043000.0,1196248000.0,,7.872,-8228000.0,105637000.0,105637000.0,131690000.0,41503000.0,0.904,2.687,742322000.0,85075000.0,657247000.0,742322000.0,0.0,16238000.0,0.0,0.033,0.25,72855000.0,89093000.0,0.235,89093000.0,72855000.0,60965000.0,0.81,0.81,0.81,397990000.0,,397990000.0,2241978331.0,8.0,6.136,69018000.0,1.365,1.0,246648000.0,0.652,944878000.0,11890000.0,859379000.0,,24200000.0,46574000.0,0.0,46574000.0,1069301000.0,299719000.0,769582000.0,1544966331.0,60506000.0,-4260000.0,6737000.0,24000.0,-12708000.0,-5270000.0,-12161000.0,0.0,77246000.0,691000.0,41503000.0,41503000.0,41503000.0,0.0,0.0,0.11,173978000.0,72670000.0,67073000.0,0.309,3.882,9.214,9.317,106492000.0,0.0,30.56,1.034,1.034,67364000.0,345140000.0,378338000.0,378338000.0,0.0,,,,,1906000.0,171237000.0,1.0,50555181.0,50555181.0,,7.484,522413000.0,6312000.0,19462000.0,54756000.0,10.334,-28676000.0
36,DLX,MRQ,2012-06-30,2012-06-30,2012-06-30,2021-09-07,-57949000.0,1422194000.0,,221083000.0,1201111000.0,,7.039,-8338000.0,45131000.0,45131000.0,127594000.0,42262000.0,0.765,2.962,742143000.0,85296000.0,656847000.0,742143000.0,0.0,16337000.0,0.0,0.04,0.25,73893000.0,90230000.0,0.243,90230000.0,73893000.0,62537000.0,0.83,0.82,0.83,358917000.0,,358917000.0,1955028398.0,7.0,5.44,39575000.0,0.776,1.0,243420000.0,0.656,951233000.0,11356000.0,878988000.0,,23813000.0,46126000.0,0.0,46126000.0,1063277000.0,288985000.0,774292000.0,1271722398.0,-13584000.0,-31069000.0,-11787000.0,-149000.0,-12663000.0,-24518000.0,-36644000.0,0.0,47913000.0,-335000.0,42262000.0,42262000.0,42262000.0,0.0,0.0,0.114,169844000.0,73576000.0,60705000.0,0.301,3.543,7.806,7.818,108223000.0,0.0,24.94,0.865,0.865,69283000.0,316344000.0,371014000.0,371014000.0,0.0,,,,,1854000.0,167718000.0,1.0,50991275.0,50991275.0,,7.276,470961000.0,6809000.0,20275000.0,54265000.0,9.236,-67902000.0
37,DLX,MRQ,2012-03-31,2012-03-31,2012-03-31,2021-09-07,-57870000.0,1410010000.0,,226137000.0,1183873000.0,,6.668,-8996000.0,58715000.0,58715000.0,127487000.0,44079000.0,0.766,3.151,742021000.0,85497000.0,656524000.0,742021000.0,0.0,17097000.0,0.0,0.043,0.25,78064000.0,95161000.0,0.252,95161000.0,78064000.0,66367000.0,0.86,0.86,0.86,339648000.0,,339648000.0,1905875270.0,7.0,5.414,43000000.0,0.844,1.0,250494000.0,0.663,929083000.0,11697000.0,869153000.0,,22742000.0,45855000.0,0.0,45855000.0,1070362000.0,295080000.0,775282000.0,1192856270.0,30028000.0,-540000.0,2661000.0,-3666000.0,-12760000.0,-13403000.0,-9088000.0,0.0,51996000.0,523000.0,44079000.0,44079000.0,44079000.0,0.0,0.0,0.117,172469000.0,78025000.0,58310000.0,0.291,3.512,7.641,7.679,110695000.0,0.0,23.42,0.825,0.825,67750000.0,286745000.0,377981000.0,377981000.0,0.0,,,,,1550000.0,171831000.0,1.0,50933231.0,50933231.0,,7.421,480927000.0,6481000.0,22288000.0,52135000.0,9.442,-68943000.0
38,DLX,MRQ,2011-12-31,2011-12-31,2011-12-31,2021-09-07,-59401000.0,1388809000.0,,192575000.0,1196234000.0,,5.956,-6581000.0,28687000.0,28687000.0,129915000.0,39831000.0,0.641,3.588,741706000.0,85575000.0,656131000.0,741706000.0,0.0,16881000.0,0.0,0.044,0.25,74006000.0,90887000.0,0.248,90887000.0,74006000.0,62131000.0,0.78,0.78,0.78,302689000.0,,302689000.0,1909174114.0,7.0,5.661,57539000.0,1.132,1.0,236511000.0,0.645,934337000.0,11875000.0,867124000.0,,22043000.0,45147000.0,0.0,45147000.0,1086120000.0,300367000.0,785753000.0,1156603114.0,5666000.0,-4139000.0,74000.0,-35161000.0,-12731000.0,-47738000.0,-11239000.0,0.0,64120000.0,523000.0,39831000.0,39831000.0,39831000.0,0.0,0.0,0.109,162539000.0,73972000.0,64694000.0,0.321,3.821,7.999,8.071,113411000.0,0.0,22.76,0.816,0.816,69023000.0,255426000.0,366426000.0,366426000.0,0.0,,,,,1230000.0,159439000.0,1.0,50817360.0,50817360.0,,7.211,454472000.0,7216000.0,22300000.0,49807000.0,8.943,-107792000.0
39,DLX,MRQ,2011-09-30,2011-09-30,2011-09-30,2021-09-07,-50484000.0,1387387000.0,,180456000.0,1206931000.0,,5.553,-8930000.0,23021000.0,23021000.0,122638000.0,36735000.0,0.744,3.896,775592000.0,33000000.0,742592000.0,775592000.0,0.0,17779000.0,0.0,0.054,0.25,65344000.0,83123000.0,0.234,83123000.0,65344000.0,53513000.0,0.72,0.71,0.72,283371000.0,,283371000.0,1684570949.0,7.0,5.167,58135000.0,1.139,1.0,232506000.0,0.655,940654000.0,11831000.0,956743000.0,,22486000.0,44768000.0,0.0,44768000.0,1104016000.0,242561000.0,861455000.0,949230949.0,5395000.0,-49923000.0,-4551000.0,22846000.0,-12732000.0,5222000.0,-65236000.0,0.0,67065000.0,-1656000.0,36735000.0,36735000.0,36735000.0,0.0,0.0,0.103,166861000.0,65645000.0,63167000.0,0.347,3.35,6.8,6.838,116773000.0,0.0,18.6,0.677,0.677,65039000.0,228326000.0,355144000.0,355144000.0,0.0,,,,,1376000.0,162524000.0,1.0,51033922.0,51033922.0,,6.959,446733000.0,8697000.0,16778000.0,51926000.0,8.754,-62105000.0
40,DLX,MRQ,2011-06-30,2011-06-30,2011-06-30,2021-09-07,-47561000.0,1334976000.0,,183176000.0,1151800000.0,,5.166,-10874000.0,17626000.0,17626000.0,120687000.0,35473000.0,0.879,4.025,752966000.0,13000000.0,739966000.0,752966000.0,0.0,18940000.0,0.0,0.04,0.25,63917000.0,82857000.0,0.239,82857000.0,63917000.0,51863000.0,0.69,0.68,0.69,265643000.0,,265643000.0,1977859448.0,7.0,5.638,32268000.0,0.628,1.0,225587000.0,0.651,904814000.0,12054000.0,957202000.0,,21359000.0,38288000.0,0.0,38288000.0,1069333000.0,208300000.0,861033000.0,1270507448.0,-14226000.0,-36754000.0,-11119000.0,12771000.0,-12782000.0,-10569000.0,-46929000.0,0.0,43142000.0,130000.0,35473000.0,35473000.0,35473000.0,0.0,0.0,0.102,161601000.0,63986000.0,61822000.0,0.362,4.783,8.269,8.264,117081000.0,0.0,24.71,0.898,0.898,65177000.0,204323000.0,346274000.0,346274000.0,0.0,,,,,1573000.0,157526000.0,1.0,51416732.0,51416732.0,,6.735,430162000.0,8624000.0,16390000.0,49596000.0,8.366,-25124000.0
41,DLX,MRQ,2011-03-31,2011-03-31,2011-03-31,2021-09-07,-48453000.0,1316618000.0,,193244000.0,1123374000.0,,4.816,-8422000.0,31852000.0,31852000.0,120163000.0,32556000.0,0.935,4.317,739204000.0,0.0,739204000.0,739204000.0,0.0,19743000.0,0.0,0.038,0.25,60615000.0,80358000.0,0.23,80358000.0,60615000.0,48577000.0,0.63,0.63,0.63,247605000.0,,247605000.0,2102330521.0,8.0,6.007,52618000.0,1.023,1.0,229589000.0,0.656,871515000.0,12038000.0,945699000.0,,20703000.0,37947000.0,0.0,37947000.0,1069013000.0,206756000.0,862257000.0,1364591521.0,14469000.0,0.0,-353000.0,-26135000.0,-12881000.0,-38617000.0,-8381000.0,0.0,61040000.0,427000.0,32556000.0,32556000.0,32556000.0,0.0,0.0,0.093,162134000.0,67455000.0,59487000.0,0.397,5.511,8.99,8.997,119657000.0,0.0,26.54,0.963,0.963,61396000.0,181632000.0,349752000.0,349752000.0,0.0,,,,,1554000.0,160817000.0,1.0,51416410.0,51416410.0,,6.802,445103000.0,9205000.0,16021000.0,49416000.0,8.657,-13512000.0
42,DLX,MRQ,2010-12-31,2010-12-31,2010-12-31,2021-09-07,-50012000.0,1308691000.0,,171237000.0,1137454000.0,,4.409,-12319000.0,17383000.0,17383000.0,126683000.0,34825000.0,0.81,4.786,755122000.0,7000000.0,748122000.0,755122000.0,0.0,19252000.0,0.0,0.043,0.25,60448000.0,79700000.0,0.227,79700000.0,60448000.0,49533000.0,0.68,0.68,0.68,226198000.0,,226198000.0,1939200660.0,7.0,5.489,29812000.0,0.581,1.0,224805000.0,0.64,881049000.0,10915000.0,953869000.0,,21660000.0,37410000.0,0.0,37410000.0,1082493000.0,211512000.0,870981000.0,1181013660.0,-3708000.0,0.0,189000.0,-22098000.0,-12849000.0,-34474000.0,-11805000.0,-1970000.0,42131000.0,440000.0,34825000.0,34825000.0,34825000.0,0.0,0.0,0.099,163944000.0,60861000.0,60478000.0,0.368,5.221,7.738,7.751,120221000.0,0.0,23.02,0.842,0.842,66471000.0,161957000.0,351488000.0,351488000.0,0.0,,,,,1602000.0,157984000.0,1.0,51303808.0,51303808.0,,6.851,427642000.0,9390000.0,14708000.0,46752000.0,8.335,-40275000.0
43,DLX,MRQ,2010-09-30,2010-09-30,2010-09-30,2021-09-07,-50356000.0,1324851000.0,,180571000.0,1144280000.0,,3.94,-10547000.0,21091000.0,21091000.0,121433000.0,50800000.0,0.724,5.545,779278000.0,30000000.0,749278000.0,779278000.0,0.0,19379000.0,0.0,0.052,0.25,88519000.0,107898000.0,0.293,107898000.0,88519000.0,77312000.0,0.99,0.98,0.99,202413000.0,,202413000.0,1813820412.0,7.0,5.238,89398000.0,1.74,1.0,246200000.0,0.67,888624000.0,11207000.0,944981000.0,,21886000.0,36917000.0,0.0,36917000.0,1122438000.0,249433000.0,873005000.0,982820412.0,5578000.0,0.0,-1521000.0,-69693000.0,-12890000.0,-84179000.0,-10612000.0,0.0,99945000.0,424000.0,50800000.0,50800000.0,50800000.0,372000.0,0.0,0.138,157692000.0,88508000.0,63584000.0,0.253,4.856,6.626,6.619,119569000.0,0.0,19.13,0.707,0.707,61624000.0,139981000.0,367633000.0,367633000.0,0.0,,,,,1464000.0,157589000.0,1.0,51375871.0,51375871.0,,7.156,436227000.0,11209000.0,26512000.0,46531000.0,8.491,-68862000.0
44,DLX,MRQ,2010-06-30,2010-06-30,2010-06-30,2021-09-07,-51925000.0,1336909000.0,,184015000.0,1152894000.0,,3.174,-11197000.0,15513000.0,15513000.0,121940000.0,33614000.0,0.61,7.204,846513000.0,99000000.0,747513000.0,846513000.0,0.0,19837000.0,0.0,0.053,0.25,62176000.0,82013000.0,0.236,82013000.0,62176000.0,50668000.0,0.65,0.65,0.65,162951000.0,,162951000.0,1691371925.0,7.0,5.468,6650000.0,0.13,1.0,226056000.0,0.65,896762000.0,11508000.0,969673000.0,,21331000.0,36728000.0,0.0,36728000.0,1173958000.0,301474000.0,872484000.0,962600925.0,-815000.0,-97921000.0,243000.0,99256000.0,-12861000.0,86832000.0,-104995000.0,0.0,17847000.0,-499000.0,33614000.0,33614000.0,33614000.0,0.0,0.0,0.097,162836000.0,63220000.0,65829000.0,0.385,5.907,7.635,7.622,119200000.0,0.0,18.75,0.71,0.71,61478000.0,102071000.0,347996000.0,347996000.0,0.0,,,,,1485000.0,160685000.0,1.0,51338716.0,51338716.0,,6.778,440147000.0,10043000.0,17054000.0,43908000.0,8.573,-117459000.0
45,DLX,MRQ,2010-03-31,2010-03-31,2010-03-31,2021-09-07,-51105000.0,1231970000.0,,180306000.0,1051664000.0,,2.755,-9869000.0,16328000.0,16328000.0,118363000.0,33384000.0,0.781,7.726,745099000.0,0.0,745099000.0,745099000.0,0.0,15447000.0,0.0,0.051,0.25,68200000.0,83647000.0,0.25,83647000.0,68200000.0,57665000.0,0.65,0.65,0.65,141181000.0,,141181000.0,1751044509.0,8.0,5.866,42823000.0,0.836,1.0,216757000.0,0.647,803011000.0,10535000.0,926873000.0,,21916000.0,35389000.0,0.0,35389000.0,1090789000.0,230857000.0,859932000.0,995080509.0,3539000.0,-700000.0,1357000.0,-29519000.0,-12835000.0,-40720000.0,-8758000.0,1970000.0,52692000.0,325000.0,33384000.0,33384000.0,33384000.0,399000.0,0.0,0.1,147802000.0,68955000.0,59102000.0,0.385,7.048,8.276,8.264,118901000.0,0.0,19.42,0.743,0.743,57576000.0,81317000.0,335120000.0,335120000.0,0.0,,,,,1599000.0,148045000.0,1.0,51239985.0,51239985.0,,6.54,428959000.0,10448000.0,24281000.0,29983000.0,8.372,-50551000.0
46,DLX,MRQ,2009-12-31,2009-12-31,2009-12-31,2021-09-07,-52818000.0,1211210000.0,,159499000.0,1051711000.0,,2.289,-9260000.0,12789000.0,12789000.0,126647000.0,30529000.0,0.656,9.334,768753000.0,26000000.0,742753000.0,768753000.0,0.0,16797000.0,0.0,0.068,0.25,55919000.0,72716000.0,0.214,72716000.0,55919000.0,45181000.0,0.6,0.6,0.6,117210000.0,,117210000.0,1550456580.0,8.0,5.762,46970000.0,0.917,1.0,213661000.0,0.628,804576000.0,10738000.0,919550000.0,,22122000.0,39200000.0,0.0,39200000.0,1094000000.0,243048000.0,850952000.0,757308580.0,-1352000.0,0.0,0.0,-36083000.0,-12827000.0,-48879000.0,-8844000.0,-6000.0,56230000.0,141000.0,30529000.0,30529000.0,30529000.0,0.0,0.0,0.09,157886000.0,55775000.0,60640000.0,0.417,6.461,7.621,7.624,121797000.0,0.0,14.79,0.563,0.563,65564000.0,60768000.0,340308000.0,340308000.0,0.0,,,,,1165000.0,152411000.0,1.0,51204096.0,51204096.0,,6.646,406634000.0,10841000.0,14652000.0,24800000.0,7.941,-83549000.0
47,DLX,MRQ,2009-09-30,2009-09-30,2009-09-30,2021-09-07,-54782000.0,1243588000.0,,177436000.0,1066152000.0,,1.884,-11269000.0,14141000.0,14141000.0,121911000.0,28555000.0,0.609,11.911,807289000.0,63300000.0,743989000.0,807289000.0,0.0,16214000.0,0.0,0.058,0.25,54719000.0,70933000.0,0.213,70933000.0,54719000.0,43224000.0,0.56,0.56,0.56,96322000.0,,96322000.0,1674937802.0,8.0,6.171,53079000.0,1.038,1.0,210386000.0,0.633,809619000.0,11495000.0,935582000.0,,24501000.0,38687000.0,0.0,38687000.0,1147266000.0,291535000.0,855731000.0,874440802.0,-4000000.0,-30825000.0,930000.0,-12866000.0,-12831000.0,-24738000.0,-44563000.0,-3661000.0,64348000.0,953000.0,28555000.0,28555000.0,28555000.0,0.0,0.0,0.086,155837000.0,54549000.0,59092000.0,0.446,9.078,9.036,9.096,123806000.0,0.0,17.1,0.639,0.639,64299000.0,43066000.0,332297000.0,332297000.0,0.0,,,,,2034000.0,153999000.0,1.0,51136889.0,51136889.0,,6.498,433969000.0,13223000.0,14669000.0,21621000.0,8.486,-114099000.0
48,DLX,MRQ,2009-06-30,2009-06-30,2009-06-30,2021-09-07,-58135000.0,1202896000.0,,168916000.0,1033980000.0,,1.465,-14804000.0,18141000.0,18141000.0,126964000.0,27776000.0,0.617,15.071,818638000.0,75750000.0,742888000.0,818638000.0,0.0,17901000.0,0.0,0.078,0.25,53290000.0,71191000.0,0.214,71191000.0,53290000.0,41663000.0,0.54,0.54,0.54,74850000.0,,74850000.0,1449664315.0,8.0,5.866,8085000.0,0.158,1.0,205105000.0,0.618,770506000.0,11627000.0,959227000.0,,24345000.0,38100000.0,0.0,38100000.0,1128046000.0,273660000.0,854386000.0,654676315.0,1097000.0,0.0,26000.0,7734000.0,-12810000.0,-5050000.0,-17601000.0,0.0,22889000.0,859000.0,27776000.0,27776000.0,27776000.0,0.0,0.0,0.084,152022000.0,53083000.0,59427000.0,0.463,8.747,7.986,8.057,126499000.0,0.0,12.81,0.468,0.468,58925000.0,27341000.0,332069000.0,332069000.0,0.0,,,,,1969000.0,151730000.0,1.0,51106660.0,51106660.0,,6.498,432390000.0,15765000.0,13887000.0,15575000.0,8.461,-104744000.0
49,DLX,MRQ,2009-03-31,2009-03-31,2009-03-31,2021-09-07,-62936000.0,1191246000.0,,150984000.0,1040262000.0,,1.054,-10572000.0,17044000.0,17044000.0,129259000.0,12504000.0,0.537,21.08,812032000.0,69202000.0,742830000.0,812032000.0,0.0,16853000.0,0.0,0.104,0.25,37373000.0,54226000.0,0.16,54226000.0,37373000.0,24953000.0,0.24,0.24,0.24,53952000.0,,53952000.0,1330551764.0,7.0,5.248,51929000.0,1.015,1.0,210261000.0,0.619,774104000.0,12420000.0,930888000.0,,25859000.0,37349000.0,0.0,37349000.0,1137294000.0,281242000.0,856052000.0,492805764.0,1454000.0,0.0,-303000.0,-36772000.0,-12811000.0,-49878000.0,-10810000.0,0.0,62501000.0,-359000.0,12504000.0,12504000.0,12504000.0,0.0,0.0,0.037,183079000.0,27182000.0,59873000.0,1.042,9.134,5.676,5.732,130322000.0,0.0,9.63,0.344,0.344,55945000.0,12375000.0,339520000.0,339520000.0,0.0,,,,,1495000.0,158356000.0,1.0,51174015.0,51174015.0,,6.635,417142000.0,16194000.0,12449000.0,11892000.0,8.151,-130258000.0
50,DLX,MRQ,2008-12-31,2008-12-31,2008-12-31,2021-09-07,-64954000.0,1218985000.0,,167086000.0,1051899000.0,,1.038,-13557000.0,15590000.0,15590000.0,136324000.0,27940000.0,0.589,21.971,853336000.0,79440000.0,773896000.0,853336000.0,0.0,17075000.0,0.0,0.067,0.25,58007000.0,75082000.0,0.206,75082000.0,58007000.0,45459000.0,0.54,0.55,0.54,53066000.0,,53066000.0,1632449316.0,8.0,6.039,40550000.0,0.793,1.0,228555000.0,0.626,807125000.0,12548000.0,965969000.0,,25791000.0,36794000.0,0.0,36794000.0,1165919000.0,283637000.0,882282000.0,764992316.0,-2423000.0,-33000.0,0.0,-29038000.0,-12819000.0,-41837000.0,-13245000.0,0.0,54107000.0,-1448000.0,27940000.0,27940000.0,27940000.0,2646000.0,0.0,0.077,168158000.0,60397000.0,61598000.0,0.463,14.416,7.527,7.594,128105000.0,0.0,14.96,0.521,0.521,68572000.0,12682000.0,364879000.0,364879000.0,0.0,,,,,2165000.0,165949000.0,1.0,51135850.0,51135850.0,,7.135,411860000.0,17825000.0,17519000.0,9491000.0,8.054,-116551000.0
51,DLX,MRQ,2008-09-30,2008-09-30,2008-09-30,2021-09-07,-37086000.0,1252153000.0,,181003000.0,1071150000.0,,1.252,-2566000.0,18013000.0,18013000.0,150090000.0,13760000.0,0.547,18.408,885470000.0,111636000.0,773834000.0,885470000.0,0.0,15945000.0,0.0,0.069,0.25,30689000.0,46634000.0,0.129,46634000.0,30689000.0,17949000.0,0.27,0.27,0.27,64516000.0,,64516000.0,1560065386.0,7.0,5.508,76066000.0,1.476,1.0,212624000.0,0.586,814515000.0,12740000.0,974282000.0,,30283000.0,37111000.0,0.0,37111000.0,1187637000.0,330813000.0,856824000.0,741404386.0,233000.0,-103171000.0,-6738000.0,47314000.0,-12824000.0,27752000.0,-105748000.0,0.0,78632000.0,-403000.0,13760000.0,13760000.0,13760000.0,340000.0,0.0,0.038,181828000.0,30796000.0,65650000.0,0.926,11.492,6.512,6.601,128424000.0,0.0,14.39,0.494,0.494,69245000.0,-2439000.0,362714000.0,362714000.0,0.0,,,,,2645000.0,163134000.0,1.0,51522195.0,51522195.0,,7.04,437638000.0,18849000.0,4189000.0,21540000.0,8.494,-149810000.0
52,DLX,MRQ,2008-06-30,2008-06-30,2008-06-30,2021-09-07,-37163000.0,1163212000.0,,175899000.0,987313000.0,,1.315,-9396000.0,17780000.0,17780000.0,137160000.0,32617000.0,0.727,16.183,836441000.0,62177000.0,774264000.0,836441000.0,0.0,15496000.0,0.0,0.056,0.25,62102000.0,77598000.0,0.213,77598000.0,62102000.0,49722000.0,0.63,0.63,0.63,67694000.0,,67694000.0,1748099044.0,7.0,5.516,27366000.0,0.531,1.0,226832000.0,0.623,722079000.0,12380000.0,1017951000.0,,32055000.0,36872000.0,0.0,36872000.0,1095518000.0,241843000.0,853675000.0,917683044.0,170000.0,-1415000.0,-1000.0,-12829000.0,-12908000.0,-25738000.0,-10894000.0,0.0,36762000.0,40000.0,32617000.0,32617000.0,32617000.0,792000.0,0.0,0.09,164317000.0,62515000.0,64889000.0,0.397,13.556,6.939,7.043,132382000.0,0.0,17.82,0.601,0.601,74350000.0,-3375000.0,363992000.0,363992000.0,0.0,,,,,2108000.0,162757000.0,1.0,51497365.0,51497365.0,,7.068,441133000.0,14359000.0,17105000.0,12650000.0,8.566,-65944000.0
53,DLX,MRQ,2008-03-31,2008-03-31,2008-03-31,2021-09-07,-38451000.0,1173785000.0,,169779000.0,1004006000.0,,0.888,-5802000.0,17610000.0,17610000.0,142938000.0,27317000.0,0.654,24.726,848026000.0,73345000.0,774681000.0,848026000.0,0.0,15444000.0,0.0,0.052,0.25,55561000.0,71005000.0,0.188,71005000.0,55561000.0,42808000.0,0.53,0.52,0.53,45627000.0,,45627000.0,1809743620.0,7.0,5.569,24179000.0,0.47,1.0,234139000.0,0.621,727186000.0,12753000.0,1017416000.0,,32255000.0,36254000.0,0.0,36254000.0,1128158000.0,259599000.0,868559000.0,987318620.0,-4005000.0,-260000.0,-12307000.0,-2772000.0,-12871000.0,-27858000.0,-5886000.0,0.0,29981000.0,-242000.0,27317000.0,27317000.0,27317000.0,460000.0,0.0,0.072,178613000.0,55526000.0,66470000.0,0.472,21.639,7.281,7.388,135354000.0,0.0,19.21,0.632,0.632,78633000.0,-23084000.0,377077000.0,377077000.0,0.0,,,,,2765000.0,179152000.0,1.0,51396076.0,51396076.0,,7.337,446599000.0,14201000.0,15491000.0,12310000.0,8.689,-89820000.0
54,DLX,MRQ,2007-12-31,2007-12-31,2007-12-31,2021-09-07,-39046000.0,1210755000.0,,191945000.0,1018810000.0,,0.789,-14692000.0,21615000.0,21615000.0,138994000.0,40152000.0,0.645,28.454,844040000.0,68954000.0,775086000.0,844040000.0,0.0,16014000.0,0.0,0.03,0.25,71990000.0,88004000.0,0.222,88004000.0,71990000.0,58922000.0,0.75,0.76,0.75,41107000.0,,41107000.0,2788564755.0,10.0,8.171,52240000.0,1.002,1.0,257550000.0,0.649,733186000.0,13068000.0,1002406000.0,,29918000.0,36013000.0,0.0,36013000.0,1169648000.0,297588000.0,872060000.0,1714583755.0,-6592000.0,0.0,-7655000.0,-255592000.0,-13033000.0,-276009000.0,202647000.0,216955000.0,66932000.0,-162000.0,40152000.0,40152000.0,40152000.0,1602000.0,0.0,0.101,184823000.0,72727000.0,78659000.0,0.333,41.71,11.947,11.917,138860000.0,0.0,32.89,1.079,1.079,84268000.0,-37530000.0,396544000.0,396544000.0,0.0,,,,,3866000.0,182055000.0,1.0,52130853.0,52130853.0,,7.607,477569000.0,14901000.0,18770000.0,10194000.0,9.161,-105643000.0
55,DLX,MRQ,2007-09-30,2007-09-30,2007-09-30,2021-09-07,-33361000.0,1450342000.0,,418906000.0,1031436000.0,,0.47,-5568000.0,28207000.0,28207000.0,143498000.0,32160000.0,0.755,58.092,1102188000.0,326709000.0,775479000.0,1102188000.0,0.0,16918000.0,0.0,0.027,0.25,63397000.0,80315000.0,0.207,80315000.0,63397000.0,47880000.0,0.62,0.62,0.62,24544000.0,,24544000.0,3010288060.0,11.0,8.571,67480000.0,1.293,1.0,245138000.0,0.631,738307000.0,15517000.0,1231169000.0,,34662000.0,252935000.0,216955000.0,35980000.0,1425798000.0,554847000.0,870951000.0,1922365060.0,13622000.0,0.0,-1497000.0,-978000.0,-13044000.0,-15069000.0,-45101000.0,-39675000.0,73048000.0,744000.0,32160000.0,32160000.0,32160000.0,0.0,0.0,0.083,184416000.0,60722000.0,79695000.0,0.403,78.323,12.743,12.531,137910000.0,0.0,36.84,1.202,1.202,93946000.0,-64649000.0,388636000.0,388636000.0,0.0,,,,,3617000.0,182243000.0,1.0,52181462.0,52181462.0,,7.448,712035000.0,19587000.0,15720000.0,13858000.0,13.645,-135941000.0
56,DLX,MRQ,2007-06-30,2007-06-30,2007-06-30,2021-09-07,-37130000.0,1409544000.0,,371689000.0,1037855000.0,,-0.007,-7670000.0,14585000.0,14585000.0,142794000.0,35975000.0,0.694,-3831.283,1102508000.0,326648000.0,775860000.0,1102508000.0,0.0,17293000.0,0.0,0.025,0.25,68358000.0,85651000.0,0.214,85651000.0,68358000.0,54449000.0,0.7,0.69,0.7,-368000.0,,-368000.0,3043525212.0,11.0,8.742,28041000.0,0.54,1.0,257077000.0,0.643,745872000.0,13909000.0,1216008000.0,,36957000.0,213075000.0,177280000.0,35795000.0,1409912000.0,535587000.0,874325000.0,2107617212.0,3119000.0,0.0,10828000.0,152057000.0,-13003000.0,150403000.0,-183512000.0,-177280000.0,35711000.0,517000.0,35975000.0,35975000.0,35975000.0,0.0,0.0,0.09,189595000.0,67482000.0,73095000.0,0.357,-5727.221,14.064,13.86,140644000.0,0.0,40.61,1.31,1.31,91699000.0,-83765000.0,399871000.0,399871000.0,0.0,,,,,3614000.0,189595000.0,1.0,51898971.0,51898971.0,,7.705,663672000.0,20393000.0,18474000.0,13032000.0,12.788,-163898000.0
57,DLX,MRQ,2007-03-31,2007-03-31,2007-03-31,2021-09-07,-40390000.0,1223196000.0,,182596000.0,1040600000.0,,-0.779,-4356000.0,11466000.0,11466000.0,149317000.0,35228000.0,0.312,-31.437,947374000.0,371139000.0,576235000.0,947374000.0,0.0,17335000.0,0.0,0.034,0.25,69961000.0,87296000.0,0.216,87296000.0,69961000.0,57162000.0,0.69,0.68,0.69,-40188000.0,,-40188000.0,2734166105.0,13.0,9.246,64627000.0,1.253,1.0,254517000.0,0.63,751842000.0,12799000.0,822464000.0,,35763000.0,35350000.0,0.0,35350000.0,1263384000.0,584798000.0,678586000.0,1729984105.0,-133000.0,16898000.0,2959000.0,-74206000.0,-12968000.0,-84215000.0,15037000.0,0.0,68983000.0,62000.0,35228000.0,35228000.0,35228000.0,0.0,0.0,0.087,189317000.0,65200000.0,70873000.0,0.362,-43.047,15.513,15.381,140917000.0,0.0,33.53,1.073,1.073,90486000.0,-106737000.0,403834000.0,403834000.0,0.0,,,,,2436000.0,189317000.0,1.0,51595112.0,51595112.0,,7.827,471354000.0,20183000.0,21934000.0,13991000.0,9.136,-402202000.0
58,DLX,MRQ,2006-12-31,2006-12-31,2006-12-31,2021-09-07,-41873000.0,1267132000.0,,202117000.0,1065015000.0,,-1.275,-7129000.0,11599000.0,11599000.0,142607000.0,47491000.0,0.304,-20.295,1015781000.0,439191000.0,576590000.0,1015781000.0,0.0,18572000.0,0.0,0.052,0.25,79396000.0,97968000.0,0.241,97968000.0,79396000.0,65701000.0,0.93,0.93,0.93,-65673000.0,,-65673000.0,2353041857.0,12.0,8.282,59532000.0,1.156,1.0,264254000.0,0.649,769080000.0,13695000.0,837731000.0,,42854000.0,35985000.0,0.0,35985000.0,1332805000.0,664503000.0,668302000.0,1298030857.0,2348000.0,-14713000.0,0.0,-41527000.0,-12900000.0,-54389000.0,-9989000.0,0.0,66661000.0,65000.0,47491000.0,47491000.0,47491000.0,280000.0,0.0,0.117,185071000.0,79183000.0,78489000.0,0.269,-19.765,12.858,12.727,142247000.0,0.0,25.2,0.802,0.802,103014000.0,-125420000.0,406861000.0,406861000.0,0.0,,,,,2304000.0,174716000.0,1.0,51509161.0,51509161.0,,7.899,498052000.0,18776000.0,18210000.0,16315000.0,9.669,-462386000.0
59,DLX,MRQ,2006-09-30,2006-09-30,2006-09-30,2021-09-07,-8573000.0,1295651000.0,,187202000.0,1108449000.0,,-1.332,-5640000.0,9251000.0,9251000.0,149729000.0,31163000.0,0.498,-19.914,1064262000.0,162391000.0,901871000.0,1064262000.0,0.0,19486000.0,0.0,0.085,0.25,57767000.0,77253000.0,0.194,77253000.0,57767000.0,43390000.0,0.61,0.61,0.61,-68501000.0,,-68501000.0,1992489702.0,10.0,6.938,65620000.0,1.276,1.0,248358000.0,0.624,764725000.0,14377000.0,1210334000.0,,41907000.0,45572000.0,0.0,45572000.0,1364152000.0,375603000.0,988549000.0,879186702.0,659000.0,1416000.0,1501000.0,-59541000.0,-12900000.0,-70745000.0,106000.0,0.0,71260000.0,38000.0,31163000.0,31163000.0,31163000.0,0.0,0.0,0.078,191108000.0,57250000.0,68459000.0,0.41,-12.835,9.513,9.448,142058000.0,0.0,17.1,0.535,0.535,98080000.0,-160011000.0,398087000.0,398087000.0,0.0,,,,,962000.0,190618000.0,1.0,51414427.0,51414427.0,,7.743,530926000.0,14250000.0,12227000.0,45658000.0,10.326,-188401000.0
60,DLX,MRQ,2006-06-30,2006-06-30,2006-06-30,2021-09-07,-9303000.0,1330004000.0,,194518000.0,1135486000.0,,-1.752,-15145000.0,8592000.0,8592000.0,151668000.0,-2367000.0,0.453,-15.8,1121895000.0,219705000.0,902190000.0,1121895000.0,0.0,23009000.0,0.0,0.092,0.4,10175000.0,33184000.0,0.082,33184000.0,10175000.0,-4566000.0,-0.05,-0.05,-0.05,-89865000.0,,-89865000.0,2007119838.0,10.0,6.583,13339000.0,0.26,1.0,251291000.0,0.624,776290000.0,14741000.0,1237804000.0,,40679000.0,49794000.0,0.0,49794000.0,1419869000.0,429213000.0,990656000.0,896753838.0,1567000.0,0.0,993000.0,5138000.0,-20615000.0,-14279000.0,-12680000.0,0.0,28484000.0,42000.0,-2367000.0,-2367000.0,-2367000.0,-375000.0,0.0,-0.006,241481000.0,9810000.0,69182000.0,-8.0,-9.979,9.114,9.057,145446000.0,0.0,17.48,0.541,0.541,93277000.0,-178274000.0,402959000.0,402959000.0,0.0,,,,,1685000.0,196783000.0,1.0,51301707.0,51301707.0,,7.855,553714000.0,16631000.0,-2199000.0,46759000.0,10.793,-234695000.0
61,DLX,MRQ,2006-03-31,2006-03-31,2006-03-31,2021-09-07,-10868000.0,1393722000.0,,192331000.0,1201391000.0,,-1.4,-13098000.0,7025000.0,7025000.0,155976000.0,24668000.0,0.421,-20.512,1117391000.0,214889000.0,902502000.0,1117391000.0,0.0,23468000.0,0.0,0.061,0.4,52227000.0,75695000.0,0.184,75695000.0,52227000.0,38379000.0,0.49,0.48,0.49,-71428000.0,,-71428000.0,2495250776.0,9.0,6.511,59571000.0,1.167,1.0,255454000.0,0.621,828374000.0,13848000.0,1219085000.0,,40479000.0,49101000.0,0.0,49101000.0,1465150000.0,456629000.0,1008521000.0,1335607776.0,158000.0,6023000.0,6442000.0,-51833000.0,-20558000.0,-65174000.0,-7350000.0,0.0,72669000.0,13000.0,24668000.0,24668000.0,24668000.0,-22000.0,0.0,0.06,203153000.0,52301000.0,75987000.0,0.816,-18.699,9.352,9.313,150153000.0,0.0,26.17,0.79,0.79,94886000.0,-155291000.0,411430000.0,411430000.0,0.0,,,,,1240000.0,208101000.0,1.0,51035834.0,51035834.0,,8.062,565348000.0,16631000.0,13711000.0,64703000.0,11.077,-264298000.0
62,DLX,MRQ,2005-12-31,2005-12-31,2005-12-31,2021-09-07,-11224000.0,1425875000.0,,213938000.0,1211937000.0,,-1.618,-14969000.0,6867000.0,6867000.0,156269000.0,38959000.0,0.436,-18.383,1166510000.0,263705000.0,902805000.0,1166510000.0,0.0,24725000.0,0.0,0.053,0.4,76308000.0,101033000.0,0.234,101033000.0,76308000.0,61339000.0,0.76,0.76,0.76,-82026000.0,,-82026000.0,2720489824.0,9.0,6.552,49475000.0,0.976,1.0,275728000.0,0.638,839127000.0,14969000.0,1255306000.0,,41028000.0,48668000.0,0.0,48668000.0,1507901000.0,491085000.0,1016816000.0,1527816824.0,-8581000.0,2618000.0,573000.0,-40635000.0,-20359000.0,-60421000.0,-12448000.0,0.0,64444000.0,-156000.0,38959000.0,38959000.0,38959000.0,-347000.0,0.0,0.09,200703000.0,75025000.0,88178000.0,0.526,-18.626,9.699,9.691,152968000.0,0.0,30.14,0.89,0.89,105238000.0,-159401000.0,431997000.0,431997000.0,0.0,,,,,69000.0,200699000.0,1.0,50690671.0,50690671.0,,8.522,586748000.0,17978000.0,22380000.0,68707000.0,11.575,-277147000.0
63,DLX,MRQ,2005-09-30,2005-09-30,2005-09-30,2021-09-07,-11705000.0,1460897000.0,,222078000.0,1238819000.0,,-1.996,-16187000.0,15448000.0,15448000.0,149248000.0,37134000.0,0.428,-15.455,1208121000.0,305022000.0,903099000.0,1208121000.0,0.0,23469000.0,0.0,0.039,0.4,71517000.0,94986000.0,0.23,94986000.0,71517000.0,57856000.0,0.73,0.73,0.73,-101066000.0,,-101066000.0,3271171355.0,10.0,7.6,45138000.0,0.892,1.0,263253000.0,0.638,841786000.0,13661000.0,1293141000.0,,41985000.0,48307000.0,0.0,48307000.0,1561963000.0,518643000.0,1043320000.0,2033269355.0,-17617000.0,-2888000.0,2270000.0,-58259000.0,-20337000.0,-76326000.0,-3211000.0,0.0,61325000.0,595000.0,37134000.0,37134000.0,37134000.0,486000.0,0.0,0.09,191925000.0,71328000.0,75563000.0,0.548,-20.118,12.293,12.281,153970000.0,0.0,40.16,1.154,1.154,103034000.0,-178001000.0,412501000.0,412501000.0,0.0,,,,,2109000.0,192041000.0,1.0,50629217.0,50629217.0,,8.147,619111000.0,9159000.0,20722000.0,83275000.0,12.228,-296565000.0
64,DLX,MRQ,2005-06-30,2005-06-30,2005-06-30,2021-09-07,-13485000.0,1507729000.0,,259632000.0,1248097000.0,,-2.455,-12408000.0,33065000.0,33065000.0,150773000.0,42056000.0,0.485,-13.151,1270967000.0,317610000.0,953357000.0,1270967000.0,0.0,29484000.0,0.0,0.038,0.4,82029000.0,111513000.0,0.257,111513000.0,82029000.0,67455000.0,0.83,0.83,0.83,-124080000.0,,-124080000.0,3273851167.0,9.0,6.98,7236000.0,0.143,1.0,283703000.0,0.653,846775000.0,14574000.0,1363572000.0,,39628000.0,47826000.0,0.0,47826000.0,1631809000.0,535284000.0,1096525000.0,2051770167.0,16856000.0,0.0,1072000.0,28376000.0,-20306000.0,9142000.0,-11723000.0,0.0,19644000.0,-207000.0,42056000.0,42056000.0,42056000.0,-93000.0,0.0,0.097,201944000.0,81759000.0,75918000.0,0.482,-16.536,11.045,11.003,153478000.0,0.0,40.6,1.127,1.127,97196000.0,-194798000.0,434476000.0,434476000.0,0.0,,,,,2420000.0,202371000.0,1.0,50536211.0,50536211.0,,8.597,660954000.0,10932000.0,25399000.0,81237000.0,13.079,-275652000.0
65,DLX,MRQ,2005-03-31,2005-03-31,2005-03-31,2021-09-07,-13537000.0,1555658000.0,,254811000.0,1300847000.0,,-2.962,-12089000.0,16689000.0,16689000.0,152071000.0,39372000.0,0.435,-11.4,1238770000.0,285165000.0,953605000.0,1238770000.0,0.0,30670000.0,0.0,0.038,0.4,77043000.0,107713000.0,0.246,107713000.0,77043000.0,63642000.0,0.78,0.78,0.78,-149578000.0,,-149578000.0,3241332083.0,9.0,7.138,16625000.0,0.329,1.0,285249000.0,0.652,861877000.0,13401000.0,1329962000.0,,38674000.0,47745000.0,0.0,47745000.0,1705236000.0,585900000.0,1119336000.0,2013134083.0,717000.0,0.0,7332000.0,-2274000.0,-20269000.0,-15211000.0,-12756000.0,0.0,28714000.0,-30000.0,39372000.0,39372000.0,39372000.0,396000.0,0.0,0.09,208523000.0,76726000.0,78405000.0,0.513,-13.459,10.612,10.545,155599000.0,0.0,39.86,1.187,1.187,100532000.0,-216548000.0,437320000.0,437320000.0,0.0,,,,,2405000.0,208523000.0,1.0,50505120.0,50505120.0,,8.659,693781000.0,12607000.0,24270000.0,82807000.0,13.737,-331089000.0
66,DLX,MRQ,2004-12-31,2004-12-31,2004-12-31,2021-09-07,-13867000.0,1499079000.0,,240386000.0,1258693000.0,,-3.554,-17640000.0,16009000.0,16009000.0,164676000.0,46836000.0,0.421,-9.399,1244207000.0,290359000.0,953848000.0,1244207000.0,0.0,31229000.0,0.0,0.04,0.37,84994000.0,116223000.0,0.244,116223000.0,84994000.0,71398000.0,0.93,0.93,0.93,-178491000.0,,-178491000.0,3155933690.0,9.0,7.125,81006000.0,1.613,1.0,312240000.0,0.655,877924000.0,13596000.0,1278155000.0,,38890000.0,47529000.0,0.0,47529000.0,1677570000.0,571198000.0,1106372000.0,1874983690.0,2199000.0,-660000.0,1010000.0,-61473000.0,-18601000.0,-79064000.0,-18067000.0,0.0,98646000.0,684000.0,46836000.0,46836000.0,46836000.0,370000.0,0.0,0.098,227219000.0,85021000.0,72984000.0,0.398,-10.505,9.47,9.451,158162000.0,0.0,37.33,1.197,1.197,110529000.0,-235651000.0,476916000.0,476916000.0,0.0,,,,,3588000.0,227219000.0,1.0,50227262.0,50227262.0,,9.495,621155000.0,13531000.0,24562000.0,82489000.0,12.367,-330812000.0
67,DLX,MRQ,2004-09-30,2004-09-30,2004-09-30,2021-09-07,-15846000.0,1561179000.0,,271851000.0,1289328000.0,,-4.273,-12489000.0,14718000.0,14718000.0,161763000.0,57505000.0,0.441,-8.303,1295668000.0,320109000.0,975559000.0,1295668000.0,0.0,32047000.0,0.0,0.036,0.37,101532000.0,133579000.0,0.283,133579000.0,101532000.0,92655000.0,1.15,1.14,1.15,-213777000.0,,-213777000.0,3306625757.0,10.0,8.033,76754000.0,1.534,1.0,310436000.0,0.657,912307000.0,8877000.0,1313780000.0,,61549000.0,46389000.0,0.0,46389000.0,1774956000.0,616042000.0,1158914000.0,2052241757.0,-5817000.0,-74088000.0,6815000.0,3721000.0,-18586000.0,-31614000.0,-63917000.0,0.0,89243000.0,471000.0,57505000.0,57505000.0,57505000.0,249000.0,0.0,0.122,209274000.0,101162000.0,84437000.0,0.322,-9.6,10.769,10.766,164743000.0,0.0,41.02,1.476,1.476,120454000.0,-263886000.0,472199000.0,472199000.0,0.0,,,,,2853000.0,209274000.0,1.0,50030272.0,50030272.0,,9.438,648872000.0,21396000.0,35150000.0,121301000.0,12.97,-344191000.0
68,DLX,MRQ,2004-06-30,2004-06-30,2004-06-30,2021-09-07,-4099000.0,1531073000.0,,280293000.0,1250780000.0,,-5.039,-9714000.0,43547000.0,43547000.0,102624000.0,45988000.0,0.221,-7.09,1297931000.0,917689000.0,380242000.0,1297931000.0,0.0,16330000.0,0.0,0.034,0.37,80248000.0,96578000.0,0.312,96578000.0,80248000.0,75037000.0,0.92,0.91,0.92,-251400000.0,,-251400000.0,2753880430.0,9.0,7.245,65115000.0,1.305,1.0,206444000.0,0.668,879112000.0,5211000.0,638666000.0,,59037000.0,46329000.0,0.0,46329000.0,1782473000.0,1267679000.0,514794000.0,2170117430.0,14421000.0,-550111000.0,-4174000.0,545966000.0,-18514000.0,523278000.0,-583686000.0,0.0,74829000.0,0.0,45988000.0,45988000.0,45988000.0,38000.0,0.0,0.149,126521000.0,79923000.0,80426000.0,0.402,-8.632,11.347,11.569,157390000.0,0.0,43.5,1.76,1.76,107125000.0,-302805000.0,309068000.0,309068000.0,0.0,,,,,3111000.0,126521000.0,1.0,49887757.0,49887757.0,,6.195,651961000.0,18468000.0,29049000.0,75643000.0,13.069,-987386000.0
69,DLX,MRQ,2004-03-31,2004-03-31,2004-03-31,2021-09-07,-2202000.0,572020000.0,,107264000.0,464756000.0,,-5.54,-3974000.0,4689000.0,4689000.0,106886000.0,47662000.0,0.284,-3.062,588452000.0,208072000.0,380380000.0,588452000.0,0.0,14250000.0,0.0,0.037,0.37,82292000.0,96542000.0,0.313,96542000.0,82292000.0,77126000.0,0.95,0.94,0.95,-277453000.0,,-277453000.0,2600244230.0,8.0,6.922,44743000.0,0.893,1.0,201946000.0,0.654,153180000.0,5166000.0,625520000.0,,18761000.0,43209000.0,0.0,43209000.0,849473000.0,377083000.0,472390000.0,2008268230.0,1721000.0,0.0,-11365000.0,-12671000.0,-18601000.0,-42637000.0,-4359000.0,0.0,48717000.0,0.0,47662000.0,47662000.0,47662000.0,0.0,0.0,0.154,120141000.0,81805000.0,41343000.0,0.389,-7.238,10.561,10.986,118661000.0,0.0,40.1,1.628,1.628,37030000.0,-325252000.0,308832000.0,308832000.0,0.0,,,,,2696000.0,120141000.0,1.0,50081502.0,50081502.0,,6.167,418840000.0,258000.0,29464000.0,42692000.0,8.363,-269819000.0
70,DLX,MRQ,2003-12-31,2003-12-31,2003-12-31,2021-09-07,-2265000.0,562960000.0,,78928000.0,484032000.0,,-5.898,-6362000.0,2968000.0,2968000.0,103450000.0,39419000.0,0.204,-2.889,594944000.0,214324000.0,380620000.0,594944000.0,0.0,15941000.0,0.0,0.036,0.37,68986000.0,84927000.0,0.283,84927000.0,68986000.0,63950000.0,0.79,0.78,0.79,-298083000.0,,-298083000.0,2642644014.0,8.0,6.978,24156000.0,0.478,1.0,197068000.0,0.656,160398000.0,5036000.0,606699000.0,,18652000.0,42510000.0,0.0,42510000.0,861043000.0,387839000.0,473204000.0,2088928014.0,-469000.0,0.0,-47351000.0,43425000.0,-18702000.0,-22628000.0,-8359000.0,0.0,30518000.0,0.0,39419000.0,39419000.0,39419000.0,0.0,0.0,0.131,128332000.0,68736000.0,46694000.0,0.468,-7.008,10.853,11.708,123615000.0,0.0,41.33,1.682,1.682,37066000.0,-345950000.0,300518000.0,300518000.0,0.0,,,,,283000.0,128440000.0,1.0,50542657.0,50542657.0,,5.946,402562000.0,258000.0,24531000.0,42654000.0,7.965,-308911000.0
71,DLX,MRQ,2003-09-30,2003-09-30,2003-09-30,2021-09-07,-2298000.0,557920000.0,,83153000.0,474767000.0,,-5.101,-5359000.0,3437000.0,3437000.0,105974000.0,58182000.0,0.212,-3.057,557153000.0,201302000.0,355851000.0,557153000.0,0.0,14753000.0,0.0,0.037,0.37,87313000.0,102066000.0,0.324,102066000.0,87313000.0,82379000.0,1.1,1.09,1.1,-271249000.0,,-271249000.0,2649926305.0,8.0,6.804,95331000.0,1.793,1.0,208895000.0,0.663,170306000.0,4934000.0,548368000.0,,18848000.0,40484000.0,0.0,40484000.0,829169000.0,392962000.0,436207000.0,2134331305.0,-3588000.0,0.0,-110033000.0,30563000.0,-19632000.0,-99102000.0,-5176000.0,0.0,100690000.0,0.0,58182000.0,58182000.0,58182000.0,0.0,0.0,0.185,121233000.0,87662000.0,45503000.0,0.336,-7.869,10.391,11.15,128386000.0,0.0,40.14,1.71,1.71,32054000.0,-320228000.0,314869000.0,314869000.0,0.0,,,,,-94000.0,120914000.0,1.0,53172180.0,53172180.0,,5.922,387614000.0,0.0,24197000.0,49964000.0,7.29,-309809000.0
72,DLX,MRQ,2003-06-30,2003-06-30,2003-06-30,2021-09-07,-2361000.0,604521000.0,,114078000.0,490443000.0,,-3.621,-4838000.0,7025000.0,7025000.0,106718000.0,44893000.0,0.276,-4.02,522620000.0,216544000.0,306076000.0,522620000.0,0.0,14770000.0,0.0,0.033,0.37,77345000.0,92115000.0,0.298,92115000.0,77345000.0,72441000.0,0.81,0.8,0.81,-200198000.0,,-200198000.0,2891008406.0,9.0,7.449,51417000.0,0.93,1.0,202838000.0,0.655,177289000.0,4904000.0,529451000.0,,19445000.0,41060000.0,0.0,41060000.0,804719000.0,413376000.0,391343000.0,2476606406.0,1841000.0,0.0,-131750000.0,103297000.0,-20301000.0,-48754000.0,-5660000.0,0.0,56255000.0,0.0,44893000.0,44893000.0,44893000.0,0.0,0.0,0.145,125014000.0,77824000.0,47541000.0,0.457,-12.371,12.39,13.373,131679000.0,0.0,44.8,1.976,1.976,46346000.0,-251573000.0,309556000.0,309556000.0,0.0,,,,,371000.0,125143000.0,1.0,55281393.0,55281393.0,,5.6,427232000.0,0.0,27548000.0,54530000.0,7.728,-299298000.0
73,DLX,MRQ,2003-03-31,2003-03-31,2003-03-31,2021-09-07,-2423000.0,604202000.0,,113188000.0,491014000.0,,-1.719,-5475000.0,5184000.0,5184000.0,109824000.0,49979000.0,0.364,-7.134,419586000.0,113206000.0,306380000.0,419586000.0,0.0,14618000.0,0.0,0.037,0.37,84977000.0,99595000.0,0.314,99595000.0,84977000.0,80610000.0,0.84,0.83,0.84,-98501000.0,,-98501000.0,2483034944.0,7.0,6.208,-11471000.0,-0.2,1.0,207375000.0,0.654,183011000.0,4367000.0,524945000.0,,19970000.0,40226000.0,0.0,40226000.0,702703000.0,310648000.0,392055000.0,2299690944.0,-119671000.0,0.0,-194123000.0,107954000.0,-21818000.0,-107987000.0,-5688000.0,0.0,-5996000.0,0.0,49979000.0,49979000.0,49979000.0,0.0,0.0,0.158,122676000.0,84699000.0,49469000.0,0.44,-23.347,10.967,11.768,135919000.0,0.0,40.13,1.808,1.808,47008000.0,-152744000.0,317199000.0,317199000.0,0.0,,,,,394000.0,122758000.0,1.0,57306029.0,57306029.0,,5.535,421191000.0,0.0,30631000.0,54491000.0,7.35,-197460000.0
74,DLX,MRQ,2002-12-31,2002-12-31,2002-12-31,2021-09-07,-2486000.0,668973000.0,,199646000.0,469327000.0,,1.042,-14119000.0,124855000.0,124855000.0,104345000.0,52346000.0,0.93,9.401,308199000.0,1610000.0,306589000.0,308199000.0,0.0,14389000.0,0.0,0.035,0.37,81273000.0,95662000.0,0.312,95662000.0,81273000.0,79490000.0,0.85,0.83,0.85,64316000.0,,64316000.0,2796629862.0,8.0,6.922,65277000.0,1.058,1.0,202494000.0,0.66,188213000.0,1783000.0,449325000.0,,20287000.0,40205000.0,0.0,40205000.0,604657000.0,214779000.0,389878000.0,2598669862.0,122560000.0,0.0,-23585000.0,107860000.0,-22825000.0,57424000.0,-14260000.0,0.0,79396000.0,0.0,52346000.0,52346000.0,52346000.0,0.0,0.0,0.171,121547000.0,80947000.0,57857000.0,0.435,40.405,12.128,12.346,140042000.0,0.0,42.1,2.024,2.024,32925000.0,5380000.0,306839000.0,306839000.0,0.0,,,,,3102000.0,121215000.0,1.0,61726125.0,61726125.0,,4.971,480760000.0,4563000.0,27144000.0,54453000.0,7.789,-15133000.0
75,DLX,MRQ,2002-09-30,2002-09-30,2002-09-30,2021-09-07,0.0,557299000.0,,94052000.0,463247000.0,,0.962,-9390000.0,2295000.0,2295000.0,107794000.0,52663000.0,0.226,8.268,200255000.0,191366000.0,8889000.0,200255000.0,0.0,14543000.0,0.0,0.033,0.37,86172000.0,100715000.0,0.315,100715000.0,86172000.0,84969000.0,0.85,0.83,0.85,60129000.0,,60129000.0,3013944044.0,9.0,6.905,46995000.0,0.752,1.0,211979000.0,0.663,189261000.0,1203000.0,150080000.0,,20524000.0,39831000.0,0.0,39831000.0,497170000.0,415918000.0,81252000.0,2816790044.0,-2900000.0,0.0,-24677000.0,-3145000.0,-23037000.0,-50859000.0,-8426000.0,0.0,56385000.0,0.0,52663000.0,52663000.0,52663000.0,0.0,0.0,0.165,125430000.0,86549000.0,50526000.0,0.435,46.846,13.415,13.613,140513000.0,0.0,45.06,2.174,2.174,46514000.0,-1782000.0,319773000.0,319773000.0,0.0,,,,,0.0,124755000.0,1.0,62511985.0,62511985.0,,5.115,368038000.0,3844000.0,32306000.0,91672000.0,5.887,-321866000.0
76,DLX,MRQ,2002-06-30,2002-06-30,2002-06-30,2021-09-07,0.0,550031000.0,,103162000.0,446869000.0,,0.863,-8128000.0,5195000.0,5195000.0,110560000.0,54709000.0,0.254,9.051,202349000.0,193053000.0,9296000.0,202349000.0,0.0,14620000.0,0.0,0.038,0.37,89385000.0,104005000.0,0.317,104005000.0,89385000.0,88212000.0,0.87,0.85,0.87,54722000.0,,54722000.0,2631233415.0,8.0,6.179,78704000.0,1.241,1.0,217903000.0,0.663,192458000.0,1173000.0,148961000.0,,21311000.0,41291000.0,0.0,41291000.0,495309000.0,405766000.0,89543000.0,2466351415.0,-2138000.0,0.0,-87225000.0,29073000.0,-23277000.0,-81429000.0,-7541000.0,0.0,86832000.0,0.0,54709000.0,54709000.0,54709000.0,0.0,0.0,0.167,129626000.0,88277000.0,45566000.0,0.425,45.071,11.836,12.078,143325000.0,0.0,38.89,1.897,1.897,48171000.0,-7685000.0,328463000.0,328463000.0,0.0,,,,,0.0,129595000.0,1.0,63418653.0,63418653.0,,5.179,357573000.0,4574000.0,33503000.0,102626000.0,5.638,-302604000.0
77,DLX,MRQ,2002-03-31,2002-03-31,2002-03-31,2021-09-07,0.0,562613000.0,,107910000.0,454703000.0,,1.688,-9071000.0,7333000.0,7333000.0,113094000.0,54556000.0,0.296,4.188,172215000.0,162521000.0,9694000.0,172215000.0,0.0,14653000.0,0.0,0.032,0.37,88972000.0,103625000.0,0.315,103625000.0,88972000.0,88051000.0,0.85,0.84,0.85,108445000.0,,108445000.0,3124683079.0,10.0,7.733,25455000.0,0.396,1.0,215814000.0,0.656,194761000.0,921000.0,168728000.0,,22319000.0,42267000.0,0.0,42267000.0,454168000.0,364006000.0,90162000.0,2972789079.0,-2238000.0,0.0,-6447000.0,7406000.0,-23801000.0,-22842000.0,-13922000.0,0.0,34526000.0,0.0,54556000.0,54556000.0,54556000.0,0.0,0.0,0.166,126655000.0,89159000.0,48243000.0,0.435,27.413,15.016,15.472,147741000.0,0.0,46.26,2.303,2.303,43251000.0,44143000.0,328908000.0,328908000.0,0.0,,,,,0.0,127396000.0,1.0,64262626.0,64262626.0,,5.118,367852000.0,4574000.0,33495000.0,101399000.0,5.724,-256096000.0
78,DLX,MRQ,2001-12-31,2001-12-31,2001-12-31,2021-09-07,0.0,537721000.0,,83972000.0,453749000.0,,1.185,-7946000.0,9571000.0,9571000.0,112138000.0,48047000.0,0.229,5.841,161465000.0,151381000.0,10084000.0,161465000.0,0.0,50142000.0,0.0,0.176,0.37,78027000.0,128169000.0,0.402,128169000.0,78027000.0,76863000.0,0.74,0.72,0.74,78605000.0,,78605000.0,2868563349.0,9.0,7.607,54068000.0,0.815,1.0,206602000.0,0.648,197093000.0,1164000.0,125398000.0,,22263000.0,37661000.0,0.0,37661000.0,459116000.0,367124000.0,91992000.0,2759105349.0,4321000.0,0.0,-88818000.0,52277000.0,-24301000.0,-60842000.0,3149000.0,10618000.0,62014000.0,0.0,48047000.0,48047000.0,48047000.0,0.0,0.0,0.151,127611000.0,78991000.0,52834000.0,0.5,35.101,14.842,15.287,151069000.0,0.0,41.58,2.158,2.158,37703000.0,14563000.0,318740000.0,318740000.0,0.0,,,,,0.0,124327000.0,1.0,66356550.0,66356550.0,,4.803,340628000.0,0.0,28816000.0,44890000.0,5.133,-283152000.0
79,DLX,MRQ,2001-09-30,2001-09-30,2001-09-30,2021-09-07,102000.0,571003000.0,,139755000.0,431248000.0,,2.081,-5162000.0,5250000.0,5250000.0,111503000.0,51062000.0,0.397,3.055,114708000.0,104253000.0,10455000.0,114708000.0,0.0,6999000.0,0.0,0.209,0.37,83062000.0,90061000.0,0.278,90061000.0,83062000.0,81716000.0,0.76,0.75,0.76,140818000.0,,140818000.0,2458984047.0,9.0,7.447,112126000.0,1.657,1.0,212815000.0,0.656,204138000.0,1346000.0,124316000.0,,22414000.0,48563000.0,10620000.0,37943000.0,430185000.0,352007000.0,78178000.0,2336784047.0,-891000.0,0.0,-73639000.0,-15233000.0,-24909000.0,-113781000.0,-4398000.0,0.0,117288000.0,0.0,51062000.0,51062000.0,51062000.0,0.0,0.0,0.157,129972000.0,82843000.0,43816000.0,0.487,16.594,13.647,14.098,155980000.0,0.0,34.54,1.851,1.851,49201000.0,74597000.0,324318000.0,324318000.0,0.0,,,,,0.0,128127000.0,1.0,67654431.0,67654431.0,,4.794,366865000.0,6729000.0,30654000.0,117568000.0,5.423,-212252000.0
80,DLX,MRQ,2001-06-30,2001-06-30,2001-06-30,2021-09-07,-82000.0,586025000.0,,143240000.0,442785000.0,,2.616,-7412000.0,6141000.0,6141000.0,112991000.0,44312000.0,0.445,2.17,128341000.0,117542000.0,10799000.0,128341000.0,0.0,9787000.0,0.0,0.248,0.37,72422000.0,82209000.0,0.258,82209000.0,72422000.0,70966000.0,0.64,0.63,0.64,184864000.0,,184864000.0,2127979844.0,8.0,6.309,57712000.0,0.817,1.0,205644000.0,0.645,212566000.0,1456000.0,173522000.0,,22614000.0,49724000.0,10608000.0,39116000.0,401161000.0,322137000.0,79024000.0,2042072844.0,1994000.0,0.0,-67970000.0,33724000.0,-25767000.0,-60013000.0,-3117000.0,5000000.0,65124000.0,0.0,44312000.0,44312000.0,44312000.0,0.0,0.0,0.139,133780000.0,71864000.0,44320000.0,0.578,11.046,12.043,12.194,161010000.0,0.0,28.9,1.628,1.628,46718000.0,116795000.0,318635000.0,318635000.0,0.0,,,,,0.0,131440000.0,1.0,70659960.0,70659960.0,,4.509,373459000.0,6828000.0,26654000.0,93081000.0,5.285,-178897000.0
81,DLX,MRQ,2001-03-31,2001-03-31,2001-03-31,2021-09-07,-63000.0,601904000.0,,149729000.0,452175000.0,,3.306,-8255000.0,4147000.0,4147000.0,117186000.0,42479000.0,0.519,1.577,90054000.0,78768000.0,11286000.0,90054000.0,0.0,7054000.0,0.0,0.3,6.194,69605000.0,76659000.0,0.242,76659000.0,69605000.0,67988000.0,0.59,0.59,0.59,233541000.0,,233541000.0,1713275310.0,6.0,5.119,17942000.0,0.254,1.0,199496000.0,0.63,219373000.0,1617000.0,180015000.0,,22847000.0,54617000.0,15637000.0,38980000.0,368363000.0,288423000.0,79940000.0,1672164310.0,-76585000.0,0.0,-46249000.0,-20606000.0,-26796000.0,-93651000.0,-9131000.0,2990000.0,26197000.0,0.0,42479000.0,42479000.0,42479000.0,0.0,0.0,0.134,131257000.0,68239000.0,50329000.0,10.498,7.16,10.445,10.71,169944000.0,0.0,23.67,1.329,1.329,49119000.0,161926000.0,316682000.0,316682000.0,0.0,,,,,0.0,130476000.0,1.0,70644880.0,70644880.0,,4.483,382531000.0,6817000.0,25509000.0,103651000.0,5.415,-138694000.0
82,DLX,MRQ,2000-12-31,2000-12-31,2000-12-31,2021-09-07,-173000.0,656274000.0,,187757000.0,468517000.0,,3.622,-7770000.0,80732000.0,80732000.0,111751000.0,33377000.0,0.639,1.497,110873000.0,100672000.0,10201000.0,110873000.0,0.0,19744000.0,0.0,0.047,0.3,61523000.0,81267000.0,0.268,81267000.0,61523000.0,59741000.0,0.46,0.46,0.46,262808000.0,,262808000.0,1824575319.0,7.0,5.275,68569000.0,0.945,1.0,191050000.0,0.631,222798000.0,1782000.0,169731000.0,,23139000.0,54013000.0,18458000.0,35555000.0,393466000.0,293886000.0,99580000.0,1833478319.0,45458000.0,0.0,1517000.0,-26644000.0,-26921000.0,-52048000.0,18179000.0,25000000.0,76339000.0,0.0,33377000.0,33377000.0,33377000.0,4464000.0,0.0,0.11,126394000.0,64656000.0,44692000.0,0.652,6.976,11.322,11.281,173956000.0,0.0,25.27,1.452,1.452,46005000.0,146243000.0,302801000.0,302801000.0,0.0,,,,,0.0,113884000.0,1.0,72555533.0,72555533.0,,4.173,433476000.0,7403000.0,26364000.0,88304000.0,5.974,-106129000.0
83,DLX,MRQ,2000-09-30,2000-09-30,2000-09-30,2021-09-07,-1701000.0,1067158000.0,,392954000.0,674204000.0,,7.003,-1957000.0,154416000.0,154416000.0,113208000.0,49397000.0,0.859,1.107,145513000.0,132743000.0,12770000.0,145513000.0,0.0,17468000.0,0.0,0.059,0.3,79711000.0,97179000.0,0.307,97179000.0,79711000.0,76775000.0,0.68,0.68,0.68,506525000.0,,506525000.0,1478888053.0,5.0,4.41,74266000.0,1.027,1.0,202876000.0,0.642,328572000.0,2936000.0,272061000.0,,23673000.0,108742000.0,43475000.0,65267000.0,560633000.0,457622000.0,103011000.0,1469048053.0,12560000.0,0.0,1801000.0,-2701000.0,-26803000.0,-27703000.0,-27299000.0,-25000000.0,76223000.0,0.0,49397000.0,49397000.0,49397000.0,-2433000.0,0.0,0.156,129944000.0,72932000.0,59397000.0,0.441,2.9,7.868,7.934,252452000.0,0.0,20.31,1.354,1.354,131330000.0,393777000.0,316084000.0,316084000.0,0.0,,,,,0.0,129944000.0,1.0,72331268.0,72331268.0,,4.37,738586000.0,19108000.0,27378000.0,91199000.0,10.211,-64668000.0
84,DLX,MRQ,2000-06-30,2000-06-30,2000-06-30,2021-09-07,-1642000.0,1030833000.0,,343726000.0,687107000.0,,6.648,-14643000.0,126227000.0,126227000.0,112695000.0,34841000.0,0.764,1.144,136067000.0,122568000.0,13499000.0,136067000.0,0.0,16011000.0,0.0,0.051,0.3,63549000.0,79560000.0,0.247,79560000.0,63549000.0,60255000.0,0.48,0.48,0.48,480810000.0,,480810000.0,1809451521.0,6.0,5.334,53724000.0,0.743,1.0,209555000.0,0.65,320673000.0,3294000.0,270073000.0,,25377000.0,83506000.0,18171000.0,65335000.0,550023000.0,449927000.0,100096000.0,1703925521.0,3554000.0,0.0,1990000.0,-19401000.0,-26759000.0,-44170000.0,-9591000.0,5085000.0,68367000.0,0.0,34841000.0,34841000.0,34841000.0,7803000.0,0.0,0.108,137262000.0,72293000.0,55285000.0,0.625,3.544,9.143,9.312,272351000.0,0.0,23.56,1.437,1.437,126141000.0,371185000.0,322250000.0,322250000.0,0.0,,,,,0.0,137262000.0,1.0,72322815.0,72322815.0,,4.456,710160000.0,19215000.0,25414000.0,85562000.0,9.819,-106201000.0
85,DLX,MRQ,2000-03-31,2000-03-31,2000-03-31,2021-09-07,-1416000.0,964516000.0,,277673000.0,686843000.0,,6.092,-9644000.0,55666000.0,55666000.0,115371000.0,44322000.0,0.609,1.192,161192000.0,147181000.0,14011000.0,161192000.0,0.0,15347000.0,0.0,0.045,0.3,72546000.0,87893000.0,0.273,87893000.0,72546000.0,69122000.0,0.61,0.61,0.61,439919000.0,,439919000.0,1923950314.0,6.0,5.357,22999000.0,0.318,1.0,206207000.0,0.641,307585000.0,3424000.0,306699000.0,,25935000.0,90646000.0,23115000.0,67531000.0,524597000.0,455758000.0,68839000.0,1913784314.0,-105275000.0,-95991000.0,2756000.0,-20897000.0,-26712000.0,-44853000.0,-77430000.0,35042000.0,32643000.0,0.0,44322000.0,44322000.0,44322000.0,-2298000.0,0.0,0.138,137153000.0,69054000.0,56987000.0,0.492,4.35,9.602,9.962,287257000.0,0.0,26.5,1.505,1.505,124536000.0,363102000.0,321578000.0,321578000.0,0.0,,,,,0.0,137153000.0,1.0,72218276.0,72218276.0,,4.453,656931000.0,14225000.0,24800000.0,93516000.0,9.096,-178085000.0
86,DLX,MRQ,1999-12-31,1999-12-31,1999-12-31,2021-09-07,-1282000.0,905365000.0,,333520000.0,571845000.0,,5.685,16766000.0,104616000.0,104616000.0,-16000.0,58153000.0,1.044,1.17,174407000.0,62462000.0,111945000.0,174407000.0,0.0,-20025000.0,0.0,0.044,0.3,90742000.0,70717000.0,0.567,70717000.0,90742000.0,87776000.0,0.79,0.79,0.79,417308000.0,,417308000.0,2062420533.0,6.0,5.549,99034000.0,1.349,1.0,124781000.0,1.0,138525000.0,2966000.0,517194000.0,,26593000.0,65232000.0,25713000.0,39519000.0,488057000.0,319437000.0,168620000.0,2014165533.0,71707000.0,110035000.0,-67539000.0,68710000.0,-27150000.0,-51691000.0,139111000.0,13012000.0,82268000.0,0.0,58153000.0,58153000.0,58153000.0,1299000.0,0.0,0.466,45351000.0,79430000.0,41085000.0,0.38,4.827,9.921,10.355,219484000.0,0.0,27.44,1.477,1.477,62940000.0,346617000.0,124765000.0,124765000.0,0.0,,,,,0.0,53772000.0,1.0,73402534.0,73402534.0,,1.7,766840000.0,3654000.0,29623000.0,76275000.0,10.447,14083000.0
87,DLX,MRQ,1999-09-30,1999-09-30,1999-09-30,2021-09-07,-1043000.0,1009913000.0,,418919000.0,590994000.0,,6.329,23642000.0,74501000.0,74501000.0,187453000.0,49057000.0,1.114,1.104,122756000.0,2900000.0,119856000.0,122756000.0,0.0,21188000.0,0.0,0.037,0.3,79848000.0,101036000.0,0.242,101036000.0,79848000.0,77684000.0,0.65,0.65,0.65,479886000.0,,479886000.0,2624326048.0,8.0,6.521,66929000.0,0.883,1.0,229661000.0,0.551,232671000.0,2164000.0,449435000.0,,25024000.0,80802000.0,38864000.0,41938000.0,530027000.0,376062000.0,153965000.0,2577794048.0,-19265000.0,659000.0,-16892000.0,-25205000.0,-27013000.0,-59418000.0,-3134000.0,-30175000.0,43287000.0,0.0,49057000.0,49057000.0,49057000.0,0.0,0.0,0.118,156296000.0,73365000.0,57425000.0,0.462,5.372,12.747,13.23,316385000.0,0.0,34.0,1.743,1.743,138373000.0,405631000.0,417114000.0,417114000.0,0.0,,,,,0.0,156296000.0,1.0,75817472.0,75817472.0,,5.502,777242000.0,56819000.0,28627000.0,90584000.0,10.251,42857000.0
88,DLX,MRQ,1999-06-30,1999-06-30,1999-06-30,2021-09-07,-1563000.0,1016682000.0,,389352000.0,627330000.0,,5.941,-25971000.0,87355000.0,87355000.0,184260000.0,47779000.0,0.941,1.19,133887000.0,28724000.0,105163000.0,133887000.0,0.0,20146000.0,0.0,0.033,0.3,79380000.0,99526000.0,0.244,99526000.0,79380000.0,77703000.0,0.61,0.61,0.61,464181000.0,,464181000.0,2964068641.0,11.0,9.022,69381000.0,0.888,1.0,223581000.0,0.548,242789000.0,1677000.0,406858000.0,,25531000.0,84708000.0,41217000.0,43491000.0,552501000.0,413567000.0,138934000.0,3032057641.0,-103351000.0,-16523000.0,-152149000.0,22621000.0,-29798000.0,-150452000.0,-48251000.0,-5121000.0,95352000.0,0.0,47779000.0,47779000.0,47779000.0,0.0,0.0,0.117,146719000.0,76862000.0,49818000.0,0.492,6.532,19.811,20.214,341050000.0,0.0,38.81,1.979,1.979,127567000.0,390341000.0,407841000.0,407841000.0,0.0,,,,,0.0,146719000.0,1.0,78125680.0,78125680.0,,5.22,773893000.0,64032000.0,29924000.0,101927000.0,9.906,-24215000.0
89,DLX,MRQ,1999-03-31,1999-03-31,1999-03-31,2021-09-07,-394000.0,1102127000.0,,505076000.0,597051000.0,,7.422,-25569000.0,177850000.0,177850000.0,186078000.0,48033000.0,1.357,0.87,109861000.0,4375000.0,105486000.0,109861000.0,0.0,20477000.0,0.0,0.044,0.3,79901000.0,100378000.0,0.242,100378000.0,79901000.0,78119000.0,0.6,0.6,0.6,589314000.0,,589314000.0,2157008441.0,8.0,6.72,-25239000.0,-0.318,1.0,227999000.0,0.551,216555000.0,1782000.0,445436000.0,,27021000.0,79140000.0,36394000.0,42746000.0,512813000.0,372147000.0,140666000.0,2312289441.0,-90485000.0,5304000.0,-47704000.0,-5594000.0,-29574000.0,-75726000.0,-15089000.0,4644000.0,330000.0,0.0,48033000.0,48033000.0,48033000.0,0.0,0.0,0.116,149702000.0,78297000.0,57864000.0,0.5,3.924,15.674,15.913,337750000.0,0.0,29.12,1.446,1.446,136995000.0,509995000.0,414077000.0,414077000.0,679000.0,,,,,0.0,149023000.0,1.0,79405544.0,79405544.0,,5.215,885572000.0,63799000.0,30086000.0,83101000.0,11.153,132929000.0
90,DLX,MRQ,1998-12-31,1998-12-31,1998-12-31,2021-09-07,-242000.0,1171519000.0,,608080000.0,563439000.0,,7.54,5637000.0,272855000.0,272855000.0,27368000.0,57352000.0,1.412,0.931,113653000.0,7332000.0,106321000.0,113653000.0,0.0,506000.0,0.0,0.035,0.37,100989000.0,101495000.0,0.423,101495000.0,100989000.0,99242000.0,0.71,0.71,0.71,606565000.0,,606565000.0,2905604270.0,11.0,9.195,185056000.0,2.3,1.0,212816000.0,0.886,174233000.0,1747000.0,407389000.0,,29401000.0,86341000.0,41133000.0,45208000.0,564954000.0,430695000.0,134259000.0,2941021270.0,125960000.0,77097000.0,26786000.0,685000.0,-29743000.0,-22906000.0,58834000.0,-24036000.0,179419000.0,0.0,57352000.0,57352000.0,57352000.0,10503000.0,0.0,0.239,94149000.0,118667000.0,53555000.0,0.521,4.849,20.558,20.655,340077000.0,0.0,36.56,1.757,1.757,145079000.0,519742000.0,240184000.0,240184000.0,0.0,,,,,0.0,94149000.0,1.0,80443689.0,80443689.0,,2.986,997286000.0,56554000.0,41890000.0,60594000.0,12.397,177385000.0
91,DLX,MRQ,1998-09-30,1998-09-30,1998-09-30,2021-09-07,60000.0,1118292000.0,,498932000.0,619360000.0,,7.083,-19449000.0,150218000.0,150218000.0,259188000.0,-115000.0,1.263,0.954,114801000.0,5027000.0,109774000.0,114801000.0,0.0,22008000.0,0.0,0.042,0.3,5117000.0,27125000.0,0.058,27125000.0,5117000.0,2982000.0,0.0,0.0,0.0,572167000.0,,572167000.0,2287608816.0,9.0,7.088,-19564000.0,-0.242,1.0,210582000.0,0.448,177449000.0,2135000.0,510260000.0,,59448000.0,63676000.0,17451000.0,46225000.0,546125000.0,395166000.0,150959000.0,2297515816.0,23611000.0,10535000.0,-23517000.0,-2020000.0,-29888000.0,-48410000.0,-5963000.0,1198000.0,-115000.0,0.0,-115000.0,-115000.0,-115000.0,0.0,0.0,0.0,210898000.0,-316000.0,70291000.0,,4.015,19.304,19.347,395686000.0,0.0,28.44,1.188,1.188,157931000.0,492133000.0,469770000.0,469770000.0,0.0,,,,,0.0,210898000.0,1.0,80784663.0,80784663.0,,5.815,940843000.0,50206000.0,3097000.0,18691000.0,11.646,103766000.0
92,DLX,MRQ,1998-06-30,1998-06-30,1998-06-30,2021-09-07,-265000.0,1122448000.0,,471893000.0,650555000.0,,7.629,-31200000.0,126607000.0,126607000.0,219571000.0,42255000.0,1.35,0.82,116700000.0,6294000.0,110406000.0,116700000.0,0.0,19097000.0,0.0,0.034,0.3,72906000.0,92003000.0,0.194,92003000.0,72906000.0,70971000.0,0.52,0.52,0.52,616606000.0,,616606000.0,2853837106.0,21.0,13.46,-7212000.0,-0.089,1.0,255220000.0,0.538,195571000.0,1935000.0,567439000.0,,63260000.0,67897000.0,18432000.0,49465000.0,505842000.0,349531000.0,156311000.0,2889564106.0,-26852000.0,500000.0,-4656000.0,-1773000.0,-29886000.0,-29792000.0,-35297000.0,-4700000.0,23988000.0,0.0,42255000.0,42255000.0,42255000.0,0.0,0.0,0.089,187194000.0,68026000.0,70047000.0,0.577,4.686,55.982,55.0,405519000.0,0.0,35.75,1.497,1.497,152778000.0,533113000.0,474791000.0,474791000.0,0.0,,,,,0.0,187194000.0,1.0,80826968.0,80826968.0,,5.874,926877000.0,50277000.0,28716000.0,29540000.0,11.467,122362000.0
93,DLX,MRQ,1998-03-31,1998-03-31,1998-03-31,2021-09-07,-445000.0,1114174000.0,,474678000.0,639496000.0,,7.451,-17347000.0,153459000.0,153459000.0,223612000.0,43571000.0,1.331,0.855,117732000.0,6724000.0,111008000.0,117732000.0,0.0,20543000.0,0.0,0.036,0.3,74829000.0,95372000.0,0.195,95372000.0,74829000.0,72606000.0,0.54,0.54,0.54,600516000.0,,600516000.0,2600438180.0,20.0,12.522,44491000.0,0.552,1.0,265358000.0,0.543,183989000.0,2223000.0,537715000.0,,59425000.0,65588000.0,13696000.0,51892000.0,513658000.0,356743000.0,156915000.0,2654812180.0,-17979000.0,1284000.0,-32087000.0,-1417000.0,-30165000.0,-56573000.0,-23244000.0,-5674000.0,61838000.0,0.0,43571000.0,43571000.0,43571000.0,0.0,0.0,0.089,193841000.0,71517000.0,76940000.0,0.556,4.421,56.705,55.831,403615000.0,0.0,32.94,1.383,1.383,135640000.0,520744000.0,488970000.0,488970000.0,0.0,,,,,0.0,193841000.0,1.0,80595391.0,80595391.0,,6.067,930185000.0,50351000.0,29035000.0,48257000.0,11.541,117935000.0
94,DLX,MRQ,1997-12-31,1997-12-31,1997-12-31,2021-09-07,-489000.0,1148364000.0,,512613000.0,635751000.0,,7.501,-20886000.0,171438000.0,171438000.0,232748000.0,33305000.0,1.343,0.882,117064000.0,7078000.0,109986000.0,117064000.0,0.0,19364000.0,0.0,0.035,0.3,88895000.0,108259000.0,0.217,108259000.0,88895000.0,87096000.0,0.41,,0.41,610248000.0,,610248000.0,2810601347.0,23.0,13.703,76665000.0,0.942,1.0,267119000.0,0.534,167833000.0,1799000.0,544602000.0,,66996000.0,60931000.0,8021000.0,52910000.0,538116000.0,381555000.0,156561000.0,2806648347.0,62211000.0,19429000.0,-2692000.0,-1438000.0,-30068000.0,-28301000.0,-7039000.0,3500000.0,97551000.0,0.0,33305000.0,33305000.0,33305000.0,0.0,0.0,0.067,181771000.0,85348000.0,73516000.0,0.732,4.599,62.828,62.727,415008000.0,0.0,34.5,1.461,1.461,151201000.0,525302000.0,499867000.0,499867000.0,2175000.0,,,,,0.0,179596000.0,1.0,81352126.0,81352126.0,,6.144,980531000.0,50345000.0,53791000.0,38000000.0,12.053,131058000.0
95,DLX,MRQ,1997-09-30,1997-09-30,1997-09-30,2021-09-07,-460000.0,1104840000.0,,475196000.0,629644000.0,,7.351,-28757000.0,109227000.0,109227000.0,222516000.0,-67515000.0,1.243,0.835,113180000.0,6262000.0,106918000.0,113180000.0,0.0,18621000.0,0.0,0.036,0.3,-102238000.0,-83617000.0,-0.179,-83617000.0,-102238000.0,-104390000.0,-0.82,,-0.82,602073000.0,,602073000.0,2756768396.0,1676.0,30.569,59423000.0,0.726,1.0,244392000.0,0.523,160184000.0,2152000.0,566270000.0,,68360000.0,66128000.0,11541000.0,54587000.0,502767000.0,382339000.0,120428000.0,2765491396.0,-12971000.0,-10199000.0,-42267000.0,-1886000.0,-30431000.0,-68241000.0,-32910000.0,1460000.0,88180000.0,0.0,-67515000.0,-67515000.0,-67515000.0,0.0,0.0,-0.145,302231000.0,-57839000.0,70267000.0,-0.366,4.593,-202.289,-209.75,414873000.0,0.0,33.56,1.393,1.385,159568000.0,522065000.0,466908000.0,466908000.0,0.0,,,,,0.0,219338000.0,1.0,82404392.0,81900587.0,,5.701,944656000.0,63351000.0,-36875000.0,13510000.0,11.534,92857000.0
96,DLX,MRQ,1997-06-30,1997-06-30,1997-06-30,2021-09-07,100000.0,1167124000.0,,448840000.0,718284000.0,,8.944,-18311000.0,122198000.0,122198000.0,214854000.0,37457000.0,1.441,0.589,113475000.0,6284000.0,107191000.0,113475000.0,0.0,22118000.0,0.0,0.035,0.3,65542000.0,87660000.0,0.189,87660000.0,65542000.0,63055000.0,0.46,,0.46,734711000.0,,734711000.0,2800403006.0,17.0,10.737,36697000.0,0.447,1.0,248896000.0,0.537,222612000.0,2487000.0,624262000.0,,64446000.0,75289000.0,12975000.0,62314000.0,432413000.0,311527000.0,120886000.0,2805617006.0,850000.0,1000000.0,-6423000.0,-2684000.0,-30399000.0,-33766000.0,-20392000.0,-4960000.0,55008000.0,0.0,37457000.0,37457000.0,37457000.0,0.0,0.0,0.081,186828000.0,62068000.0,63436000.0,0.652,3.819,32.113,31.888,433358000.0,0.0,34.12,1.418,1.416,157227000.0,649211000.0,463750000.0,463750000.0,0.0,,,,,0.0,186828000.0,1.0,82227931.0,82142145.0,,5.646,944512000.0,31817000.0,25598000.0,33314000.0,11.499,137313000.0
97,DLX,MRQ,1997-03-31,1997-03-31,1997-03-31,2021-09-07,-245000.0,1161162000.0,,438422000.0,722740000.0,,8.843,-21510000.0,121348000.0,121348000.0,227195000.0,41425000.0,1.404,0.599,116134000.0,7116000.0,109018000.0,116134000.0,0.0,21040000.0,0.0,0.037,0.3,71774000.0,92814000.0,0.189,92814000.0,71774000.0,69389000.0,0.5,0.5,0.5,726226000.0,,726226000.0,2641718965.0,16.0,9.879,33529000.0,0.408,1.0,262909000.0,0.536,220900000.0,2385000.0,622882000.0,,62242000.0,70021000.0,7967000.0,62054000.0,434936000.0,312166000.0,122770000.0,2651735965.0,-21223000.0,797000.0,-4899000.0,-17593000.0,-30423000.0,-47241000.0,-29021000.0,-8000000.0,55039000.0,0.0,41425000.0,41425000.0,41425000.0,0.0,0.0,0.085,196767000.0,66142000.0,62121000.0,0.6,3.651,30.145,30.14,439786000.0,0.0,32.25,1.338,1.337,156586000.0,642153000.0,490104000.0,490104000.0,0.0,,,,,0.0,196767000.0,1.0,82224371.0,82125412.0,,5.968,940262000.0,31893000.0,27964000.0,41093000.0,11.449,126256000.0
98,DLX,MRQ,1996-12-31,1996-12-31,1996-12-31,2021-09-07,646000.0,1176440000.0,,449524000.0,726916000.0,,8.67,-24027000.0,142571000.0,142571000.0,311569000.0,-25038000.0,1.317,0.65,132239000.0,23617000.0,108622000.0,132239000.0,0.0,26757000.0,0.0,0.037,0.3,-33433000.0,-6676000.0,-0.012,-6676000.0,-33433000.0,-36782000.0,-0.3,,-0.3,712916000.0,,712916000.0,,,,68083000.0,0.828,1.0,252870000.0,0.448,220920000.0,3349000.0,603811000.0,,67541000.0,59138000.0,0.0,59138000.0,463524000.0,341377000.0,122147000.0,2692848150.0,104666000.0,82445000.0,-17274000.0,1941000.0,-30429000.0,-39819000.0,52375000.0,0.0,92110000.0,0.0,-25038000.0,-25038000.0,-25038000.0,0.0,0.0,-0.044,321669000.0,-68799000.0,63810000.0,-1.0,3.777,41.135,40.938,446858000.0,0.0,32.75,1.36,1.36,145475000.0,631151000.0,564439000.0,564439000.0,0.0,,,,,0.0,266963000.0,1.0,82224371.0,82224371.0,,6.865,955520000.0,31413000.0,-11744000.0,12837000.0,11.621,108147000.0
99,DLX,MRQ,1996-09-30,1996-09-30,1996-09-30,2021-09-07,,,,,,,,-21165000.0,,,209670000.0,33524000.0,,,,,,,,27010000.0,,0.032,0.3,60020000.0,87030000.0,0.189,87030000.0,60020000.0,58026000.0,0.41,,0.41,,,,,,,42661000.0,0.518,1.0,250850000.0,0.545,,1994000.0,,,,,,,,,,,16847000.0,24093000.0,-12453000.0,-20142000.0,-30487000.0,-54039000.0,7060000.0,0.0,63826000.0,0.0,33524000.0,33524000.0,33524000.0,0.0,0.0,0.073,194861000.0,55989000.0,,0.732,,,,,0.0,37.75,,,,,460520000.0,460520000.0,0.0,,,,,0.0,176409000.0,1.0,,82331984.0,,5.593,,,24502000.0,,,
100,DLX,MRQ,1996-06-30,1996-06-30,1996-06-30,2021-09-07,,,,,,,,-26955000.0,,,211543000.0,38056000.0,,,,,,,,26465000.0,,0.036,0.3,67767000.0,94232000.0,0.202,94232000.0,67767000.0,65249000.0,0.46,,0.46,,,,,,,59658000.0,0.724,1.0,255037000.0,0.547,,2518000.0,,,,,,,,,,,-1799000.0,-4400000.0,-9061000.0,-33561000.0,-30515000.0,-66319000.0,-22093000.0,0.0,86613000.0,0.0,38056000.0,38056000.0,38056000.0,0.0,0.0,0.082,189064000.0,65973000.0,,0.652,,,,,0.0,35.5,,,,,466580000.0,466580000.0,0.0,,,,,0.0,168633000.0,1.0,,82378062.0,,5.664,,,27193000.0,,,
101,DLX,MRQ,1996-03-31,1996-03-31,1996-03-31,2021-09-07,,,,,,,,-14273000.0,,,250662000.0,18921000.0,,,,,,,,26404000.0,,0.04,0.3,35059000.0,61463000.0,0.126,61463000.0,35059000.0,32271000.0,0.23,,0.23,,,,,,,33881000.0,0.411,1.0,237426000.0,0.486,,2788000.0,,,,,,,,,,,9189000.0,-4323000.0,-9277000.0,8400000.0,-30545000.0,-25138000.0,-13827000.0,6250000.0,48154000.0,0.0,18921000.0,18921000.0,18921000.0,0.0,0.0,0.039,203480000.0,33946000.0,,1.304,,,,,0.0,31.37,,,,,488088000.0,488088000.0,0.0,,,,,0.0,185170000.0,1.0,,82407794.0,,5.923,,,13350000.0,,,
102,DLX,MRQ,1995-12-31,1995-12-31,1995-12-31,2021-09-07,258000.0,1295095000.0,,381098000.0,913997000.0,,,,13668000.0,13668000.0,,,1.033,0.66,168658000.0,57661000.0,110997000.0,168658000.0,0.0,,0.0,0.044,0.3,,,,,,,,,,780374000.0,,780374000.0,,,,,,1.0,,,371692000.0,,709585000.0,,87041000.0,54417000.0,6270000.0,48147000.0,514721000.0,368808000.0,145913000.0,,,,,,,,,,,,,,,,,,,,75644000.0,,,,27.358,494158000.0,,29.0,,,169310000.0,697036000.0,,,,,,,,,,1.0,,,,,923403000.0,35926000.0,,34916000.0,,12290000.0
0,DLX,MRT,2021-06-30,2021-06-30,2021-06-30,2021-09-07,-37829000.0,3017476000.0,2190020500.0,603358000.0,2414118000.0,0.828,13.087,-83537000.0,163338000.0,163338000.0,751524000.0,90606000.0,1.144,4.464,1886330000.0,57130000.0,1829200000.0,1886330000.0,0.0,116723000.0,0.0,0.025,1.2,150340000.0,267063000.0,0.147,267063000.0,150340000.0,126317000.0,2.16,2.14,2.16,552271000.0,533981500.0,552271000.0,2764817238.0,18.0,10.353,108178000.0,2.563,1.0,1061910000.0,0.586,1960755000.0,24023000.0,2252478000.0,1535527750.0,33267000.0,182097000.0,135604000.0,46493000.0,2465205000.0,527235000.0,1937970000.0,2015969238.0,-150258000.0,-956717000.0,16188000.0,689939000.0,-51134000.0,679992000.0,-1035535000.0,3846000.0,191715000.0,13570000.0,90472000.0,90472000.0,90472000.0,0.0,134000.0,0.05,918531000.0,143379000.0,137303000.0,0.556,3.65,22.283,22.116,158716000.0,0.0,47.77,1.112,1.112,204958000.0,505753000.0,1813434000.0,1813434000.0,0.0,0.041,0.169,0.098,0.083,27096000.0,852228000.0,1.0,42201575.0,42201575.0,,42.971,1056721000.0,3387000.0,35845000.0,64723000.0,25.04,76123000.0
1,DLX,MRT,2021-03-31,2021-03-31,2021-03-31,2021-09-07,-39824000.0,1893252000.0,1950672000.0,504496000.0,1388756000.0,0.895,13.296,-71408000.0,125440000.0,125440000.0,707232000.0,93355000.0,1.247,2.388,874288000.0,0.0,874288000.0,874288000.0,0.0,110142000.0,0.0,0.029,1.2,147975000.0,258117000.0,0.148,258117000.0,147975000.0,127311000.0,2.23,2.21,2.23,558819000.0,517248250.0,558819000.0,2508774491.0,17.0,9.72,159258000.0,3.789,1.0,1038391000.0,0.595,991014000.0,20664000.0,1246518000.0,1356478750.0,37119000.0,168613000.0,122466000.0,46147000.0,1334433000.0,404568000.0,929865000.0,1763552491.0,-151288000.0,0.0,2684000.0,-300000000.0,-50964000.0,-335942000.0,-64028000.0,3846000.0,230666000.0,18016000.0,93231000.0,93231000.0,93231000.0,0.0,124000.0,0.053,897066000.0,141325000.0,109064000.0,0.538,3.156,18.916,18.816,129124000.0,0.0,41.96,1.01,1.01,167202000.0,534059000.0,1745623000.0,1745623000.0,0.0,0.048,0.18,0.109,0.085,24948000.0,816890000.0,1.0,42029373.0,42029373.0,,41.533,902238000.0,4636000.0,34080000.0,15265000.0,21.467,99928000.0
2,DLX,MRT,2020-12-31,2020-12-31,2020-12-31,2021-09-07,-41433000.0,1842175000.0,1988493000.0,506631000.0,1335544000.0,0.901,12.255,-64007000.0,123122000.0,123122000.0,730771000.0,8899000.0,1.23,2.588,868344000.0,0.0,868344000.0,868344000.0,0.0,110792000.0,0.0,0.041,1.2,53628000.0,164420000.0,0.092,164420000.0,53628000.0,30488000.0,0.21,0.19,0.21,513392000.0,496035250.0,513392000.0,1983783450.0,37.0,12.065,153546000.0,3.665,1.0,1060010000.0,0.592,949718000.0,23140000.0,1225859000.0,1437767500.0,40130000.0,165668000.0,119749000.0,45919000.0,1328783000.0,411820000.0,916963000.0,1223304450.0,54598000.0,0.0,-10253000.0,-43500000.0,-50746000.0,-110555000.0,-56093000.0,3846000.0,217553000.0,3693000.0,8808000.0,8808000.0,8808000.0,0.0,91000.0,0.005,1015505000.0,44505000.0,116990000.0,5.714,2.383,138.886,139.048,124586000.0,0.0,29.2,0.683,0.683,179576000.0,495153000.0,1790781000.0,1790781000.0,0.0,0.004,0.018,0.037,0.03,21824000.0,841658000.0,1.0,41893988.0,41893988.0,,42.746,892457000.0,6642000.0,21680000.0,5401000.0,21.303,94811000.0
3,DLX,MRT,2020-09-30,2020-09-30,2020-09-30,2021-09-07,-52904000.0,2007179000.0,2013777000.0,677936000.0,1329243000.0,0.923,12.218,-49910000.0,310430000.0,310430000.0,745853000.0,29015000.0,1.789,2.925,1070909000.0,0.0,1070909000.0,1070909000.0,0.0,113671000.0,0.0,0.047,1.2,84376000.0,198047000.0,0.107,198047000.0,84376000.0,58692000.0,0.63,0.6,0.63,511444000.0,510402500.0,511444000.0,1879226412.0,22.0,9.489,195530000.0,4.671,1.0,1112506000.0,0.599,971543000.0,25684000.0,1417256000.0,1455857750.0,50512000.0,151721000.0,106199000.0,45522000.0,1495735000.0,378859000.0,1116876000.0,1077012412.0,247905000.0,-8251000.0,-10913000.0,116000000.0,-50731000.0,60455000.0,-57533000.0,0.0,245440000.0,-457000.0,28969000.0,28969000.0,28969000.0,0.0,46000.0,0.016,1037640000.0,74866000.0,113120000.0,1.905,2.106,37.178,40.841,121169000.0,0.0,25.73,0.58,0.58,167656000.0,510805000.0,1858359000.0,1858359000.0,0.0,0.014,0.057,0.058,0.045,20457000.0,860551000.0,1.0,41858236.0,41858236.0,,44.396,1035636000.0,5834000.0,29723000.0,4794000.0,24.742,299077000.0
4,DLX,MRT,2020-06-30,2020-06-30,2020-06-30,2021-09-07,-55779000.0,2060082000.0,1984223000.0,716250000.0,1343832000.0,0.964,11.602,-61336000.0,371951000.0,371951000.0,775115000.0,-318922000.0,1.998,3.245,1174165000.0,0.0,1174165000.0,1174165000.0,0.0,116193000.0,0.0,0.051,1.2,-300718000.0,-184525000.0,-0.096,-184525000.0,-300718000.0,-330029000.0,-7.56,-7.59,-7.56,485338000.0,513923250.0,485338000.0,1847258571.0,-6.0,-10.011,229862000.0,5.495,1.0,1137376000.0,0.595,967493000.0,29311000.0,1536282000.0,1432117250.0,47525000.0,126987000.0,82582000.0,44405000.0,1574744000.0,358521000.0,1216223000.0,984718571.0,294274000.0,-8251000.0,-49679000.0,189000000.0,-50953000.0,72963000.0,-64845000.0,0.0,291198000.0,-5042000.0,-318941000.0,-318941000.0,-318941000.0,0.0,19000.0,-0.167,1447613000.0,-310237000.0,103639000.0,-0.159,2.029,-3.087,-3.114,122905000.0,0.0,23.54,0.515,0.515,165299000.0,494243000.0,1912491000.0,1912491000.0,0.0,-0.161,-0.621,-0.21,-0.157,19573000.0,874998000.0,1.0,41831715.0,41831715.0,,45.719,1092589000.0,5929000.0,-11088000.0,3243000.0,26.119,357729000.0
5,DLX,MRT,2020-03-31,2020-03-31,2020-03-31,2021-09-07,-59954000.0,2044536000.0,2047712000.0,686204000.0,1358332000.0,0.975,11.234,-66245000.0,310146000.0,310146000.0,815360000.0,-301218000.0,1.913,3.314,1172686000.0,0.0,1172686000.0,1172686000.0,0.0,122047000.0,0.0,0.046,1.2,-272830000.0,-150783000.0,-0.076,-150783000.0,-272830000.0,-305209000.0,-7.17,-7.19,-7.17,473967000.0,616126000.0,473967000.0,1937489687.0,-7.0,-12.85,201477000.0,4.775,1.0,1180712000.0,0.592,976702000.0,32379000.0,1571673000.0,1397470750.0,42681000.0,136526000.0,90938000.0,45588000.0,1570569000.0,358701000.0,1211868000.0,1094024687.0,247303000.0,-8251000.0,-79161000.0,194000000.0,-51338000.0,60415000.0,-71485000.0,0.0,267722000.0,-9349000.0,-301218000.0,-301218000.0,-301218000.0,0.0,0.0,-0.151,1463440000.0,-282728000.0,108271000.0,-0.167,2.308,-3.632,-3.616,138210000.0,0.0,25.93,0.548,0.548,192377000.0,492230000.0,1996072000.0,1996072000.0,0.0,-0.147,-0.489,-0.195,-0.137,19560000.0,898720000.0,1.0,42191465.0,42191465.0,,47.31,1067834000.0,5817000.0,-3991000.0,4960000.0,25.309,327503000.0
6,DLX,MRT,2019-12-31,2019-12-31,2019-12-31,2021-09-07,-47947000.0,1943311000.0,2117180750.0,472211000.0,1471100000.0,0.949,13.559,-66595000.0,73620000.0,73620000.0,812935000.0,-199897000.0,1.158,2.404,917085000.0,0.0,917085000.0,917085000.0,0.0,126036000.0,0.0,0.024,1.2,-150948000.0,-24912000.0,-0.012,-24912000.0,-150948000.0,-185630000.0,-4.65,-4.65,-4.65,570861000.0,722025000.0,570861000.0,2984686901.0,-20.0,-119.809,220058000.0,5.227,1.0,1195780000.0,0.595,1080609000.0,34682000.0,1298220000.0,1351067500.0,39921000.0,162636000.0,117641000.0,44995000.0,1372450000.0,407947000.0,964503000.0,2101724901.0,29552000.0,-8251000.0,-115349000.0,-26500000.0,-51742000.0,-190148000.0,-72397000.0,0.0,286653000.0,5444000.0,-199897000.0,-199897000.0,-199897000.0,0.0,0.0,-0.1,1353921000.0,-158141000.0,112198000.0,-0.258,3.682,-10.514,-10.735,140839000.0,0.0,49.92,1.046,1.046,196211000.0,572596000.0,2008715000.0,2008715000.0,0.0,-0.094,-0.277,-0.112,-0.075,19702000.0,891693000.0,1.0,42101861.0,42101861.0,,47.711,862702000.0,3907000.0,14267000.0,14898000.0,20.491,64264000.0
7,DLX,MRT,2019-09-30,2019-09-30,2019-09-30,2021-09-07,-57184000.0,1888963000.0,2207627000.0,425716000.0,1463247000.0,0.911,12.241,-69351000.0,73472000.0,73472000.0,821028000.0,-187552000.0,1.177,2.594,956434000.0,0.0,956434000.0,956434000.0,0.0,129607000.0,0.0,0.024,1.2,-138556000.0,-8949000.0,-0.004,-8949000.0,-138556000.0,-173965000.0,-4.57,-4.58,-4.57,525527000.0,808163000.0,525527000.0,3028270051.0,-22.0,-338.392,258886000.0,6.03,1.0,1190292000.0,0.592,1087784000.0,35409000.0,1322294000.0,1337657250.0,42194000.0,44616000.0,0.0,44616000.0,1363436000.0,361847000.0,1001589000.0,2110506051.0,25997000.0,-1507000.0,-195165000.0,34786000.0,-52794000.0,-231987000.0,-67667000.0,0.0,328237000.0,-2586000.0,-187552000.0,-187552000.0,-187552000.0,0.0,0.0,-0.093,1337406000.0,-147114000.0,97588000.0,-0.263,4.016,-11.253,-10.757,134400000.0,0.0,49.16,1.049,1.049,168590000.0,540612000.0,2011320000.0,2011320000.0,0.0,-0.085,-0.232,-0.104,-0.069,18477000.0,890515000.0,1.0,42931368.0,42931368.0,,46.85,801179000.0,5494000.0,13587000.0,10257000.0,18.662,63869000.0
8,DLX,MRT,2019-06-30,2019-06-30,2019-06-30,2021-09-07,-53527000.0,2314038000.0,2302228000.0,445077000.0,1868961000.0,0.873,20.49,-66542000.0,66732000.0,66732000.0,814939000.0,99858000.0,1.273,1.588,984496000.0,0.0,984496000.0,984496000.0,0.0,132519000.0,0.0,0.03,1.2,185018000.0,317537000.0,0.158,317537000.0,185018000.0,151075000.0,2.25,2.24,2.25,894149000.0,915605000.0,894149000.0,2694892416.0,15.0,8.487,230941000.0,5.292,1.0,1195978000.0,0.595,1484472000.0,33943000.0,1397696000.0,1318208500.0,46097000.0,44396000.0,0.0,44396000.0,1419889000.0,349634000.0,1070255000.0,1774334416.0,-1245000.0,-101698000.0,-235507000.0,185557000.0,-54160000.0,-130699000.0,-168296000.0,0.0,297483000.0,267000.0,99858000.0,99858000.0,99858000.0,0.0,0.0,0.05,1019691000.0,176287000.0,95412000.0,0.533,1.984,17.769,18.071,135466000.0,0.0,40.66,0.882,0.882,183652000.0,904748000.0,2010917000.0,2010917000.0,0.0,0.043,0.109,0.14,0.092,16845000.0,885730000.0,1.0,43638328.0,43638328.0,,46.081,829566000.0,5464000.0,51217000.0,51910000.0,19.01,95443000.0
9,DLX,MRT,2019-03-31,2019-03-31,2019-03-31,2021-09-07,-54689000.0,2322411000.0,2297029500.0,431148000.0,1891263000.0,0.873,20.55,-62823000.0,61529000.0,61529000.0,802612000.0,127483000.0,1.21,1.587,982087000.0,0.0,982087000.0,982087000.0,0.0,132378000.0,0.0,0.027,1.2,216285000.0,348663000.0,0.174,348663000.0,216285000.0,185451000.0,2.76,2.74,2.76,897563000.0,960851750.0,897563000.0,2761695206.0,13.0,7.921,241103000.0,5.52,1.0,1202563000.0,0.6,1500460000.0,30834000.0,1386060000.0,1238802250.0,45052000.0,44422000.0,0.0,44422000.0,1424848000.0,356449000.0,1068399000.0,1909571206.0,-7979000.0,-139534000.0,-226102000.0,204722000.0,-55394000.0,-107323000.0,-201033000.0,0.0,303926000.0,-3549000.0,127483000.0,127483000.0,127483000.0,0.0,0.0,0.064,995277000.0,207286000.0,91781000.0,0.435,2.128,14.979,15.841,138420000.0,0.0,43.72,0.952,0.952,190751000.0,908614000.0,2005175000.0,2005175000.0,0.0,0.055,0.133,0.175,0.108,14176000.0,873023000.0,1.0,43677292.0,43677292.0,,45.909,821951000.0,4102000.0,57968000.0,49567000.0,18.819,74699000.0
10,DLX,MRT,2018-12-31,2018-12-31,2018-12-31,2021-09-07,-56579000.0,2305096000.0,2284880750.0,450046000.0,1855050000.0,0.874,19.768,-62238000.0,59740000.0,59740000.0,791748000.0,149630000.0,1.148,1.518,911864000.0,791000.0,911073000.0,911864000.0,0.0,131100000.0,0.0,0.031,1.2,239743000.0,370843000.0,0.186,370843000.0,239743000.0,212631000.0,3.18,3.16,3.18,915413000.0,999378500.0,915413000.0,2613060356.0,11.0,7.046,277077000.0,5.984,1.0,1206277000.0,0.604,1520591000.0,27112000.0,1244579000.0,1146730500.0,46441000.0,43773000.0,0.0,43773000.0,1389683000.0,392050000.0,997633000.0,1780028356.0,16440000.0,-191903000.0,-192477000.0,201147000.0,-56669000.0,-62180000.0,-253059000.0,0.0,339315000.0,-7636000.0,149630000.0,149630000.0,149630000.0,0.0,0.0,0.075,975056000.0,231221000.0,106978000.0,0.377,1.945,11.896,12.088,90342000.0,0.0,38.44,0.891,0.891,204320000.0,927345000.0,1998025000.0,1998025000.0,0.0,0.065,0.15,0.209,0.12,13378000.0,854000000.0,1.0,46306669.0,46306669.0,,43.148,784505000.0,2886000.0,63001000.0,46680000.0,16.942,57996000.0
11,DLX,MRT,2018-09-30,2018-09-30,2018-09-30,2021-09-07,-48989000.0,2267367000.0,2260813500.0,417342000.0,1850025000.0,0.871,20.06,-55665000.0,57851000.0,57851000.0,767548000.0,177169000.0,1.252,1.373,890883000.0,785000.0,890098000.0,890883000.0,0.0,128278000.0,0.0,0.021,1.2,258724000.0,387002000.0,0.197,387002000.0,258724000.0,234207000.0,3.66,3.63,3.66,955295000.0,1024278500.0,955295000.0,3409817328.0,13.0,8.811,275972000.0,5.795,1.0,1200690000.0,0.61,1522595000.0,24517000.0,1244499000.0,1065065000.0,45118000.0,43520000.0,0.0,43520000.0,1312072000.0,333305000.0,978767000.0,2711607328.0,413000.0,-204202000.0,-126815000.0,132786000.0,-57369000.0,-73182000.0,-258713000.0,0.0,331637000.0,671000.0,177169000.0,177169000.0,177169000.0,0.0,0.0,0.09,949441000.0,251249000.0,97991000.0,0.328,2.839,15.305,15.557,83507000.0,0.0,56.94,1.378,1.378,190874000.0,957979000.0,1968238000.0,1968238000.0,0.0,0.078,0.173,0.243,0.131,13441000.0,830353000.0,1.0,47622187.0,47622187.0,,41.33,744772000.0,1606000.0,57038000.0,46339000.0,15.639,84037000.0
12,DLX,MRT,2018-06-30,2018-06-30,2018-06-30,2021-09-07,-49170000.0,2293244000.0,2238966750.0,409404000.0,1883840000.0,0.881,22.471,-52702000.0,68594000.0,68594000.0,762985000.0,237053000.0,1.164,1.133,766804000.0,765000.0,766039000.0,766804000.0,0.0,126118000.0,0.0,0.018,1.2,328305000.0,454423000.0,0.23,454423000.0,328305000.0,305324000.0,4.93,4.89,4.93,1075136000.0,1023091000.0,1075136000.0,3842623774.0,12.0,8.456,281087000.0,5.875,1.0,1209732000.0,0.613,1559618000.0,22981000.0,1080071000.0,994758750.0,43233000.0,43172000.0,0.0,43172000.0,1218108000.0,351765000.0,866343000.0,3167818774.0,38232000.0,-151875000.0,-66042000.0,44477000.0,-57704000.0,-93493000.0,-202352000.0,0.0,333789000.0,288000.0,237053000.0,237053000.0,237053000.0,0.0,0.0,0.12,887849000.0,321883000.0,105281000.0,0.243,2.946,13.363,13.43,81751000.0,0.0,66.21,1.606,1.606,131132000.0,1076683000.0,1972717000.0,1972717000.0,0.0,0.106,0.232,0.33,0.166,13557000.0,825169000.0,1.0,47845020.0,47845020.0,,41.231,733626000.0,1778000.0,68271000.0,55828000.0,15.333,57639000.0
13,DLX,MRT,2018-03-31,2018-03-31,2018-03-31,2021-09-07,-46235000.0,2273816000.0,2207844500.0,399938000.0,1873878000.0,0.892,21.945,-50463000.0,67728000.0,67728000.0,752152000.0,236425000.0,1.065,1.162,742533000.0,831000.0,741702000.0,742533000.0,0.0,124156000.0,0.0,0.016,1.2,337123000.0,461279000.0,0.234,461279000.0,337123000.0,315014000.0,4.9,4.86,4.9,1051670000.0,991554250.0,1051670000.0,4196883120.0,12.0,9.098,294412000.0,6.143,1.0,1217553000.0,0.618,1555215000.0,22109000.0,1017773000.0,950875000.0,42384000.0,42858000.0,0.0,42858000.0,1222146000.0,375633000.0,846513000.0,3546823120.0,-11324000.0,-186353000.0,-60805000.0,821000.0,-57900000.0,-127199000.0,-231945000.0,3500000.0,344875000.0,2945000.0,236425000.0,236425000.0,236425000.0,0.0,0.0,0.12,885666000.0,331887000.0,99474000.0,0.245,3.373,15.002,15.104,82665000.0,0.0,74.01,1.801,1.801,135979000.0,1050064000.0,1969705000.0,1969705000.0,0.0,0.107,0.238,0.355,0.171,14370000.0,824240000.0,1.0,47923566.0,47923566.0,,41.101,718601000.0,5000.0,78589000.0,56699000.0,14.995,24305000.0
14,DLX,MRT,2017-12-31,2017-12-31,2017-12-31,2021-09-07,-37597000.0,2208827000.0,2179962750.0,392966000.0,1815861000.0,0.902,21.093,-47450000.0,59240000.0,59240000.0,742707000.0,230155000.0,0.923,1.176,709300000.0,44040000.0,665260000.0,709300000.0,0.0,122652000.0,0.0,0.016,1.2,334186000.0,456838000.0,0.232,456838000.0,334186000.0,312827000.0,4.75,4.72,4.75,1015013000.0,956926750.0,1015013000.0,4400650361.0,13.0,9.633,290981000.0,6.047,1.0,1222849000.0,0.622,1515200000.0,21359000.0,917917000.0,923964000.0,42249000.0,42607000.0,0.0,42607000.0,1193814000.0,425770000.0,768044000.0,3697662361.0,-20046000.0,-139223000.0,-55967000.0,-51165000.0,-58098000.0,-182956000.0,-180891000.0,3500000.0,338431000.0,5370000.0,230155000.0,230155000.0,230155000.0,0.0,0.0,0.117,893673000.0,329176000.0,104477000.0,0.253,3.643,16.066,16.177,84638000.0,0.0,76.84,1.881,1.881,166223000.0,1004657000.0,1965556000.0,1965556000.0,0.0,0.106,0.241,0.362,0.17,15109000.0,830231000.0,1.0,48121582.0,48121582.0,,40.846,693627000.0,1428000.0,82672000.0,50543000.0,14.414,-32804000.0
15,DLX,MRT,2017-09-30,2017-09-30,2017-09-30,2021-09-07,-44836000.0,2179980000.0,2173840500.0,372519000.0,1807461000.0,0.897,19.658,-48750000.0,53410000.0,53410000.0,729159000.0,199674000.0,0.929,1.293,756398000.0,41966000.0,714432000.0,756398000.0,0.0,115169000.0,0.0,0.016,1.2,320262000.0,435431000.0,0.223,435431000.0,320262000.0,297446000.0,4.11,4.07,4.11,950545000.0,923416000.0,950545000.0,4213600758.0,13.0,9.677,288337000.0,5.963,1.0,1221710000.0,0.626,1518609000.0,22816000.0,963274000.0,928232500.0,40929000.0,42178000.0,0.0,42178000.0,1229435000.0,401085000.0,828350000.0,3527927758.0,7360000.0,-300444000.0,-49879000.0,130094000.0,-58265000.0,11837000.0,-343214000.0,3500000.0,337087000.0,1650000.0,199674000.0,199674000.0,199674000.0,0.0,0.0,0.102,899529000.0,322181000.0,103577000.0,0.292,3.711,17.668,17.752,83253000.0,0.0,72.96,1.808,1.808,136262000.0,947261000.0,1950869000.0,1950869000.0,0.0,0.092,0.216,0.345,0.164,14344000.0,837824000.0,1.0,48354273.0,48354273.0,,40.345,661371000.0,2839000.0,97772000.0,65226000.0,13.678,-28566000.0
16,DLX,MRT,2017-06-30,2017-06-30,2017-06-30,2021-09-07,-47578000.0,2168755000.0,2114132500.0,354279000.0,1814476000.0,0.904,19.566,-47218000.0,34780000.0,34780000.0,702358000.0,229536000.0,0.866,1.285,720453000.0,39801000.0,680652000.0,720453000.0,0.0,106982000.0,0.0,0.017,1.2,358641000.0,465623000.0,0.244,465623000.0,358641000.0,336678000.0,4.71,4.67,4.71,948989000.0,898266500.0,948989000.0,4011240347.0,11.0,8.615,295406000.0,6.091,1.0,1209762000.0,0.633,1540676000.0,21963000.0,904536000.0,899134500.0,41434000.0,41851000.0,0.0,41851000.0,1219766000.0,409216000.0,810550000.0,3357264347.0,-797000.0,-288720000.0,-44476000.0,99343000.0,-58430000.0,-12952000.0,-330072000.0,3500000.0,342624000.0,-397000.0,229536000.0,229536000.0,229536000.0,0.0,0.0,0.12,848641000.0,361121000.0,97248000.0,0.255,3.538,14.626,14.696,84279000.0,0.0,69.22,1.756,1.756,139332000.0,948216000.0,1912120000.0,1912120000.0,0.0,0.109,0.256,0.399,0.188,12903000.0,832840000.0,1.0,48501363.0,48501363.0,,39.424,628079000.0,2718000.0,107142000.0,78665000.0,12.95,-54937000.0
17,DLX,MRT,2017-03-31,2017-03-31,2017-03-31,2021-09-07,-49189000.0,2162289000.0,2039169250.0,391523000.0,1770766000.0,0.921,18.824,-47446000.0,85512000.0,85512000.0,682822000.0,228346000.0,0.954,1.368,739488000.0,37837000.0,701651000.0,739488000.0,0.0,99341000.0,0.0,0.017,1.2,355955000.0,455296000.0,0.242,455296000.0,355955000.0,334067000.0,4.67,4.63,4.67,913160000.0,865204750.0,913160000.0,4183044236.0,12.0,9.188,273542000.0,5.639,1.0,1194708000.0,0.636,1495867000.0,21888000.0,910129000.0,883890500.0,39650000.0,42690000.0,0.0,42690000.0,1249129000.0,410269000.0,838860000.0,3500970236.0,48517000.0,-238236000.0,-43680000.0,115518000.0,-58571000.0,2672000.0,-274302000.0,1635000.0,320988000.0,-841000.0,228346000.0,228346000.0,228346000.0,0.0,0.0,0.122,835465000.0,359243000.0,87000000.0,0.257,3.834,15.332,15.454,83484000.0,0.0,72.17,1.865,1.865,133076000.0,913847000.0,1877530000.0,1877530000.0,0.0,0.112,0.264,0.403,0.19,12736000.0,822910000.0,1.0,48510049.0,48510049.0,,38.704,666422000.0,1618000.0,105721000.0,80375000.0,13.738,-18746000.0
18,DLX,MRT,2016-12-31,2016-12-31,2016-12-31,2021-09-07,-50371000.0,2184338000.0,1956786250.0,398230000.0,1786108000.0,0.945,18.128,-46614000.0,76574000.0,76574000.0,667813000.0,229382000.0,0.958,1.479,758648000.0,35842000.0,722806000.0,758648000.0,0.0,91583000.0,0.0,0.017,1.2,362688000.0,454271000.0,0.246,454271000.0,362688000.0,340386000.0,4.68,4.65,4.68,880970000.0,832881250.0,880970000.0,4017656255.0,11.0,8.844,272698000.0,5.611,1.0,1181249000.0,0.639,1515737000.0,22302000.0,934991000.0,759114500.0,40182000.0,42240000.0,0.0,42240000.0,1303368000.0,415684000.0,887684000.0,3479980255.0,48162000.0,-239664000.0,-46110000.0,116811000.0,-58720000.0,5998000.0,-279511000.0,1635000.0,319312000.0,2363000.0,229382000.0,229382000.0,229382000.0,0.0,0.0,0.124,814362000.0,366887000.0,106793000.0,0.256,3.95,15.171,15.301,86896000.0,0.0,71.61,1.882,1.882,152649000.0,882795000.0,1849062000.0,1849062000.0,0.0,0.117,0.275,0.478,0.196,12459000.0,807238000.0,1.0,48596289.0,48596289.0,,38.049,668601000.0,1605000.0,111004000.0,85172000.0,13.758,-17454000.0
19,DLX,MRT,2016-09-30,2016-09-30,2016-09-30,2021-09-07,-50059000.0,1941148000.0,1871240000.0,372508000.0,1568640000.0,0.979,17.429,-45927000.0,80065000.0,80065000.0,661694000.0,234863000.0,1.134,1.284,617741000.0,951000.0,616790000.0,617741000.0,0.0,89980000.0,0.0,0.018,1.2,368669000.0,458649000.0,0.25,458649000.0,368669000.0,348411000.0,4.78,4.75,4.78,849947000.0,798906000.0,849947000.0,3802865115.0,10.0,8.291,252677000.0,5.181,1.0,1170675000.0,0.639,1303519000.0,20258000.0,846882000.0,732860500.0,41474000.0,41893000.0,0.0,41893000.0,1091201000.0,328423000.0,762778000.0,3258629115.0,17170000.0,-226694000.0,-50636000.0,97856000.0,-58917000.0,-16379000.0,-265835000.0,1635000.0,298604000.0,780000.0,234863000.0,234863000.0,234863000.0,0.0,0.0,0.128,803998000.0,366677000.0,86835000.0,0.251,3.834,13.875,13.979,83667000.0,0.0,66.82,1.778,1.778,117761000.0,851420000.0,1832369000.0,1832369000.0,0.0,0.126,0.294,0.503,0.201,12384000.0,798311000.0,1.0,48767272.0,48767272.0,,37.574,637629000.0,1749000.0,113548000.0,80754000.0,13.075,44085000.0
20,DLX,MRT,2016-06-30,2016-06-30,2016-06-30,2021-09-07,-49220000.0,1868902000.0,1809058250.0,332993000.0,1535909000.0,1.002,16.697,-46138000.0,69592000.0,69592000.0,654726000.0,233117000.0,1.129,1.288,613828000.0,1041000.0,612787000.0,613828000.0,0.0,85674000.0,0.0,0.018,1.2,365922000.0,451596000.0,0.249,451596000.0,365922000.0,346132000.0,4.72,4.69,4.72,816742000.0,766437500.0,816742000.0,3790545085.0,10.0,8.394,244852000.0,5.006,1.0,1158539000.0,0.639,1274607000.0,19790000.0,843560000.0,627683250.0,38086000.0,42423000.0,0.0,42423000.0,1052160000.0,294971000.0,757189000.0,3246488085.0,4666000.0,-205687000.0,-83980000.0,103875000.0,-59158000.0,-42853000.0,-241913000.0,1635000.0,290990000.0,-1558000.0,233117000.0,233117000.0,233117000.0,0.0,0.0,0.129,794786000.0,363753000.0,83341000.0,0.254,3.975,13.926,14.061,84883000.0,0.0,66.37,1.79,1.79,108938000.0,817202000.0,1813265000.0,1813265000.0,0.0,0.129,0.304,0.583,0.202,12819000.0,789587000.0,1.0,48914993.0,48914993.0,,37.07,594295000.0,1756000.0,113015000.0,80962000.0,12.15,38022000.0
21,DLX,MRT,2016-03-31,2016-03-31,2016-03-31,2021-09-07,-50113000.0,1832757000.0,1764029000.0,312573000.0,1520184000.0,1.02,16.009,-43938000.0,71010000.0,71010000.0,650832000.0,230791000.0,0.442,1.338,615067000.0,417040000.0,198027000.0,615067000.0,0.0,80896000.0,0.0,0.019,1.2,364234000.0,445130000.0,0.248,445130000.0,364234000.0,345207000.0,4.65,4.62,4.65,783866000.0,743633750.0,783866000.0,3628581301.0,10.0,8.152,259831000.0,5.307,1.0,1147665000.0,0.638,1259154000.0,19027000.0,411025000.0,522897000.0,39953000.0,41936000.0,0.0,41936000.0,1048891000.0,706635000.0,342256000.0,3059741301.0,12691000.0,-212073000.0,-69865000.0,97009000.0,-59484000.0,-34404000.0,-255515000.0,0.0,303769000.0,-1159000.0,230791000.0,230791000.0,230791000.0,0.0,0.0,0.128,785982000.0,361683000.0,78777000.0,0.258,3.903,13.258,13.439,84121000.0,0.0,62.49,1.701,1.701,105919000.0,785069000.0,1798497000.0,1798497000.0,0.0,0.131,0.31,0.697,0.203,12163000.0,780952000.0,1.0,48963695.0,48963695.0,,36.731,573603000.0,1316000.0,114416000.0,80947000.0,11.715,-394062000.0
22,DLX,MRT,2015-12-31,2015-12-31,2015-12-31,2021-09-07,-55203000.0,1842153000.0,1722249750.0,323985000.0,1518168000.0,1.029,15.138,-43261000.0,62427000.0,62427000.0,639209000.0,218629000.0,1.022,1.472,629018000.0,1045000.0,627973000.0,629018000.0,0.0,76700000.0,0.0,0.022,1.2,348246000.0,424946000.0,0.24,424946000.0,348246000.0,327947000.0,4.39,4.36,4.39,745069000.0,717603750.0,745069000.0,3140067110.0,9.0,7.389,266370000.0,5.412,1.0,1133608000.0,0.639,1261726000.0,20299000.0,829975000.0,524672250.0,41956000.0,41691000.0,0.0,41691000.0,1097084000.0,317043000.0,780041000.0,2684451110.0,886000.0,-212990000.0,-54057000.0,65938000.0,-59755000.0,-48387000.0,-251140000.0,0.0,309631000.0,-9218000.0,218629000.0,218629000.0,218629000.0,0.0,0.0,0.123,779277000.0,354331000.0,87575000.0,0.273,3.603,12.279,12.424,85732000.0,0.0,54.54,1.514,1.514,123654000.0,751253000.0,1772817000.0,1772817000.0,0.0,0.127,0.305,0.664,0.196,11894000.0,774859000.0,1.0,49219859.0,49219859.0,,36.018,580427000.0,1238000.0,109318000.0,81076000.0,11.793,6942000.0
23,DLX,MRT,2015-09-30,2015-09-30,2015-09-30,2021-09-07,-45068000.0,1692421000.0,1683809250.0,311739000.0,1380682000.0,1.044,14.413,-32568000.0,62895000.0,62895000.0,633230000.0,216884000.0,0.511,1.35,518511000.0,320049000.0,198462000.0,518511000.0,0.0,71728000.0,0.0,0.022,1.2,347197000.0,418925000.0,0.238,418925000.0,347197000.0,324023000.0,4.34,4.31,4.34,720073000.0,693210750.0,720073000.0,3223622318.0,9.0,7.695,268319000.0,5.371,1.0,1124590000.0,0.64,1111657000.0,23174000.0,426173000.0,476768000.0,42195000.0,43774000.0,0.0,43774000.0,972348000.0,610207000.0,362141000.0,2784779318.0,-125106000.0,-143818000.0,-41170000.0,-141164000.0,-59937000.0,-245721000.0,-171313000.0,0.0,300887000.0,-8959000.0,216884000.0,216884000.0,216884000.0,0.0,0.0,0.123,770906000.0,353684000.0,77209000.0,0.276,3.867,12.84,12.843,82768000.0,0.0,55.74,1.584,1.584,100380000.0,715922000.0,1757820000.0,1757820000.0,0.0,0.129,0.313,0.728,0.198,11553000.0,767164000.0,1.0,49960160.0,49960160.0,,35.184,580764000.0,11171000.0,107139000.0,94634000.0,11.625,-298468000.0
24,DLX,MRT,2015-06-30,2015-06-30,2015-06-30,2021-09-07,-40831000.0,1688785000.0,1678570000.0,312279000.0,1376506000.0,1.031,14.531,-32124000.0,64926000.0,64926000.0,624078000.0,204398000.0,0.519,1.328,503769000.0,308998000.0,194771000.0,503769000.0,0.0,68902000.0,0.0,0.019,1.2,333963000.0,402865000.0,0.233,402865000.0,333963000.0,305596000.0,4.09,4.06,4.09,725527000.0,664234500.0,725527000.0,3552800648.0,11.0,8.819,274032000.0,5.488,1.0,1107130000.0,0.64,1101340000.0,28367000.0,424415000.0,533299750.0,40521000.0,45500000.0,0.0,45500000.0,963258000.0,601873000.0,361385000.0,3095672648.0,-82016000.0,-131943000.0,-2029000.0,-152298000.0,-59969000.0,-216994000.0,-163060000.0,0.0,306156000.0,-8118000.0,204398000.0,204398000.0,204398000.0,0.0,0.0,0.118,766082000.0,341048000.0,77445000.0,0.293,4.267,15.145,15.159,84092000.0,0.0,62.0,1.788,1.788,95116000.0,701295000.0,1731208000.0,1731208000.0,0.0,0.122,0.308,0.626,0.193,11119000.0,753184000.0,1.0,49930204.0,49930204.0,,34.673,587445000.0,11842000.0,101198000.0,95053000.0,11.765,-289594000.0
25,DLX,MRT,2015-03-31,2015-03-31,2015-03-31,2021-09-07,-42095000.0,1665640000.0,1665473750.0,294944000.0,1370696000.0,1.021,13.625,-31230000.0,58319000.0,58319000.0,614031000.0,198411000.0,0.479,1.45,515447000.0,319013000.0,196434000.0,515447000.0,0.0,67260000.0,0.0,0.017,1.2,329587000.0,396847000.0,0.233,396847000.0,329587000.0,296110000.0,3.97,3.94,3.97,679746000.0,628311000.0,679746000.0,3949133642.0,12.0,9.951,259059000.0,5.193,1.0,1086713000.0,0.639,1089513000.0,33477000.0,418126000.0,595063750.0,38100000.0,46137000.0,0.0,46137000.0,985894000.0,615129000.0,370765000.0,3456362642.0,-82296000.0,-109747000.0,-21028000.0,-142475000.0,-59970000.0,-225662000.0,-139666000.0,0.0,290289000.0,-7257000.0,198411000.0,198411000.0,198411000.0,0.0,0.0,0.117,749585000.0,337128000.0,75227000.0,0.302,5.085,17.42,17.451,85258000.0,0.0,69.28,2.032,2.032,94361000.0,660264000.0,1700744000.0,1700744000.0,0.0,0.119,0.316,0.554,0.194,11023000.0,736639000.0,1.0,49889761.0,49889761.0,,34.09,576127000.0,11586000.0,97699000.0,94836000.0,11.548,-320185000.0
26,DLX,MRT,2014-12-31,2014-12-31,2014-12-31,2021-09-07,-36338000.0,1688391000.0,1640146750.0,318890000.0,1369501000.0,1.021,13.036,-32668000.0,61541000.0,61541000.0,606278000.0,199794000.0,0.682,1.608,554312000.0,160911000.0,393401000.0,554312000.0,0.0,65842000.0,0.0,0.018,1.15,333710000.0,399552000.0,0.239,399552000.0,333710000.0,297181000.0,3.99,3.96,3.99,647497000.0,598122750.0,647497000.0,3548677188.0,11.0,8.882,252430000.0,5.082,1.0,1067804000.0,0.638,1075556000.0,36529000.0,638358000.0,644286500.0,39411000.0,46451000.0,0.0,46451000.0,1040894000.0,467248000.0,573646000.0,3092066188.0,-59548000.0,-105029000.0,-50971000.0,-94403000.0,-57603000.0,-204048000.0,-136043000.0,0.0,285098000.0,-4555000.0,199794000.0,199794000.0,199794000.0,0.0,0.0,0.119,735171000.0,332633000.0,87216000.0,0.288,4.775,15.476,15.602,87623000.0,0.0,62.25,1.847,1.847,113656000.0,629335000.0,1674082000.0,1674082000.0,0.0,0.122,0.334,0.518,0.199,9776000.0,719192000.0,1.0,49671746.0,49671746.0,,33.703,612835000.0,11570000.0,97387000.0,95838000.0,12.338,-148358000.0
27,DLX,MRT,2014-09-30,2014-09-30,2014-09-30,2021-09-07,-35090000.0,1671464000.0,1610431250.0,394996000.0,1276468000.0,1.02,12.141,-40322000.0,188001000.0,188001000.0,593018000.0,187553000.0,0.781,1.767,644612000.0,254291000.0,390321000.0,644612000.0,0.0,64697000.0,0.0,0.02,1.1,321707000.0,386404000.0,0.235,386404000.0,321707000.0,283433000.0,3.74,3.7,3.74,604168000.0,573862750.0,604168000.0,3243947014.0,10.0,8.395,240566000.0,4.834,1.0,1050308000.0,0.639,970089000.0,38274000.0,652300000.0,640377000.0,36099000.0,46025000.0,0.0,46025000.0,1067296000.0,505686000.0,561610000.0,2744913014.0,87961000.0,-33739000.0,-63238000.0,-1859000.0,-55315000.0,-116358000.0,-72655000.0,0.0,280888000.0,-3914000.0,187553000.0,187553000.0,187553000.0,0.0,0.0,0.114,729819000.0,320489000.0,74280000.0,0.294,4.543,14.635,14.749,94448000.0,0.0,55.16,1.67,1.67,91368000.0,586739000.0,1643326000.0,1643326000.0,0.0,0.116,0.327,0.502,0.196,9005000.0,705484000.0,1.0,49762745.0,49762745.0,,33.023,701375000.0,7205000.0,95880000.0,83941000.0,14.094,-110690000.0
28,DLX,MRT,2014-06-30,2014-06-30,2014-06-30,2021-09-07,-32244000.0,1636400000.0,1569986750.0,344187000.0,1292213000.0,1.037,11.624,-40720000.0,146942000.0,146942000.0,585091000.0,190025000.0,0.707,1.812,645976000.0,254791000.0,391185000.0,645976000.0,0.0,65045000.0,0.0,0.018,1.05,324929000.0,389974000.0,0.24,389974000.0,324929000.0,286573000.0,3.78,3.74,3.78,581833000.0,552902250.0,581833000.0,3434754019.0,11.0,8.808,244489000.0,4.885,1.0,1043111000.0,0.641,977448000.0,38356000.0,671471000.0,694958750.0,32737000.0,45697000.0,0.0,45697000.0,1054567000.0,486515000.0,568052000.0,2932165019.0,94112000.0,-43515000.0,-55023000.0,-3220000.0,-53026000.0,-107308000.0,-83119000.0,0.0,285209000.0,-670000.0,190025000.0,190025000.0,190025000.0,0.0,0.0,0.117,719636000.0,323475000.0,72238000.0,0.278,5.04,15.43,15.497,96752000.0,0.0,58.58,1.801,1.801,85376000.0,564318000.0,1628202000.0,1628202000.0,0.0,0.121,0.344,0.468,0.2,8548000.0,703182000.0,1.0,50054029.0,50054029.0,,32.529,658952000.0,8241000.0,96548000.0,84553000.0,13.165,-142328000.0
29,DLX,MRT,2014-03-31,2014-03-31,2014-03-31,2021-09-07,-35293000.0,1564332000.0,1522879000.0,318794000.0,1245538000.0,1.053,11.086,-40105000.0,140615000.0,140615000.0,572747000.0,188101000.0,0.673,1.798,643204000.0,255262000.0,387942000.0,643204000.0,0.0,64839000.0,0.0,0.019,1.0,322205000.0,387044000.0,0.241,387044000.0,322205000.0,283816000.0,3.73,3.69,3.73,558993000.0,527581000.0,558993000.0,3165361650.0,10.0,8.178,243268000.0,4.824,1.0,1031478000.0,0.643,978237000.0,38389000.0,615017000.0,744971750.0,29334000.0,44700000.0,0.0,44700000.0,1005339000.0,473667000.0,531672000.0,2645746650.0,69874000.0,-71215000.0,-55782000.0,-2975000.0,-50624000.0,-105840000.0,-104223000.0,0.0,283373000.0,-3436000.0,188101000.0,188101000.0,188101000.0,0.0,0.0,0.117,710501000.0,320977000.0,69353000.0,0.268,4.733,14.066,14.067,98633000.0,0.0,52.47,1.649,1.649,77974000.0,544243000.0,1604225000.0,1604225000.0,0.0,0.124,0.357,0.433,0.201,7551000.0,694137000.0,1.0,50423988.0,50423988.0,,31.815,586095000.0,8357000.0,95715000.0,83624000.0,11.623,-154873000.0
30,DLX,MRT,2013-12-31,2013-12-31,2013-12-31,2021-09-07,-33424000.0,1569529000.0,1492248500.0,319313000.0,1250216000.0,1.062,10.9,-37459000.0,121089000.0,121089000.0,561116000.0,186652000.0,0.652,1.851,640704000.0,255589000.0,385115000.0,640704000.0,0.0,64473000.0,0.0,0.019,1.0,319360000.0,383833000.0,0.242,383833000.0,319360000.0,281059000.0,3.68,3.65,3.68,550457000.0,503788500.0,550457000.0,3179110631.0,10.0,8.283,224043000.0,4.437,1.0,1023708000.0,0.646,976353000.0,38301000.0,622720000.0,808318500.0,28966000.0,44451000.0,0.0,44451000.0,1019072000.0,490071000.0,529001000.0,2635582631.0,75654000.0,-69709000.0,-32850000.0,-1791000.0,-50711000.0,-82297000.0,-101050000.0,0.0,261502000.0,-2501000.0,186652000.0,186652000.0,186652000.0,0.0,0.0,0.118,705794000.0,317914000.0,71492000.0,0.272,4.788,14.12,14.182,101343000.0,0.0,52.19,1.663,1.663,88049000.0,510941000.0,1584824000.0,1584824000.0,0.0,0.125,0.37,0.395,0.202,7562000.0,691359000.0,1.0,50499763.0,50499763.0,,31.383,593176000.0,8797000.0,94407000.0,82814000.0,11.746,-170758000.0
31,DLX,MRT,2013-09-30,2013-09-30,2013-09-30,2021-09-07,-40632000.0,1509686000.0,1452976250.0,277933000.0,1231753000.0,1.07,10.326,-33804000.0,100040000.0,100040000.0,546670000.0,183577000.0,1.277,1.901,643568000.0,499000.0,643069000.0,643568000.0,0.0,64301000.0,0.0,0.024,1.0,313749000.0,378050000.0,0.243,378050000.0,313749000.0,273142000.0,3.61,3.58,3.61,520326000.0,474408000.0,520326000.0,2688884438.0,9.0,7.113,217091000.0,4.308,1.0,1007979000.0,0.648,964933000.0,40607000.0,870627000.0,867419250.0,26825000.0,44391000.0,0.0,44391000.0,989360000.0,217654000.0,771706000.0,2099270438.0,-5597000.0,-49704000.0,-33363000.0,-94213000.0,-50814000.0,-175643000.0,-79449000.0,0.0,250895000.0,-1400000.0,183577000.0,183577000.0,183577000.0,0.0,0.0,0.118,690310000.0,317669000.0,68875000.0,0.277,4.035,11.435,11.54,101627000.0,0.0,41.66,1.35,1.35,80218000.0,477903000.0,1554649000.0,1554649000.0,0.0,0.126,0.387,0.362,0.202,7536000.0,682686000.0,1.0,50390553.0,50390553.0,,30.852,544753000.0,6986000.0,89565000.0,78966000.0,10.811,60279000.0
32,DLX,MRT,2013-06-30,2013-06-30,2013-06-30,2021-09-07,-42636000.0,1447969000.0,1442377500.0,229775000.0,1218194000.0,1.064,9.448,-31836000.0,52830000.0,52830000.0,536137000.0,178177000.0,1.137,2.013,642444000.0,277000.0,642167000.0,642444000.0,0.0,64264000.0,0.0,0.029,1.0,306329000.0,370593000.0,0.241,370593000.0,306329000.0,263494000.0,3.49,3.47,3.49,480548000.0,443824000.0,480548000.0,2342273380.0,8.0,6.32,214474000.0,4.217,1.0,998770000.0,0.651,963892000.0,42835000.0,871523000.0,864607250.0,25197000.0,44061000.0,0.0,44061000.0,967421000.0,202168000.0,765253000.0,1762413380.0,7699000.0,-40930000.0,-28343000.0,-92424000.0,-50857000.0,-168661000.0,-68463000.0,0.0,246310000.0,-1487000.0,178177000.0,178177000.0,178177000.0,0.0,0.0,0.116,688149000.0,310621000.0,63764000.0,0.287,3.668,9.891,9.928,100823000.0,0.0,34.65,1.148,1.148,75610000.0,443665000.0,1534907000.0,1534907000.0,0.0,0.124,0.401,0.354,0.2,7499000.0,680564000.0,1.0,50863301.0,50863301.0,,30.177,484077000.0,8103000.0,85317000.0,77982000.0,9.517,27607000.0
33,DLX,MRT,2013-03-31,2013-03-31,2013-03-31,2021-09-07,-41272000.0,1441810000.0,1435933750.0,255880000.0,1185930000.0,1.062,9.134,-31888000.0,70741000.0,70741000.0,530184000.0,172287000.0,1.176,2.109,650601000.0,172000.0,650429000.0,650601000.0,0.0,64454000.0,0.0,0.024,1.0,297619000.0,362073000.0,0.238,362073000.0,297619000.0,252991000.0,3.37,3.35,3.37,463823000.0,413416250.0,463823000.0,2709345057.0,9.0,7.483,211661000.0,4.168,1.0,994304000.0,0.652,935589000.0,44628000.0,868404000.0,866473500.0,23735000.0,44415000.0,0.0,44415000.0,977987000.0,217677000.0,760310000.0,2102199057.0,12026000.0,-38279000.0,-21118000.0,-92459000.0,-50889000.0,-161628000.0,-69262000.0,0.0,243549000.0,-633000.0,172287000.0,172287000.0,172287000.0,0.0,0.0,0.113,692568000.0,301736000.0,63210000.0,0.297,4.532,12.202,12.285,101770000.0,0.0,41.4,1.379,1.379,74873000.0,408144000.0,1524488000.0,1524488000.0,0.0,0.12,0.417,0.343,0.195,7661000.0,683781000.0,1.0,50777755.0,50777755.0,,30.023,506221000.0,8395000.0,80704000.0,74744000.0,9.969,38203000.0
34,DLX,MRT,2012-12-31,2012-12-31,2012-12-31,2021-09-07,-40647000.0,1412440000.0,1427983750.0,219743000.0,1192697000.0,1.061,8.505,-32580000.0,45435000.0,45435000.0,524375000.0,170492000.0,0.998,2.262,652581000.0,0.0,652581000.0,652581000.0,0.0,65652000.0,0.0,0.031,1.0,297600000.0,363252000.0,0.24,363252000.0,297600000.0,250753000.0,3.33,3.32,3.33,432935000.0,382372500.0,432935000.0,2277788499.0,8.0,6.271,211497000.0,4.155,1.0,990542000.0,0.654,940353000.0,46847000.0,859123000.0,866660750.0,23291000.0,46898000.0,0.0,46898000.0,979505000.0,220110000.0,759395000.0,1641103499.0,16748000.0,-37459000.0,-14835000.0,-96042000.0,-50918000.0,-159510000.0,-68513000.0,0.0,244077000.0,694000.0,170492000.0,170492000.0,170492000.0,0.0,0.0,0.113,688514000.0,302028000.0,65107000.0,0.3,3.791,9.626,9.682,104189000.0,0.0,32.24,1.083,1.083,70387000.0,375000000.0,1514917000.0,1514917000.0,0.0,0.119,0.446,0.343,0.196,7292000.0,680460000.0,1.0,50902714.0,50902714.0,,29.761,472087000.0,9349000.0,80261000.0,75147000.0,9.274,-367000.0
35,DLX,MRT,2012-09-30,2012-09-30,2012-09-30,2021-09-07,-55882000.0,1467291000.0,1422076000.0,271043000.0,1196248000.0,1.05,7.872,-32143000.0,105637000.0,105637000.0,516686000.0,167675000.0,0.904,2.687,742322000.0,85075000.0,657247000.0,742322000.0,0.0,66553000.0,0.0,0.033,1.0,298818000.0,365371000.0,0.245,365371000.0,298818000.0,252000000.0,3.28,3.27,3.28,397990000.0,349811000.0,397990000.0,2241978331.0,8.0,6.136,209132000.0,4.137,1.0,977073000.0,0.654,944878000.0,46818000.0,859379000.0,868661000.0,24200000.0,46574000.0,0.0,46574000.0,1069301000.0,299719000.0,769582000.0,1544966331.0,82616000.0,-40008000.0,-2315000.0,-38952000.0,-50862000.0,-90929000.0,-69132000.0,0.0,241275000.0,1402000.0,167675000.0,167675000.0,167675000.0,0.0,0.0,0.112,678830000.0,298243000.0,67073000.0,0.305,3.882,9.214,9.317,106492000.0,0.0,30.56,1.034,1.034,67364000.0,345140000.0,1493759000.0,1493759000.0,0.0,0.118,0.479,0.344,0.2,6540000.0,670225000.0,1.0,50555181.0,50555181.0,,29.547,522413000.0,6312000.0,84325000.0,54756000.0,10.334,-28676000.0
36,DLX,MRT,2012-06-30,2012-06-30,2012-06-30,2021-09-07,-57949000.0,1422194000.0,1402100000.0,221083000.0,1201111000.0,1.049,7.039,-32845000.0,45131000.0,45131000.0,507634000.0,162907000.0,0.765,2.962,742143000.0,85296000.0,656847000.0,742143000.0,0.0,68094000.0,0.0,0.04,1.0,291307000.0,359401000.0,0.244,359401000.0,291307000.0,244548000.0,3.19,3.17,3.19,358917000.0,321156250.0,358917000.0,1955028398.0,7.0,5.44,198249000.0,3.888,1.0,962931000.0,0.655,951233000.0,46759000.0,878988000.0,893002000.0,23813000.0,46126000.0,0.0,46126000.0,1063277000.0,288985000.0,774292000.0,1271722398.0,27505000.0,-85671000.0,-13603000.0,-16130000.0,-50886000.0,-80437000.0,-122207000.0,0.0,231094000.0,-945000.0,162907000.0,162907000.0,162907000.0,0.0,0.0,0.111,671713000.0,291218000.0,60705000.0,0.313,3.543,7.806,7.818,108223000.0,0.0,24.94,0.865,0.865,69283000.0,316344000.0,1470565000.0,1470565000.0,0.0,0.116,0.507,0.326,0.198,6010000.0,661512000.0,1.0,50991275.0,50991275.0,,28.84,470961000.0,6809000.0,81641000.0,54265000.0,9.236,-67902000.0
37,DLX,MRT,2012-03-31,2012-03-31,2012-03-31,2021-09-07,-57870000.0,1410010000.0,1380295500.0,226137000.0,1183873000.0,1.047,6.668,-35381000.0,58715000.0,58715000.0,500727000.0,156118000.0,0.766,3.151,742021000.0,85497000.0,656524000.0,742021000.0,0.0,70697000.0,0.0,0.043,1.0,281331000.0,352028000.0,0.243,352028000.0,281331000.0,233874000.0,3.05,3.03,3.05,339648000.0,297837750.0,339648000.0,1905875270.0,7.0,5.414,190942000.0,3.749,1.0,945098000.0,0.654,929083000.0,47457000.0,869153000.0,912555500.0,22742000.0,45855000.0,0.0,45855000.0,1070362000.0,295080000.0,775282000.0,1192856270.0,26863000.0,-91356000.0,-12935000.0,-3210000.0,-51005000.0,-66488000.0,-132492000.0,0.0,226323000.0,-480000.0,156118000.0,156118000.0,156118000.0,0.0,0.0,0.108,663470000.0,281628000.0,58310000.0,0.328,3.512,7.641,7.679,110695000.0,0.0,23.42,0.825,0.825,67750000.0,286745000.0,1445825000.0,1445825000.0,0.0,0.113,0.524,0.308,0.195,5729000.0,651320000.0,1.0,50933231.0,50933231.0,,28.387,480927000.0,6481000.0,77756000.0,52135000.0,9.442,-68943000.0
38,DLX,MRT,2011-12-31,2011-12-31,2011-12-31,2021-09-07,-59401000.0,1388809000.0,1356947500.0,192575000.0,1196234000.0,1.045,5.956,-34807000.0,28687000.0,28687000.0,493402000.0,144595000.0,0.641,3.588,741706000.0,85575000.0,656131000.0,741706000.0,0.0,73343000.0,0.0,0.044,1.0,263881000.0,337224000.0,0.238,337224000.0,263881000.0,216084000.0,2.82,2.8,2.82,302689000.0,274827000.0,302689000.0,1909174114.0,7.0,5.661,200560000.0,3.947,1.0,924194000.0,0.652,934337000.0,47797000.0,867124000.0,931692000.0,22043000.0,45147000.0,0.0,45147000.0,1086120000.0,300367000.0,785753000.0,1156603114.0,11304000.0,-90816000.0,-15949000.0,-25679000.0,-51126000.0,-91702000.0,-131785000.0,0.0,235367000.0,-576000.0,144595000.0,144595000.0,144595000.0,0.0,0.0,0.102,653136000.0,271058000.0,64694000.0,0.355,3.821,7.999,8.071,113411000.0,0.0,22.76,0.816,0.816,69023000.0,255426000.0,1417596000.0,1417596000.0,0.0,0.107,0.526,0.283,0.186,5733000.0,640307000.0,1.0,50817360.0,50817360.0,,27.896,454472000.0,7216000.0,71489000.0,49807000.0,8.943,-107792000.0
39,DLX,MRT,2011-09-30,2011-09-30,2011-09-30,2021-09-07,-50484000.0,1387387000.0,1336918000.0,180456000.0,1206931000.0,1.049,5.553,-40545000.0,23021000.0,23021000.0,490171000.0,139589000.0,0.744,3.896,775592000.0,33000000.0,742592000.0,775592000.0,0.0,75714000.0,0.0,0.054,1.0,250324000.0,326038000.0,0.232,326038000.0,250324000.0,203486000.0,2.72,2.7,2.72,283371000.0,255704250.0,283371000.0,1684570949.0,7.0,5.167,172833000.0,3.387,1.0,912487000.0,0.651,940654000.0,46838000.0,956743000.0,953378250.0,22486000.0,44768000.0,0.0,44768000.0,1104016000.0,242561000.0,861455000.0,949230949.0,1930000.0,-86677000.0,-15834000.0,-12616000.0,-51244000.0,-78438000.0,-132351000.0,-1970000.0,213378000.0,-659000.0,139589000.0,139589000.0,139589000.0,0.0,0.0,0.1,654540000.0,257947000.0,63167000.0,0.368,3.35,6.8,6.838,116773000.0,0.0,18.6,0.677,0.677,65039000.0,228326000.0,1402658000.0,1402658000.0,0.0,0.104,0.546,0.263,0.178,6105000.0,638851000.0,1.0,51033922.0,51033922.0,,27.485,446733000.0,8697000.0,63897000.0,51926000.0,8.754,-62105000.0
40,DLX,MRT,2011-06-30,2011-06-30,2011-06-30,2021-09-07,-47561000.0,1334976000.0,1321284000.0,183176000.0,1151800000.0,1.071,5.166,-42162000.0,17626000.0,17626000.0,488966000.0,153654000.0,0.879,4.025,752966000.0,13000000.0,739966000.0,752966000.0,0.0,77314000.0,0.0,0.04,1.0,273499000.0,350813000.0,0.248,350813000.0,273499000.0,227285000.0,2.99,2.97,2.99,265643000.0,235464750.0,265643000.0,1977859448.0,7.0,5.638,204096000.0,3.969,1.0,926181000.0,0.654,904814000.0,46214000.0,957202000.0,950437750.0,21359000.0,38288000.0,0.0,38288000.0,1069333000.0,208300000.0,861033000.0,1270507448.0,2113000.0,-36754000.0,-12804000.0,-105155000.0,-51402000.0,-167839000.0,-77727000.0,-1970000.0,246258000.0,1421000.0,153654000.0,153654000.0,153654000.0,372000.0,0.0,0.109,645371000.0,280810000.0,61822000.0,0.334,4.783,8.269,8.264,117081000.0,0.0,24.71,0.898,0.898,65177000.0,204323000.0,1415147000.0,1415147000.0,0.0,0.116,0.653,0.288,0.193,6193000.0,633916000.0,1.0,51416732.0,51416732.0,,27.523,430162000.0,8624000.0,73631000.0,49596000.0,8.366,-25124000.0
41,DLX,MRT,2011-03-31,2011-03-31,2011-03-31,2021-09-07,-48453000.0,1316618000.0,1321767250.0,193244000.0,1123374000.0,1.072,4.816,-42485000.0,31852000.0,31852000.0,490219000.0,151795000.0,0.935,4.317,739204000.0,0.0,739204000.0,739204000.0,0.0,78211000.0,0.0,0.038,1.0,271758000.0,349969000.0,0.247,349969000.0,271758000.0,226090000.0,2.95,2.94,2.95,247605000.0,209791750.0,247605000.0,2102330521.0,8.0,6.007,178478000.0,3.471,1.0,926650000.0,0.654,871515000.0,45668000.0,945699000.0,953555500.0,20703000.0,37947000.0,0.0,37947000.0,1069013000.0,206756000.0,862257000.0,1364591521.0,15524000.0,-97921000.0,-1442000.0,-18670000.0,-51481000.0,-70438000.0,-135793000.0,-1970000.0,220963000.0,792000.0,151795000.0,151795000.0,151795000.0,372000.0,0.0,0.107,646606000.0,280044000.0,59487000.0,0.339,5.511,8.99,8.997,119657000.0,0.0,26.54,0.963,0.963,61396000.0,181632000.0,1416869000.0,1416869000.0,0.0,0.115,0.724,0.285,0.192,6105000.0,637075000.0,1.0,51416410.0,51416410.0,,27.557,445103000.0,9205000.0,74295000.0,49416000.0,8.657,-13512000.0
42,DLX,MRT,2010-12-31,2010-12-31,2010-12-31,2021-09-07,-50012000.0,1308691000.0,1300605250.0,171237000.0,1137454000.0,1.078,4.409,-43932000.0,17383000.0,17383000.0,488419000.0,152624000.0,0.81,4.786,755122000.0,7000000.0,748122000.0,755122000.0,0.0,73915000.0,0.0,0.043,1.0,279343000.0,353258000.0,0.252,353258000.0,279343000.0,235178000.0,2.97,2.96,2.97,226198000.0,183185750.0,226198000.0,1939200660.0,7.0,5.489,168683000.0,3.288,1.0,913818000.0,0.652,881049000.0,44165000.0,953869000.0,948849000.0,21660000.0,37410000.0,0.0,37410000.0,1082493000.0,211512000.0,870981000.0,1181013660.0,4594000.0,-98621000.0,268000.0,-22054000.0,-51435000.0,-72541000.0,-136170000.0,0.0,212615000.0,690000.0,152624000.0,152624000.0,152624000.0,771000.0,0.0,0.109,632274000.0,281544000.0,60478000.0,0.337,5.221,7.738,7.751,120221000.0,0.0,23.02,0.842,0.842,66471000.0,161957000.0,1402237000.0,1402237000.0,0.0,0.117,0.833,0.294,0.199,6150000.0,624303000.0,1.0,51303808.0,51303808.0,,27.332,427642000.0,9390000.0,82554000.0,46752000.0,8.335,-40275000.0
43,DLX,MRT,2010-09-30,2010-09-30,2010-09-30,2021-09-07,-50356000.0,1324851000.0,1276235000.0,180571000.0,1144280000.0,1.09,3.94,-40873000.0,21091000.0,21091000.0,488383000.0,148327000.0,0.724,5.545,779278000.0,30000000.0,749278000.0,779278000.0,0.0,71460000.0,0.0,0.052,1.0,274814000.0,346274000.0,0.249,346274000.0,274814000.0,230826000.0,2.89,2.88,2.89,202413000.0,155938750.0,202413000.0,1813820412.0,7.0,5.238,185841000.0,3.617,1.0,902674000.0,0.649,888624000.0,43988000.0,944981000.0,940269250.0,21886000.0,36917000.0,0.0,36917000.0,1122438000.0,249433000.0,873005000.0,982820412.0,6950000.0,-98621000.0,79000.0,-36039000.0,-51413000.0,-86946000.0,-133209000.0,1964000.0,226714000.0,391000.0,148327000.0,148327000.0,148327000.0,771000.0,0.0,0.107,626216000.0,276458000.0,63584000.0,0.346,4.856,6.626,6.619,119569000.0,0.0,19.13,0.707,0.707,61624000.0,139981000.0,1391057000.0,1391057000.0,0.0,0.116,0.951,0.292,0.198,5713000.0,618730000.0,1.0,51375871.0,51375871.0,,27.076,436227000.0,11209000.0,82499000.0,46531000.0,8.491,-68862000.0
44,DLX,MRT,2010-06-30,2010-06-30,2010-06-30,2021-09-07,-51925000.0,1336909000.0,1255919250.0,184015000.0,1152894000.0,1.079,3.174,-41595000.0,15513000.0,15513000.0,488861000.0,126082000.0,0.61,7.204,846513000.0,99000000.0,747513000.0,846513000.0,0.0,68295000.0,0.0,0.053,1.0,241014000.0,309309000.0,0.228,309309000.0,241014000.0,196738000.0,2.46,2.46,2.46,162951000.0,129416000.0,162951000.0,1691371925.0,7.0,5.468,149522000.0,2.912,1.0,866860000.0,0.639,896762000.0,44276000.0,969673000.0,937919500.0,21331000.0,36728000.0,0.0,36728000.0,1173958000.0,301474000.0,872484000.0,962600925.0,-2628000.0,-129446000.0,2530000.0,20788000.0,-51354000.0,-27505000.0,-167160000.0,-1697000.0,191117000.0,920000.0,126082000.0,126082000.0,126082000.0,399000.0,0.0,0.093,624361000.0,242499000.0,65829000.0,0.407,5.907,7.635,7.622,119200000.0,0.0,18.75,0.71,0.71,61478000.0,102071000.0,1355721000.0,1355721000.0,0.0,0.1,0.974,0.257,0.178,6283000.0,615140000.0,1.0,51338716.0,51338716.0,,26.407,440147000.0,10043000.0,70656000.0,43908000.0,8.573,-117459000.0
45,DLX,MRT,2010-03-31,2010-03-31,2010-03-31,2021-09-07,-51105000.0,1231970000.0,1222416000.0,180306000.0,1051664000.0,1.096,2.755,-45202000.0,16328000.0,16328000.0,493885000.0,120244000.0,0.781,7.726,745099000.0,0.0,745099000.0,745099000.0,0.0,66359000.0,0.0,0.051,1.0,232128000.0,298487000.0,0.223,298487000.0,232128000.0,187733000.0,2.35,2.35,2.35,141181000.0,107390750.0,141181000.0,1751044509.0,8.0,5.866,150957000.0,2.946,1.0,845909000.0,0.631,803011000.0,44395000.0,926873000.0,935308000.0,21916000.0,35389000.0,0.0,35389000.0,1090789000.0,230857000.0,859932000.0,995080509.0,-716000.0,-31525000.0,2313000.0,-70734000.0,-51303000.0,-119387000.0,-79766000.0,-1697000.0,196159000.0,2278000.0,120244000.0,120244000.0,120244000.0,399000.0,0.0,0.09,613547000.0,232362000.0,59102000.0,0.426,7.048,8.276,8.264,118901000.0,0.0,19.42,0.743,0.743,57576000.0,81317000.0,1339794000.0,1339794000.0,0.0,0.098,1.12,0.248,0.173,6767000.0,606185000.0,1.0,51239985.0,51239985.0,,26.147,428959000.0,10448000.0,67489000.0,29983000.0,8.372,-50551000.0
46,DLX,MRT,2009-12-31,2009-12-31,2009-12-31,2021-09-07,-52818000.0,1211210000.0,1212235000.0,159499000.0,1051711000.0,1.109,2.289,-45905000.0,12789000.0,12789000.0,504782000.0,99365000.0,0.656,9.334,768753000.0,26000000.0,742753000.0,768753000.0,0.0,67765000.0,0.0,0.068,1.0,201301000.0,269066000.0,0.2,269066000.0,201301000.0,155021000.0,1.94,1.94,1.94,117210000.0,85583500.0,117210000.0,1550456580.0,8.0,5.762,160063000.0,3.126,1.0,839413000.0,0.624,804576000.0,46280000.0,919550000.0,936311750.0,22122000.0,39200000.0,0.0,39200000.0,1094000000.0,243048000.0,850952000.0,757308580.0,-2801000.0,-30825000.0,653000.0,-77987000.0,-51279000.0,-128545000.0,-81818000.0,-3667000.0,205968000.0,1594000.0,99365000.0,99365000.0,99365000.0,0.0,0.0,0.074,648824000.0,190589000.0,60640000.0,0.515,6.461,7.621,7.624,121797000.0,0.0,14.79,0.563,0.563,65564000.0,60768000.0,1344195000.0,1344195000.0,0.0,0.082,1.161,0.215,0.15,6663000.0,616496000.0,1.0,51204096.0,51204096.0,,26.252,406634000.0,10841000.0,55656000.0,24800000.0,7.941,-83549000.0
47,DLX,MRT,2009-09-30,2009-09-30,2009-09-30,2021-09-07,-54782000.0,1243588000.0,1214178750.0,177436000.0,1066152000.0,1.127,1.884,-50202000.0,14141000.0,14141000.0,514458000.0,96775000.0,0.609,11.911,807289000.0,63300000.0,743989000.0,807289000.0,0.0,68043000.0,0.0,0.058,1.0,203389000.0,271432000.0,0.198,271432000.0,203389000.0,155299000.0,1.88,1.89,1.88,96322000.0,69547500.0,96322000.0,1674937802.0,8.0,6.171,153643000.0,3.005,1.0,854307000.0,0.624,809619000.0,48090000.0,935582000.0,947916500.0,24501000.0,38687000.0,0.0,38687000.0,1147266000.0,291535000.0,855731000.0,874440802.0,-3872000.0,-30858000.0,653000.0,-70942000.0,-51271000.0,-121503000.0,-86219000.0,-3661000.0,203845000.0,5000.0,96775000.0,96775000.0,96775000.0,2646000.0,0.0,0.071,659096000.0,195211000.0,59092000.0,0.532,9.078,9.036,9.096,123806000.0,0.0,17.1,0.639,0.639,64299000.0,43066000.0,1368765000.0,1368765000.0,0.0,0.08,1.391,0.215,0.149,7663000.0,630034000.0,1.0,51136889.0,51136889.0,,26.767,433969000.0,13223000.0,58524000.0,21621000.0,8.486,-114099000.0
48,DLX,MRT,2009-06-30,2009-06-30,2009-06-30,2021-09-07,-58135000.0,1202896000.0,1216320000.0,168916000.0,1033980000.0,1.15,1.465,-41499000.0,18141000.0,18141000.0,542637000.0,81980000.0,0.617,15.071,818638000.0,75750000.0,742888000.0,818638000.0,0.0,67774000.0,0.0,0.078,1.0,179359000.0,247133000.0,0.177,247133000.0,179359000.0,130024000.0,1.59,1.6,1.59,74850000.0,61596000.0,74850000.0,1449664315.0,8.0,5.866,176630000.0,3.456,1.0,856545000.0,0.612,770506000.0,49335000.0,959227000.0,957591500.0,24345000.0,38100000.0,0.0,38100000.0,1128046000.0,273660000.0,854386000.0,654676315.0,361000.0,-103204000.0,-7015000.0,-10762000.0,-51264000.0,-69013000.0,-147404000.0,0.0,218129000.0,-1351000.0,81980000.0,81980000.0,81980000.0,2986000.0,0.0,0.059,685087000.0,171458000.0,59427000.0,0.629,8.747,7.986,8.057,126499000.0,0.0,12.81,0.468,0.468,58925000.0,27341000.0,1399182000.0,1399182000.0,0.0,0.067,1.331,0.187,0.128,8274000.0,639169000.0,1.0,51106660.0,51106660.0,,27.378,432390000.0,15765000.0,48044000.0,15575000.0,8.461,-104744000.0
49,DLX,MRT,2009-03-31,2009-03-31,2009-03-31,2021-09-07,-62936000.0,1191246000.0,1206399000.0,150984000.0,1040262000.0,1.186,1.054,-36091000.0,17044000.0,17044000.0,552833000.0,86821000.0,0.537,21.08,812032000.0,69202000.0,742830000.0,812032000.0,0.0,65369000.0,0.0,0.104,1.0,188171000.0,253540000.0,0.177,253540000.0,188171000.0,138083000.0,1.68,1.69,1.68,53952000.0,59807000.0,53952000.0,1330551764.0,7.0,5.248,195911000.0,3.828,1.0,878272000.0,0.614,774104000.0,50088000.0,930888000.0,972272500.0,25859000.0,37349000.0,0.0,37349000.0,1137294000.0,281242000.0,856052000.0,492805764.0,-566000.0,-104619000.0,-7042000.0,-31325000.0,-51362000.0,-89701000.0,-140697000.0,0.0,232002000.0,-2170000.0,86821000.0,86821000.0,86821000.0,3778000.0,0.0,0.061,697382000.0,180890000.0,59873000.0,0.595,9.134,5.676,5.732,130322000.0,0.0,9.63,0.344,0.344,55945000.0,12375000.0,1431105000.0,1431105000.0,0.0,0.072,1.452,0.194,0.131,8413000.0,650196000.0,1.0,51174015.0,51174015.0,,27.965,417142000.0,16194000.0,51262000.0,11892000.0,8.151,-130258000.0
50,DLX,MRT,2008-12-31,2008-12-31,2008-12-31,2021-09-07,-64954000.0,1218985000.0,1202033750.0,167086000.0,1051899000.0,1.222,1.038,-31321000.0,15590000.0,15590000.0,566513000.0,101634000.0,0.589,21.971,853336000.0,79440000.0,773896000.0,853336000.0,0.0,63960000.0,0.0,0.067,1.0,206359000.0,270319000.0,0.184,270319000.0,206359000.0,155938000.0,1.97,1.97,1.97,53066000.0,57725750.0,53066000.0,1632449316.0,8.0,6.039,168161000.0,3.289,1.0,902149000.0,0.614,807125000.0,50421000.0,965969000.0,993904500.0,25791000.0,36794000.0,0.0,36794000.0,1165919000.0,283637000.0,882282000.0,764992316.0,-6025000.0,-104879000.0,-19046000.0,2675000.0,-51422000.0,-67681000.0,-135773000.0,0.0,199482000.0,-2053000.0,101634000.0,101634000.0,101634000.0,4238000.0,0.0,0.069,692915000.0,209234000.0,61598000.0,0.508,14.416,7.527,7.594,128105000.0,0.0,14.96,0.521,0.521,68572000.0,12682000.0,1468662000.0,1468662000.0,0.0,0.085,1.761,0.208,0.141,9683000.0,670991000.0,1.0,51135850.0,51135850.0,,28.721,411860000.0,17825000.0,54304000.0,9491000.0,8.054,-116551000.0
51,DLX,MRT,2008-09-30,2008-09-30,2008-09-30,2021-09-07,-37086000.0,1252153000.0,1199976250.0,181003000.0,1071150000.0,1.25,1.252,-32456000.0,18013000.0,18013000.0,569182000.0,113846000.0,0.547,18.408,885470000.0,111636000.0,773834000.0,885470000.0,0.0,62899000.0,0.0,0.069,1.0,220342000.0,283241000.0,0.189,283241000.0,220342000.0,169401000.0,2.18,2.18,2.18,64516000.0,54736000.0,64516000.0,1560065386.0,7.0,5.508,179851000.0,3.491,1.0,931145000.0,0.621,814515000.0,50941000.0,974282000.0,1003013750.0,30283000.0,37111000.0,0.0,37111000.0,1187637000.0,330813000.0,856824000.0,741404386.0,-10194000.0,-104846000.0,-26701000.0,-223879000.0,-51636000.0,-301853000.0,80119000.0,216955000.0,212307000.0,-767000.0,113846000.0,113846000.0,113846000.0,3194000.0,0.0,0.076,709581000.0,221564000.0,65650000.0,0.459,11.492,6.512,6.601,128424000.0,0.0,14.39,0.494,0.494,69245000.0,-2439000.0,1500327000.0,1500327000.0,0.0,0.095,2.08,0.22,0.147,11384000.0,687098000.0,1.0,51522195.0,51522195.0,,29.12,437638000.0,18849000.0,55555000.0,21540000.0,8.494,-149810000.0
52,DLX,MRT,2008-06-30,2008-06-30,2008-06-30,2021-09-07,-37163000.0,1163212000.0,1249523500.0,175899000.0,987313000.0,1.221,1.315,-35458000.0,17780000.0,17780000.0,562590000.0,132246000.0,0.727,16.183,836441000.0,62177000.0,774264000.0,836441000.0,0.0,63872000.0,0.0,0.056,1.0,253050000.0,316922000.0,0.208,316922000.0,253050000.0,199332000.0,2.53,2.53,2.53,67694000.0,44743000.0,67694000.0,1748099044.0,7.0,5.516,171265000.0,3.326,1.0,963659000.0,0.631,722079000.0,53718000.0,1017951000.0,1067235500.0,32055000.0,36872000.0,0.0,36872000.0,1095518000.0,241843000.0,853675000.0,917683044.0,3195000.0,-1675000.0,-21460000.0,-272171000.0,-51856000.0,-344674000.0,140766000.0,177280000.0,206723000.0,380000.0,132246000.0,132246000.0,132246000.0,2854000.0,0.0,0.087,712169000.0,251490000.0,64889000.0,0.395,13.556,6.939,7.043,132382000.0,0.0,17.82,0.601,0.601,74350000.0,-3375000.0,1526249000.0,1526249000.0,0.0,0.106,2.956,0.237,0.166,12356000.0,706207000.0,1.0,51497365.0,51497365.0,,29.637,441133000.0,14359000.0,67086000.0,12650000.0,8.566,-65944000.0
53,DLX,MRT,2008-03-31,2008-03-31,2008-03-31,2021-09-07,-38451000.0,1173785000.0,1311106500.0,169779000.0,1004006000.0,1.191,0.888,-33732000.0,17610000.0,17610000.0,568224000.0,135604000.0,0.654,24.726,848026000.0,73345000.0,774681000.0,848026000.0,0.0,65669000.0,0.0,0.052,1.0,259306000.0,324975000.0,0.208,324975000.0,259306000.0,204059000.0,2.6,2.59,2.6,45627000.0,27727500.0,45627000.0,1809743620.0,7.0,5.569,171940000.0,3.345,1.0,993904000.0,0.636,727186000.0,55247000.0,1017416000.0,1116749750.0,32255000.0,36254000.0,0.0,36254000.0,1128158000.0,259599000.0,868559000.0,987318620.0,6144000.0,-260000.0,-10631000.0,-107285000.0,-51951000.0,-168533000.0,-31852000.0,0.0,205672000.0,857000.0,135604000.0,135604000.0,135604000.0,2062000.0,0.0,0.087,737447000.0,256457000.0,66470000.0,0.385,21.639,7.281,7.388,135354000.0,0.0,19.21,0.632,0.632,78633000.0,-23084000.0,1562128000.0,1562128000.0,0.0,0.103,4.891,0.232,0.166,13862000.0,733045000.0,1.0,51396076.0,51396076.0,,30.394,446599000.0,14201000.0,68455000.0,12310000.0,8.689,-89820000.0
54,DLX,MRT,2007-12-31,2007-12-31,2007-12-31,2021-09-07,-39046000.0,1210755000.0,1323459250.0,191945000.0,1018810000.0,1.201,0.789,-32286000.0,21615000.0,21615000.0,574604000.0,143515000.0,0.645,28.454,844040000.0,68954000.0,775086000.0,844040000.0,0.0,67560000.0,0.0,0.03,1.0,273707000.0,341267000.0,0.215,341267000.0,273707000.0,218413000.0,2.76,2.75,2.76,41107000.0,6273750.0,41107000.0,2788564755.0,10.0,8.171,212388000.0,4.074,1.0,1014281000.0,0.638,733186000.0,55294000.0,1002406000.0,1068011750.0,29918000.0,36013000.0,0.0,36013000.0,1169648000.0,297588000.0,872060000.0,1714583755.0,10016000.0,16898000.0,4635000.0,-178719000.0,-52048000.0,-224890000.0,-10929000.0,0.0,244674000.0,1161000.0,143515000.0,143515000.0,143515000.0,1602000.0,0.0,0.09,744377000.0,269904000.0,78659000.0,0.362,41.71,11.947,11.917,138860000.0,0.0,32.89,1.079,1.079,84268000.0,-37530000.0,1588885000.0,1588885000.0,0.0,0.108,22.875,0.256,0.172,13533000.0,743449000.0,1.0,52130853.0,52130853.0,,30.479,477569000.0,14901000.0,74898000.0,10194000.0,9.161,-105643000.0
55,DLX,MRT,2007-09-30,2007-09-30,2007-09-30,2021-09-07,-33361000.0,1450342000.0,1337553500.0,418906000.0,1031436000.0,1.196,0.47,-24723000.0,28207000.0,28207000.0,578216000.0,150854000.0,0.755,58.092,1102188000.0,326709000.0,775479000.0,1102188000.0,0.0,70118000.0,0.0,0.027,1.0,281112000.0,351230000.0,0.22,351230000.0,281112000.0,225192000.0,2.94,2.92,2.94,24544000.0,-20421250.0,24544000.0,3010288060.0,11.0,8.571,219680000.0,4.21,1.0,1020986000.0,0.638,738307000.0,55920000.0,1231169000.0,1026843000.0,34662000.0,252935000.0,216955000.0,35980000.0,1425798000.0,554847000.0,870951000.0,1922365060.0,18956000.0,2185000.0,12290000.0,35346000.0,-51915000.0,-3270000.0,-223565000.0,-216955000.0,244403000.0,1388000.0,150854000.0,150854000.0,150854000.0,280000.0,0.0,0.094,748399000.0,272587000.0,79695000.0,0.34,78.323,12.743,12.531,137910000.0,0.0,36.84,1.202,1.202,93946000.0,-64649000.0,1599202000.0,1599202000.0,0.0,0.113,-7.387,0.274,0.176,11971000.0,735871000.0,1.0,52181462.0,52181462.0,,30.647,712035000.0,19587000.0,74338000.0,13858000.0,13.645,-135941000.0
56,DLX,MRT,2007-06-30,2007-06-30,2007-06-30,2021-09-07,-37130000.0,1409544000.0,1298880750.0,371689000.0,1037855000.0,1.238,-0.007,-24795000.0,14585000.0,14585000.0,584447000.0,149857000.0,0.694,-3831.283,1102508000.0,326648000.0,775860000.0,1102508000.0,0.0,72686000.0,0.0,0.025,1.0,275482000.0,348168000.0,0.216,348168000.0,275482000.0,220702000.0,2.93,2.91,2.93,-368000.0,-43682500.0,-368000.0,3043525212.0,11.0,8.742,217820000.0,4.197,1.0,1024206000.0,0.637,745872000.0,54780000.0,1216008000.0,1021634250.0,36957000.0,213075000.0,177280000.0,35795000.0,1409912000.0,535587000.0,874325000.0,2107617212.0,5993000.0,3601000.0,15288000.0,-23217000.0,-51771000.0,-58946000.0,-178358000.0,-177280000.0,242615000.0,682000.0,149857000.0,149857000.0,149857000.0,280000.0,0.0,0.093,755091000.0,269115000.0,73095000.0,0.341,-5727.221,14.064,13.86,140644000.0,0.0,40.61,1.31,1.31,91699000.0,-83765000.0,1608653000.0,1608653000.0,0.0,0.115,-3.431,0.27,0.171,9316000.0,744246000.0,1.0,51898971.0,51898971.0,,30.996,663672000.0,20393000.0,70845000.0,13032000.0,12.788,-163898000.0
57,DLX,MRT,2007-03-31,2007-03-31,2007-03-31,2021-09-07,-40390000.0,1223196000.0,1278995750.0,182596000.0,1040600000.0,1.26,-0.779,-32270000.0,11466000.0,11466000.0,593321000.0,111515000.0,0.312,-31.437,947374000.0,371139000.0,576235000.0,947374000.0,0.0,78402000.0,0.0,0.034,1.15,217299000.0,295701000.0,0.183,295701000.0,217299000.0,161687000.0,2.18,2.17,2.18,-40188000.0,-66056750.0,-40188000.0,2734166105.0,13.0,9.246,203118000.0,3.937,1.0,1018420000.0,0.632,751842000.0,55612000.0,822464000.0,1027083250.0,35763000.0,35350000.0,0.0,35350000.0,1263384000.0,584798000.0,678586000.0,1729984105.0,4441000.0,3601000.0,5453000.0,-170136000.0,-59383000.0,-223628000.0,-7526000.0,0.0,235388000.0,207000.0,111515000.0,111515000.0,111515000.0,-95000.0,0.0,0.069,806977000.0,211443000.0,70873000.0,0.528,-43.047,15.513,15.381,140917000.0,0.0,33.53,1.073,1.073,90486000.0,-106737000.0,1611741000.0,1611741000.0,0.0,0.087,-1.688,0.212,0.135,7387000.0,751434000.0,1.0,51595112.0,51595112.0,,31.238,471354000.0,20183000.0,50172000.0,13991000.0,9.136,-402202000.0
58,DLX,MRT,2006-12-31,2006-12-31,2006-12-31,2021-09-07,-41873000.0,1267132000.0,1321627250.0,202117000.0,1065015000.0,1.225,-1.275,-41012000.0,11599000.0,11599000.0,599980000.0,100954000.0,0.304,-20.295,1015781000.0,439191000.0,576590000.0,1015781000.0,0.0,84535000.0,0.0,0.052,1.3,199565000.0,284100000.0,0.175,284100000.0,199565000.0,142904000.0,1.98,1.96,1.98,-65673000.0,-73866750.0,-65673000.0,2353041857.0,12.0,8.282,198062000.0,3.845,1.0,1019357000.0,0.629,769080000.0,56661000.0,837731000.0,1126238500.0,42854000.0,35985000.0,0.0,35985000.0,1332805000.0,664503000.0,668302000.0,1298030857.0,4732000.0,-7274000.0,8936000.0,-147763000.0,-66973000.0,-204587000.0,-29913000.0,0.0,239074000.0,158000.0,100954000.0,100954000.0,100954000.0,-116000.0,0.0,0.062,820813000.0,198544000.0,78489000.0,0.657,-19.765,12.858,12.727,142247000.0,0.0,25.2,0.802,0.802,103014000.0,-125420000.0,1619337000.0,1619337000.0,0.0,0.076,-1.367,0.177,0.123,6191000.0,770218000.0,1.0,51509161.0,51509161.0,,31.438,498052000.0,18776000.0,41950000.0,16315000.0,9.669,-462386000.0
59,DLX,MRT,2006-09-30,2006-09-30,2006-09-30,2021-09-07,-8573000.0,1295651000.0,1361313000.0,187202000.0,1108449000.0,1.208,-1.332,-48852000.0,9251000.0,9251000.0,613642000.0,92423000.0,0.498,-19.914,1064262000.0,162391000.0,901871000.0,1064262000.0,0.0,90688000.0,0.0,0.085,1.45,196477000.0,287165000.0,0.175,287165000.0,196477000.0,138542000.0,1.81,1.8,1.81,-68501000.0,-77955000.0,-68501000.0,1992489702.0,10.0,6.938,188005000.0,3.657,1.0,1030831000.0,0.627,764725000.0,57935000.0,1210334000.0,1230632250.0,41907000.0,45572000.0,0.0,45572000.0,1364152000.0,375603000.0,988549000.0,879186702.0,-6197000.0,10057000.0,9509000.0,-146871000.0,-74432000.0,-210619000.0,-32372000.0,0.0,236857000.0,-63000.0,92423000.0,92423000.0,92423000.0,-744000.0,0.0,0.056,836445000.0,194386000.0,68459000.0,0.801,-12.835,9.513,9.448,142058000.0,0.0,17.1,0.535,0.535,98080000.0,-160011000.0,1644473000.0,1644473000.0,0.0,0.068,-1.186,0.16,0.119,3956000.0,796201000.0,1.0,51414427.0,51414427.0,,31.985,530926000.0,14250000.0,46119000.0,45658000.0,10.326,-188401000.0
60,DLX,MRT,2006-06-30,2006-06-30,2006-06-30,2021-09-07,-9303000.0,1330004000.0,1402624500.0,194518000.0,1135486000.0,1.183,-1.752,-59399000.0,8592000.0,8592000.0,613161000.0,98394000.0,0.453,-15.8,1121895000.0,219705000.0,902190000.0,1121895000.0,0.0,94671000.0,0.0,0.092,1.6,210227000.0,304898000.0,0.184,304898000.0,210227000.0,153008000.0,1.93,1.92,1.93,-89865000.0,-86096250.0,-89865000.0,2007119838.0,10.0,6.583,167523000.0,3.265,1.0,1045726000.0,0.63,776290000.0,57219000.0,1237804000.0,1251334000.0,40679000.0,49794000.0,0.0,49794000.0,1419869000.0,429213000.0,990656000.0,896753838.0,-24473000.0,5753000.0,10278000.0,-145589000.0,-81869000.0,-216200000.0,-35689000.0,0.0,226922000.0,494000.0,98394000.0,98394000.0,98394000.0,-258000.0,0.0,0.059,837262000.0,208464000.0,69182000.0,0.829,-9.979,9.114,9.057,145446000.0,0.0,17.48,0.541,0.541,93277000.0,-178274000.0,1658887000.0,1658887000.0,0.0,0.07,-1.143,0.168,0.127,5103000.0,797624000.0,1.0,51301707.0,51301707.0,,32.336,553714000.0,16631000.0,54614000.0,46759000.0,10.793,-234695000.0
61,DLX,MRT,2006-03-31,2006-03-31,2006-03-31,2021-09-07,-10868000.0,1393722000.0,1447055750.0,192331000.0,1201391000.0,1.168,-1.4,-56662000.0,7025000.0,7025000.0,612266000.0,142817000.0,0.421,-20.512,1117391000.0,214889000.0,902502000.0,1117391000.0,0.0,101146000.0,0.0,0.061,1.6,282081000.0,383227000.0,0.227,383227000.0,282081000.0,225029000.0,2.81,2.8,2.81,-71428000.0,-94650000.0,-71428000.0,2495250776.0,9.0,6.511,161420000.0,3.163,1.0,1078138000.0,0.638,828374000.0,57052000.0,1219085000.0,1282776000.0,40479000.0,49101000.0,0.0,49101000.0,1465150000.0,456629000.0,1008521000.0,1335607776.0,-9184000.0,5753000.0,10357000.0,-122351000.0,-81560000.0,-192779000.0,-34732000.0,0.0,218082000.0,245000.0,142817000.0,142817000.0,142817000.0,24000.0,0.0,0.084,797725000.0,280413000.0,75987000.0,0.569,-18.699,9.352,9.313,150153000.0,0.0,26.17,0.79,0.79,94886000.0,-155291000.0,1690404000.0,1690404000.0,0.0,0.099,-1.509,0.22,0.167,5838000.0,803212000.0,1.0,51035834.0,51035834.0,,33.122,565348000.0,16631000.0,82212000.0,64703000.0,11.077,-264298000.0
62,DLX,MRT,2005-12-31,2005-12-31,2005-12-31,2021-09-07,-11224000.0,1425875000.0,1487539750.0,213938000.0,1211937000.0,1.154,-1.618,-55653000.0,6867000.0,6867000.0,608361000.0,157521000.0,0.436,-18.383,1166510000.0,263705000.0,902805000.0,1166510000.0,0.0,108348000.0,0.0,0.053,1.6,306896000.0,415244000.0,0.242,415244000.0,306896000.0,250292000.0,3.11,3.09,3.11,-82026000.0,-114187500.0,-82026000.0,2720489824.0,9.0,6.552,118474000.0,2.337,1.0,1107933000.0,0.646,839127000.0,56604000.0,1255306000.0,1310495250.0,41028000.0,48668000.0,0.0,48668000.0,1507901000.0,491085000.0,1016816000.0,1527816824.0,-8625000.0,-270000.0,11247000.0,-72792000.0,-81271000.0,-142816000.0,-40138000.0,0.0,174127000.0,202000.0,157521000.0,157521000.0,157521000.0,442000.0,0.0,0.092,803094000.0,304839000.0,88178000.0,0.514,-18.626,9.699,9.691,152968000.0,0.0,30.14,0.89,0.89,105238000.0,-159401000.0,1716294000.0,1716294000.0,0.0,0.106,-1.379,0.234,0.179,7003000.0,803633000.0,1.0,50690671.0,50690671.0,,33.858,586748000.0,17978000.0,92771000.0,68707000.0,11.575,-277147000.0
63,DLX,MRT,2005-09-30,2005-09-30,2005-09-30,2021-09-07,-11705000.0,1460897000.0,1505840750.0,222078000.0,1238819000.0,1.17,-1.996,-58324000.0,15448000.0,15448000.0,616768000.0,165398000.0,0.428,-15.455,1208121000.0,305022000.0,903099000.0,1208121000.0,0.0,114852000.0,0.0,0.039,1.57,315583000.0,430435000.0,0.244,430435000.0,315583000.0,260351000.0,3.27,3.27,3.27,-101066000.0,-138303750.0,-101066000.0,3271171355.0,10.0,7.6,150005000.0,2.963,1.0,1144445000.0,0.65,841786000.0,55232000.0,1293141000.0,1316207500.0,41985000.0,48307000.0,0.0,48307000.0,1561963000.0,518643000.0,1043320000.0,2033269355.0,2155000.0,-3548000.0,11684000.0,-93630000.0,-79513000.0,-161459000.0,-45757000.0,0.0,208329000.0,1042000.0,165398000.0,165398000.0,165398000.0,1159000.0,0.0,0.094,829611000.0,314834000.0,75563000.0,0.48,-20.118,12.293,12.281,153970000.0,0.0,40.16,1.154,1.154,103034000.0,-178001000.0,1761213000.0,1761213000.0,0.0,0.11,-1.196,0.24,0.179,10522000.0,830154000.0,1.0,50629217.0,50629217.0,,34.786,619111000.0,9159000.0,94953000.0,83275000.0,12.228,-296565000.0
64,DLX,MRT,2005-06-30,2005-06-30,2005-06-30,2021-09-07,-13485000.0,1507729000.0,1530911250.0,259632000.0,1248097000.0,1.189,-2.455,-54626000.0,33065000.0,33065000.0,629283000.0,185769000.0,0.485,-13.151,1270967000.0,317610000.0,953357000.0,1270967000.0,0.0,123430000.0,0.0,0.038,1.54,345598000.0,469028000.0,0.258,469028000.0,345598000.0,295150000.0,3.69,3.68,3.69,-124080000.0,-166481500.0,-124080000.0,3273851167.0,9.0,6.98,181621000.0,3.594,1.0,1191628000.0,0.654,846775000.0,50448000.0,1363572000.0,1321367250.0,39628000.0,47826000.0,0.0,47826000.0,1631809000.0,535284000.0,1096525000.0,2051770167.0,13955000.0,-74748000.0,16229000.0,-31650000.0,-77762000.0,-116747000.0,-106463000.0,0.0,236247000.0,918000.0,185769000.0,185769000.0,185769000.0,922000.0,0.0,0.102,846960000.0,344668000.0,75918000.0,0.417,-16.536,11.045,11.003,153478000.0,0.0,40.6,1.127,1.127,97196000.0,-194798000.0,1820911000.0,1820911000.0,0.0,0.121,-1.116,0.262,0.19,11266000.0,847387000.0,1.0,50536211.0,50536211.0,,36.032,660954000.0,10932000.0,109381000.0,81237000.0,13.079,-275652000.0
65,DLX,MRT,2005-03-31,2005-03-31,2005-03-31,2021-09-07,-13537000.0,1555658000.0,1536747250.0,254811000.0,1300847000.0,1.103,-2.962,-51932000.0,16689000.0,16689000.0,581134000.0,189701000.0,0.435,-11.4,1238770000.0,285165000.0,953605000.0,1238770000.0,0.0,110276000.0,0.0,0.038,1.51,343817000.0,454093000.0,0.268,454093000.0,343817000.0,302732000.0,3.78,3.76,3.78,-149578000.0,-198311500.0,-149578000.0,3241332083.0,9.0,7.138,239500000.0,4.742,1.0,1114369000.0,0.657,861877000.0,41085000.0,1329962000.0,1140140750.0,38674000.0,47745000.0,0.0,47745000.0,1705236000.0,585900000.0,1119336000.0,2013134083.0,11520000.0,-624859000.0,10983000.0,485940000.0,-75970000.0,397389000.0,-678426000.0,0.0,291432000.0,1125000.0,189701000.0,189701000.0,189701000.0,1053000.0,0.0,0.112,771537000.0,342832000.0,78405000.0,0.399,-13.459,10.612,10.545,155599000.0,0.0,39.86,1.187,1.187,100532000.0,-216548000.0,1695503000.0,1695503000.0,0.0,0.123,-0.957,0.302,0.203,11957000.0,771537000.0,1.0,50505120.0,50505120.0,,33.571,693781000.0,12607000.0,113031000.0,82807000.0,13.737,-331089000.0
66,DLX,MRT,2004-12-31,2004-12-31,2004-12-31,2021-09-07,-13867000.0,1499079000.0,1290837750.0,240386000.0,1258693000.0,1.214,-3.554,-43817000.0,16009000.0,16009000.0,535949000.0,197991000.0,0.421,-9.399,1244207000.0,290359000.0,953848000.0,1244207000.0,0.0,93856000.0,0.0,0.04,1.48,349067000.0,442923000.0,0.283,442923000.0,349067000.0,316216000.0,3.95,3.92,3.95,-178491000.0,-230280250.0,-178491000.0,3155933690.0,9.0,7.125,267618000.0,5.328,1.0,1031066000.0,0.658,877924000.0,32851000.0,1278155000.0,964030250.0,38890000.0,47529000.0,0.0,47529000.0,1677570000.0,571198000.0,1106372000.0,1874983690.0,12524000.0,-624859000.0,-7714000.0,475543000.0,-74302000.0,369963000.0,-670029000.0,0.0,311435000.0,1155000.0,197991000.0,197991000.0,197991000.0,657000.0,0.0,0.126,683154000.0,347912000.0,72984000.0,0.375,-10.505,9.47,9.451,158162000.0,0.0,37.33,1.197,1.197,110529000.0,-235651000.0,1567015000.0,1567015000.0,0.0,0.153,-0.86,0.362,0.223,12248000.0,683154000.0,1.0,50227262.0,50227262.0,,31.198,621155000.0,13531000.0,118225000.0,82489000.0,12.367,-330812000.0
67,DLX,MRT,2004-09-30,2004-09-30,2004-09-30,2021-09-07,-15846000.0,1561179000.0,1056808000.0,271851000.0,1289328000.0,1.316,-4.273,-32539000.0,14718000.0,14718000.0,474723000.0,190574000.0,0.441,-8.303,1295668000.0,320109000.0,975559000.0,1295668000.0,0.0,78568000.0,0.0,0.036,1.48,333058000.0,411626000.0,0.296,411626000.0,333058000.0,308768000.0,3.81,3.77,3.81,-213777000.0,-260178250.0,-213777000.0,3306625757.0,10.0,8.033,210768000.0,4.213,1.0,915894000.0,0.659,912307000.0,24290000.0,1313780000.0,796166250.0,61549000.0,46389000.0,0.0,46389000.0,1774956000.0,616042000.0,1158914000.0,2052241757.0,9856000.0,-624199000.0,-56075000.0,580441000.0,-74403000.0,426399000.0,-660321000.0,0.0,243307000.0,471000.0,190574000.0,190574000.0,190574000.0,287000.0,0.0,0.137,584268000.0,331626000.0,84437000.0,0.388,-9.6,10.769,10.766,164743000.0,0.0,41.02,1.476,1.476,120454000.0,-263886000.0,1390617000.0,1390617000.0,0.0,0.18,-0.732,0.418,0.24,8943000.0,584376000.0,1.0,50030272.0,50030272.0,,27.796,648872000.0,21396000.0,118194000.0,121301000.0,12.97,-344191000.0
68,DLX,MRT,2004-06-30,2004-06-30,2004-06-30,2021-09-07,-4099000.0,1531073000.0,805993250.0,280293000.0,1250780000.0,1.53,-5.039,-25409000.0,43547000.0,43547000.0,418934000.0,191251000.0,0.221,-7.09,1297931000.0,917689000.0,380242000.0,1297931000.0,0.0,61274000.0,0.0,0.034,1.48,318839000.0,380113000.0,0.308,380113000.0,318839000.0,298492000.0,3.76,3.72,3.76,-251400000.0,-274546250.0,-251400000.0,2753880430.0,9.0,7.245,229345000.0,4.597,1.0,814353000.0,0.66,879112000.0,20347000.0,638666000.0,604813250.0,59037000.0,46329000.0,0.0,46329000.0,1782473000.0,1267679000.0,514794000.0,2170117430.0,12085000.0,-550111000.0,-172923000.0,607283000.0,-75449000.0,358911000.0,-601580000.0,0.0,254754000.0,0.0,191251000.0,191251000.0,191251000.0,38000.0,0.0,0.155,496227000.0,318126000.0,80426000.0,0.394,-8.632,11.347,11.569,157390000.0,0.0,43.5,1.76,1.76,107125000.0,-302805000.0,1233287000.0,1233287000.0,0.0,0.237,-0.697,0.527,0.259,5996000.0,496016000.0,1.0,49887757.0,49887757.0,,24.721,651961000.0,18468000.0,107241000.0,75643000.0,13.069,-987386000.0
69,DLX,MRT,2004-03-31,2004-03-31,2004-03-31,2021-09-07,-2202000.0,572020000.0,574355250.0,107264000.0,464756000.0,2.148,-5.54,-20533000.0,4689000.0,4689000.0,423028000.0,190156000.0,0.284,-3.062,588452000.0,208072000.0,380380000.0,588452000.0,0.0,59714000.0,0.0,0.037,1.48,315936000.0,375650000.0,0.304,375650000.0,315936000.0,295896000.0,3.65,3.61,3.65,-277453000.0,-261745750.0,-277453000.0,2600244230.0,8.0,6.922,215647000.0,4.306,1.0,810747000.0,0.657,153180000.0,20040000.0,625520000.0,577509500.0,18761000.0,43209000.0,0.0,43209000.0,849473000.0,377083000.0,472390000.0,2008268230.0,-495000.0,0.0,-300499000.0,164614000.0,-77236000.0,-213121000.0,-23554000.0,0.0,236180000.0,0.0,190156000.0,190156000.0,190156000.0,0.0,0.0,0.154,494720000.0,316027000.0,41343000.0,0.405,-7.238,10.561,10.986,118661000.0,0.0,40.1,1.628,1.628,37030000.0,-325252000.0,1233775000.0,1233775000.0,0.0,0.331,-0.726,0.547,0.256,3256000.0,494638000.0,1.0,50081502.0,50081502.0,,24.635,418840000.0,258000.0,105740000.0,42692000.0,8.363,-269819000.0
70,DLX,MRT,2003-12-31,2003-12-31,2003-12-31,2021-09-07,-2265000.0,562960000.0,582400750.0,78928000.0,484032000.0,2.133,-5.898,-22034000.0,2968000.0,2968000.0,425965000.0,192472000.0,0.204,-2.889,594944000.0,214324000.0,380620000.0,594944000.0,0.0,60082000.0,0.0,0.036,1.48,318621000.0,378703000.0,0.305,378703000.0,318621000.0,299380000.0,3.53,3.49,3.53,-298083000.0,-217007750.0,-298083000.0,2642644014.0,8.0,6.978,159433000.0,3.154,1.0,816176000.0,0.657,160398000.0,19241000.0,606699000.0,552365750.0,18652000.0,42510000.0,0.0,42510000.0,861043000.0,387839000.0,473204000.0,2088928014.0,-121887000.0,0.0,-483257000.0,285239000.0,-80453000.0,-278471000.0,-24883000.0,0.0,181467000.0,0.0,192472000.0,192472000.0,192472000.0,0.0,0.0,0.155,497255000.0,318921000.0,46694000.0,0.419,-7.008,10.853,11.708,123615000.0,0.0,41.33,1.682,1.682,37066000.0,-345950000.0,1242141000.0,1242141000.0,0.0,0.33,-0.887,0.577,0.257,954000.0,497255000.0,1.0,50542657.0,50542657.0,,24.576,402562000.0,258000.0,106908000.0,42654000.0,7.965,-308911000.0
71,DLX,MRT,2003-09-30,2003-09-30,2003-09-30,2021-09-07,-2298000.0,557920000.0,608904000.0,83153000.0,474767000.0,2.05,-5.101,-29791000.0,3437000.0,3437000.0,426861000.0,205400000.0,0.212,-3.057,557153000.0,201302000.0,355851000.0,557153000.0,0.0,58530000.0,0.0,0.037,1.48,330908000.0,389438000.0,0.312,389438000.0,330908000.0,314920000.0,3.6,3.55,3.6,-271249000.0,-126408000.0,-271249000.0,2649926305.0,8.0,6.804,200554000.0,3.772,1.0,821602000.0,0.658,170306000.0,15988000.0,548368000.0,513022250.0,18848000.0,40484000.0,0.0,40484000.0,829169000.0,392962000.0,436207000.0,2134331305.0,1142000.0,0.0,-459491000.0,349674000.0,-84576000.0,-198419000.0,-30784000.0,0.0,230345000.0,0.0,205400000.0,205400000.0,205400000.0,0.0,0.0,0.165,490470000.0,331132000.0,45503000.0,0.411,-7.869,10.391,11.15,128386000.0,0.0,40.14,1.71,1.71,32054000.0,-320228000.0,1248463000.0,1248463000.0,0.0,0.337,-1.625,0.645,0.265,3773000.0,490030000.0,1.0,53172180.0,53172180.0,,23.48,387614000.0,0.0,109520000.0,49964000.0,7.29,-309809000.0
72,DLX,MRT,2003-06-30,2003-06-30,2003-06-30,2021-09-07,-2361000.0,604521000.0,608748750.0,114078000.0,490443000.0,2.059,-3.621,-33822000.0,7025000.0,7025000.0,428681000.0,199881000.0,0.276,-4.02,522620000.0,216544000.0,306076000.0,522620000.0,0.0,58320000.0,0.0,0.033,1.48,329767000.0,388087000.0,0.31,388087000.0,329767000.0,317510000.0,3.35,3.29,3.35,-200198000.0,-43563500.0,-200198000.0,2891008406.0,9.0,7.449,152218000.0,2.754,1.0,824686000.0,0.658,177289000.0,12257000.0,529451000.0,413450250.0,19445000.0,41060000.0,0.0,41060000.0,804719000.0,413376000.0,391343000.0,2476606406.0,1830000.0,0.0,-374135000.0,315966000.0,-87981000.0,-150176000.0,-34034000.0,0.0,186040000.0,0.0,199881000.0,199881000.0,199881000.0,0.0,0.0,0.159,494667000.0,330019000.0,47541000.0,0.442,-12.371,12.39,13.373,131679000.0,0.0,44.8,1.976,1.976,46346000.0,-251573000.0,1253367000.0,1253367000.0,0.0,0.328,-4.588,0.798,0.263,3867000.0,493871000.0,1.0,55281393.0,55281393.0,,22.672,427232000.0,0.0,117629000.0,54530000.0,7.728,-299298000.0
73,DLX,MRT,2003-03-31,2003-03-31,2003-03-31,2021-09-07,-2423000.0,604202000.0,595126250.0,113188000.0,491014000.0,2.138,-1.719,-37112000.0,5184000.0,5184000.0,432523000.0,209697000.0,0.364,-7.134,419586000.0,113206000.0,306380000.0,419586000.0,0.0,58170000.0,0.0,0.037,1.48,341807000.0,399977000.0,0.314,399977000.0,341807000.0,333281000.0,3.41,3.34,3.41,-98501000.0,20166500.0,-98501000.0,2483034944.0,7.0,6.208,179505000.0,3.132,1.0,839751000.0,0.66,183011000.0,8526000.0,524945000.0,318327750.0,19970000.0,40226000.0,0.0,40226000.0,702703000.0,310648000.0,392055000.0,2299690944.0,-2149000.0,0.0,-329610000.0,241742000.0,-90957000.0,-182851000.0,-35915000.0,0.0,216617000.0,0.0,209697000.0,209697000.0,209697000.0,0.0,0.0,0.165,499279000.0,340472000.0,49469000.0,0.434,-23.347,10.967,11.768,135919000.0,0.0,40.13,1.808,1.808,47008000.0,-152744000.0,1272274000.0,1272274000.0,0.0,0.352,10.398,1.074,0.269,3496000.0,498323000.0,1.0,57306029.0,57306029.0,,22.201,421191000.0,0.0,123584000.0,54491000.0,7.35,-197460000.0
74,DLX,MRT,2002-12-31,2002-12-31,2002-12-31,2021-09-07,-2486000.0,668973000.0,584729000.0,199646000.0,469327000.0,2.196,1.042,-40708000.0,124855000.0,124855000.0,435794000.0,214274000.0,0.93,9.401,308199000.0,1610000.0,306589000.0,308199000.0,0.0,58205000.0,0.0,0.035,1.48,345801000.0,404006000.0,0.315,404006000.0,345801000.0,340722000.0,3.41,3.36,3.41,64316000.0,71903000.0,64316000.0,2796629862.0,8.0,6.922,216431000.0,3.506,1.0,848189000.0,0.661,188213000.0,5079000.0,449325000.0,229273500.0,20287000.0,40205000.0,0.0,40205000.0,604657000.0,214779000.0,389878000.0,2598669862.0,115284000.0,0.0,-141934000.0,141194000.0,-92940000.0,-97706000.0,-44149000.0,0.0,257139000.0,0.0,214274000.0,214274000.0,214274000.0,0.0,0.0,0.167,503258000.0,344931000.0,57857000.0,0.434,40.405,12.128,12.346,140042000.0,0.0,42.1,2.024,2.024,32925000.0,5380000.0,1283983000.0,1283983000.0,0.0,0.366,2.98,1.508,0.269,3102000.0,502961000.0,1.0,61726125.0,61726125.0,,20.801,480760000.0,4563000.0,126448000.0,54453000.0,7.789,-15133000.0
75,DLX,MRT,2002-09-30,2002-09-30,2002-09-30,2021-09-07,0.0,557299000.0,551916000.0,94052000.0,463247000.0,2.348,0.962,-34535000.0,2295000.0,2295000.0,443586000.0,209975000.0,0.226,8.268,200255000.0,191366000.0,8889000.0,200255000.0,0.0,93958000.0,0.0,0.033,1.48,342556000.0,436514000.0,0.337,436514000.0,342556000.0,338095000.0,3.31,3.24,3.31,60129000.0,75475250.0,60129000.0,3013944044.0,9.0,6.905,205222000.0,3.283,1.0,852298000.0,0.658,189261000.0,4461000.0,150080000.0,148291750.0,20524000.0,39831000.0,0.0,39831000.0,497170000.0,415918000.0,81252000.0,2816790044.0,-2955000.0,0.0,-207167000.0,85611000.0,-94416000.0,-215972000.0,-26740000.0,10618000.0,239757000.0,0.0,209975000.0,209975000.0,209975000.0,0.0,0.0,0.162,509322000.0,342976000.0,50526000.0,0.447,46.846,13.415,13.613,140513000.0,0.0,45.06,2.174,2.174,46514000.0,-1782000.0,1295884000.0,1295884000.0,0.0,0.38,2.782,2.31,0.264,0.0,506073000.0,1.0,62511985.0,62511985.0,,20.73,368038000.0,3844000.0,128120000.0,91672000.0,5.887,-321866000.0
76,DLX,MRT,2002-06-30,2002-06-30,2002-06-30,2021-09-07,0.0,550031000.0,555342000.0,103162000.0,446869000.0,2.342,0.863,-30307000.0,5195000.0,5195000.0,447295000.0,208374000.0,0.254,9.051,202349000.0,193053000.0,9296000.0,202349000.0,0.0,86414000.0,0.0,0.038,1.48,339446000.0,425860000.0,0.327,425860000.0,339446000.0,334842000.0,3.22,3.16,3.22,54722000.0,95647500.0,54722000.0,2631233415.0,8.0,6.179,270353000.0,4.263,1.0,853134000.0,0.656,192458000.0,4604000.0,148961000.0,141850750.0,21311000.0,41291000.0,0.0,41291000.0,495309000.0,405766000.0,89543000.0,2466351415.0,-946000.0,0.0,-256129000.0,73523000.0,-96288000.0,-278894000.0,-22712000.0,10618000.0,300660000.0,0.0,208374000.0,208374000.0,208374000.0,0.0,0.0,0.16,513864000.0,339270000.0,45566000.0,0.46,45.071,11.836,12.078,143325000.0,0.0,38.89,1.897,1.897,48171000.0,-7685000.0,1300429000.0,1300429000.0,0.0,0.375,2.179,2.393,0.261,0.0,509445000.0,1.0,63418653.0,63418653.0,,20.505,357573000.0,4574000.0,126468000.0,102626000.0,5.638,-302604000.0
77,DLX,MRT,2002-03-31,2002-03-31,2002-03-31,2021-09-07,0.0,562613000.0,564340500.0,107910000.0,454703000.0,2.287,1.688,-29591000.0,7333000.0,7333000.0,449726000.0,197977000.0,0.296,4.188,172215000.0,162521000.0,9694000.0,172215000.0,0.0,81581000.0,0.0,0.032,1.48,322483000.0,404064000.0,0.313,404064000.0,322483000.0,317596000.0,2.99,2.94,2.99,108445000.0,128183000.0,108445000.0,3124683079.0,10.0,7.733,249361000.0,3.88,1.0,840875000.0,0.652,194761000.0,4887000.0,168728000.0,147991000.0,22319000.0,42267000.0,0.0,42267000.0,454168000.0,364006000.0,90162000.0,2972789079.0,3186000.0,0.0,-236874000.0,78174000.0,-98778000.0,-257478000.0,-18288000.0,15618000.0,278952000.0,0.0,197977000.0,197977000.0,197977000.0,0.0,0.0,0.153,518018000.0,322857000.0,48243000.0,0.495,27.413,15.016,15.472,147741000.0,0.0,46.26,2.303,2.303,43251000.0,44143000.0,1290601000.0,1290601000.0,0.0,0.351,1.544,2.179,0.25,0.0,511290000.0,1.0,64262626.0,64262626.0,,20.083,367852000.0,4574000.0,119619000.0,101399000.0,5.724,-256096000.0
78,DLX,MRT,2001-12-31,2001-12-31,2001-12-31,2021-09-07,0.0,537721000.0,574163250.0,83972000.0,453749000.0,2.227,1.185,-28775000.0,9571000.0,9571000.0,453818000.0,185900000.0,0.229,5.841,161465000.0,151381000.0,10084000.0,161465000.0,0.0,73982000.0,0.0,0.176,7.304,303117000.0,377099000.0,0.295,377099000.0,303117000.0,297534000.0,2.72,2.69,2.72,78605000.0,159457000.0,78605000.0,2868563349.0,9.0,7.607,241848000.0,3.645,1.0,824557000.0,0.645,197093000.0,5583000.0,125398000.0,150812750.0,22263000.0,37661000.0,0.0,37661000.0,459116000.0,367124000.0,91992000.0,2759105349.0,-71161000.0,0.0,-276676000.0,50162000.0,-101773000.0,-328287000.0,-13497000.0,18608000.0,270623000.0,0.0,185900000.0,185900000.0,185900000.0,0.0,0.0,0.145,522619000.0,301938000.0,52834000.0,2.685,35.101,14.842,15.287,151069000.0,0.0,41.58,2.158,2.158,37703000.0,14563000.0,1278375000.0,1278375000.0,0.0,0.324,1.166,2.01,0.237,0.0,514369000.0,1.0,66356550.0,66356550.0,,19.265,340628000.0,0.0,111634000.0,44890000.0,5.133,-283152000.0
79,DLX,MRT,2001-09-30,2001-09-30,2001-09-30,2021-09-07,102000.0,571003000.0,603801500.0,139755000.0,431248000.0,2.091,2.081,-28599000.0,5250000.0,5250000.0,453431000.0,171230000.0,0.397,3.055,114708000.0,104253000.0,10455000.0,114708000.0,0.0,43584000.0,0.0,0.209,7.234,286612000.0,330196000.0,0.262,330196000.0,286612000.0,280411000.0,2.45,2.43,2.45,140818000.0,205507750.0,140818000.0,2458984047.0,9.0,7.447,256349000.0,3.789,1.0,809005000.0,0.641,204138000.0,6201000.0,124316000.0,161896000.0,22414000.0,48563000.0,10620000.0,37943000.0,430185000.0,352007000.0,78178000.0,2336784047.0,-30024000.0,0.0,-186341000.0,-28759000.0,-104393000.0,-319493000.0,1533000.0,32990000.0,284948000.0,0.0,171230000.0,171230000.0,171230000.0,4464000.0,0.0,0.136,521403000.0,287602000.0,43816000.0,2.953,16.594,13.647,14.098,155980000.0,0.0,34.54,1.851,1.851,49201000.0,74597000.0,1262436000.0,1262436000.0,0.0,0.284,0.833,1.77,0.227,0.0,503927000.0,1.0,67654431.0,67654431.0,,18.66,366865000.0,6729000.0,109181000.0,117568000.0,5.423,-212252000.0
80,DLX,MRT,2001-06-30,2001-06-30,2001-06-30,2021-09-07,-82000.0,586025000.0,727840250.0,143240000.0,442785000.0,1.723,2.616,-25394000.0,6141000.0,6141000.0,455136000.0,169565000.0,0.445,2.17,128341000.0,117542000.0,10799000.0,128341000.0,0.0,54053000.0,0.0,0.248,7.164,283261000.0,337314000.0,0.269,337314000.0,283261000.0,275470000.0,2.37,2.36,2.37,184864000.0,296934500.0,184864000.0,2127979844.0,8.0,6.309,218489000.0,3.092,1.0,799066000.0,0.637,212566000.0,7791000.0,173522000.0,198832250.0,22614000.0,49724000.0,10608000.0,39116000.0,401161000.0,322137000.0,79024000.0,2042072844.0,-16573000.0,0.0,-110901000.0,-16227000.0,-106287000.0,-233415000.0,-21368000.0,7990000.0,243883000.0,0.0,169565000.0,169565000.0,169565000.0,2031000.0,0.0,0.135,521375000.0,277691000.0,44320000.0,3.023,11.046,12.043,12.194,161010000.0,0.0,28.9,1.628,1.628,46718000.0,116795000.0,1254202000.0,1254202000.0,0.0,0.233,0.571,1.425,0.226,0.0,505744000.0,1.0,70659960.0,70659960.0,,17.75,373459000.0,6828000.0,105905000.0,93081000.0,5.285,-178897000.0
81,DLX,MRT,2001-03-31,2001-03-31,2001-03-31,2021-09-07,-63000.0,601904000.0,839042250.0,149729000.0,452175000.0,1.499,3.306,-32625000.0,4147000.0,4147000.0,454840000.0,160094000.0,0.519,1.577,90054000.0,78768000.0,11286000.0,90054000.0,0.0,60277000.0,0.0,0.3,7.094,274388000.0,334665000.0,0.266,334665000.0,274388000.0,264759000.0,2.21,2.21,2.21,233541000.0,370921000.0,233541000.0,1713275310.0,6.0,5.119,214501000.0,3.036,1.0,802977000.0,0.638,219373000.0,9629000.0,180015000.0,222970000.0,22847000.0,54617000.0,15637000.0,38980000.0,368363000.0,288423000.0,79940000.0,1672164310.0,-15013000.0,0.0,-40941000.0,-69352000.0,-107279000.0,-217572000.0,-27842000.0,8075000.0,247126000.0,0.0,160094000.0,160094000.0,160094000.0,9834000.0,0.0,0.127,524857000.0,278120000.0,50329000.0,3.21,7.16,10.445,10.71,169944000.0,0.0,23.67,1.329,1.329,49119000.0,161926000.0,1257817000.0,1257817000.0,0.0,0.191,0.432,1.231,0.218,0.0,511566000.0,1.0,70644880.0,70644880.0,,17.805,382531000.0,6817000.0,104665000.0,103651000.0,5.415,-138694000.0
82,DLX,MRT,2000-12-31,2000-12-31,2000-12-31,2021-09-07,-173000.0,656274000.0,929695250.0,187757000.0,468517000.0,1.358,3.622,-34014000.0,80732000.0,80732000.0,453023000.0,161936000.0,0.639,1.497,110873000.0,100672000.0,10201000.0,110873000.0,0.0,68570000.0,0.0,0.047,1.2,277329000.0,345899000.0,0.274,345899000.0,277329000.0,265893000.0,2.24,2.24,2.24,262808000.0,422515500.0,262808000.0,1824575319.0,7.0,5.275,219558000.0,3.026,1.0,809689000.0,0.641,222798000.0,11436000.0,169731000.0,254641000.0,23139000.0,54013000.0,18458000.0,35555000.0,393466000.0,293886000.0,99580000.0,1833478319.0,-43703000.0,-95991000.0,8064000.0,-69643000.0,-107195000.0,-168774000.0,-96141000.0,40127000.0,253572000.0,0.0,161936000.0,161936000.0,161936000.0,7536000.0,0.0,0.128,530755000.0,278934000.0,44692000.0,0.536,6.976,11.322,11.281,173956000.0,0.0,25.27,1.452,1.452,46005000.0,146243000.0,1262712000.0,1262712000.0,0.0,0.174,0.383,1.089,0.22,0.0,518245000.0,1.0,72555533.0,72555533.0,,17.403,433476000.0,7403000.0,103957000.0,88304000.0,5.974,-106129000.0
83,DLX,MRT,2000-09-30,2000-09-30,2000-09-30,2021-09-07,-1701000.0,1067158000.0,991968000.0,392954000.0,674204000.0,1.093,7.003,-9478000.0,154416000.0,154416000.0,341258000.0,186713000.0,0.859,1.107,145513000.0,132743000.0,12770000.0,145513000.0,0.0,28801000.0,0.0,0.059,1.2,306548000.0,335349000.0,0.309,335349000.0,306548000.0,293928000.0,2.56,2.56,2.56,506525000.0,461140500.0,506525000.0,1478888053.0,5.0,4.41,250023000.0,3.457,1.0,743419000.0,0.685,328572000.0,12620000.0,272061000.0,341506750.0,23673000.0,108742000.0,43475000.0,65267000.0,560633000.0,457622000.0,103011000.0,1469048053.0,-17454000.0,14044000.0,-60992000.0,25711000.0,-107424000.0,-168417000.0,24791000.0,28139000.0,259501000.0,0.0,186713000.0,186713000.0,186713000.0,4371000.0,0.0,0.172,449710000.0,293709000.0,59397000.0,0.469,2.9,7.868,7.934,252452000.0,0.0,20.31,1.354,1.354,131330000.0,393777000.0,1084677000.0,1084677000.0,0.0,0.188,0.405,0.898,0.283,0.0,458131000.0,1.0,72331268.0,72331268.0,,14.996,738586000.0,19108000.0,107215000.0,91199000.0,10.211,-64668000.0
84,DLX,MRT,2000-06-30,2000-06-30,2000-06-30,2021-09-07,-1642000.0,1030833000.0,977656750.0,343726000.0,687107000.0,1.213,6.648,16121000.0,126227000.0,126227000.0,415503000.0,186373000.0,0.764,1.144,136067000.0,122568000.0,13499000.0,136067000.0,0.0,32521000.0,0.0,0.051,1.2,306685000.0,339206000.0,0.286,339206000.0,306685000.0,294837000.0,2.53,2.53,2.53,480810000.0,454480750.0,480810000.0,1809451521.0,6.0,5.334,242686000.0,3.356,1.0,770204000.0,0.65,320673000.0,11848000.0,270073000.0,385850250.0,25377000.0,83506000.0,18171000.0,65335000.0,550023000.0,449927000.0,100096000.0,1703925521.0,-49279000.0,14703000.0,-79685000.0,3207000.0,-107634000.0,-200132000.0,48956000.0,22964000.0,226565000.0,0.0,186373000.0,186373000.0,186373000.0,6804000.0,0.0,0.157,476062000.0,294142000.0,55285000.0,0.474,3.544,9.143,9.312,272351000.0,0.0,23.56,1.437,1.437,126141000.0,371185000.0,1185707000.0,1185707000.0,0.0,0.191,0.41,0.795,0.259,0.0,484483000.0,1.0,72322815.0,72322815.0,,16.395,710160000.0,19215000.0,108464000.0,85562000.0,9.819,-106201000.0
85,DLX,MRT,2000-03-31,2000-03-31,2000-03-31,2021-09-07,-1416000.0,964516000.0,974119000.0,277673000.0,686843000.0,1.305,6.092,4793000.0,55666000.0,55666000.0,487068000.0,199311000.0,0.609,1.192,161192000.0,147181000.0,14011000.0,161192000.0,0.0,36656000.0,0.0,0.045,1.2,322516000.0,359172000.0,0.283,359172000.0,322516000.0,312285000.0,2.66,2.66,2.66,439919000.0,450323500.0,439919000.0,1923950314.0,6.0,5.357,258343000.0,3.577,1.0,784230000.0,0.617,307585000.0,10231000.0,306699000.0,420046500.0,25935000.0,90646000.0,23115000.0,67531000.0,524597000.0,455758000.0,68839000.0,1913784314.0,-156184000.0,-1820000.0,-233824000.0,45229000.0,-110673000.0,-306414000.0,10296000.0,12758000.0,253550000.0,0.0,199311000.0,199311000.0,199311000.0,-999000.0,0.0,0.157,485519000.0,298711000.0,56987000.0,0.451,4.35,9.602,9.962,287257000.0,0.0,26.5,1.505,1.505,124536000.0,363102000.0,1271298000.0,1271298000.0,0.0,0.205,0.443,0.768,0.254,0.0,493940000.0,1.0,72218276.0,72218276.0,,17.604,656931000.0,14225000.0,112974000.0,93516000.0,9.096,-178085000.0
86,DLX,MRT,1999-12-31,1999-12-31,1999-12-31,2021-09-07,-1282000.0,905365000.0,1008521750.0,333520000.0,571845000.0,1.352,5.685,-11132000.0,104616000.0,104616000.0,557775000.0,203022000.0,1.044,1.17,174407000.0,62462000.0,111945000.0,174407000.0,0.0,41786000.0,0.0,0.044,1.2,329872000.0,371658000.0,0.273,371658000.0,329872000.0,321283000.0,2.65,2.64,2.65,417308000.0,487672250.0,417308000.0,2062420533.0,6.0,5.549,210105000.0,2.862,1.0,806023000.0,0.591,138525000.0,8589000.0,517194000.0,454730750.0,26593000.0,65232000.0,25713000.0,39519000.0,488057000.0,319437000.0,168620000.0,2014165533.0,-141394000.0,99475000.0,-284284000.0,60532000.0,-113535000.0,-337287000.0,72637000.0,-17640000.0,221237000.0,0.0,203022000.0,203022000.0,203022000.0,1299000.0,0.0,0.149,498069000.0,307954000.0,41085000.0,0.453,4.827,9.921,10.355,219484000.0,0.0,27.44,1.477,1.477,62940000.0,346617000.0,1363798000.0,1363798000.0,0.0,0.201,0.416,0.725,0.242,0.0,506490000.0,1.0,73402534.0,73402534.0,,18.58,766840000.0,3654000.0,118261000.0,76275000.0,10.447,14083000.0
87,DLX,MRT,1999-09-30,1999-09-30,1999-09-30,2021-09-07,-1043000.0,1009913000.0,1075060250.0,418919000.0,590994000.0,1.376,6.329,-22261000.0,74501000.0,74501000.0,585159000.0,202221000.0,1.114,1.104,122756000.0,2900000.0,119856000.0,122756000.0,0.0,62317000.0,0.0,0.037,1.27,340118000.0,402435000.0,0.272,402435000.0,340118000.0,332748000.0,2.57,2.57,2.57,479886000.0,534986500.0,479886000.0,2624326048.0,8.0,6.521,296127000.0,3.906,1.0,894057000.0,0.604,232671000.0,7370000.0,449435000.0,427279500.0,25024000.0,80802000.0,38864000.0,41938000.0,530027000.0,376062000.0,153965000.0,2577794048.0,-87141000.0,66537000.0,-189959000.0,-7493000.0,-116128000.0,-308502000.0,-7640000.0,-54688000.0,318388000.0,0.0,202221000.0,202221000.0,202221000.0,10503000.0,0.0,0.137,546866000.0,347191000.0,57425000.0,0.494,5.372,12.747,13.23,316385000.0,0.0,34.0,1.743,1.743,138373000.0,405631000.0,1479216000.0,1479216000.0,679000.0,0.188,0.378,0.796,0.23,0.0,546187000.0,1.0,75817472.0,75817472.0,,19.51,777242000.0,56819000.0,130527000.0,90584000.0,10.251,42857000.0
88,DLX,MRT,1999-06-30,1999-06-30,1999-06-30,2021-09-07,-1563000.0,1016682000.0,1102155000.0,389352000.0,627330000.0,1.39,5.941,-65352000.0,87355000.0,87355000.0,656894000.0,153049000.0,0.941,1.19,133887000.0,28724000.0,105163000.0,133887000.0,0.0,63137000.0,0.0,0.033,1.27,265387000.0,328524000.0,0.214,328524000.0,265387000.0,258046000.0,1.92,1.92,1.92,464181000.0,558056750.0,464181000.0,2964068641.0,11.0,9.022,209634000.0,2.683,1.0,874978000.0,0.571,242789000.0,7341000.0,406858000.0,442485750.0,25531000.0,84708000.0,41217000.0,43491000.0,552501000.0,413567000.0,138934000.0,3032057641.0,-44265000.0,76413000.0,-196584000.0,15692000.0,-119003000.0,-297494000.0,-10469000.0,-23315000.0,274986000.0,0.0,153049000.0,153049000.0,153049000.0,10503000.0,0.0,0.1,601468000.0,273510000.0,49818000.0,0.661,6.532,19.811,20.214,341050000.0,0.0,38.81,1.979,1.979,127567000.0,390341000.0,1531872000.0,1531872000.0,679000.0,0.139,0.274,0.6,0.173,0.0,600789000.0,1.0,78125680.0,78125680.0,,19.608,773893000.0,64032000.0,104997000.0,101927000.0,9.906,-24215000.0
89,DLX,MRT,1999-03-31,1999-03-31,1999-03-31,2021-09-07,-394000.0,1102127000.0,1128596500.0,505076000.0,597051000.0,1.417,7.422,-70581000.0,177850000.0,177850000.0,692205000.0,147525000.0,1.357,0.87,109861000.0,4375000.0,105486000.0,109861000.0,0.0,62088000.0,0.0,0.044,1.27,258913000.0,321001000.0,0.201,321001000.0,258913000.0,251314000.0,1.83,1.83,1.83,589314000.0,596163000.0,589314000.0,2157008441.0,8.0,6.72,133041000.0,1.675,1.0,906617000.0,0.567,216555000.0,7599000.0,445436000.0,482631000.0,27021000.0,79140000.0,36394000.0,42746000.0,512813000.0,372147000.0,140666000.0,2312289441.0,32234000.0,93436000.0,-49091000.0,-8702000.0,-119091000.0,-176834000.0,2485000.0,-22894000.0,203622000.0,0.0,147525000.0,147525000.0,147525000.0,10503000.0,0.0,0.092,641943000.0,264674000.0,57864000.0,0.694,3.924,15.674,15.913,337750000.0,0.0,29.12,1.446,1.446,136995000.0,509995000.0,1598822000.0,1598822000.0,679000.0,0.131,0.247,0.536,0.162,0.0,641264000.0,1.0,79405544.0,79405544.0,,20.135,885572000.0,63799000.0,103789000.0,83101000.0,11.153,132929000.0
90,DLX,MRT,1998-12-31,1998-12-31,1998-12-31,2021-09-07,-242000.0,1171519000.0,1131608250.0,608080000.0,563439000.0,1.479,7.54,-62359000.0,272855000.0,272855000.0,729739000.0,143063000.0,1.412,0.931,113653000.0,7332000.0,106321000.0,113653000.0,0.0,62154000.0,0.0,0.035,1.27,253842000.0,315996000.0,0.189,315996000.0,253842000.0,245802000.0,1.77,1.77,1.77,606565000.0,598963500.0,606565000.0,2905604270.0,11.0,9.195,202771000.0,2.521,1.0,943976000.0,0.564,174233000.0,8040000.0,407389000.0,505700750.0,29401000.0,86341000.0,41133000.0,45208000.0,564954000.0,430695000.0,134259000.0,2941021270.0,104740000.0,89416000.0,-33474000.0,-4525000.0,-119682000.0,-157681000.0,-5670000.0,-33212000.0,265130000.0,0.0,143063000.0,143063000.0,143063000.0,10503000.0,0.0,0.085,686082000.0,257894000.0,53555000.0,0.718,4.849,20.558,20.655,340077000.0,0.0,36.56,1.757,1.757,145079000.0,519742000.0,1673715000.0,1673715000.0,0.0,0.126,0.239,0.502,0.152,0.0,686082000.0,1.0,80443689.0,80443689.0,,20.806,997286000.0,56554000.0,102739000.0,60594000.0,12.397,177385000.0
91,DLX,MRT,1998-09-30,1998-09-30,1998-09-30,2021-09-07,60000.0,1118292000.0,1125819500.0,498932000.0,619360000.0,1.717,7.083,-88882000.0,150218000.0,150218000.0,935119000.0,119016000.0,1.263,0.954,114801000.0,5027000.0,109774000.0,114801000.0,0.0,81012000.0,0.0,0.042,1.2,241747000.0,322759000.0,0.167,322759000.0,241747000.0,233655000.0,1.47,,1.47,572167000.0,599884250.0,572167000.0,2287608816.0,9.0,7.088,94380000.0,1.168,1.0,998279000.0,0.516,177449000.0,8092000.0,510260000.0,540004000.0,59448000.0,63676000.0,17451000.0,46225000.0,546125000.0,395166000.0,150959000.0,2297515816.0,40991000.0,31748000.0,-62952000.0,-6648000.0,-120007000.0,-163076000.0,-71543000.0,-5676000.0,183262000.0,0.0,119016000.0,119016000.0,119016000.0,0.0,0.0,0.062,773704000.0,224575000.0,70291000.0,0.816,4.015,19.304,19.347,395686000.0,0.0,28.44,1.188,1.188,157931000.0,492133000.0,1933398000.0,1933398000.0,2175000.0,0.106,0.198,0.448,0.125,0.0,771529000.0,1.0,80784663.0,80784663.0,,23.933,940843000.0,50206000.0,114639000.0,18691000.0,11.646,103766000.0
92,DLX,MRT,1998-06-30,1998-06-30,1998-06-30,2021-09-07,-265000.0,1122448000.0,1122456500.0,471893000.0,650555000.0,1.72,7.629,-98190000.0,126607000.0,126607000.0,898447000.0,51616000.0,1.35,0.82,116700000.0,6294000.0,110406000.0,116700000.0,0.0,77625000.0,0.0,0.034,1.2,134392000.0,212017000.0,0.11,212017000.0,134392000.0,126283000.0,0.65,,0.65,616606000.0,607360750.0,616606000.0,2853837106.0,21.0,13.46,173367000.0,2.145,1.0,1032089000.0,0.535,195571000.0,8109000.0,567439000.0,554006500.0,63260000.0,67897000.0,18432000.0,49465000.0,505842000.0,349531000.0,156311000.0,2889564106.0,4409000.0,11014000.0,-81702000.0,-6514000.0,-120550000.0,-182907000.0,-98490000.0,-5414000.0,271557000.0,0.0,51616000.0,51616000.0,51616000.0,0.0,0.0,0.027,865037000.0,167052000.0,70047000.0,1.846,4.686,55.982,55.0,405519000.0,0.0,35.75,1.497,1.497,152778000.0,533113000.0,1930536000.0,1930536000.0,2175000.0,0.046,0.085,0.243,0.07,0.0,779969000.0,1.0,80826968.0,80826968.0,,23.885,926877000.0,50277000.0,74667000.0,29540000.0,11.467,122362000.0
93,DLX,MRT,1998-03-31,1998-03-31,1998-03-31,2021-09-07,-445000.0,1114174000.0,1133625500.0,474678000.0,639496000.0,1.693,7.451,-85301000.0,153459000.0,153459000.0,893730000.0,46818000.0,1.331,0.855,117732000.0,6724000.0,111008000.0,117732000.0,0.0,80646000.0,0.0,0.036,1.2,127028000.0,207674000.0,0.108,207674000.0,127028000.0,118367000.0,0.59,,0.59,600516000.0,636887000.0,600516000.0,2600438180.0,20.0,12.522,217276000.0,2.696,1.0,1025765000.0,0.534,183989000.0,8661000.0,537715000.0,568212250.0,59425000.0,65588000.0,13696000.0,51892000.0,513658000.0,356743000.0,156915000.0,2654812180.0,32111000.0,11514000.0,-83469000.0,-7425000.0,-121063000.0,-186881000.0,-83585000.0,-5674000.0,302577000.0,0.0,46818000.0,46818000.0,46818000.0,0.0,0.0,0.024,864671000.0,161094000.0,76940000.0,2.034,4.421,56.705,55.831,403615000.0,0.0,32.94,1.383,1.383,135640000.0,520744000.0,1919495000.0,1919495000.0,2175000.0,0.041,0.074,0.224,0.066,0.0,779603000.0,1.0,80595391.0,80595391.0,,23.816,930185000.0,50351000.0,71549000.0,48257000.0,11.541,117935000.0
94,DLX,MRT,1997-12-31,1997-12-31,1997-12-31,2021-09-07,-489000.0,1148364000.0,1145372500.0,512613000.0,635751000.0,1.677,7.501,-89464000.0,171438000.0,171438000.0,897313000.0,44672000.0,1.343,0.882,117064000.0,7078000.0,109986000.0,117064000.0,0.0,81143000.0,0.0,0.035,1.2,123972000.0,205115000.0,0.107,205115000.0,123972000.0,115150000.0,0.55,0.55,0.55,610248000.0,668314500.0,610248000.0,2810601347.0,23.0,13.703,206314000.0,2.536,1.0,1023316000.0,0.533,167833000.0,8822000.0,544602000.0,589504000.0,66996000.0,60931000.0,8021000.0,52910000.0,538116000.0,381555000.0,156561000.0,2806648347.0,28867000.0,11027000.0,-56281000.0,-23601000.0,-121321000.0,-177549000.0,-89362000.0,-8000000.0,295778000.0,0.0,44672000.0,44672000.0,44672000.0,0.0,0.0,0.023,867597000.0,155719000.0,73516000.0,2.182,4.599,62.828,62.727,415008000.0,0.0,34.5,1.461,1.461,151201000.0,525302000.0,1920629000.0,1920629000.0,2175000.0,0.039,0.067,0.21,0.065,0.0,782529000.0,1.0,81352126.0,81352126.0,,23.609,980531000.0,50345000.0,70478000.0,38000000.0,12.053,131058000.0
95,DLX,MRT,1997-09-30,1997-09-30,1997-09-30,2021-09-07,-460000.0,1104840000.0,1152391500.0,475196000.0,629644000.0,1.723,7.351,-92605000.0,109227000.0,109227000.0,976134000.0,-13671000.0,1.243,0.835,113180000.0,6262000.0,106918000.0,113180000.0,0.0,88536000.0,0.0,0.036,1.2,1645000.0,90181000.0,0.045,90181000.0,1645000.0,-8728000.0,-0.16,,-0.16,602073000.0,693981500.0,602073000.0,2756768396.0,1676.0,30.569,197732000.0,2.414,1.0,1009067000.0,0.508,160184000.0,10373000.0,566270000.0,604306250.0,68360000.0,66128000.0,11541000.0,54587000.0,502767000.0,382339000.0,120428000.0,2765491396.0,71322000.0,74043000.0,-70863000.0,-20222000.0,-121682000.0,-189067000.0,-29948000.0,-11500000.0,290337000.0,0.0,-13671000.0,-13671000.0,-13671000.0,0.0,0.0,-0.007,1007495000.0,1572000.0,70267000.0,-7.5,4.593,-202.289,-209.75,414873000.0,0.0,33.56,1.393,1.385,159568000.0,522065000.0,1985201000.0,1985201000.0,0.0,-0.012,-0.02,0.003,0.001,0.0,869896000.0,1.0,82404392.0,81900587.0,,24.239,944656000.0,63351000.0,4943000.0,13510000.0,11.534,92857000.0
96,DLX,MRT,1997-06-30,1997-06-30,1997-06-30,2021-09-07,100000.0,1167124000.0,,448840000.0,718284000.0,,8.944,-85013000.0,122198000.0,122198000.0,963288000.0,87368000.0,1.441,0.589,113475000.0,6284000.0,107191000.0,113475000.0,0.0,96925000.0,0.0,0.035,1.2,163903000.0,260828000.0,0.132,260828000.0,163903000.0,153688000.0,1.07,,1.07,734711000.0,,734711000.0,2800403006.0,17.0,10.737,180970000.0,2.203,1.0,1015525000.0,0.513,222612000.0,10215000.0,624262000.0,,64446000.0,75289000.0,12975000.0,62314000.0,432413000.0,311527000.0,120886000.0,2805617006.0,101140000.0,108335000.0,-41049000.0,-38478000.0,-121738000.0,-174865000.0,10022000.0,-12960000.0,265983000.0,0.0,87368000.0,87368000.0,87368000.0,0.0,0.0,0.044,900125000.0,115400000.0,63436000.0,1.121,3.819,32.113,31.888,433358000.0,0.0,34.12,1.418,1.416,157227000.0,649211000.0,1978813000.0,1978813000.0,0.0,,,,0.083,0.0,826967000.0,1.0,82227931.0,82142145.0,,24.09,944512000.0,31817000.0,66320000.0,33314000.0,11.499,137313000.0
97,DLX,MRT,1997-03-31,1997-03-31,1997-03-31,2021-09-07,-245000.0,1161162000.0,,438422000.0,722740000.0,,8.843,-93657000.0,121348000.0,121348000.0,959977000.0,87967000.0,1.404,0.599,116134000.0,7116000.0,109018000.0,116134000.0,0.0,101272000.0,0.0,0.037,1.2,166128000.0,267400000.0,0.135,267400000.0,166128000.0,155882000.0,1.07,,1.07,726226000.0,,726226000.0,2641718965.0,16.0,9.879,203931000.0,2.483,1.0,1021666000.0,0.516,220900000.0,10246000.0,622882000.0,,62242000.0,70021000.0,7967000.0,62054000.0,434936000.0,312166000.0,122770000.0,2651735965.0,98491000.0,102935000.0,-43687000.0,-69355000.0,-121854000.0,-207418000.0,8321000.0,-8000000.0,297588000.0,0.0,87967000.0,87967000.0,87967000.0,0.0,0.0,0.044,902361000.0,119305000.0,62121000.0,1.121,3.651,30.145,30.14,439786000.0,0.0,32.25,1.338,1.337,156586000.0,642153000.0,1981643000.0,1981643000.0,0.0,,,,0.084,0.0,808772000.0,1.0,82224371.0,82125412.0,,24.129,940262000.0,31893000.0,67915000.0,41093000.0,11.449,126256000.0
98,DLX,MRT,1996-12-31,1996-12-31,1996-12-31,2021-09-07,646000.0,1176440000.0,1235767500.0,449524000.0,726916000.0,1.602,8.67,-86420000.0,142571000.0,142571000.0,983444000.0,65463000.0,1.317,0.65,132239000.0,23617000.0,108622000.0,132239000.0,0.0,106636000.0,0.0,0.037,1.2,129414000.0,236050000.0,0.119,236050000.0,129414000.0,118765000.0,0.8,0.79,0.8,712916000.0,746645000.0,712916000.0,,,,204283000.0,2.484,1.0,996183000.0,0.503,220920000.0,10649000.0,603811000.0,656698000.0,67541000.0,59138000.0,0.0,59138000.0,463524000.0,341377000.0,122147000.0,2692848150.0,128903000.0,97815000.0,-48065000.0,-43362000.0,-121976000.0,-185315000.0,23515000.0,6250000.0,290703000.0,0.0,65463000.0,65463000.0,65463000.0,0.0,0.0,0.033,909074000.0,87109000.0,63810000.0,1.5,3.777,41.135,40.938,446858000.0,0.0,32.75,1.36,1.36,145475000.0,631151000.0,1979627000.0,1979627000.0,0.0,0.053,0.088,0.197,0.065,0.0,797174000.0,1.0,82224371.0,82224371.0,,24.076,955520000.0,31413000.0,53302000.0,12837000.0,11.621,108147000.0
99,DLX,MRT,1996-09-30,1996-09-30,1996-09-30,2021-09-07,,,,,,,,,,,,,,,,,,,,,,0.032,1.2,,,,,,,,,,,,,,,,,,1.0,,,,,,,,,,,,,,,,,,,,,,,,,,,,,,,,,,,,,,,,37.75,,,,,,,,,,,,,,1.0,,82331984.0,,,,,,,,
100,DLX,MRT,1996-06-30,1996-06-30,1996-06-30,2021-09-07,,,,,,,,,,,,,,,,,,,,,,0.036,1.27,,,,,,,,,,,,,,,,,,1.0,,,,,,,,,,,,,,,,,,,,,,,,,,,,,,,,,,,,,,,,35.5,,,,,,,,,,,,,,1.0,,82378062.0,,,,,,,,
101,DLX,MRT,1996-03-31,1996-03-31,1996-03-31,2021-09-07,,,,,,,,,,,,,,,,,,,,,,0.04,1.27,,,,,,,,,,,,,,,,,,1.0,,,,,,,,,,,,,,,,,,,,,,,,,,,,,,,,,,,,,,,,31.37,,,,,,,,,,,,,,1.0,,82407794.0,,,,,,,,
102,DLX,MRT,1995-12-31,1995-12-31,1995-12-31,2021-09-07,258000.0,1295095000.0,,381098000.0,913997000.0,,,-125068000.0,13668000.0,13668000.0,935587000.0,87021000.0,1.033,0.66,168658000.0,57661000.0,110997000.0,168658000.0,0.0,103303000.0,0.0,0.044,1.27,174967000.0,278270000.0,0.144,278270000.0,174967000.0,161906000.0,1.06,1.06,1.06,780374000.0,,780374000.0,,,,84259000.0,,1.0,1001132000.0,0.517,371692000.0,13061000.0,709585000.0,,87041000.0,54417000.0,6270000.0,48147000.0,514721000.0,368808000.0,145913000.0,,-15471000.0,-37313000.0,-34715000.0,27394000.0,-122143000.0,-104437000.0,-120361000.0,44878000.0,209327000.0,0.0,87021000.0,87021000.0,87021000.0,7413000.0,0.0,0.045,817348000.0,183784000.0,75644000.0,1.198,,,27.358,494158000.0,0.0,29.0,,,169310000.0,697036000.0,1936719000.0,1936719000.0,0.0,,,,0.09,0.0,817348000.0,1.0,,,,,923403000.0,35926000.0,74885000.0,34916000.0,,12290000.0
103,DLX,MRT,1994-12-31,1994-12-31,1994-12-31,2021-09-07,,,,,,,,-126226000.0,,,784452000.0,140866000.0,,,,,,,,85906000.0,,0.045,1.18,253052000.0,338958000.0,0.194,338958000.0,253052000.0,243319000.0,1.71,,1.71,,,,,,,67592000.0,,1.0,963192000.0,0.551,,9733000.0,,,,,,,,,,,-84964000.0,-53796000.0,-39638000.0,2989000.0,-120503000.0,-132038000.0,-146744000.0,51211000.0,193818000.0,0.0,140866000.0,140866000.0,140866000.0,3387000.0,0.0,0.081,713361000.0,249831000.0,,0.69,,,15.421,,0.0,26.37,,,,,1747644000.0,1747644000.0,0.0,,,,0.145,0.0,631660000.0,1.0,,,,,,,102453000.0,,,
