None,ticker,dimension,calendardate,datekey,reportperiod,lastupdated,accoci,assets,assetsavg,assetsc,assetsnc,assetturnover,bvps,capex,cashneq,cashnequsd,cor,consolinc,currentratio,de,debt,debtc,debtnc,debtusd,deferredrev,depamor,deposits,divyield,dps,ebit,ebitda,ebitdamargin,ebitdausd,ebitusd,ebt,eps,epsdil,epsusd,equity,equityavg,equityusd,ev,evebit,evebitda,fcf,fcfps,fxusd,gp,grossmargin,intangibles,intexp,invcap,invcapavg,inventory,investments,investmentsc,investmentsnc,liabilities,liabilitiesc,liabilitiesnc,marketcap,ncf,ncfbus,ncfcommon,ncfdebt,ncfdiv,ncff,ncfi,ncfinv,ncfo,ncfx,netinc,netinccmn,netinccmnusd,netincdis,netincnci,netmargin,opex,opinc,payables,payoutratio,pb,pe,pe1,ppnenet,prefdivis,price,ps,ps1,receivables,retearn,revenue,revenueusd,rnd,roa,roe,roic,ros,sbcomp,sgna,sharefactor,sharesbas,shareswa,shareswadil,sps,tangibles,taxassets,taxexp,taxliabilities,tbvps,workingcapital
0,SWN,MRY,2020-12-31,2020-12-31,2020-12-31,2021-09-07,-38000000.0,5160000000.0,4786750000.0,671000000.0,4489000000.0,0.482,0.866,-884000000.0,13000000.0,13000000.0,1814000000.0,-3112000000.0,0.663,9.382,3309000000.0,42000000.0,3267000000.0,3309000000.0,0.0,357000000.0,0.0,0.0,0.0,-2523000000.0,-2166000000.0,-0.938,-2166000000.0,-2523000000.0,-2705000000.0,-5.42,-5.42,-5.42,497000000.0,851250000.0,497000000.0,4299567382.0,-2.0,-1.985,-356000000.0,-0.62,1.0,494000000.0,0.214,0.0,182000000.0,7444000000.0,6566250000.0,0.0,241000000.0,241000000.0,0.0,4663000000.0,1012000000.0,3651000000.0,1804567382.0,8000000.0,3000000.0,152000000.0,223000000.0,0.0,361000000.0,-881000000.0,0.0,528000000.0,0.0,-3112000000.0,-3112000000.0,-3112000000.0,0.0,0.0,-1.348,3365000000.0,-2871000000.0,573000000.0,0.0,3.631,-0.58,-0.55,4274000000.0,0.0,2.98,0.782,0.741,368000000.0,-4363000000.0,2308000000.0,2308000000.0,0.0,-0.65,-3.656,-0.384,-1.093,3000000.0,121000000.0,1.0,605559524.0,573889502,573889502.0,4.022,5160000000.0,0.0,407000000.0,74000000.0,8.991,-341000000.0
1,SWN,MRY,2019-12-31,2019-12-31,2019-12-31,2021-09-07,-33000000.0,6717000000.0,6576500000.0,679000000.0,6038000000.0,0.462,6.018,-1045000000.0,5000000.0,5000000.0,2102000000.0,891000000.0,0.801,1.069,2395000000.0,34000000.0,2361000000.0,2395000000.0,0.0,471000000.0,0.0,0.0,0.0,654000000.0,1125000000.0,0.37,1125000000.0,654000000.0,480000000.0,1.65,1.65,1.65,3246000000.0,3100000000.0,3246000000.0,3551938561.0,5.0,3.157,-81000000.0,-0.15,1.0,936000000.0,0.308,0.0,174000000.0,8259000000.0,7868000000.0,0.0,278000000.0,278000000.0,0.0,3471000000.0,848000000.0,2623000000.0,1309938561.0,-196000000.0,0.0,-21000000.0,-91000000.0,0.0,-115000000.0,-1045000000.0,0.0,964000000.0,0.0,891000000.0,891000000.0,891000000.0,0.0,0.0,0.293,666000000.0,270000000.0,525000000.0,0.0,0.404,1.47,1.467,5426000000.0,0.0,2.42,0.431,0.43,345000000.0,-1251000000.0,3038000000.0,3038000000.0,0.0,0.135,0.287,0.083,0.215,8000000.0,166000000.0,1.0,541296926.0,539345343,540382914.0,5.633,6717000000.0,407000000.0,-411000000.0,59000000.0,12.454,-169000000.0
2,SWN,MRY,2018-12-31,2018-12-31,2018-12-31,2021-09-07,-36000000.0,5797000000.0,6902500000.0,956000000.0,4841000000.0,0.56,4.11,353000000.0,201000000.0,201000000.0,2103000000.0,537000000.0,1.13,1.454,2318000000.0,0.0,2318000000.0,2318000000.0,0.0,560000000.0,0.0,0.0,0.0,777000000.0,1337000000.0,0.346,1337000000.0,777000000.0,538000000.0,0.93,0.93,0.93,2362000000.0,2252500000.0,2362000000.0,5545157237.0,7.0,4.147,1576000000.0,2.743,1.0,1759000000.0,0.455,0.0,239000000.0,7068000000.0,9232500000.0,0.0,130000000.0,130000000.0,0.0,3435000000.0,846000000.0,2589000000.0,1982157237.0,-715000000.0,0.0,-180000000.0,-2078000000.0,0.0,-2297000000.0,359000000.0,0.0,1223000000.0,0.0,537000000.0,535000000.0,535000000.0,0.0,0.0,0.139,962000000.0,797000000.0,609000000.0,0.0,0.839,3.705,3.667,4656000000.0,2000000.0,3.41,0.513,0.507,581000000.0,-2142000000.0,3862000000.0,3862000000.0,0.0,0.078,0.238,0.084,0.201,14000000.0,209000000.0,1.0,581277782.0,574631756,576642808.0,6.721,5797000000.0,0.0,1000000.0,58000000.0,10.088,110000000.0
3,SWN,MRY,2017-12-31,2017-12-31,2017-12-31,2021-09-07,-44000000.0,7521000000.0,7267250000.0,1509000000.0,6012000000.0,0.441,3.972,-1258000000.0,916000000.0,916000000.0,1741000000.0,1046000000.0,1.935,2.8,4391000000.0,0.0,4391000000.0,4391000000.0,0.0,504000000.0,0.0,0.0,0.0,1201000000.0,1705000000.0,0.532,1705000000.0,1201000000.0,953000000.0,1.64,1.63,1.64,1979000000.0,1620500000.0,1979000000.0,6306335160.0,5.0,3.699,-161000000.0,-0.323,1.0,1462000000.0,0.456,0.0,248000000.0,10216000000.0,9750750000.0,0.0,130000000.0,130000000.0,0.0,5542000000.0,780000000.0,4762000000.0,2859335160.0,-507000000.0,0.0,0.0,-332000000.0,0.0,-352000000.0,-1252000000.0,0.0,1097000000.0,0.0,1046000000.0,815000000.0,815000000.0,0.0,0.0,0.254,731000000.0,731000000.0,533000000.0,0.0,1.445,3.508,3.402,5772000000.0,231000000.0,5.58,0.893,0.868,428000000.0,-2679000000.0,3203000000.0,3203000000.0,0.0,0.112,0.503,0.123,0.375,24000000.0,233000000.0,1.0,512425656.0,498264321,500804297.0,6.428,7521000000.0,0.0,-93000000.0,62000000.0,15.094,729000000.0
4,SWN,MRY,2016-12-31,2016-12-31,2016-12-31,2021-09-07,-39000000.0,7076000000.0,7465250000.0,1872000000.0,5204000000.0,0.326,2.106,-163000000.0,1423000000.0,1423000000.0,1549000000.0,-2643000000.0,1.759,6.716,4653000000.0,41000000.0,4612000000.0,4653000000.0,0.0,436000000.0,0.0,0.0,0.0,-2432000000.0,-1996000000.0,-0.819,-1996000000.0,-2432000000.0,-2672000000.0,-6.32,-6.32,-6.32,917000000.0,940250000.0,917000000.0,8538804479.0,-4.0,-4.278,335000000.0,0.77,1.0,887000000.0,0.364,0.0,240000000.0,9242000000.0,10775750000.0,0.0,51000000.0,51000000.0,0.0,6159000000.0,1064000000.0,5095000000.0,5360804479.0,1408000000.0,0.0,1247000000.0,-138000000.0,0.0,1072000000.0,-162000000.0,0.0,498000000.0,0.0,-2643000000.0,-2751000000.0,-2751000000.0,0.0,0.0,-1.129,3077000000.0,-2190000000.0,473000000.0,0.0,5.846,-1.949,-1.712,4955000000.0,108000000.0,10.82,2.201,1.934,363000000.0,-3725000000.0,2436000000.0,2436000000.0,0.0,-0.369,-2.926,-0.226,-0.998,29000000.0,247000000.0,1.0,495453279.0,435337402,435337402.0,5.596,7076000000.0,0.0,-29000000.0,59000000.0,16.254,808000000.0
5,SWN,MRY,2015-12-31,2015-12-31,2015-12-31,2021-09-07,-48000000.0,8086000000.0,11975500000.0,393000000.0,7693000000.0,0.262,5.997,-1069000000.0,15000000.0,15000000.0,1651000000.0,-4556000000.0,0.556,2.543,4705000000.0,1000000.0,4704000000.0,4705000000.0,0.0,1092000000.0,0.0,0.0,0.0,-6301000000.0,-5209000000.0,-1.663,-5209000000.0,-6301000000.0,-6561000000.0,-12.25,-12.25,-12.25,2282000000.0,4998500000.0,2282000000.0,7382642626.0,-1.0,-1.417,511000000.0,1.343,1.0,1482000000.0,0.473,0.0,260000000.0,12069000000.0,15904250000.0,0.0,3000000.0,3000000.0,0.0,5804000000.0,707000000.0,5097000000.0,2733642626.0,-38000000.0,-579000000.0,669000000.0,-2243000000.0,0.0,20000000.0,-1638000000.0,0.0,1580000000.0,0.0,-4556000000.0,-4662000000.0,-4662000000.0,0.0,0.0,-1.488,8004000000.0,-6522000000.0,513000000.0,0.0,1.198,-0.586,-0.58,7543000000.0,106000000.0,7.11,0.873,0.864,327000000.0,-1082000000.0,3133000000.0,3133000000.0,0.0,-0.389,-0.933,-0.396,-2.011,26000000.0,246000000.0,1.0,384478569.0,380521039,380521039.0,8.233,8086000000.0,0.0,-2005000000.0,64000000.0,21.25,-314000000.0
6,SWN,MRY,2014-12-31,2014-12-31,2014-12-31,2021-09-07,62000000.0,14925000000.0,10353041000.0,1115000000.0,13810000000.0,0.39,13.265,-2000000000.0,53000000.0,53000000.0,1502000000.0,924000000.0,0.205,2.201,6967000000.0,4501000000.0,2466000000.0,6967000000.0,0.0,942000000.0,0.0,0.0,0.0,1563000000.0,2505000000.0,0.62,2505000000.0,1563000000.0,1449000000.0,2.63,2.62,2.63,4662000000.0,4199360000.0,4662000000.0,11422506904.0,7.0,4.56,335000000.0,0.953,1.0,2536000000.0,0.628,0.0,114000000.0,16411000000.0,11425429000.0,37000000.0,337000000.0,337000000.0,0.0,10263000000.0,5428000000.0,4835000000.0,9636506904.0,30000000.0,-5298000000.0,12000000.0,4971000000.0,0.0,4983000000.0,-7288000000.0,0.0,2335000000.0,0.0,924000000.0,924000000.0,924000000.0,0.0,0.0,0.229,1163000000.0,1373000000.0,653000000.0,0.0,2.067,10.429,10.376,13712000000.0,0.0,27.29,2.386,2.375,530000000.0,3577000000.0,4038000000.0,4038000000.0,0.0,0.089,0.22,0.137,0.387,18000000.0,221000000.0,1.0,353114947.0,351446747,352410683.0,11.49,14925000000.0,0.0,525000000.0,2152000000.0,42.467,-4313000000.0
7,SWN,MRY,2013-12-31,2013-12-31,2013-12-31,2021-09-07,-4000000.0,8048000000.0,7623592500.0,644000000.0,7404000000.0,0.442,10.335,-2139000000.0,23000000.0,23000000.0,1189000000.0,704000000.0,0.936,1.222,1951000000.0,1000000.0,1950000000.0,1951000000.0,0.0,787000000.0,0.0,0.0,0.0,1294000000.0,2081000000.0,0.617,2081000000.0,1294000000.0,1190000000.0,2.01,2.0,2.01,3622000000.0,3399348000.0,3622000000.0,15726641494.0,12.0,7.557,-230000000.0,-0.656,1.0,2182000000.0,0.647,0.0,104000000.0,9288000000.0,8697270250.0,38000000.0,71000000.0,71000000.0,0.0,4426000000.0,688000000.0,3738000000.0,13834426494.0,-31000000.0,-96000000.0,10000000.0,274000000.0,0.0,277000000.0,-2216000000.0,0.0,1909000000.0,-1000000.0,704000000.0,704000000.0,704000000.0,0.0,0.0,0.209,978000000.0,1204000000.0,507000000.0,0.0,3.82,19.651,19.567,7297000000.0,0.0,39.33,4.104,4.089,464000000.0,2653000000.0,3371000000.0,3371000000.0,0.0,0.092,0.207,0.149,0.384,13000000.0,191000000.0,1.0,351752517.0,350465430,351101452.0,9.619,8048000000.0,0.0,486000000.0,1624000000.0,22.964,-44000000.0
8,SWN,MRY,2012-12-31,2012-12-31,2012-12-31,2021-09-07,149804000.0,6737527000.0,7571865000.0,808912000.0,5928615000.0,0.361,8.708,-1907000000.0,62125000.0,62125000.0,905000000.0,-707000000.0,1.054,1.219,1668273000.0,0.0,1668273000.0,1668273000.0,0.0,811000000.0,0.0,0.0,0.0,-1053000000.0,-242000000.0,-0.089,-242000000.0,-1053000000.0,-1150000000.0,-2.03,-2.03,-2.03,3035872000.0,3553371250.0,3035872000.0,13255011786.0,-13.0,-54.773,-253000000.0,-0.726,1.0,1825000000.0,0.668,0.0,97000000.0,7575904000.0,8253782000.0,28141000.0,282693000.0,282693000.0,0.0,3701655000.0,767771000.0,2933884000.0,11705303786.0,38000000.0,0.0,9000000.0,282000000.0,0.0,291000000.0,-1907000000.0,0.0,1654000000.0,0.0,-707000000.0,-707000000.0,-707000000.0,0.0,0.0,-0.259,2926000000.0,-1101000000.0,459569000.0,0.0,3.856,-16.556,-16.458,5836976000.0,0.0,33.41,4.288,4.266,377638000.0,1949150000.0,2730000000.0,2730000000.0,0.0,-0.093,-0.199,-0.128,-0.386,12000000.0,175000000.0,1.0,350353301.0,348610503,348610503.0,7.831,6737527000.0,0.0,-443000000.0,1218241000.0,19.327,41141000.0
9,SWN,MRY,2011-12-31,2011-12-31,2011-12-31,2021-09-07,408428000.0,7902897000.0,7049963250.0,978278000.0,6924619000.0,0.419,11.432,-2029948000.0,15627000.0,15627000.0,1015553000.0,637769000.0,1.106,0.991,1342100000.0,0.0,1342100000.0,1342100000.0,0.0,707966000.0,0.0,0.0,0.0,1120717000.0,1828683000.0,0.62,1828683000.0,1120717000.0,1050990000.0,1.84,1.82,1.84,3969304000.0,3492395250.0,3969304000.0,12315607490.0,11.0,6.735,-290131000.0,-0.836,1.0,1935779000.0,0.656,0.0,69727000.0,8344457000.0,7476825250.0,46234000.0,0.0,0.0,0.0,3933593000.0,884913000.0,3048680000.0,11125961490.0,-428000.0,0.0,6412000.0,263526000.0,0.0,284303000.0,-2024790000.0,0.0,1739817000.0,242000.0,637769000.0,637769000.0,637769000.0,0.0,0.0,0.216,862552000.0,1073227000.0,514071000.0,0.0,2.803,17.445,17.359,6645480000.0,0.0,31.94,3.77,3.758,341915000.0,2656214000.0,2951332000.0,2951332000.0,0.0,0.09,0.183,0.15,0.38,-4076000.0,158041000.0,1.0,348339433.0,347205316,349921413.0,8.5,7902897000.0,0.0,413221000.0,1821652000.0,22.761,93365000.0
10,SWN,MRY,2010-12-31,2010-12-31,2010-12-31,2021-09-07,83975000.0,6017463000.0,5683193000.0,580893000.0,5436570000.0,0.459,8.579,-1722947000.0,16055000.0,16055000.0,853540000.0,603833000.0,0.837,1.03,1094200000.0,1200000.0,1093000000.0,1094200000.0,0.0,591943000.0,0.0,0.0,0.0,1054856000.0,1646799000.0,0.631,1646799000.0,1054856000.0,995777000.0,1.75,1.73,1.75,2964876000.0,2758736500.0,2964876000.0,13902325732.0,13.0,8.442,-80362000.0,-0.233,1.0,1757123000.0,0.673,0.0,59079000.0,6401625000.0,5981314500.0,35098000.0,0.0,0.0,0.0,3052587000.0,693983000.0,2358604000.0,12980098732.0,2871000.0,0.0,3897000.0,83955000.0,0.0,86240000.0,-1725631000.0,0.0,1642585000.0,-323000.0,604118000.0,604118000.0,604118000.0,0.0,-285000.0,0.231,735895000.0,1021228000.0,473890000.0,0.0,4.378,21.486,21.389,5298197000.0,0.0,37.43,4.972,4.955,351573000.0,2018445000.0,2610663000.0,2610663000.0,0.0,0.106,0.219,0.176,0.404,9820000.0,145563000.0,1.0,346783295.0,345581568,349310666.0,7.554,6017463000.0,0.0,391659000.0,1224432000.0,17.413,-113090000.0
11,SWN,MRY,2009-12-31,2009-12-31,2009-12-31,2021-09-07,84276000.0,4770250000.0,4448812750.0,564501000.0,4205749000.0,0.482,6.788,-1779347000.0,13184000.0,13184000.0,656657000.0,-35792000.0,1.052,1.042,998700000.0,1200000.0,997500000.0,998700000.0,0.0,495291000.0,0.0,0.0,0.0,6834000.0,502125000.0,0.234,502125000.0,6834000.0,-52013000.0,-0.1,-0.1,-0.1,2331225000.0,2228371250.0,2331225000.0,17593074894.0,2574.0,35.037,-419971000.0,-1.223,1.0,1489122000.0,0.694,0.0,58847000.0,5219350000.0,4666512500.0,30009000.0,0.0,0.0,0.0,2429269000.0,536416000.0,1892853000.0,16643233894.0,-183093000.0,0.0,5755000.0,232380000.0,0.0,238135000.0,-1780604000.0,0.0,1359376000.0,0.0,-35650000.0,-35650000.0,-35650000.0,0.0,-142000.0,-0.017,1524088000.0,-34966000.0,404695000.0,0.0,7.139,-466.851,-482.0,4127253000.0,0.0,48.2,7.756,7.714,263076000.0,1414327000.0,2145779000.0,2145779000.0,0.0,-0.008,-0.016,0.001,0.003,10177000.0,122618000.0,1.0,345295309.0,343420568,343420568.0,6.248,4770250000.0,0.0,-16363000.0,837402000.0,13.89,28085000.0
12,SWN,MRY,2008-12-31,2008-12-31,2008-12-31,2021-09-07,247665000.0,4760158000.0,4309096500.0,883263000.0,3876895000.0,0.536,7.341,-791857000.0,196277000.0,196277000.0,908417000.0,568533000.0,1.132,0.894,735400000.0,61200000.0,674200000.0,735400000.0,0.0,416151000.0,0.0,0.0,0.0,982381000.0,1398532000.0,0.605,1398532000.0,982381000.0,918945000.0,1.66,1.64,1.66,2507830000.0,1939642500.0,2507830000.0,10256008690.0,10.0,7.333,368952000.0,1.08,1.0,1403135000.0,0.607,0.0,63436000.0,4518884000.0,4096658750.0,63726000.0,0.0,0.0,0.0,2242195000.0,780397000.0,1461798000.0,9946196690.0,194445000.0,0.0,3505000.0,-212003000.0,0.0,-174286000.0,-792078000.0,0.0,1160809000.0,0.0,567946000.0,567946000.0,567946000.0,0.0,587000.0,0.246,516367000.0,886768000.0,451597000.0,0.0,3.966,17.513,17.452,3713607000.0,0.0,28.97,4.303,4.281,254557000.0,1449977000.0,2311552000.0,2311552000.0,0.0,0.132,0.293,0.24,0.425,-35444000.0,101959000.0,1.0,343327466.0,341621814,346245938.0,6.766,4760158000.0,0.0,350999000.0,876106000.0,13.934,102866000.0
13,SWN,MRY,2007-12-31,2007-12-31,2007-12-31,2021-09-07,13348000.0,3622716000.0,3097909250.0,363341000.0,3259375000.0,0.405,4.858,-1513642000.0,727000.0,727000.0,499482000.0,221519000.0,0.843,1.2,978800000.0,1200000.0,977600000.0,978800000.0,0.0,295332000.0,0.0,0.0,0.0,394694000.0,690026000.0,0.55,690026000.0,394694000.0,357029000.0,0.65,0.64,0.65,1646500000.0,1559927000.0,1646500000.0,10227545934.0,26.0,14.822,-890907000.0,-2.628,1.0,755649000.0,0.602,0.0,37665000.0,4169894000.0,3333389500.0,46383000.0,0.0,0.0,0.0,1976216000.0,430895000.0,1545321000.0,9496660934.0,-41095000.0,0.0,5474000.0,846193000.0,0.0,849667000.0,-1513497000.0,0.0,622735000.0,0.0,221174000.0,221174000.0,221174000.0,0.0,345000.0,0.176,374183000.0,381466000.0,313070000.0,0.0,5.768,42.938,42.862,3077630000.0,0.0,27.86,7.566,7.524,177680000.0,882031000.0,1255131000.0,1255131000.0,0.0,0.071,0.142,0.118,0.314,6377000.0,80269000.0,1.0,340870816.0,338953446,347442660.0,3.703,3622716000.0,0.0,135855000.0,505192000.0,10.688,-67554000.0
14,SWN,MRY,2006-12-31,2006-12-31,2006-12-31,2021-09-07,31487000.0,2379069000.0,2133978250.0,314084000.0,2064985000.0,0.358,4.288,-631157000.0,42867000.0,42867000.0,299438000.0,162636000.0,0.829,0.658,137800000.0,1200000.0,136600000.0,137800000.0,0.0,152519000.0,0.0,0.0,0.0,274536000.0,427055000.0,0.56,427055000.0,274536000.0,262035000.0,0.49,0.47,0.49,1434643000.0,1337497750.0,1434643000.0,5979469961.0,22.0,14.002,-201220000.0,-0.601,1.0,463674000.0,0.608,0.0,12501000.0,2095142000.0,1876308250.0,39330000.0,0.0,0.0,0.0,944426000.0,378860000.0,565566000.0,5894190961.0,-180778000.0,0.0,3873000.0,809000.0,0.0,19291000.0,-630006000.0,0.0,429937000.0,0.0,162636000.0,162636000.0,162636000.0,0.0,0.0,0.213,217402000.0,246272000.0,261177000.0,0.0,4.108,36.242,35.765,1878661000.0,0.0,17.525,7.724,7.684,100139000.0,660857000.0,763112000.0,763112000.0,0.0,0.076,0.122,0.146,0.36,-9445000.0,66112000.0,1.0,336330440.0,334606282,342575500.0,2.281,2379069000.0,0.0,99399000.0,384135000.0,7.11,-64776000.0
15,SWN,MRY,2005-12-31,2005-12-31,2005-12-31,2021-09-07,-104874000.0,1868524000.0,1561660750.0,461064000.0,1407460000.0,0.433,3.679,-453859000.0,223705000.0,223705000.0,285548000.0,147760000.0,1.525,0.683,100000000.0,0.0,100000000.0,100000000.0,0.0,97652000.0,0.0,0.0,0.0,255236000.0,352888000.0,0.522,352888000.0,255236000.0,234191000.0,0.49,0.475,0.49,1110304000.0,757290250.0,1110304000.0,5078048521.0,20.0,14.39,-149377000.0,-0.495,1.0,390781000.0,0.578,0.0,21045000.0,1442433000.0,1364987000.0,81767000.0,17100000.0,0.0,17100000.0,758220000.0,302386000.0,455834000.0,5241249521.0,222470000.0,0.0,585226000.0,-214320000.0,0.0,370906000.0,-452918000.0,1519000.0,304482000.0,0.0,147760000.0,147760000.0,147760000.0,0.0,0.0,0.218,144861000.0,245920000.0,154385000.0,0.0,4.721,35.471,36.673,1370397000.0,0.0,17.97,7.75,8.018,128948000.0,498221000.0,676329000.0,676329000.0,0.0,0.095,0.195,0.187,0.377,1906000.0,48650000.0,1.0,291666640.0,301785204,312618078.0,2.241,1868524000.0,29700000.0,86431000.0,269047000.0,6.192,158678000.0
16,SWN,MRY,2004-12-31,2004-12-31,2004-12-31,2021-09-07,-19816000.0,1146144000.0,1024552500.0,130985000.0,1015159000.0,0.466,1.566,-291101000.0,1235000.0,1235000.0,185102000.0,103576000.0,0.98,1.56,325000000.0,0.0,325000000.0,325000000.0,0.0,75377000.0,5903000.0,0.0,0.0,183150000.0,258527000.0,0.542,258527000.0,183150000.0,163354000.0,0.36,0.35,0.36,447677000.0,396619000.0,447677000.0,2131552118.0,12.0,8.245,-53204000.0,-0.186,1.0,292035000.0,0.612,0.0,19796000.0,1336209000.0,1191060750.0,64502000.0,15465000.0,0.0,15465000.0,698467000.0,133700000.0,564767000.0,1837286118.0,-42000.0,-2059000.0,5170000.0,42339000.0,0.0,47509000.0,-285448000.0,7121000.0,237897000.0,0.0,103576000.0,103576000.0,103576000.0,0.0,0.0,0.217,109748000.0,182287000.0,81586000.0,0.0,4.104,17.739,17.601,984156000.0,0.0,6.336,3.851,3.795,86268000.0,350461000.0,477137000.0,477137000.0,0.0,0.101,0.261,0.154,0.384,1973000.0,36074000.0,1.0,289964272.0,285804808,295702176.0,1.669,1146144000.0,3600000.0,59778000.0,213329000.0,4.01,-2715000.0
17,SWN,MRY,2003-12-31,2003-12-31,2003-12-31,2021-09-07,-12520000.0,890710000.0,819413500.0,100310000.0,790400000.0,0.4,1.278,-164523000.0,1277000.0,1277000.0,141009000.0,48897000.0,1.055,1.608,278800000.0,0.0,278800000.0,278800000.0,0.0,58788000.0,5277000.0,0.0,0.0,96896000.0,155684000.0,0.476,155684000.0,96896000.0,77793000.0,0.185,0.18,0.185,341561000.0,313034500.0,341561000.0,1112234489.0,11.0,7.144,-55424000.0,-0.207,1.0,186392000.0,0.569,0.0,19103000.0,1073165000.0,977908000.0,64674000.0,13840000.0,0.0,13840000.0,549149000.0,95068000.0,454081000.0,851604489.0,-413000.0,2500000.0,107756000.0,-55612000.0,0.0,52144000.0,-161656000.0,0.0,109099000.0,0.0,48897000.0,48897000.0,48897000.0,0.0,0.0,0.149,89050000.0,97342000.0,54186000.0,0.0,2.493,17.416,16.149,762284000.0,0.0,2.987,2.601,2.438,58543000.0,246885000.0,327401000.0,327401000.0,0.0,0.06,0.156,0.099,0.296,0.0,33102000.0,1.0,285055896.0,267168416,273903472.0,1.225,890710000.0,0.0,28896000.0,152987000.0,3.334,5242000.0
18,SWN,MRY,2002-12-31,2002-12-31,2002-12-31,2021-09-07,-17358000.0,740162000.0,732657750.0,76138000.0,664024000.0,0.357,0.879,-65647000.0,1690000.0,1690000.0,134559000.0,14311000.0,1.021,3.17,342400000.0,0.0,342400000.0,342400000.0,0.0,56399000.0,4999000.0,0.0,0.0,45968000.0,102367000.0,0.391,102367000.0,45968000.0,23019000.0,0.071,0.069,0.071,177488000.0,179040250.0,177488000.0,647234766.0,14.0,6.323,11927000.0,0.059,1.0,126943000.0,0.485,0.0,22949000.0,1006315000.0,1010374000.0,57130000.0,15287000.0,0.0,15287000.0,562674000.0,74557000.0,488117000.0,294542766.0,-1951000.0,0.0,1955000.0,-17480000.0,0.0,-15056000.0,-64469000.0,0.0,77574000.0,0.0,14311000.0,14311000.0,14311000.0,0.0,0.0,0.055,80438000.0,46505000.0,29881000.0,0.0,1.66,20.582,20.158,632161000.0,0.0,1.431,1.126,1.105,42115000.0,197988000.0,261502000.0,261502000.0,0.0,0.02,0.08,0.045,0.176,0.0,26446000.0,1.0,205794072.0,201812640,208417904.0,1.296,740162000.0,0.0,8708000.0,121804000.0,3.668,1581000.0
19,SWN,MRY,2001-12-31,2001-12-31,2001-12-31,2021-09-07,5763000.0,743123000.0,712418000.0,93204000.0,649919000.0,0.484,0.908,-106060000.0,3641000.0,3641000.0,184286000.0,35324000.0,1.304,3.059,350000000.0,0.0,350000000.0,350000000.0,0.0,54505000.0,4845000.0,0.0,0.0,82535000.0,137040000.0,0.397,137040000.0,82535000.0,57241000.0,0.175,0.172,0.175,183086000.0,168343750.0,183086000.0,617621169.0,7.0,4.507,38523000.0,0.191,1.0,160641000.0,0.466,0.0,25294000.0,1018014000.0,969027500.0,58652000.0,15538000.0,0.0,15538000.0,560037000.0,71468000.0,488569000.0,261994169.0,1255000.0,-1449000.0,0.0,-46000000.0,0.0,-32466000.0,-110862000.0,0.0,144583000.0,0.0,35324000.0,35324000.0,35324000.0,0.0,0.0,0.102,77972000.0,82669000.0,41644000.0,0.0,1.431,7.417,7.429,619830000.0,0.0,1.3,0.76,0.76,42763000.0,183677000.0,344927000.0,344927000.0,0.0,0.05,0.21,0.085,0.239,0.0,25073000.0,1.0,201533976.0,201584840,204808880.0,1.711,743123000.0,0.0,21917000.0,126781000.0,3.686,21736000.0
20,SWN,MRY,2000-12-31,2000-12-31,2000-12-31,2021-09-07,0.0,705378000.0,670285500.0,112855000.0,592523000.0,0.543,0.705,-30066000.0,2386000.0,2386000.0,235213000.0,-46687000.0,0.47,3.992,396000000.0,171000000.0,225000000.0,396000000.0,0.0,48686000.0,4799000.0,0.012,0.015,-49025000.0,-339000.0,-0.001,-339000.0,-49025000.0,-76161000.0,-0.233,-0.233,-0.233,141291000.0,151044750.0,141291000.0,635419495.0,-13.0,-1874.394,-83269000.0,-0.416,1.0,128670000.0,0.354,0.0,27136000.0,859108000.0,823148000.0,44867000.0,15574000.0,0.0,15574000.0,564087000.0,239884000.0,324203000.0,259846495.0,1146000.0,-3250000.0,0.0,90890000.0,-3004000.0,87886000.0,-33537000.0,0.0,-53203000.0,0.0,-46687000.0,-46687000.0,-46687000.0,0.0,0.0,-0.128,182139000.0,-53469000.0,54304000.0,-0.064,1.839,-5.566,-5.569,564107000.0,0.0,1.298,0.714,0.714,77041000.0,148353000.0,363883000.0,363883000.0,0.0,-0.07,-0.309,-0.06,-0.135,0.0,24982000.0,1.0,200267048.0,200348688,200348688.0,1.816,705378000.0,0.0,-29474000.0,101777000.0,3.521,-127029000.0
21,SWN,MRY,1999-12-31,1999-12-31,1999-12-31,2021-09-07,0.0,671446000.0,646745000.0,70172000.0,601274000.0,0.434,0.954,-66967000.0,1240000.0,1240000.0,178561000.0,9927000.0,1.245,2.527,302200000.0,7500000.0,294700000.0,302200000.0,0.0,42971000.0,6021000.0,0.037,0.03,37034000.0,80005000.0,0.285,80005000.0,37034000.0,16376000.0,0.05,0.05,0.05,190356000.0,190457000.0,190356000.0,444711571.0,12.0,5.559,-8836000.0,-0.044,1.0,101835000.0,0.363,0.0,20658000.0,916060000.0,871541250.0,50232000.0,14180000.0,0.0,14180000.0,481090000.0,56346000.0,424744000.0,162135571.0,-382000.0,-2273000.0,0.0,18765000.0,-5985000.0,12780000.0,-71293000.0,0.0,58131000.0,0.0,9927000.0,9927000.0,9927000.0,0.0,0.0,0.035,65777000.0,36058000.0,33069000.0,0.6,0.852,16.333,16.25,575955000.0,0.0,0.812,0.578,0.578,43339000.0,198044000.0,280396000.0,280396000.0,0.0,0.015,0.052,0.042,0.132,0.0,24174000.0,1.0,199551472.0,199532400,199576168.0,1.405,671446000.0,0.0,6449000.0,130408000.0,3.365,13826000.0
22,SWN,MRY,1998-12-31,1998-12-31,1998-12-31,2021-09-07,0.0,647620000.0,640752750.0,72271000.0,575349000.0,0.416,0.934,-64359000.0,1622000.0,1622000.0,154441000.0,-30597000.0,1.319,2.485,283436000.0,1536000.0,281900000.0,283436000.0,0.0,48267000.0,5635000.0,0.032,0.03,-29023000.0,19244000.0,0.072,19244000.0,-29023000.0,-50093000.0,-0.154,-0.154,-0.154,185856000.0,195759250.0,185856000.0,456587028.0,-16.0,23.726,29349000.0,0.147,1.0,111864000.0,0.42,0.0,21070000.0,874648000.0,856419250.0,47091000.0,14015000.0,0.0,14015000.0,461764000.0,54786000.0,406978000.0,186985028.0,-2981000.0,-10062000.0,0.0,-16107000.0,-5970000.0,-22077000.0,-74612000.0,0.0,93708000.0,0.0,-30597000.0,-30597000.0,-30597000.0,0.0,0.0,-0.115,140815000.0,-28951000.0,37780000.0,-0.195,1.006,-6.111,-6.088,549675000.0,0.0,0.938,0.702,0.701,40655000.0,194102000.0,266305000.0,266305000.0,0.0,-0.048,-0.156,-0.034,-0.109,0.0,27515000.0,1.0,199450696.0,199057360,199057360.0,1.338,647620000.0,0.0,-19496000.0,124821000.0,3.253,17485000.0
23,SWN,MRY,1997-12-31,1997-12-31,1997-12-31,2021-09-07,0.0,710866000.0,675936500.0,87955000.0,622911000.0,0.409,1.12,-88821000.0,4603000.0,4603000.0,116878000.0,18715000.0,1.795,2.208,299543000.0,3071000.0,296472000.0,299543000.0,0.0,49271000.0,5307000.0,0.019,0.03,51406000.0,100677000.0,0.365,100677000.0,51406000.0,30505000.0,0.095,0.095,0.095,221565000.0,218132250.0,221565000.0,603528456.0,12.0,5.995,-9338000.0,-0.047,1.0,159311000.0,0.577,0.0,20901000.0,956817000.0,901676250.0,44213000.0,7039000.0,0.0,7039000.0,489301000.0,48989000.0,440312000.0,318670456.0,2306000.0,-4962000.0,0.0,19605000.0,-5935000.0,13670000.0,-90847000.0,0.0,79483000.0,0.0,18715000.0,18715000.0,18715000.0,0.0,0.0,0.068,107375000.0,51936000.0,29903000.0,0.316,1.438,17.028,16.947,603302000.0,0.0,1.61,1.154,1.154,45752000.0,230669000.0,276189000.0,276189000.0,0.0,0.028,0.086,0.057,0.186,0.0,59167000.0,1.0,197931960.0,197911056,198223248.0,1.396,710866000.0,3074000.0,11790000.0,143149000.0,3.592,38966000.0
24,SWN,MRY,1996-12-31,1996-12-31,1996-12-31,2021-09-07,0.0,660190000.0,614641500.0,72933000.0,587257000.0,0.331,1.052,-124913000.0,2297000.0,2297000.0,62441000.0,19186000.0,1.744,2.175,278285000.0,3071000.0,275214000.0,278285000.0,0.0,43373000.0,4904000.0,0.016,0.03,48123000.0,91496000.0,0.45,91496000.0,48123000.0,30937000.0,0.098,0.096,0.098,207941000.0,201222500.0,207941000.0,,,,-53083000.0,-0.269,1.0,140899000.0,0.693,0.0,17186000.0,894356000.0,813684500.0,43207000.0,6557000.0,0.0,6557000.0,452249000.0,41822000.0,410427000.0,373801660.0,799000.0,-1266000.0,0.0,67457000.0,-5929000.0,61528000.0,-132559000.0,0.0,71830000.0,0.0,19186000.0,19186000.0,19186000.0,0.0,0.0,0.094,92903000.0,47996000.0,25644000.0,0.306,1.798,19.483,19.286,568702000.0,0.0,1.89,1.838,1.837,39928000.0,217889000.0,203340000.0,203340000.0,0.0,0.031,0.095,0.059,0.237,0.0,50509000.0,1.0,197778656.0,197642048,198308696.0,1.029,660190000.0,6623000.0,11751000.0,133976000.0,3.34,31111000.0
25,SWN,MRY,1995-12-31,1995-12-31,1995-12-31,2021-09-07,0.0,569093000.0,,63896000.0,505197000.0,,0.967,-101626000.0,1498000.0,1498000.0,55209000.0,11240000.0,1.407,1.926,210828000.0,3071000.0,207757000.0,210828000.0,0.0,36272000.0,4619000.0,0.019,0.03,29666000.0,65938000.0,0.395,65938000.0,29666000.0,18499000.0,0.056,0.056,0.056,194504000.0,,194504000.0,,,,-45765000.0,-0.228,1.0,111616000.0,0.669,0.0,11167000.0,733013000.0,,38894000.0,9114000.0,0.0,9114000.0,374589000.0,45410000.0,329179000.0,,346000.0,-4968000.0,-14259000.0,64549000.0,-6038000.0,44252000.0,-99767000.0,0.0,55861000.0,0.0,11240000.0,11240000.0,11240000.0,0.0,0.0,0.067,80428000.0,31188000.0,23989000.0,0.536,,,28.46,485819000.0,0.0,1.594,,1.921,35541000.0,204632000.0,166825000.0,166825000.0,0.0,,,,0.178,0.0,44436000.0,1.0,,201046248,201594064.0,0.83,569093000.0,8221000.0,7259000.0,119986000.0,2.831,18486000.0
26,SWN,MRY,1994-12-31,1994-12-31,1994-12-31,2021-09-07,,,,,,,,-76854000.0,,,40052000.0,25124000.0,,,,,,,,35825000.0,,0.016,0.03,51319000.0,87144000.0,0.512,87144000.0,51319000.0,40853000.0,0.122,,0.122,,,,,,,-10241000.0,-0.05,1.0,130134000.0,0.765,,10466000.0,,,,,,,,,,,318000.0,-2319000.0,0.0,15300000.0,-6164000.0,9136000.0,-75431000.0,0.0,66613000.0,0.0,25124000.0,25124000.0,25124000.0,0.0,0.0,0.148,78052000.0,52082000.0,,0.246,,,15.246,,0.0,1.86,,2.246,,,170186000.0,170186000.0,0.0,,,,0.302,0.0,42506000.0,1.0,,205472880,,0.828,,,15729000.0,,,
0,SWN,MRQ,2021-06-30,2021-06-30,2021-06-30,2021-09-07,-35000000.0,5394000000.0,,593000000.0,4801000000.0,,-0.027,-265000000.0,2000000.0,2000000.0,619000000.0,-609000000.0,0.305,-300.667,3166000000.0,248000000.0,2918000000.0,3166000000.0,0.0,100000000.0,0.0,0.0,0.0,-558000000.0,-458000000.0,-0.436,-458000000.0,-558000000.0,-609000000.0,-0.9,-0.9,-0.9,-18000000.0,,-18000000.0,7004743804.0,-7.0,-10.678,5000000.0,0.007,1.0,431000000.0,0.41,0.0,51000000.0,6614000000.0,,0.0,132000000.0,132000000.0,0.0,5412000000.0,1944000000.0,3468000000.0,3837743804.0,-2000000.0,0.0,0.0,-6000000.0,0.0,-7000000.0,-265000000.0,0.0,270000000.0,0.0,-609000000.0,-609000000.0,-609000000.0,0.0,0.0,-0.58,138000000.0,293000000.0,653000000.0,0.0,-213.208,-3.161,-3.222,4593000000.0,0.0,5.67,1.12,1.119,408000000.0,-4892000000.0,1050000000.0,1050000000.0,0.0,,,,,2000000.0,34000000.0,1.0,676850759.0,676722999,676722999.0,1.552,5394000000.0,0.0,0.0,62000000.0,7.971,-1351000000.0
1,SWN,MRQ,2021-03-31,2021-03-31,2021-03-31,2021-09-07,-38000000.0,5247000000.0,,602000000.0,4645000000.0,,0.868,-226000000.0,4000000.0,4000000.0,630000000.0,80000000.0,0.439,7.954,3171000000.0,248000000.0,2923000000.0,3171000000.0,0.0,96000000.0,0.0,0.0,0.0,133000000.0,229000000.0,0.214,229000000.0,133000000.0,80000000.0,0.12,0.12,0.12,586000000.0,,586000000.0,6432226901.0,-5.0,-6.764,121000000.0,0.179,1.0,442000000.0,0.412,0.0,53000000.0,7044000000.0,,0.0,157000000.0,157000000.0,0.0,4661000000.0,1370000000.0,3291000000.0,3136226901.0,-9000000.0,0.0,0.0,-126000000.0,0.0,-129000000.0,-227000000.0,0.0,347000000.0,0.0,80000000.0,80000000.0,80000000.0,0.0,0.0,0.075,141000000.0,301000000.0,639000000.0,0.0,5.352,-2.112,-1.867,4439000000.0,0.0,4.65,1.125,1.126,400000000.0,-4283000000.0,1072000000.0,1072000000.0,0.0,,,,,0.0,38000000.0,1.0,674457398.0,675385145,679867825.0,1.587,5247000000.0,0.0,0.0,67000000.0,7.769,-768000000.0
2,SWN,MRQ,2020-12-31,2020-12-31,2020-12-31,2021-09-07,-38000000.0,5160000000.0,,671000000.0,4489000000.0,,0.774,-186000000.0,13000000.0,13000000.0,524000000.0,-92000000.0,0.663,9.382,3309000000.0,42000000.0,3267000000.0,3309000000.0,0.0,90000000.0,0.0,0.0,0.0,-39000000.0,51000000.0,0.065,51000000.0,-39000000.0,-91000000.0,0.06,0.06,0.06,497000000.0,,497000000.0,4299567382.0,-2.0,-1.985,-65000000.0,-0.101,1.0,255000000.0,0.327,0.0,52000000.0,7444000000.0,,0.0,241000000.0,241000000.0,0.0,4663000000.0,1012000000.0,3651000000.0,1804567382.0,-82000000.0,3000000.0,0.0,-7000000.0,0.0,-20000000.0,-183000000.0,0.0,121000000.0,0.0,-92000000.0,-92000000.0,-92000000.0,0.0,0.0,-0.118,499000000.0,-244000000.0,573000000.0,0.0,3.631,-0.58,-0.55,4274000000.0,0.0,2.98,0.782,0.741,368000000.0,-4363000000.0,779000000.0,779000000.0,0.0,,,,,1000000.0,32000000.0,1.0,605559524.0,642070331,642070331.0,1.213,5160000000.0,0.0,1000000.0,74000000.0,8.037,-341000000.0
3,SWN,MRQ,2020-09-30,2020-09-30,2020-09-30,2021-09-07,-32000000.0,4157000000.0,,613000000.0,3544000000.0,,0.671,-228000000.0,95000000.0,95000000.0,443000000.0,-593000000.0,0.705,9.826,2590000000.0,33000000.0,2557000000.0,2590000000.0,0.0,70000000.0,0.0,0.0,0.0,-548000000.0,-478000000.0,-0.907,-478000000.0,-548000000.0,-593000000.0,-1.04,-1.04,-1.04,384000000.0,,384000000.0,3851252022.0,-2.0,-1.971,-75000000.0,-0.131,1.0,84000000.0,0.159,0.0,45000000.0,5783000000.0,,0.0,238000000.0,238000000.0,0.0,3773000000.0,869000000.0,2904000000.0,1274252022.0,85000000.0,0.0,152000000.0,8000000.0,0.0,160000000.0,-228000000.0,0.0,153000000.0,0.0,-593000000.0,-593000000.0,-593000000.0,0.0,0.0,-1.125,465000000.0,-381000000.0,416000000.0,0.0,3.318,-0.438,-0.441,3367000000.0,0.0,2.35,0.56,0.591,239000000.0,-4271000000.0,527000000.0,527000000.0,0.0,,,,,0.0,31000000.0,1.0,542234903.0,571872413,571872413.0,0.922,4157000000.0,0.0,0.0,47000000.0,7.269,-256000000.0
4,SWN,MRQ,2020-06-30,2020-06-30,2020-06-30,2021-09-07,-33000000.0,4555000000.0,,770000000.0,3785000000.0,,1.521,-242000000.0,10000000.0,10000000.0,393000000.0,-880000000.0,0.88,4.535,2587000000.0,34000000.0,2553000000.0,2587000000.0,0.0,84000000.0,0.0,0.0,0.0,-837000000.0,-753000000.0,-1.837,-753000000.0,-837000000.0,-880000000.0,-1.63,-1.63,-1.63,823000000.0,,823000000.0,3806722857.0,-2.0,-3.05,-148000000.0,-0.274,1.0,17000000.0,0.041,0.0,43000000.0,6257000000.0,,0.0,466000000.0,466000000.0,0.0,3732000000.0,875000000.0,2857000000.0,1386722857.0,5000000.0,0.0,0.0,154000000.0,0.0,153000000.0,-242000000.0,0.0,94000000.0,0.0,-880000000.0,-880000000.0,-880000000.0,0.0,0.0,-2.146,773000000.0,-756000000.0,426000000.0,0.0,1.685,-0.611,-0.61,3579000000.0,0.0,2.56,0.582,0.581,250000000.0,-3678000000.0,410000000.0,410000000.0,0.0,,,,,1000000.0,32000000.0,1.0,541688616.0,541079192,541079192.0,0.758,4555000000.0,0.0,0.0,48000000.0,8.418,-105000000.0
5,SWN,MRQ,2020-03-31,2020-03-31,2020-03-31,2021-09-07,-33000000.0,5275000000.0,,972000000.0,4303000000.0,,3.148,-228000000.0,5000000.0,5000000.0,454000000.0,-1547000000.0,1.063,2.101,2425000000.0,32000000.0,2393000000.0,2425000000.0,0.0,113000000.0,0.0,0.0,0.0,-1099000000.0,-986000000.0,-1.666,-986000000.0,-1099000000.0,-1141000000.0,-2.86,-2.86,-2.86,1701000000.0,,1701000000.0,3304387888.0,-5.0,-17.959,-68000000.0,-0.126,1.0,138000000.0,0.233,0.0,42000000.0,6781000000.0,,0.0,627000000.0,627000000.0,0.0,3574000000.0,914000000.0,2660000000.0,914387888.0,0.0,0.0,0.0,68000000.0,0.0,68000000.0,-228000000.0,0.0,160000000.0,0.0,-1547000000.0,-1547000000.0,-1547000000.0,0.0,0.0,-2.613,1628000000.0,-1490000000.0,465000000.0,0.0,0.538,-0.732,-0.732,4068000000.0,0.0,1.69,0.346,0.346,292000000.0,-2798000000.0,592000000.0,592000000.0,0.0,,,,,1000000.0,26000000.0,1.0,541057922.0,540308491,540308491.0,1.096,5275000000.0,0.0,406000000.0,52000000.0,9.763,58000000.0
6,SWN,MRQ,2019-12-31,2019-12-31,2019-12-31,2021-09-07,-33000000.0,6717000000.0,,679000000.0,6038000000.0,,6.017,-210000000.0,5000000.0,5000000.0,506000000.0,110000000.0,0.801,1.069,2395000000.0,34000000.0,2361000000.0,2395000000.0,0.0,119000000.0,0.0,0.0,0.0,144000000.0,263000000.0,0.353,263000000.0,144000000.0,100000000.0,0.2,0.21,0.2,3246000000.0,,3246000000.0,3551938561.0,5.0,3.157,15000000.0,0.028,1.0,239000000.0,0.321,0.0,44000000.0,8259000000.0,,0.0,278000000.0,278000000.0,0.0,3471000000.0,848000000.0,2623000000.0,1309938561.0,-24000000.0,0.0,0.0,-37000000.0,0.0,-39000000.0,-210000000.0,0.0,225000000.0,0.0,110000000.0,110000000.0,110000000.0,0.0,0.0,0.148,175000000.0,64000000.0,525000000.0,0.0,0.404,1.47,1.467,5426000000.0,0.0,2.42,0.431,0.43,345000000.0,-1251000000.0,745000000.0,745000000.0,0.0,,,,,2000000.0,47000000.0,1.0,541296926.0,539435862,540203709.0,1.381,6717000000.0,407000000.0,-10000000.0,59000000.0,12.452,-169000000.0
7,SWN,MRQ,2019-09-30,2019-09-30,2019-09-30,2021-09-07,-31000000.0,6598000000.0,,633000000.0,5965000000.0,,5.814,-275000000.0,29000000.0,29000000.0,492000000.0,49000000.0,0.719,1.105,2271000000.0,52000000.0,2219000000.0,2271000000.0,0.0,125000000.0,0.0,0.0,0.0,103000000.0,228000000.0,0.358,228000000.0,103000000.0,59000000.0,0.09,0.09,0.09,3135000000.0,,3135000000.0,3208741364.0,4.0,2.365,-79000000.0,-0.147,1.0,144000000.0,0.226,0.0,44000000.0,7960000000.0,,0.0,239000000.0,239000000.0,0.0,3463000000.0,880000000.0,2583000000.0,1044741364.0,-126000000.0,0.0,0.0,-47000000.0,0.0,-47000000.0,-275000000.0,0.0,196000000.0,0.0,49000000.0,49000000.0,49000000.0,0.0,0.0,0.077,173000000.0,-29000000.0,539000000.0,0.0,0.333,0.961,0.975,5199000000.0,0.0,1.93,0.301,0.3,323000000.0,-1361000000.0,636000000.0,636000000.0,0.0,,,,,2000000.0,42000000.0,1.0,541316769.0,539221101,540038187.0,1.179,6598000000.0,398000000.0,10000000.0,55000000.0,12.236,-247000000.0
8,SWN,MRQ,2019-06-30,2019-06-30,2019-06-30,2021-09-07,-32000000.0,6545000000.0,,764000000.0,5781000000.0,,5.718,-302000000.0,155000000.0,155000000.0,479000000.0,138000000.0,0.838,1.124,2319000000.0,52000000.0,2267000000.0,2319000000.0,0.0,115000000.0,0.0,0.0,0.0,196000000.0,311000000.0,0.466,311000000.0,196000000.0,153000000.0,0.26,0.26,0.26,3082000000.0,,3082000000.0,3663055302.0,5.0,2.82,-201000000.0,-0.373,1.0,188000000.0,0.282,0.0,43000000.0,7797000000.0,,0.0,209000000.0,209000000.0,0.0,3463000000.0,912000000.0,2551000000.0,1710055302.0,-211000000.0,0.0,0.0,-10000000.0,0.0,-10000000.0,-302000000.0,0.0,101000000.0,0.0,138000000.0,138000000.0,138000000.0,0.0,0.0,0.207,166000000.0,22000000.0,585000000.0,0.0,0.555,1.695,1.717,5099000000.0,0.0,3.16,0.452,0.45,358000000.0,-1410000000.0,667000000.0,667000000.0,0.0,,,,,2000000.0,40000000.0,1.0,541156741.0,539005941,539947053.0,1.237,6545000000.0,410000000.0,15000000.0,52000000.0,12.143,-148000000.0
9,SWN,MRQ,2019-03-31,2019-03-31,2019-03-31,2021-09-07,-36000000.0,6446000000.0,,887000000.0,5559000000.0,,5.442,-258000000.0,366000000.0,366000000.0,625000000.0,594000000.0,0.941,1.195,2319000000.0,52000000.0,2267000000.0,2319000000.0,0.0,112000000.0,0.0,0.0,0.0,211000000.0,323000000.0,0.326,323000000.0,211000000.0,168000000.0,1.1,1.1,1.1,2937000000.0,,2937000000.0,4655787484.0,7.0,3.749,184000000.0,0.341,1.0,365000000.0,0.369,0.0,43000000.0,7456000000.0,,0.0,87000000.0,87000000.0,0.0,3509000000.0,943000000.0,2566000000.0,2538787484.0,165000000.0,0.0,-21000000.0,3000000.0,0.0,-19000000.0,-258000000.0,0.0,442000000.0,0.0,594000000.0,594000000.0,594000000.0,0.0,0.0,0.6,152000000.0,213000000.0,626000000.0,0.0,0.864,2.754,2.808,4871000000.0,0.0,4.69,0.646,0.644,390000000.0,-1548000000.0,990000000.0,990000000.0,0.0,,,,,2000000.0,37000000.0,1.0,541319293.0,539721751,541320487.0,1.834,6446000000.0,426000000.0,-426000000.0,62000000.0,11.943,-56000000.0
10,SWN,MRQ,2018-12-31,2018-12-31,2018-12-31,2021-09-07,-36000000.0,5797000000.0,,956000000.0,4841000000.0,,4.182,1352000000.0,201000000.0,201000000.0,643000000.0,307000000.0,1.13,1.454,2318000000.0,0.0,2318000000.0,2318000000.0,0.0,134000000.0,0.0,0.0,0.0,361000000.0,495000000.0,0.421,495000000.0,361000000.0,308000000.0,0.53,0.54,0.53,2362000000.0,,2362000000.0,5545157237.0,7.0,4.147,1604000000.0,2.84,1.0,532000000.0,0.453,0.0,53000000.0,7068000000.0,,0.0,130000000.0,130000000.0,0.0,3435000000.0,846000000.0,2589000000.0,1982157237.0,192000000.0,0.0,-155000000.0,-1248000000.0,0.0,-1414000000.0,1354000000.0,0.0,252000000.0,0.0,307000000.0,306000000.0,306000000.0,0.0,0.0,0.26,180000000.0,352000000.0,609000000.0,0.0,0.839,3.705,3.667,4656000000.0,1000000.0,3.41,0.513,0.507,581000000.0,-2142000000.0,1175000000.0,1175000000.0,0.0,,,,,2000000.0,44000000.0,1.0,581277782.0,564789761,567084658.0,2.08,5797000000.0,0.0,1000000.0,58000000.0,10.264,110000000.0
11,SWN,MRQ,2018-09-30,2018-09-30,2018-09-30,2021-09-07,-40000000.0,7058000000.0,,615000000.0,6443000000.0,,3.794,-321000000.0,9000000.0,9000000.0,520000000.0,-29000000.0,0.689,2.201,3572000000.0,0.0,3572000000.0,3572000000.0,0.0,141000000.0,0.0,0.0,0.0,29000000.0,170000000.0,0.179,170000000.0,29000000.0,-29000000.0,-0.05,-0.05,-0.05,2205000000.0,,2205000000.0,6529005632.0,9.0,5.011,-14000000.0,-0.024,1.0,431000000.0,0.453,0.0,58000000.0,9729000000.0,,0.0,104000000.0,104000000.0,0.0,4853000000.0,892000000.0,3961000000.0,2996005632.0,-28000000.0,0.0,-25000000.0,10000000.0,0.0,-15000000.0,-320000000.0,0.0,307000000.0,0.0,-29000000.0,-29000000.0,-29000000.0,0.0,0.0,-0.03,365000000.0,66000000.0,563000000.0,0.0,1.359,6.065,5.495,5469000000.0,0.0,5.11,0.857,0.849,397000000.0,-2449000000.0,951000000.0,951000000.0,0.0,,,,,3000000.0,51000000.0,1.0,586302472.0,581171753,581171753.0,1.636,7058000000.0,0.0,0.0,32000000.0,12.144,-277000000.0
12,SWN,MRQ,2018-06-30,2018-06-30,2018-06-30,2021-09-07,-44000000.0,7042000000.0,,567000000.0,6475000000.0,,3.872,-382000000.0,37000000.0,37000000.0,473000000.0,51000000.0,0.661,2.13,3570000000.0,0.0,3570000000.0,3570000000.0,0.0,142000000.0,0.0,0.0,0.0,112000000.0,254000000.0,0.311,254000000.0,112000000.0,51000000.0,0.09,0.09,0.09,2250000000.0,,2250000000.0,6545072680.0,8.0,4.705,-82000000.0,-0.141,1.0,343000000.0,0.42,0.0,61000000.0,9717000000.0,,0.0,71000000.0,71000000.0,0.0,4792000000.0,858000000.0,3934000000.0,3110072680.0,-921000000.0,0.0,0.0,-840000000.0,0.0,-840000000.0,-381000000.0,0.0,300000000.0,0.0,51000000.0,51000000.0,51000000.0,0.0,0.0,0.062,219000000.0,124000000.0,642000000.0,0.0,1.382,5.495,4.953,6233000000.0,0.0,5.3,0.948,0.938,416000000.0,-2420000000.0,816000000.0,816000000.0,0.0,,,,,5000000.0,59000000.0,1.0,586806166.0,581159200,582878106.0,1.404,7042000000.0,0.0,0.0,58000000.0,12.117,-291000000.0
13,SWN,MRQ,2018-03-31,2018-03-31,2018-03-31,2021-09-07,-44000000.0,7713000000.0,,1488000000.0,6225000000.0,,3.839,-296000000.0,958000000.0,958000000.0,467000000.0,208000000.0,2.033,2.517,4393000000.0,0.0,4393000000.0,4393000000.0,0.0,143000000.0,0.0,0.0,0.0,275000000.0,418000000.0,0.454,418000000.0,275000000.0,208000000.0,0.36,0.36,0.36,2193000000.0,,2193000000.0,6016984375.0,6.0,3.747,68000000.0,0.119,1.0,453000000.0,0.492,0.0,67000000.0,10416000000.0,,0.0,110000000.0,110000000.0,0.0,5520000000.0,732000000.0,4788000000.0,2541984375.0,42000000.0,0.0,0.0,0.0,0.0,-28000000.0,-294000000.0,0.0,364000000.0,0.0,208000000.0,205000000.0,205000000.0,0.0,0.0,0.223,198000000.0,255000000.0,555000000.0,0.0,1.159,3.44,3.028,5968000000.0,3000000.0,4.33,0.776,0.755,382000000.0,-2471000000.0,920000000.0,920000000.0,0.0,,,,,4000000.0,55000000.0,1.0,587063366.0,571297804,573844459.0,1.61,7713000000.0,0.0,0.0,50000000.0,13.501,756000000.0
14,SWN,MRQ,2017-12-31,2017-12-31,2017-12-31,2021-09-07,-44000000.0,7521000000.0,,1509000000.0,6012000000.0,,3.929,-332000000.0,916000000.0,916000000.0,445000000.0,334000000.0,1.935,2.8,4391000000.0,0.0,4391000000.0,4391000000.0,0.0,140000000.0,0.0,0.0,0.0,321000000.0,461000000.0,0.57,461000000.0,321000000.0,255000000.0,0.53,0.53,0.53,1979000000.0,,1979000000.0,6306335160.0,5.0,3.699,-24000000.0,-0.048,1.0,364000000.0,0.45,0.0,66000000.0,10216000000.0,,0.0,130000000.0,130000000.0,0.0,5542000000.0,780000000.0,4762000000.0,2859335160.0,-73000000.0,0.0,0.0,-38000000.0,0.0,-50000000.0,-331000000.0,0.0,308000000.0,0.0,334000000.0,267000000.0,267000000.0,0.0,0.0,0.33,197000000.0,167000000.0,533000000.0,0.0,1.445,3.508,3.402,5772000000.0,67000000.0,5.58,0.893,0.868,428000000.0,-2679000000.0,809000000.0,809000000.0,0.0,,,,,5000000.0,63000000.0,1.0,512425656.0,503681979,507634175.0,1.606,7521000000.0,0.0,-79000000.0,62000000.0,14.932,729000000.0
15,SWN,MRQ,2017-09-30,2017-09-30,2017-09-30,2021-09-07,-37000000.0,7202000000.0,,1476000000.0,5726000000.0,,3.305,-319000000.0,989000000.0,989000000.0,430000000.0,77000000.0,1.883,3.36,4436000000.0,40000000.0,4396000000.0,4436000000.0,0.0,135000000.0,0.0,0.0,0.0,123000000.0,258000000.0,0.35,258000000.0,123000000.0,63000000.0,0.09,0.09,0.09,1652000000.0,,1652000000.0,6381020458.0,9.0,5.445,-108000000.0,-0.216,1.0,307000000.0,0.417,0.0,60000000.0,9865000000.0,,0.0,91000000.0,91000000.0,0.0,5550000000.0,784000000.0,4766000000.0,3111020458.0,-122000000.0,0.0,0.0,-10000000.0,0.0,-18000000.0,-315000000.0,0.0,211000000.0,0.0,77000000.0,43000000.0,43000000.0,0.0,0.0,0.058,197000000.0,110000000.0,502000000.0,0.0,1.883,10.003,7.543,5550000000.0,34000000.0,6.11,1.011,0.992,360000000.0,-3013000000.0,737000000.0,737000000.0,0.0,,,,,7000000.0,62000000.0,1.0,509168651.0,499812926,502290779.0,1.475,7202000000.0,0.0,-14000000.0,55000000.0,14.409,692000000.0
16,SWN,MRQ,2017-06-30,2017-06-30,2017-06-30,2021-09-07,-38000000.0,7150000000.0,,1579000000.0,5571000000.0,,3.169,-269000000.0,1111000000.0,1111000000.0,442000000.0,284000000.0,1.923,3.545,4381000000.0,40000000.0,4341000000.0,4381000000.0,0.0,123000000.0,0.0,0.0,0.0,346000000.0,469000000.0,0.578,469000000.0,346000000.0,284000000.0,0.45,0.45,0.45,1573000000.0,,1573000000.0,6323688414.0,-100.0,17.965,-3000000.0,-0.006,1.0,369000000.0,0.455,0.0,62000000.0,9599000000.0,,0.0,83000000.0,83000000.0,0.0,5577000000.0,821000000.0,4756000000.0,3075688414.0,-271000000.0,0.0,0.0,-265000000.0,0.0,-265000000.0,-272000000.0,0.0,266000000.0,0.0,284000000.0,224000000.0,224000000.0,0.0,0.0,0.276,181000000.0,188000000.0,473000000.0,0.0,1.955,-6.586,-7.6,5341000000.0,60000000.0,6.08,1.028,1.009,351000000.0,-3090000000.0,811000000.0,811000000.0,0.0,,,,,6000000.0,58000000.0,1.0,505869805.0,496419815,498224599.0,1.634,7150000000.0,0.0,0.0,64000000.0,14.403,758000000.0
17,SWN,MRQ,2017-03-31,2017-03-31,2017-03-31,2021-09-07,-39000000.0,7196000000.0,,1789000000.0,5407000000.0,,2.592,-338000000.0,1382000000.0,1382000000.0,424000000.0,351000000.0,1.596,4.631,4630000000.0,266000000.0,4364000000.0,4630000000.0,0.0,106000000.0,0.0,0.0,0.0,411000000.0,517000000.0,0.611,517000000.0,411000000.0,351000000.0,0.57,0.57,0.57,1278000000.0,,1278000000.0,7298283919.0,-8.0,-13.367,-26000000.0,-0.053,1.0,422000000.0,0.499,0.0,60000000.0,9323000000.0,,0.0,58000000.0,58000000.0,0.0,5918000000.0,1121000000.0,4797000000.0,4068283919.0,-41000000.0,0.0,0.0,-19000000.0,0.0,-19000000.0,-334000000.0,0.0,312000000.0,0.0,351000000.0,281000000.0,281000000.0,0.0,0.0,0.332,156000000.0,266000000.0,436000000.0,0.0,3.183,-3.103,-2.857,5143000000.0,70000000.0,8.17,1.505,1.49,310000000.0,-3374000000.0,846000000.0,846000000.0,0.0,,,,,6000000.0,50000000.0,1.0,497953968.0,493068000,494494995.0,1.716,7196000000.0,0.0,0.0,50000000.0,14.594,668000000.0
18,SWN,MRQ,2016-12-31,2016-12-31,2016-12-31,2021-09-07,-39000000.0,7076000000.0,,1872000000.0,5204000000.0,,1.873,-206000000.0,1423000000.0,1423000000.0,398000000.0,-210000000.0,1.759,6.716,4653000000.0,41000000.0,4612000000.0,4653000000.0,0.0,87000000.0,0.0,0.0,0.0,-159000000.0,-72000000.0,-0.105,-72000000.0,-159000000.0,-219000000.0,-0.3,-0.3,-0.3,917000000.0,,917000000.0,8538804479.0,-4.0,-4.278,-45000000.0,-0.092,1.0,286000000.0,0.418,0.0,60000000.0,9242000000.0,,0.0,51000000.0,51000000.0,0.0,6159000000.0,1064000000.0,5095000000.0,5360804479.0,-51000000.0,0.0,0.0,-1000000.0,0.0,-7000000.0,-205000000.0,0.0,161000000.0,0.0,-210000000.0,-237000000.0,-237000000.0,0.0,0.0,-0.346,159000000.0,127000000.0,473000000.0,0.0,5.846,-1.949,-1.712,4955000000.0,27000000.0,10.82,2.201,1.934,363000000.0,-3725000000.0,684000000.0,684000000.0,0.0,,,,,5000000.0,76000000.0,1.0,495453279.0,489681625,489681625.0,1.397,7076000000.0,0.0,-9000000.0,59000000.0,14.45,808000000.0
19,SWN,MRQ,2016-09-30,2016-09-30,2016-09-30,2021-09-07,-39000000.0,6890000000.0,,1889000000.0,5001000000.0,,2.328,230000000.0,1474000000.0,1474000000.0,397000000.0,-708000000.0,2.911,5.135,4652000000.0,1000000.0,4651000000.0,4652000000.0,0.0,99000000.0,0.0,0.0,0.0,-661000000.0,-562000000.0,-0.863,-562000000.0,-661000000.0,-728000000.0,-1.52,-1.52,-1.52,1123000000.0,,1123000000.0,11599424494.0,-2.0,-2.736,402000000.0,0.833,1.0,254000000.0,0.39,0.0,67000000.0,9419000000.0,,0.0,93000000.0,93000000.0,0.0,5767000000.0,649000000.0,5118000000.0,6829424494.0,476000000.0,0.0,1247000000.0,-1174000000.0,0.0,75000000.0,229000000.0,0.0,172000000.0,0.0,-708000000.0,-735000000.0,-735000000.0,0.0,0.0,-1.129,979000000.0,-725000000.0,423000000.0,0.0,6.081,-1.469,-1.177,4789000000.0,27000000.0,13.84,2.8,2.738,274000000.0,-3515000000.0,651000000.0,651000000.0,0.0,,,,,7000000.0,61000000.0,1.0,493455527.0,482485150,482485150.0,1.349,6890000000.0,0.0,-20000000.0,47000000.0,14.28,1240000000.0
20,SWN,MRQ,2016-06-30,2016-06-30,2016-06-30,2021-09-07,-41000000.0,7377000000.0,,1278000000.0,6099000000.0,,1.486,9000000.0,998000000.0,998000000.0,370000000.0,-593000000.0,2.162,11.874,5768000000.0,1000000.0,5767000000.0,5768000000.0,0.0,107000000.0,0.0,0.0,0.0,-536000000.0,-429000000.0,-0.822,-429000000.0,-536000000.0,-594000000.0,-1.61,-1.61,-1.61,573000000.0,,573000000.0,9785746193.0,-1.0,-1.584,82000000.0,0.213,1.0,152000000.0,0.291,0.0,58000000.0,11556000000.0,,0.0,16000000.0,16000000.0,0.0,6804000000.0,591000000.0,6213000000.0,4939746193.0,-599000000.0,0.0,0.0,-680000000.0,0.0,-682000000.0,10000000.0,0.0,73000000.0,0.0,-593000000.0,-620000000.0,-620000000.0,0.0,0.0,-1.188,644000000.0,-492000000.0,296000000.0,0.0,8.621,-0.87,-0.847,5947000000.0,27000000.0,12.58,1.947,1.912,235000000.0,-2807000000.0,522000000.0,522000000.0,0.0,,,,,8000000.0,56000000.0,1.0,392666629.0,385594815,385594815.0,1.354,7377000000.0,0.0,-1000000.0,61000000.0,19.131,687000000.0
21,SWN,MRQ,2016-03-31,2016-03-31,2016-03-31,2021-09-07,-44000000.0,8518000000.0,,1884000000.0,6634000000.0,,2.998,-196000000.0,1597000000.0,1597000000.0,384000000.0,-1132000000.0,3.941,6.42,6443000000.0,1000000.0,6442000000.0,6443000000.0,0.0,143000000.0,0.0,0.0,0.0,-1079000000.0,-936000000.0,-1.617,-936000000.0,-1079000000.0,-1134000000.0,-3.03,-3.03,-3.03,1148000000.0,,1148000000.0,7858592273.0,-1.0,-1.179,-104000000.0,-0.272,1.0,195000000.0,0.337,0.0,55000000.0,12886000000.0,,0.0,35000000.0,35000000.0,0.0,7370000000.0,478000000.0,6892000000.0,3144592273.0,1582000000.0,0.0,0.0,1717000000.0,0.0,1686000000.0,-196000000.0,0.0,92000000.0,0.0,-1132000000.0,-1159000000.0,-1159000000.0,0.0,0.0,-2.002,1295000000.0,-1100000000.0,346000000.0,0.0,2.739,-0.535,-0.525,6491000000.0,27000000.0,8.07,1.132,1.112,224000000.0,-2214000000.0,579000000.0,579000000.0,0.0,,,,,9000000.0,54000000.0,1.0,389664470.0,382870847,382870847.0,1.512,8518000000.0,0.0,-2000000.0,54000000.0,22.248,1406000000.0
22,SWN,MRQ,2015-12-31,2015-12-31,2015-12-31,2021-09-07,-48000000.0,8086000000.0,,393000000.0,7693000000.0,,5.968,-381000000.0,15000000.0,15000000.0,406000000.0,-2107000000.0,0.556,2.543,4705000000.0,1000000.0,4704000000.0,4705000000.0,0.0,215000000.0,0.0,0.0,0.0,-2527000000.0,-2312000000.0,-3.365,-2312000000.0,-2527000000.0,-2580000000.0,-5.6,-5.6,-5.6,2282000000.0,,2282000000.0,7382642626.0,-1.0,-1.417,-28000000.0,-0.073,1.0,281000000.0,0.409,0.0,53000000.0,12069000000.0,,0.0,3000000.0,3000000.0,0.0,5804000000.0,707000000.0,5097000000.0,2733642626.0,0.0,3000000.0,0.0,49000000.0,0.0,22000000.0,-375000000.0,0.0,353000000.0,0.0,-2107000000.0,-2134000000.0,-2134000000.0,0.0,0.0,-3.106,2842000000.0,-2561000000.0,513000000.0,0.0,1.198,-0.586,-0.58,7543000000.0,27000000.0,7.11,0.873,0.864,327000000.0,-1082000000.0,687000000.0,687000000.0,0.0,,,,,8000000.0,58000000.0,1.0,384478569.0,382354912,382354912.0,1.797,8086000000.0,0.0,-473000000.0,64000000.0,21.148,-314000000.0
23,SWN,MRQ,2015-09-30,2015-09-30,2015-09-30,2021-09-07,-13000000.0,10725000000.0,,570000000.0,10155000000.0,,11.612,-417000000.0,15000000.0,15000000.0,416000000.0,-1739000000.0,0.729,1.417,4664000000.0,1000000.0,4663000000.0,4664000000.0,0.0,274000000.0,0.0,0.0,0.0,-2774000000.0,-2500000000.0,-3.338,-2500000000.0,-2774000000.0,-2827000000.0,-4.62,-4.62,-4.62,4437000000.0,,4437000000.0,9382147961.0,-3.0,-4.294,-130000000.0,-0.34,1.0,333000000.0,0.445,0.0,53000000.0,14592000000.0,,33000000.0,112000000.0,112000000.0,0.0,6288000000.0,782000000.0,5506000000.0,4879147961.0,-22000000.0,-13000000.0,0.0,151000000.0,0.0,124000000.0,-433000000.0,0.0,287000000.0,0.0,-1739000000.0,-1766000000.0,-1766000000.0,0.0,0.0,-2.358,3175000000.0,-2842000000.0,615000000.0,0.0,1.1,-2.195,-2.211,9979000000.0,27000000.0,12.69,1.432,1.423,355000000.0,1051000000.0,749000000.0,749000000.0,0.0,,,,,6000000.0,60000000.0,1.0,384487625.0,382098080,382098080.0,1.96,10725000000.0,0.0,-1088000000.0,521000000.0,28.069,-212000000.0
24,SWN,MRQ,2015-06-30,2015-06-30,2015-06-30,2021-09-07,13000000.0,13504000000.0,,699000000.0,12805000000.0,,16.273,236000000.0,37000000.0,37000000.0,422000000.0,-788000000.0,0.832,1.172,4540000000.0,1000000.0,4539000000.0,4540000000.0,0.0,310000000.0,0.0,0.0,0.0,-1226000000.0,-916000000.0,-1.199,-916000000.0,-1226000000.0,-1281000000.0,-2.13,-2.13,-2.13,6218000000.0,,6218000000.0,13887931786.0,-87.0,14.917,635000000.0,1.662,1.0,342000000.0,0.448,0.0,55000000.0,17167000000.0,,34000000.0,185000000.0,185000000.0,0.0,7286000000.0,840000000.0,6446000000.0,8740931786.0,20000000.0,22000000.0,0.0,-619000000.0,0.0,-644000000.0,265000000.0,0.0,399000000.0,0.0,-788000000.0,-815000000.0,-815000000.0,0.0,0.0,-1.067,1626000000.0,-1284000000.0,578000000.0,0.0,1.406,-35.532,-43.712,12615000000.0,27000000.0,22.73,2.437,2.421,386000000.0,2818000000.0,764000000.0,764000000.0,0.0,,,,,6000000.0,60000000.0,1.0,384554852.0,382114011,382114011.0,1.999,13504000000.0,0.0,-493000000.0,1634000000.0,35.34,-141000000.0
25,SWN,MRQ,2015-03-31,2015-03-31,2015-03-31,2021-09-07,48000000.0,15587000000.0,,888000000.0,14699000000.0,,18.796,-507000000.0,17000000.0,17000000.0,407000000.0,78000000.0,0.94,1.209,5164000000.0,1000000.0,5163000000.0,5164000000.0,0.0,293000000.0,0.0,0.0,0.0,226000000.0,519000000.0,0.556,519000000.0,226000000.0,127000000.0,0.12,0.12,0.12,7057000000.0,,7057000000.0,15830091849.0,11.0,6.464,34000000.0,0.091,1.0,526000000.0,0.564,0.0,99000000.0,19789000000.0,,39000000.0,295000000.0,295000000.0,0.0,8530000000.0,945000000.0,7585000000.0,8916091849.0,-36000000.0,-591000000.0,669000000.0,-1824000000.0,0.0,518000000.0,-1095000000.0,0.0,541000000.0,0.0,78000000.0,46000000.0,46000000.0,0.0,0.0,0.049,361000000.0,165000000.0,606000000.0,0.0,1.263,11.49,10.541,14483000000.0,32000000.0,23.19,2.311,2.257,491000000.0,3633000000.0,933000000.0,933000000.0,0.0,,,,,6000000.0,68000000.0,1.0,384480028.0,375444030,375578054.0,2.485,15587000000.0,0.0,49000000.0,2172000000.0,41.516,-57000000.0
26,SWN,MRQ,2014-12-31,2014-12-31,2014-12-31,2021-09-07,62000000.0,14925000000.0,,1115000000.0,13810000000.0,,13.255,-509000000.0,53000000.0,53000000.0,369000000.0,312000000.0,0.205,2.201,6967000000.0,4501000000.0,2466000000.0,6967000000.0,0.0,249000000.0,0.0,0.0,0.0,463000000.0,712000000.0,0.74,712000000.0,463000000.0,428000000.0,0.89,0.88,0.89,4662000000.0,,4662000000.0,11422506904.0,7.0,4.56,52000000.0,0.148,1.0,593000000.0,0.616,0.0,35000000.0,16411000000.0,,37000000.0,337000000.0,337000000.0,0.0,10263000000.0,5428000000.0,4835000000.0,9636506904.0,33000000.0,-5096000000.0,2000000.0,5071000000.0,0.0,5073000000.0,-5601000000.0,0.0,561000000.0,0.0,312000000.0,312000000.0,312000000.0,0.0,0.0,0.324,308000000.0,285000000.0,653000000.0,0.0,2.067,10.429,10.376,13712000000.0,0.0,27.29,2.386,2.375,530000000.0,3577000000.0,962000000.0,962000000.0,0.0,,,,,5000000.0,59000000.0,1.0,353114947.0,351713249,352639094.0,2.735,14925000000.0,0.0,116000000.0,2152000000.0,42.435,-4313000000.0
27,SWN,MRQ,2014-09-30,2014-09-30,2014-09-30,2021-09-07,19000000.0,9177000000.0,,660000000.0,8517000000.0,,12.215,-538000000.0,20000000.0,20000000.0,350000000.0,211000000.0,0.743,1.138,1806000000.0,0.0,1806000000.0,1806000000.0,0.0,238000000.0,0.0,0.0,0.0,378000000.0,616000000.0,0.664,616000000.0,378000000.0,351000000.0,0.6,0.6,0.6,4293000000.0,,4293000000.0,14160932878.0,10.0,6.176,42000000.0,0.12,1.0,578000000.0,0.623,0.0,27000000.0,10075000000.0,,37000000.0,117000000.0,117000000.0,0.0,4884000000.0,888000000.0,3996000000.0,12342932878.0,0.0,-28000000.0,1000000.0,-18000000.0,0.0,-17000000.0,-563000000.0,0.0,580000000.0,0.0,211000000.0,211000000.0,211000000.0,0.0,0.0,0.227,292000000.0,286000000.0,690000000.0,0.0,2.875,16.305,16.256,8393000000.0,0.0,34.95,3.099,3.084,457000000.0,3265000000.0,928000000.0,928000000.0,0.0,,,,,4000000.0,54000000.0,1.0,353159739.0,351457043,352327250.0,2.64,9177000000.0,0.0,140000000.0,2014000000.0,26.111,-228000000.0
28,SWN,MRQ,2014-06-30,2014-06-30,2014-06-30,2021-09-07,-12000000.0,8887000000.0,,662000000.0,8225000000.0,,11.503,-445000000.0,20000000.0,20000000.0,386000000.0,207000000.0,0.747,1.199,1838000000.0,0.0,1838000000.0,1838000000.0,0.0,230000000.0,0.0,0.0,0.0,372000000.0,602000000.0,0.582,602000000.0,372000000.0,347000000.0,0.59,0.59,0.59,4042000000.0,,4042000000.0,17870020470.0,13.0,8.057,140000000.0,0.398,1.0,649000000.0,0.627,0.0,25000000.0,9819000000.0,,38000000.0,40000000.0,40000000.0,0.0,4845000000.0,886000000.0,3959000000.0,16061313470.0,1000000.0,-165000000.0,3000000.0,21000000.0,0.0,24000000.0,-608000000.0,0.0,585000000.0,0.0,207000000.0,207000000.0,207000000.0,0.0,0.0,0.2,282000000.0,367000000.0,688000000.0,0.0,3.974,21.942,21.87,8089000000.0,0.0,45.49,4.094,4.075,513000000.0,3054000000.0,1035000000.0,1035000000.0,0.0,,,,,5000000.0,52000000.0,1.0,353073499.0,351391582,352579522.0,2.945,8887000000.0,0.0,140000000.0,1898000000.0,25.291,-224000000.0
29,SWN,MRQ,2014-03-31,2014-03-31,2014-03-31,2021-09-07,-34967000.0,8423164000.0,,683101000.0,7740063000.0,,10.821,-508000000.0,18719000.0,18719000.0,396000000.0,194000000.0,0.818,1.216,1827426000.0,0.0,1827426000.0,1827426000.0,0.0,225000000.0,0.0,0.0,0.0,349000000.0,574000000.0,0.516,574000000.0,349000000.0,323000000.0,0.55,0.55,0.55,3800440000.0,,3800440000.0,18165477284.0,13.0,8.118,101000000.0,0.288,1.0,717000000.0,0.644,0.0,26000000.0,9396716000.0,,38846000.0,11444000.0,11444000.0,0.0,4622724000.0,835155000.0,3787569000.0,16238319284.0,-4000000.0,-9000000.0,6000000.0,-103000000.0,0.0,-97000000.0,-516000000.0,0.0,609000000.0,0.0,194000000.0,194000000.0,194000000.0,0.0,0.0,0.174,282000000.0,435000000.0,642744000.0,0.0,4.273,21.061,21.009,7602673000.0,0.0,46.01,4.33,4.309,542037000.0,2846843000.0,1113000000.0,1113000000.0,0.0,,,,,4000000.0,57000000.0,1.0,352930217.0,351222538,351985821.0,3.169,8423164000.0,0.0,129000000.0,1749352000.0,23.982,-152054000.0
30,SWN,MRQ,2013-12-31,2013-12-31,2013-12-31,2021-09-07,-4000000.0,8048000000.0,,644000000.0,7404000000.0,,10.323,-414000000.0,23000000.0,23000000.0,318000000.0,145000000.0,0.936,1.222,1951000000.0,1000000.0,1950000000.0,1951000000.0,0.0,216000000.0,0.0,0.0,0.0,285000000.0,501000000.0,0.552,501000000.0,285000000.0,258000000.0,0.41,0.41,0.41,3622000000.0,,3622000000.0,15726641494.0,12.0,7.557,117000000.0,0.333,1.0,589000000.0,0.649,0.0,27000000.0,9288000000.0,,38000000.0,71000000.0,71000000.0,0.0,4426000000.0,688000000.0,3738000000.0,13834426494.0,4000000.0,-96000000.0,3000000.0,-18000000.0,0.0,-22000000.0,-504000000.0,0.0,531000000.0,-1000000.0,145000000.0,145000000.0,145000000.0,0.0,0.0,0.16,271000000.0,318000000.0,507000000.0,0.0,3.82,19.651,19.567,7297000000.0,0.0,39.33,4.104,4.089,464000000.0,2653000000.0,907000000.0,907000000.0,0.0,,,,,4000000.0,55000000.0,1.0,351752517.0,350857818,351360886.0,2.585,8048000000.0,0.0,113000000.0,1624000000.0,22.938,-44000000.0
31,SWN,MRQ,2013-09-30,2013-09-30,2013-09-30,2021-09-07,48758000.0,7894388000.0,,739975000.0,7154413000.0,,10.042,-549000000.0,18950000.0,18950000.0,303000000.0,186000000.0,0.914,1.243,1911165000.0,0.0,1911165000.0,1911165000.0,0.0,205000000.0,0.0,0.0,0.0,336000000.0,541000000.0,0.623,541000000.0,336000000.0,310000000.0,0.53,0.53,0.53,3519989000.0,,3519989000.0,14660073132.0,33.0,12.013,-49000000.0,-0.14,1.0,565000000.0,0.651,0.0,26000000.0,8976792000.0,,43225000.0,0.0,0.0,0.0,4374399000.0,809811000.0,3564588000.0,12788024132.0,-7000000.0,0.0,2000000.0,42000000.0,0.0,44000000.0,-551000000.0,0.0,500000000.0,0.0,186000000.0,186000000.0,186000000.0,0.0,0.0,0.214,256000000.0,309000000.0,601414000.0,0.0,3.633,62.688,63.825,7036733000.0,0.0,36.38,3.946,3.935,444723000.0,2508163000.0,868000000.0,868000000.0,0.0,,,,,3000000.0,51000000.0,1.0,351512483.0,350517337,351222830.0,2.476,7894388000.0,0.0,124000000.0,1513050000.0,22.522,-69836000.0
32,SWN,MRQ,2013-06-30,2013-06-30,2013-06-30,2021-09-07,95446000.0,7635191000.0,,792833000.0,6842358000.0,,9.626,-692366000.0,25685000.0,25685000.0,302000000.0,246000000.0,0.936,1.263,1897734000.0,0.0,1897734000.0,1897734000.0,0.0,185542000.0,0.0,0.0,0.0,436000000.0,621542000.0,0.721,621542000.0,436000000.0,410000000.0,0.7,0.7,0.7,3373595000.0,,3373595000.0,14519890774.0,265.0,17.523,-186504000.0,-0.532,1.0,560000000.0,0.65,0.0,26000000.0,8660185000.0,,38100000.0,0.0,0.0,0.0,4261596000.0,847055000.0,3414541000.0,12841103774.0,8075000.0,0.0,201000.0,181854000.0,0.0,182055000.0,-679838000.0,0.0,505862000.0,-4000.0,246000000.0,246000000.0,246000000.0,0.0,0.0,0.285,235000000.0,325000000.0,574713000.0,0.0,3.806,-356.133,-304.417,6694256000.0,0.0,36.53,4.19,4.177,445936000.0,2322296000.0,862000000.0,862000000.0,0.0,,,,,3006000.0,48000000.0,1.0,351522140.0,350448806,351082807.0,2.46,7635191000.0,0.0,164000000.0,1437086000.0,21.787,-54222000.0
33,SWN,MRQ,2013-03-31,2013-03-31,2013-03-31,2021-09-07,55607000.0,6916791000.0,,616807000.0,6299984000.0,,8.804,-483634000.0,24616000.0,24616000.0,265007000.0,127515000.0,0.843,1.244,1703403000.0,0.0,1703403000.0,1703403000.0,0.0,180458000.0,0.0,0.0,0.0,237819000.0,418277000.0,0.57,418277000.0,237819000.0,212612000.0,0.36,0.36,0.36,3081808000.0,,3081808000.0,14688036826.0,-14.0,-67.59,-111496000.0,-0.319,1.0,468642000.0,0.639,0.0,25207000.0,7864104000.0,,30408000.0,0.0,0.0,0.0,3834983000.0,731474000.0,3103509000.0,13081888826.0,-36075000.0,0.0,4799000.0,68146000.0,0.0,72945000.0,-481162000.0,0.0,372138000.0,4000.0,127515000.0,127515000.0,127515000.0,0.0,0.0,0.174,216682000.0,251960000.0,553147000.0,0.0,4.245,-19.037,-18.818,6181508000.0,0.0,37.26,4.657,4.643,387324000.0,2076665000.0,733649000.0,733649000.0,0.0,,,,,2994000.0,37215000.0,1.0,351097392.0,350032430,350738309.0,2.096,6916791000.0,0.0,85097000.0,1229047000.0,19.76,-114667000.0
34,SWN,MRQ,2012-12-31,2012-12-31,2012-12-31,2021-09-07,149804000.0,6737527000.0,,808912000.0,5928615000.0,,8.683,-484410000.0,62125000.0,62125000.0,250427000.0,-355519000.0,1.054,1.219,1668273000.0,0.0,1668273000.0,1668273000.0,0.0,202833000.0,0.0,0.0,0.0,-563288000.0,-360455000.0,-0.464,-360455000.0,-563288000.0,-588038000.0,-1.02,-1.02,-1.02,3035872000.0,,3035872000.0,13255011786.0,-13.0,-54.773,-22887000.0,-0.065,1.0,526935000.0,0.678,0.0,24750000.0,7575904000.0,,28141000.0,282693000.0,282693000.0,0.0,3701655000.0,767771000.0,2933884000.0,11705303786.0,35067000.0,0.0,578000.0,-64469000.0,0.0,-63891000.0,-362575000.0,0.0,461523000.0,10000.0,-355519000.0,-355519000.0,-355519000.0,0.0,0.0,-0.457,1100256000.0,-573321000.0,459569000.0,0.0,3.856,-16.556,-16.458,5836976000.0,0.0,33.41,4.288,4.266,377638000.0,1949150000.0,777362000.0,777362000.0,0.0,,,,,3774000.0,45121000.0,1.0,350353301.0,349625436,349625436.0,2.223,6737527000.0,0.0,-232519000.0,1218241000.0,19.271,41141000.0
35,SWN,MRQ,2012-09-30,2012-09-30,2012-09-30,2021-09-07,192040000.0,7356562000.0,,846747000.0,6509815000.0,,9.829,-456266000.0,145634000.0,145634000.0,227809000.0,-54053000.0,1.112,1.147,1695342000.0,0.0,1695342000.0,1695342000.0,0.0,204917000.0,0.0,0.0,0.0,-55685000.0,149232000.0,0.216,149232000.0,-55685000.0,-82206000.0,-0.16,-0.16,-0.16,3427009000.0,,3427009000.0,13624986356.0,-64.0,23.232,-101179000.0,-0.29,1.0,463918000.0,0.671,0.0,26521000.0,8145105000.0,,30630000.0,0.0,0.0,0.0,3929553000.0,761165000.0,3168388000.0,12142058356.0,-22939000.0,0.0,5724000.0,58857000.0,0.0,64581000.0,-442612000.0,0.0,355087000.0,5000.0,-54053000.0,-54053000.0,-54053000.0,0.0,0.0,-0.078,529877000.0,-65959000.0,468646000.0,0.0,3.543,-62.929,-63.236,6375559000.0,0.0,34.78,4.505,4.499,297773000.0,2304733000.0,691727000.0,691727000.0,0.0,,,,,2677000.0,36121000.0,1.0,349110361.0,348649630,348649630.0,1.984,7356562000.0,0.0,-28153000.0,1466949000.0,21.1,85582000.0
36,SWN,MRQ,2012-06-30,2012-06-30,2012-06-30,2021-09-07,321931000.0,7639210000.0,,1003513000.0,6635697000.0,,10.337,-409344000.0,185883000.0,185883000.0,198708000.0,-405132000.0,1.133,1.123,1668811000.0,0.0,1668811000.0,1668811000.0,0.0,208811000.0,0.0,0.0,0.0,-633175000.0,-424364000.0,-0.7,-424364000.0,-633175000.0,-658178000.0,-1.16,-1.16,-1.16,3598845000.0,,3598845000.0,12611959786.0,84.0,13.64,-16617000.0,-0.048,1.0,407368000.0,0.672,0.0,25003000.0,8236189000.0,,34529000.0,0.0,0.0,0.0,4040365000.0,885949000.0,3154416000.0,11147546786.0,-164668000.0,0.0,158000.0,-10965000.0,0.0,-10807000.0,-546603000.0,0.0,392727000.0,15000.0,-405132000.0,-405132000.0,-405132000.0,0.0,0.0,-0.668,1053414000.0,-646046000.0,484146000.0,0.0,3.098,307.281,290.273,6424747000.0,0.0,31.93,4.023,4.012,272750000.0,2358786000.0,606076000.0,606076000.0,0.0,,,,,2705000.0,44932000.0,1.0,349124547.0,348162723,348162723.0,1.741,7639210000.0,0.0,-253046000.0,1603600000.0,21.941,117564000.0
37,SWN,MRQ,2012-03-31,2012-03-31,2012-03-31,2021-09-07,474998000.0,8554161000.0,,1228407000.0,7325754000.0,,11.93,-556980000.0,206167000.0,206167000.0,228056000.0,107704000.0,1.279,1.06,1670580000.0,1200000.0,1669380000.0,1670580000.0,0.0,194439000.0,0.0,0.0,0.0,199148000.0,393587000.0,0.601,393587000.0,199148000.0,178422000.0,0.31,0.31,0.31,4151759000.0,,4151759000.0,12008442197.0,11.0,6.615,-112317000.0,-0.323,1.0,426779000.0,0.652,0.0,20726000.0,9057930000.0,,37323000.0,0.0,0.0,0.0,4402402000.0,960644000.0,3441758000.0,10680769197.0,190540000.0,0.0,2540000.0,298577000.0,0.0,301117000.0,-555210000.0,0.0,444663000.0,-30000.0,107704000.0,107704000.0,107704000.0,0.0,0.0,0.164,242453000.0,184326000.0,512017000.0,0.0,2.573,17.542,17.486,7026072000.0,0.0,30.6,3.646,3.635,299316000.0,2763918000.0,654835000.0,654835000.0,0.0,,,,,2844000.0,48826000.0,1.0,349044745.0,348000074,349990725.0,1.882,8554161000.0,0.0,70718000.0,1943509000.0,24.581,267763000.0
38,SWN,MRQ,2011-12-31,2011-12-31,2011-12-31,2021-09-07,408428000.0,7902897000.0,,978278000.0,6924619000.0,,11.419,-607945000.0,15627000.0,15627000.0,244843000.0,158533000.0,1.106,0.991,1342100000.0,0.0,1342100000.0,1342100000.0,0.0,191075000.0,0.0,0.0,0.0,276954000.0,468029000.0,0.63,468029000.0,276954000.0,259021000.0,0.46,0.45,0.46,3969304000.0,,3969304000.0,12315607490.0,11.0,6.735,-168339000.0,-0.484,1.0,497733000.0,0.67,0.0,17933000.0,8344457000.0,,46234000.0,0.0,0.0,0.0,3933593000.0,884913000.0,3048680000.0,11125961490.0,2334000.0,0.0,1568000.0,74905000.0,0.0,101049000.0,-538466000.0,0.0,439606000.0,145000.0,158533000.0,158533000.0,158533000.0,0.0,0.0,0.213,235417000.0,262316000.0,514071000.0,0.0,2.803,17.445,17.359,6645480000.0,0.0,31.94,3.77,3.758,341915000.0,2656214000.0,742576000.0,742576000.0,0.0,,,,,-10695000.0,45086000.0,1.0,348339433.0,347610274,350009997.0,2.136,7902897000.0,0.0,100488000.0,1821652000.0,22.735,93365000.0
39,SWN,MRQ,2011-09-30,2011-09-30,2011-09-30,2021-09-07,229750000.0,7214107000.0,,836120000.0,6377987000.0,,10.392,-518478000.0,82554000.0,82554000.0,256824000.0,175173000.0,1.091,0.999,1272200000.0,1200000.0,1271000000.0,1272200000.0,0.0,179856000.0,0.0,0.0,0.0,307537000.0,487393000.0,0.635,487393000.0,307537000.0,289939000.0,0.5,0.5,0.5,3608553000.0,,3608553000.0,12716874695.0,11.0,7.136,-75197000.0,-0.217,1.0,510431000.0,0.665,0.0,17598000.0,7637503000.0,,46532000.0,0.0,0.0,0.0,3605554000.0,766250000.0,2839304000.0,11598555695.0,14000.0,0.0,1479000.0,56961000.0,0.0,58439000.0,-501676000.0,0.0,443281000.0,-30000.0,175173000.0,175173000.0,175173000.0,0.0,0.0,0.228,214713000.0,295718000.0,487186000.0,0.0,3.214,18.447,18.517,6214272000.0,0.0,33.33,4.028,4.02,346896000.0,2497681000.0,767255000.0,767255000.0,0.0,,,,,1933000.0,35600000.0,1.0,347991470.0,347239793,349998789.0,2.21,7214107000.0,0.0,114766000.0,1605961000.0,20.776,69870000.0
40,SWN,MRQ,2011-06-30,2011-06-30,2011-06-30,2021-09-07,108383000.0,6742101000.0,,686142000.0,6055959000.0,,9.525,-388442000.0,98281000.0,98281000.0,270766000.0,167454000.0,0.894,1.039,1216600000.0,1200000.0,1215400000.0,1216600000.0,0.0,172368000.0,0.0,0.0,0.0,294082000.0,466450000.0,0.61,466450000.0,294082000.0,276441000.0,0.48,0.48,0.48,3306431000.0,,3306431000.0,16104695916.0,15.0,9.334,72009000.0,0.207,1.0,494400000.0,0.646,0.0,17641000.0,7093071000.0,,33378000.0,0.0,0.0,0.0,3435670000.0,767349000.0,2668321000.0,14917982916.0,-4108000.0,0.0,622000.0,4011000.0,0.0,4526000.0,-469190000.0,0.0,460451000.0,105000.0,167454000.0,167454000.0,167454000.0,0.0,0.0,0.219,211858000.0,282542000.0,536213000.0,0.0,4.512,24.284,24.226,5931066000.0,0.0,42.88,5.339,5.327,336717000.0,2322508000.0,765166000.0,765166000.0,0.0,,,,,2236000.0,40238000.0,1.0,347900721.0,347132830,349970819.0,2.204,6742101000.0,0.0,108987000.0,1425228000.0,19.422,-81207000.0
41,SWN,MRQ,2011-03-31,2011-03-31,2011-03-31,2021-09-07,59442000.0,6340748000.0,,557145000.0,5783603000.0,,8.896,-515083000.0,17387000.0,17387000.0,243120000.0,136609000.0,0.801,1.055,1204100000.0,1200000.0,1202900000.0,1204100000.0,0.0,164667000.0,0.0,0.0,0.0,242144000.0,406811000.0,0.601,406811000.0,242144000.0,225589000.0,0.39,0.39,0.39,3085293000.0,,3085293000.0,16021149119.0,16.0,9.901,-118604000.0,-0.342,1.0,433215000.0,0.641,0.0,16555000.0,6832270000.0,,33007000.0,0.0,0.0,0.0,3255455000.0,695191000.0,2560264000.0,14943004119.0,1332000.0,0.0,2743000.0,127649000.0,0.0,120289000.0,-515458000.0,0.0,396479000.0,22000.0,136609000.0,136609000.0,136609000.0,0.0,0.0,0.202,200564000.0,232651000.0,487249000.0,0.0,4.843,26.265,26.201,5655935000.0,0.0,42.97,5.706,5.691,339590000.0,2155054000.0,676335000.0,676335000.0,0.0,,,,,2450000.0,37117000.0,1.0,347754343.0,346833906,349697327.0,1.95,6340748000.0,0.0,88980000.0,1283833000.0,18.282,-138046000.0
42,SWN,MRQ,2010-12-31,2010-12-31,2010-12-31,2021-09-07,83975000.0,6017463000.0,,580893000.0,5436570000.0,,8.56,-565247000.0,16055000.0,16055000.0,216893000.0,149418000.0,0.837,1.03,1094200000.0,1200000.0,1093000000.0,1094200000.0,0.0,156428000.0,0.0,0.0,0.0,264984000.0,421412000.0,0.629,421412000.0,264984000.0,250054000.0,0.43,0.43,0.43,2964876000.0,,2964876000.0,13902325732.0,13.0,8.442,-137724000.0,-0.398,1.0,453538000.0,0.676,0.0,14930000.0,6401625000.0,,35098000.0,0.0,0.0,0.0,3052587000.0,693983000.0,2358604000.0,12980098732.0,1858000.0,0.0,884000.0,-213491000.0,0.0,-214219000.0,-211123000.0,0.0,427523000.0,-323000.0,149511000.0,149511000.0,149511000.0,0.0,-93000.0,0.223,196853000.0,256685000.0,473890000.0,0.0,4.378,21.486,21.389,5298197000.0,0.0,37.43,4.972,4.955,351573000.0,2018445000.0,670431000.0,670431000.0,0.0,,,,,3208000.0,40828000.0,1.0,346783295.0,346345317,349315793.0,1.936,6017463000.0,0.0,100543000.0,1224432000.0,17.374,-113090000.0
43,SWN,MRQ,2010-09-30,2010-09-30,2010-09-30,2021-09-07,155006000.0,5992724000.0,,961196000.0,5031528000.0,,8.308,-520764000.0,368373000.0,368373000.0,225594000.0,160638000.0,1.488,1.084,1290600000.0,1200000.0,1289400000.0,1290600000.0,0.0,151687000.0,0.0,0.0,0.0,279053000.0,430740000.0,0.631,430740000.0,279053000.0,263976000.0,0.47,0.46,0.47,2871106000.0,,2871106000.0,12382627912.0,12.0,7.558,-114755000.0,-0.332,1.0,456578000.0,0.669,0.0,15077000.0,6268809000.0,,30856000.0,0.0,0.0,0.0,3112223000.0,646142000.0,2466081000.0,11573148912.0,249000.0,0.0,1707000.0,111887000.0,0.0,113594000.0,-519354000.0,0.0,406009000.0,0.0,160741000.0,160741000.0,160741000.0,0.0,-103000.0,0.236,186442000.0,270136000.0,435320000.0,0.0,4.031,18.897,18.787,4867243000.0,0.0,33.44,4.512,4.506,297389000.0,1868934000.0,682172000.0,682172000.0,0.0,,,,,2179000.0,35158000.0,1.0,346086989.0,345587569,349228576.0,1.974,5992724000.0,0.0,103235000.0,1158691000.0,17.341,315054000.0
44,SWN,MRQ,2010-06-30,2010-06-30,2010-06-30,2021-09-07,106506000.0,5590351000.0,,911296000.0,4679055000.0,,7.693,-194814000.0,369721000.0,369721000.0,202987000.0,122009000.0,1.372,1.101,1179200000.0,1200000.0,1178000000.0,1179200000.0,0.0,144409000.0,0.0,0.0,0.0,214817000.0,359226000.0,0.609,359226000.0,214817000.0,200113000.0,0.35,0.35,0.35,2656306000.0,,2656306000.0,14381972481.0,14.0,9.408,196660000.0,0.57,1.0,386956000.0,0.656,0.0,14704000.0,5735547000.0,,29730000.0,0.0,0.0,0.0,2924484000.0,664283000.0,2260201000.0,13376872481.0,48000.0,0.0,1053000.0,161202000.0,0.0,162255000.0,-553681000.0,0.0,391474000.0,0.0,122069000.0,122069000.0,122069000.0,0.0,-60000.0,0.207,180639000.0,206317000.0,445261000.0,0.0,5.036,23.47,23.418,4523808000.0,0.0,38.64,5.608,5.593,294232000.0,1708193000.0,589943000.0,589943000.0,0.0,,,,,2136000.0,36633000.0,1.0,346192352.0,345288773,349341731.0,1.709,5590351000.0,0.0,78044000.0,1024302000.0,16.19,247013000.0
45,SWN,MRQ,2010-03-31,2010-03-31,2010-03-31,2021-09-07,119778000.0,5132234000.0,,571760000.0,4560474000.0,,7.368,-442122000.0,13900000.0,13900000.0,208066000.0,171768000.0,0.925,1.015,1019000000.0,1200000.0,1017800000.0,1019000000.0,0.0,139419000.0,0.0,0.0,0.0,296002000.0,435421000.0,0.652,435421000.0,296002000.0,281634000.0,0.5,0.49,0.5,2542658000.0,,2542658000.0,15078210402.0,15.0,10.04,-24543000.0,-0.071,1.0,460051000.0,0.689,0.0,14368000.0,5519277000.0,,24220000.0,0.0,0.0,0.0,2579849000.0,618057000.0,1961792000.0,14092694402.0,716000.0,0.0,253000.0,24357000.0,0.0,24610000.0,-441473000.0,0.0,417579000.0,0.0,171797000.0,171797000.0,171797000.0,0.0,-29000.0,0.257,171961000.0,288090000.0,430463000.0,0.0,5.543,24.768,24.679,4462508000.0,0.0,40.72,6.2,6.182,269534000.0,1586124000.0,668117000.0,668117000.0,0.0,,,,,2297000.0,32944000.0,1.0,346087780.0,345099247,349397997.0,1.936,5132234000.0,0.0,109837000.0,955237000.0,14.872,-46297000.0
46,SWN,MRQ,2009-12-31,2009-12-31,2009-12-31,2021-09-07,84276000.0,4770250000.0,,564501000.0,4205749000.0,,6.769,-405300000.0,13184000.0,13184000.0,182795000.0,157792000.0,1.052,1.042,998700000.0,1200000.0,997500000.0,998700000.0,0.0,138073000.0,0.0,0.0,0.0,274952000.0,413025000.0,0.661,413025000.0,274952000.0,260045000.0,0.46,0.46,0.46,2331225000.0,,2331225000.0,17593074894.0,2574.0,35.037,-35450000.0,-0.103,1.0,441698000.0,0.707,0.0,14907000.0,5219350000.0,,30009000.0,0.0,0.0,0.0,2429269000.0,536416000.0,1892853000.0,16643233894.0,3525000.0,0.0,1584000.0,34063000.0,0.0,35647000.0,-401972000.0,0.0,369850000.0,0.0,157826000.0,157826000.0,157826000.0,0.0,-34000.0,0.253,175437000.0,266261000.0,404695000.0,0.0,7.139,-466.851,-482.0,4127253000.0,0.0,48.2,7.756,7.714,263076000.0,1414327000.0,624493000.0,624493000.0,0.0,,,,,3318000.0,37767000.0,1.0,345295309.0,344421077,344421077.0,1.813,4770250000.0,0.0,102219000.0,837402000.0,13.85,28085000.0
47,SWN,MRQ,2009-09-30,2009-09-30,2009-09-30,2021-09-07,136999000.0,4458143000.0,,533836000.0,3924307000.0,,6.458,-410071000.0,9659000.0,9659000.0,160136000.0,118210000.0,0.951,1.004,959500000.0,1200000.0,958300000.0,959500000.0,0.0,114235000.0,0.0,0.0,0.0,206860000.0,321095000.0,0.638,321095000.0,206860000.0,192359000.0,0.34,0.34,0.34,2219677000.0,,2219677000.0,15571326527.0,-189.0,40.013,-94276000.0,-0.274,1.0,342813000.0,0.682,0.0,14501000.0,4846468000.0,,43658000.0,0.0,0.0,0.0,2228578000.0,561516000.0,1667062000.0,14702771527.0,7414000.0,0.0,813000.0,101318000.0,0.0,102131000.0,-410512000.0,0.0,315795000.0,0.0,118254000.0,118254000.0,118254000.0,0.0,-44000.0,0.235,145775000.0,197038000.0,348518000.0,0.0,6.624,-164.687,-158.074,3827242000.0,0.0,42.68,7.274,7.257,199011000.0,1256501000.0,502949000.0,502949000.0,0.0,,,,,2381000.0,31942000.0,1.0,344488555.0,343717232,349000241.0,1.463,4458143000.0,0.0,74105000.0,735129000.0,12.97,-27680000.0
48,SWN,MRQ,2009-06-30,2009-06-30,2009-06-30,2021-09-07,238550000.0,4338282000.0,,664776000.0,3673506000.0,,6.41,-483493000.0,2245000.0,2245000.0,128166000.0,121058000.0,1.032,0.969,870800000.0,1200000.0,869600000.0,870800000.0,0.0,118336000.0,0.0,0.0,0.0,213967000.0,332303000.0,0.696,332303000.0,213967000.0,199372000.0,0.35,0.35,0.35,2198370000.0,,2198370000.0,14003367952.0,181.0,25.931,-217057000.0,-0.633,1.0,349354000.0,0.732,0.0,14595000.0,4562613000.0,,45564000.0,0.0,0.0,0.0,2129938000.0,644224000.0,1485714000.0,13350289952.0,-80077000.0,0.0,3355000.0,133399000.0,0.0,136754000.0,-483267000.0,0.0,266436000.0,0.0,121100000.0,121100000.0,121100000.0,0.0,-42000.0,0.254,147127000.0,202227000.0,364003000.0,0.0,6.073,1255.08,1295.0,3531275000.0,0.0,38.85,6.064,6.052,213404000.0,1138247000.0,477520000.0,477520000.0,0.0,,,,,4478000.0,29200000.0,1.0,343636807.0,342960373,348806860.0,1.392,4338282000.0,0.0,78272000.0,708115000.0,12.65,20552000.0
49,SWN,MRQ,2009-03-31,2009-03-31,2009-03-31,2021-09-07,332551000.0,4228576000.0,,853192000.0,3375384000.0,,6.318,-480483000.0,82322000.0,82322000.0,185560000.0,-432852000.0,1.011,0.949,735400000.0,61200000.0,674200000.0,735400000.0,0.0,124647000.0,0.0,0.0,0.0,-688945000.0,-564298000.0,-1.043,-564298000.0,-688945000.0,-703789000.0,-1.26,-1.26,-1.26,2164213000.0,,2164213000.0,10741579823.0,108.0,19.781,-73188000.0,-0.214,1.0,355257000.0,0.657,0.0,14844000.0,4037619000.0,,48694000.0,0.0,0.0,0.0,2054252000.0,844035000.0,1210217000.0,10202456823.0,-113955000.0,0.0,3000.0,-36400000.0,0.0,-36397000.0,-484853000.0,0.0,407295000.0,0.0,-432830000.0,-432830000.0,-432830000.0,0.0,-22000.0,-0.8,1055749000.0,-700492000.0,457534000.0,0.0,4.714,391.094,371.125,3192354000.0,0.0,29.69,4.382,4.368,209834000.0,1017147000.0,540817000.0,540817000.0,0.0,,,,,0.0,23709000.0,1.0,343632766.0,342570995,342570995.0,1.579,4228576000.0,0.0,-270959000.0,682517000.0,12.344,9157000.0
50,SWN,MRQ,2008-12-31,2008-12-31,2008-12-31,2021-09-07,247665000.0,4760158000.0,,883263000.0,3876895000.0,,7.339,-451178000.0,196277000.0,196277000.0,183792000.0,104239000.0,1.132,0.894,735400000.0,61200000.0,674200000.0,735400000.0,0.0,114350000.0,0.0,0.0,0.0,185703000.0,300053000.0,0.6,300053000.0,185703000.0,170966000.0,0.3,0.3,0.3,2507830000.0,,2507830000.0,10256008690.0,10.0,7.333,-257076000.0,-0.752,1.0,316285000.0,0.632,0.0,14737000.0,4518884000.0,,63726000.0,0.0,0.0,0.0,2242195000.0,780397000.0,1461798000.0,9946196690.0,-229911000.0,0.0,265000.0,25395000.0,0.0,26570000.0,-450583000.0,0.0,194102000.0,0.0,104199000.0,104199000.0,104199000.0,0.0,40000.0,0.208,145353000.0,170932000.0,451597000.0,0.0,3.966,17.513,17.452,3713607000.0,0.0,28.97,4.303,4.281,254557000.0,1449977000.0,500077000.0,500077000.0,0.0,,,,,1374000.0,31423000.0,1.0,343327466.0,341699385,345604193.0,1.463,4760158000.0,0.0,66767000.0,876106000.0,13.931,102866000.0
51,SWN,MRQ,2008-09-30,2008-09-30,2008-09-30,2021-09-07,69255000.0,4364006000.0,,889617000.0,3474389000.0,,6.487,-118771000.0,426188000.0,426188000.0,257674000.0,218365000.0,1.214,0.965,736000000.0,61200000.0,674800000.0,736000000.0,0.0,105390000.0,0.0,0.0,0.0,366570000.0,471960000.0,0.691,471960000.0,366570000.0,351883000.0,0.64,0.63,0.64,2220752000.0,,2220752000.0,11039761614.0,12.0,8.368,259684000.0,0.759,1.0,425325000.0,0.623,0.0,14687000.0,3940973000.0,,61713000.0,0.0,0.0,0.0,2143254000.0,732845000.0,1410409000.0,10480852614.0,248961000.0,0.0,1173000.0,-14241000.0,0.0,-10203000.0,-119291000.0,0.0,378455000.0,0.0,218168000.0,218168000.0,218168000.0,0.0,197000.0,0.319,126285000.0,299040000.0,440526000.0,0.0,4.72,19.577,19.452,3344458000.0,0.0,30.54,4.733,4.721,254129000.0,1345778000.0,682999000.0,682999000.0,0.0,,,,,-3325000.0,21055000.0,1.0,343184434.0,342312845,346712565.0,1.995,4364006000.0,0.0,133715000.0,762436000.0,12.749,156772000.0
52,SWN,MRQ,2008-06-30,2008-06-30,2008-06-30,2021-09-07,-462061000.0,4137460000.0,,805993000.0,3331467000.0,,4.285,169121000.0,177091000.0,177091000.0,251192000.0,136765000.0,0.689,1.828,736000000.0,61200000.0,674800000.0,736000000.0,0.0,98776000.0,0.0,0.0,0.0,236521000.0,335297000.0,0.555,335297000.0,236521000.0,220243000.0,0.4,0.39,0.4,1463002000.0,,1463002000.0,17358205284.0,27.0,16.981,460286000.0,1.348,1.0,353178000.0,0.584,0.0,16278000.0,3526920000.0,,41163000.0,0.0,0.0,0.0,2674458000.0,1169449000.0,1505009000.0,16280876284.0,175021000.0,0.0,1249000.0,-325076000.0,0.0,-284507000.0,168363000.0,0.0,291165000.0,0.0,136550000.0,136550000.0,136550000.0,0.0,215000.0,0.226,123892000.0,229286000.0,427702000.0,0.0,11.128,44.221,44.083,3117992000.0,0.0,47.61,8.902,8.888,306794000.0,1127610000.0,604370000.0,604370000.0,0.0,,,,,-35951000.0,25741000.0,1.0,341963375.0,341402888,346551198.0,1.77,4137460000.0,173807000.0,83693000.0,507070000.0,12.119,-363456000.0
53,SWN,MRQ,2008-03-31,2008-03-31,2008-03-31,2021-09-07,-178578000.0,3974762000.0,,397383000.0,3577379000.0,,4.594,-391029000.0,471000.0,471000.0,215759000.0,109164000.0,0.609,1.537,1077800000.0,1200000.0,1076600000.0,1077800000.0,0.0,97635000.0,0.0,0.0,0.0,193587000.0,291222000.0,0.556,291222000.0,193587000.0,175853000.0,0.32,0.31,0.32,1566986000.0,,1566986000.0,12498134826.0,25.0,14.907,-93942000.0,-0.275,1.0,308347000.0,0.588,0.0,17734000.0,4399858000.0,,35488000.0,0.0,0.0,0.0,2407776000.0,652233000.0,1755543000.0,11520061826.0,374000.0,0.0,818000.0,101919000.0,0.0,93854000.0,-390567000.0,0.0,297087000.0,0.0,109029000.0,109029000.0,109029000.0,0.0,135000.0,0.208,120837000.0,187510000.0,346857000.0,0.0,7.352,41.259,41.085,3390743000.0,0.0,33.69,7.708,7.688,216903000.0,991060000.0,524106000.0,524106000.0,0.0,,,,,2458000.0,23740000.0,1.0,341943064.0,341064247,348196507.0,1.537,3974762000.0,69345000.0,66824000.0,526322000.0,11.654,-254850000.0
54,SWN,MRQ,2007-12-31,2007-12-31,2007-12-31,2021-09-07,13348000.0,3622716000.0,,363341000.0,3259375000.0,,4.842,-379473000.0,727000.0,727000.0,160772000.0,71977000.0,0.843,1.2,978800000.0,1200000.0,977600000.0,978800000.0,0.0,90670000.0,0.0,0.0,0.0,130195000.0,220865000.0,0.548,220865000.0,130195000.0,115833000.0,0.21,0.21,0.21,1646500000.0,,1646500000.0,10227545934.0,26.0,14.822,-191756000.0,-0.564,1.0,242003000.0,0.601,0.0,14362000.0,4169894000.0,,46383000.0,0.0,0.0,0.0,1976216000.0,430895000.0,1545321000.0,9496660934.0,1217000.0,0.0,1314000.0,210480000.0,0.0,193211000.0,-379711000.0,0.0,187717000.0,0.0,71632000.0,71632000.0,71632000.0,0.0,345000.0,0.178,115755000.0,126248000.0,313070000.0,0.0,5.768,42.938,42.862,3077630000.0,0.0,27.86,7.566,7.524,177680000.0,882031000.0,402775000.0,402775000.0,0.0,,,,,20396000.0,25487000.0,1.0,340870816.0,340059960,355590126.0,1.184,3622716000.0,0.0,44201000.0,505192000.0,10.653,-67554000.0
55,SWN,MRQ,2007-09-30,2007-09-30,2007-09-30,2021-09-07,34752000.0,3293129000.0,,311153000.0,2981976000.0,,4.743,-432298000.0,615000.0,615000.0,106644000.0,50960000.0,0.724,1.045,731500000.0,1200000.0,730300000.0,731500000.0,0.0,81775000.0,0.0,0.0,0.0,93061000.0,174836000.0,0.587,174836000.0,93061000.0,82193000.0,0.15,0.15,0.15,1610514000.0,,1610514000.0,7621104414.0,24.0,13.181,-255498000.0,-0.752,1.0,190978000.0,0.642,0.0,10868000.0,3594504000.0,,107498000.0,0.0,0.0,0.0,1682615000.0,429510000.0,1253105000.0,7124115414.0,304000.0,0.0,326000.0,256432000.0,0.0,255577000.0,-432073000.0,0.0,176800000.0,0.0,50960000.0,50960000.0,50960000.0,0.0,0.0,0.171,101525000.0,89453000.0,333676000.0,0.0,4.424,38.865,38.394,2947311000.0,0.0,20.925,6.681,6.664,136053000.0,810399000.0,297622000.0,297622000.0,0.0,,,,,1097000.0,20099000.0,1.0,340459518.0,339591040,345088224.0,0.876,3293129000.0,0.0,31233000.0,478820000.0,9.697,-118357000.0
56,SWN,MRQ,2007-06-30,2007-06-30,2007-06-30,2021-09-07,11541000.0,2928994000.0,,284174000.0,2644820000.0,,4.54,-331666000.0,311000.0,311000.0,103706000.0,47594000.0,0.694,0.904,497300000.0,1200000.0,496100000.0,497300000.0,0.0,66773000.0,0.0,0.0,0.0,84693000.0,151466000.0,0.561,151466000.0,84693000.0,76764000.0,0.14,0.14,0.14,1538736000.0,,1538736000.0,7888236546.0,28.0,15.733,-201859000.0,-0.596,1.0,166376000.0,0.616,0.0,7929000.0,3016397000.0,,93932000.0,0.0,0.0,0.0,1390258000.0,409586000.0,980672000.0,7560524546.0,-577000.0,0.0,912000.0,193660000.0,0.0,200879000.0,-331263000.0,0.0,129807000.0,0.0,47594000.0,47594000.0,47594000.0,0.0,0.0,0.176,84370000.0,82006000.0,319163000.0,0.0,4.913,45.595,44.949,2615454000.0,0.0,22.25,8.068,8.047,153156000.0,759439000.0,270082000.0,270082000.0,0.0,,,,,-16609000.0,17935000.0,1.0,339798856.0,338933824,345001082.0,0.797,2928994000.0,0.0,29170000.0,432380000.0,8.642,-125412000.0
57,SWN,MRQ,2007-03-31,2007-03-31,2007-03-31,2021-09-07,-26678000.0,2546798000.0,,236589000.0,2310209000.0,,4.282,-370205000.0,888000.0,888000.0,128360000.0,50988000.0,0.735,0.764,328600000.0,1200000.0,327400000.0,328600000.0,0.0,56114000.0,0.0,0.0,0.0,86745000.0,142859000.0,0.502,142859000.0,86745000.0,82239000.0,0.15,0.15,0.15,1443958000.0,,1443958000.0,7019714462.0,26.0,15.723,-241794000.0,-0.717,1.0,156292000.0,0.549,0.0,4506000.0,2552763000.0,,80115000.0,0.0,0.0,0.0,1102840000.0,321747000.0,781093000.0,6924841462.0,-42039000.0,0.0,2922000.0,185621000.0,0.0,200000000.0,-370450000.0,0.0,128411000.0,0.0,50988000.0,50988000.0,50988000.0,0.0,0.0,0.179,72533000.0,83759000.0,217103000.0,0.0,4.796,44.61,44.065,2285728000.0,0.0,20.49,8.434,8.415,148201000.0,711845000.0,284652000.0,284652000.0,0.0,,,,,1493000.0,16748000.0,1.0,337962004.0,337202714,344064964.0,0.844,2546798000.0,0.0,31251000.0,394804000.0,7.553,-85158000.0
58,SWN,MRQ,2006-12-31,2006-12-31,2006-12-31,2021-09-07,31487000.0,2379069000.0,,314084000.0,2064985000.0,,4.273,-27747000.0,42867000.0,42867000.0,88809000.0,33760000.0,0.829,0.658,137800000.0,1200000.0,136600000.0,137800000.0,0.0,51094000.0,0.0,0.0,0.0,57939000.0,109033000.0,0.509,109033000.0,57939000.0,54171000.0,0.105,0.095,0.105,1434643000.0,,1434643000.0,5979469961.0,22.0,14.002,71054000.0,0.212,1.0,125208000.0,0.585,0.0,3768000.0,2095142000.0,,39330000.0,0.0,0.0,0.0,944426000.0,378860000.0,565566000.0,5894190961.0,-10194000.0,0.0,1333000.0,-10359000.0,0.0,-1864000.0,-107131000.0,-79655000.0,98801000.0,0.0,33760000.0,33760000.0,33760000.0,0.0,0.0,0.158,70152000.0,55056000.0,261177000.0,0.0,4.108,36.242,35.765,1878661000.0,0.0,17.525,7.724,7.684,100139000.0,660857000.0,214017000.0,214017000.0,0.0,,,,,-6032000.0,19374000.0,1.0,336330440.0,335736142,343458922.0,0.637,2379069000.0,0.0,20411000.0,384135000.0,7.086,-64776000.0
59,SWN,MRQ,2006-09-30,2006-09-30,2006-09-30,2021-09-07,18289000.0,2180543000.0,,246808000.0,1933735000.0,,4.112,-246215000.0,53121000.0,53121000.0,57870000.0,33477000.0,0.957,0.583,138400000.0,1200000.0,137200000.0,138400000.0,0.0,40768000.0,0.0,0.0,0.0,57266000.0,98034000.0,0.582,98034000.0,57266000.0,53995000.0,0.1,0.1,0.1,1377625000.0,,1377625000.0,4985503121.0,17.0,11.685,-144130000.0,-0.43,1.0,110524000.0,0.656,0.0,3271000.0,2008054000.0,,93421000.0,0.0,0.0,0.0,802918000.0,257768000.0,545150000.0,5023095121.0,-122871000.0,0.0,150000.0,8546000.0,0.0,9746000.0,-234702000.0,10590000.0,102085000.0,0.0,33477000.0,33477000.0,33477000.0,0.0,0.0,0.199,57406000.0,53118000.0,175400000.0,0.0,3.646,28.262,27.916,1889882000.0,0.0,14.935,6.525,6.5,82041000.0,627097000.0,168394000.0,168394000.0,0.0,,,,,966000.0,16947000.0,1.0,336330440.0,335028498,343156208.0,0.503,2180543000.0,0.0,20518000.0,378453000.0,6.509,-10960000.0
60,SWN,MRQ,2006-06-30,2006-06-30,2006-06-30,2021-09-07,-20763000.0,2044417000.0,,336870000.0,1707547000.0,,3.896,-200839000.0,175992000.0,175992000.0,58517000.0,37004000.0,1.569,0.571,138400000.0,1200000.0,137200000.0,138400000.0,0.0,32254000.0,6367000.0,0.0,0.0,64284000.0,96538000.0,0.627,96538000.0,64284000.0,61325000.0,0.11,0.11,0.11,1301472000.0,,1301472000.0,5111451804.0,17.0,12.054,-115157000.0,-0.345,1.0,95482000.0,0.62,0.0,2959000.0,1792185000.0,,79502000.0,0.0,0.0,0.0,742945000.0,214640000.0,528305000.0,5223814804.0,-36371000.0,0.0,1241000.0,4857000.0,0.0,9933000.0,-131986000.0,69065000.0,85682000.0,0.0,37004000.0,37004000.0,37004000.0,0.0,0.0,0.24,47188000.0,48294000.0,148873000.0,0.0,4.014,28.433,27.333,1683995000.0,0.0,15.58,6.842,6.817,80990000.0,593620000.0,153999000.0,153999000.0,0.0,,,,,-5379000.0,15238000.0,1.0,335289782.0,334089178,341777678.0,0.461,2044417000.0,3000000.0,24321000.0,337799000.0,6.119,122230000.0
61,SWN,MRQ,2006-03-31,2006-03-31,2006-03-31,2021-09-07,-42459000.0,1931884000.0,,377989000.0,1553895000.0,,3.706,-156356000.0,212363000.0,212363000.0,94242000.0,58395000.0,1.803,0.563,100000000.0,0.0,100000000.0,100000000.0,0.0,28403000.0,6454000.0,0.0,0.0,95047000.0,123450000.0,0.545,123450000.0,95047000.0,92544000.0,0.175,0.17,0.175,1236251000.0,,1236251000.0,5270528488.0,18.0,13.219,-12987000.0,-0.039,1.0,132460000.0,0.584,0.0,2503000.0,1609852000.0,,66295000.0,18025000.0,0.0,18025000.0,695633000.0,209669000.0,485964000.0,5394233488.0,-11342000.0,0.0,1149000.0,-2235000.0,0.0,1476000.0,-156187000.0,0.0,143369000.0,0.0,58395000.0,58395000.0,58395000.0,0.0,0.0,0.258,42656000.0,89804000.0,125490000.0,0.0,4.363,31.085,29.264,1508578000.0,0.0,16.095,7.27,7.235,90570000.0,556616000.0,226702000.0,226702000.0,0.0,,,,,1000000.0,14553000.0,1.0,335149642.0,333555120,341893002.0,0.68,1931884000.0,5476000.0,34149000.0,309501000.0,5.792,168320000.0
62,SWN,MRQ,2005-12-31,2005-12-31,2005-12-31,2021-09-07,-104874000.0,1868524000.0,,461064000.0,1407460000.0,,3.347,-136484000.0,223705000.0,223705000.0,101344000.0,48856000.0,1.525,0.683,100000000.0,0.0,100000000.0,100000000.0,0.0,27001000.0,0.0,0.0,0.0,81619000.0,108620000.0,0.492,108620000.0,81619000.0,77746000.0,0.15,0.15,0.15,1110304000.0,,1110304000.0,5078048521.0,20.0,14.39,-47824000.0,-0.144,1.0,119342000.0,0.541,0.0,3873000.0,1442433000.0,,81767000.0,17100000.0,0.0,17100000.0,758220000.0,302386000.0,455834000.0,5241249521.0,-164496000.0,0.0,1093000.0,-118114000.0,0.0,-117021000.0,-136135000.0,479000.0,88660000.0,0.0,48856000.0,48856000.0,48856000.0,0.0,0.0,0.221,44030000.0,75312000.0,154385000.0,0.0,4.721,35.471,36.673,1370397000.0,0.0,17.97,7.75,8.018,128948000.0,498221000.0,220686000.0,220686000.0,0.0,,,,,758000.0,16602000.0,1.0,291666640.0,331767600,342604872.0,0.665,1868524000.0,29700000.0,28890000.0,269047000.0,5.632,158678000.0
63,SWN,MRQ,2005-09-30,2005-09-30,2005-09-30,2021-09-07,-172147000.0,1908385000.0,,617655000.0,1290730000.0,,3.334,-140394000.0,388201000.0,388201000.0,57962000.0,39469000.0,1.302,0.932,225000000.0,125000000.0,100000000.0,225000000.0,0.0,26664000.0,0.0,0.0,0.0,68780000.0,95444000.0,0.589,95444000.0,68780000.0,62440000.0,0.135,0.13,0.135,988015000.0,,988015000.0,5679437844.0,25.0,17.707,-88963000.0,-0.3,1.0,104165000.0,0.642,0.0,6340000.0,1270967000.0,,77055000.0,15820000.0,0.0,15820000.0,920370000.0,474217000.0,446153000.0,5352082844.0,387456000.0,0.0,580439000.0,-103869000.0,0.0,476570000.0,-140545000.0,0.0,51431000.0,0.0,39469000.0,39469000.0,39469000.0,0.0,0.0,0.243,36964000.0,67201000.0,115220000.0,0.0,5.417,40.602,40.508,1255592000.0,0.0,18.35,8.844,8.987,88865000.0,449365000.0,162127000.0,162127000.0,0.0,,,,,-129000.0,11437000.0,1.0,291666640.0,296385296,307329200.0,0.547,1908385000.0,63900000.0,22971000.0,233360000.0,6.439,143438000.0
64,SWN,MRQ,2005-06-30,2005-06-30,2005-06-30,2021-09-07,-50334000.0,1269475000.0,,109454000.0,1160021000.0,,1.683,-97320000.0,745000.0,745000.0,51965000.0,26814000.0,0.669,1.602,328100000.0,0.0,328100000.0,328100000.0,0.0,23370000.0,0.0,0.0,0.0,47825000.0,71195000.0,0.537,71195000.0,47825000.0,42226000.0,0.09,0.09,0.09,487934000.0,,487934000.0,3722767687.0,18.0,12.771,-36028000.0,-0.124,1.0,80498000.0,0.608,0.0,5599000.0,1433251000.0,,57875000.0,15738000.0,0.0,15738000.0,781541000.0,163579000.0,617962000.0,3425624687.0,-112000.0,0.0,3038000.0,32652000.0,0.0,35690000.0,-97094000.0,1040000.0,61292000.0,0.0,26814000.0,26814000.0,26814000.0,0.0,0.0,0.202,33317000.0,47181000.0,84088000.0,0.0,7.021,29.093,28.857,1126813000.0,0.0,11.745,6.179,6.141,60895000.0,409896000.0,132463000.0,132463000.0,0.0,,,,,637000.0,10308000.0,1.0,291666640.0,289899948,300808132.0,0.457,1269475000.0,16100000.0,15412000.0,235187000.0,4.379,-54125000.0
65,SWN,MRQ,2005-03-31,2005-03-31,2005-03-31,2021-09-07,-58832000.0,1200259000.0,,123742000.0,1076517000.0,,1.533,-79661000.0,857000.0,857000.0,74277000.0,32621000.0,0.672,1.71,298000000.0,0.0,298000000.0,298000000.0,0.0,20617000.0,0.0,0.0,0.0,57012000.0,77629000.0,0.482,77629000.0,57012000.0,51779000.0,0.115,0.11,0.115,442908000.0,,442908000.0,2393011306.0,12.0,8.674,23438000.0,0.081,1.0,86776000.0,0.539,0.0,5233000.0,1313297000.0,,48512000.0,15614000.0,0.0,15614000.0,757351000.0,184105000.0,573246000.0,2069246306.0,-378000.0,0.0,656000.0,-24989000.0,0.0,-24333000.0,-79144000.0,0.0,103099000.0,0.0,32621000.0,32621000.0,32621000.0,0.0,0.0,0.203,30550000.0,56226000.0,79729000.0,0.0,4.672,18.521,18.192,1044062000.0,0.0,7.095,3.992,3.955,77020000.0,383082000.0,161053000.0,161053000.0,0.0,,,,,640000.0,10303000.0,1.0,291648528.0,289006880,299649016.0,0.557,1200259000.0,24300000.0,19158000.0,228926000.0,4.153,-60363000.0
66,SWN,MRQ,2004-12-31,2004-12-31,2004-12-31,2021-09-07,-19816000.0,1146144000.0,,130985000.0,1015159000.0,,1.558,-86851000.0,1235000.0,1235000.0,62482000.0,32915000.0,0.98,1.56,325000000.0,0.0,325000000.0,325000000.0,0.0,20034000.0,5903000.0,0.0,0.0,56439000.0,76473000.0,0.511,76473000.0,56439000.0,51194000.0,0.112,0.11,0.112,447677000.0,,447677000.0,2131552118.0,12.0,8.245,-32273000.0,-0.112,1.0,87043000.0,0.582,0.0,5245000.0,1336209000.0,,64502000.0,15465000.0,0.0,15465000.0,698467000.0,133700000.0,564767000.0,1837286118.0,1000.0,-2059000.0,983000.0,25649000.0,0.0,26632000.0,-81209000.0,7121000.0,54578000.0,0.0,32915000.0,32915000.0,32915000.0,0.0,0.0,0.22,31746000.0,55297000.0,81586000.0,0.0,4.104,17.739,17.601,984156000.0,0.0,6.336,3.851,3.795,86268000.0,350461000.0,149525000.0,149525000.0,0.0,,,,,1973000.0,10649000.0,1.0,289964272.0,287261368,298559472.0,0.521,1146144000.0,3600000.0,18279000.0,213329000.0,3.99,-2715000.0
67,SWN,MRQ,2004-09-30,2004-09-30,2004-09-30,2021-09-07,-34433000.0,1062626000.0,,106417000.0,956209000.0,,1.388,-81922000.0,1234000.0,1234000.0,36847000.0,25399000.0,0.759,1.675,295500000.0,0.0,295500000.0,295500000.0,0.0,20971000.0,5504000.0,0.0,0.0,45242000.0,66213000.0,0.594,66213000.0,45242000.0,40316000.0,0.09,0.085,0.09,397226000.0,,397226000.0,1795580565.0,12.0,7.988,-19076000.0,-0.067,1.0,74548000.0,0.669,0.0,4926000.0,1216675000.0,,66900000.0,12740000.0,0.0,12740000.0,665400000.0,140217000.0,525183000.0,1518666565.0,148000.0,0.0,1033000.0,18106000.0,0.0,19139000.0,-81837000.0,0.0,62846000.0,0.0,25399000.0,25399000.0,25399000.0,0.0,0.0,0.228,29111000.0,45437000.0,73611000.0,0.0,3.823,17.76,17.266,928250000.0,0.0,5.249,3.626,3.587,46959000.0,317546000.0,111395000.0,111395000.0,0.0,,,,,0.0,9151000.0,1.0,289338712.0,286181128,296720888.0,0.389,1062626000.0,11900000.0,14917000.0,191987000.0,3.713,-33800000.0
68,SWN,MRQ,2004-06-30,2004-06-30,2004-06-30,2021-09-07,-24201000.0,978438000.0,,91370000.0,887068000.0,,1.331,-71777000.0,1086000.0,1086000.0,32826000.0,20790000.0,0.849,1.575,278000000.0,0.0,278000000.0,278000000.0,0.0,17883000.0,5304000.0,0.0,0.0,37692000.0,55575000.0,0.576,55575000.0,37692000.0,33000000.0,0.072,0.07,0.072,379960000.0,,379960000.0,1288270049.0,10.0,6.565,-28044000.0,-0.098,1.0,63601000.0,0.66,0.0,4692000.0,1147761000.0,,55952000.0,13295000.0,0.0,13295000.0,598478000.0,107591000.0,490887000.0,1034353049.0,3000.0,0.0,1428000.0,26408000.0,0.0,27836000.0,-71566000.0,0.0,43733000.0,0.0,20790000.0,20790000.0,20790000.0,0.0,0.0,0.216,25355000.0,38246000.0,63993000.0,0.0,2.722,14.57,14.165,858283000.0,0.0,3.584,2.733,2.702,53915000.0,292147000.0,96427000.0,96427000.0,0.0,,,,,0.0,8264000.0,1.0,288623104.0,285371648,294602248.0,0.338,978438000.0,6773000.0,12210000.0,178092000.0,3.429,-16221000.0
69,SWN,MRQ,2004-03-31,2004-03-31,2004-03-31,2021-09-07,-19517000.0,911002000.0,,80373000.0,830629000.0,,1.272,-50551000.0,1083000.0,1083000.0,52947000.0,24472000.0,0.793,1.519,255000000.0,0.0,255000000.0,255000000.0,0.0,16489000.0,5255000.0,0.0,0.0,43777000.0,60266000.0,0.503,60266000.0,43777000.0,38844000.0,0.086,0.084,0.086,361613000.0,,361613000.0,1144827283.0,10.0,6.542,26189000.0,0.092,1.0,66843000.0,0.558,0.0,4933000.0,1063598000.0,,49546000.0,14032000.0,0.0,14032000.0,549389000.0,101321000.0,448068000.0,867304283.0,-194000.0,0.0,1726000.0,-27824000.0,0.0,-26098000.0,-50836000.0,0.0,76740000.0,0.0,24472000.0,24472000.0,24472000.0,0.0,0.0,0.204,23536000.0,43307000.0,56598000.0,0.0,2.398,14.521,14.089,801295000.0,0.0,3.015,2.488,2.46,53668000.0,271357000.0,119790000.0,119790000.0,0.0,,,,,0.0,8010000.0,1.0,287663112.0,284395624,292916624.0,0.421,911002000.0,0.0,14372000.0,163738000.0,3.203,-20948000.0
70,SWN,MRQ,2003-12-31,2003-12-31,2003-12-31,2021-09-07,-12520000.0,890710000.0,,100310000.0,790400000.0,,1.212,-46449000.0,1277000.0,1277000.0,39574000.0,14851000.0,1.055,1.608,278800000.0,0.0,278800000.0,278800000.0,0.0,15658000.0,5277000.0,0.0,0.0,27061000.0,42719000.0,0.468,42719000.0,27061000.0,22356000.0,0.055,0.054,0.055,341561000.0,,341561000.0,1112234489.0,11.0,7.144,-32201000.0,-0.114,1.0,51617000.0,0.566,0.0,4705000.0,1073165000.0,,64674000.0,13840000.0,0.0,13840000.0,549149000.0,95068000.0,454081000.0,851604489.0,-93000.0,0.0,3085000.0,23732000.0,0.0,26817000.0,-41158000.0,0.0,14248000.0,0.0,14851000.0,14851000.0,14851000.0,0.0,0.0,0.163,24602000.0,27015000.0,54186000.0,0.0,2.493,17.416,16.149,762284000.0,0.0,2.987,2.601,2.438,58543000.0,246885000.0,91191000.0,91191000.0,0.0,,,,,0.0,9619000.0,1.0,285055896.0,281808944,289633744.0,0.324,890710000.0,0.0,7505000.0,152987000.0,3.161,5242000.0
71,SWN,MRQ,2003-09-30,2003-09-30,2003-09-30,2021-09-07,-13222000.0,838452000.0,,79859000.0,758593000.0,,1.146,-37606000.0,1370000.0,1370000.0,25528000.0,10878000.0,0.689,1.607,262000000.0,37000000.0,225000000.0,262000000.0,0.0,15462000.0,4971000.0,0.0,0.0,22219000.0,37681000.0,0.53,37681000.0,22219000.0,17545000.0,0.039,0.037,0.039,321644000.0,,321644000.0,889702500.0,11.0,6.38,-13063000.0,-0.047,1.0,45540000.0,0.641,0.0,4674000.0,983153000.0,,67626000.0,13814000.0,0.0,13814000.0,516808000.0,115929000.0,400879000.0,643915500.0,-643000.0,0.0,166000.0,15038000.0,0.0,15160000.0,-40346000.0,0.0,24543000.0,0.0,10878000.0,10878000.0,10878000.0,0.0,0.0,0.153,22833000.0,22707000.0,43950000.0,0.0,2.002,16.683,14.597,729880000.0,0.0,2.263,2.084,2.056,39939000.0,232034000.0,71068000.0,71068000.0,0.0,,,,,0.0,7937000.0,1.0,284603536.0,280722640,288225256.0,0.253,838452000.0,0.0,6667000.0,143846000.0,2.987,-36070000.0
72,SWN,MRQ,2003-06-30,2003-06-30,2003-06-30,2021-09-07,-26299000.0,788779000.0,,65414000.0,723365000.0,,1.059,-50099000.0,2013000.0,2013000.0,25192000.0,9526000.0,0.845,1.655,247800000.0,0.0,247800000.0,247800000.0,0.0,14563000.0,4879000.0,0.0,0.0,19775000.0,34338000.0,0.516,34338000.0,19775000.0,15363000.0,0.034,0.033,0.034,297089000.0,,297089000.0,754559994.0,11.0,6.107,-18363000.0,-0.065,1.0,41295000.0,0.621,0.0,4412000.0,957114000.0,,53937000.0,14231000.0,0.0,14231000.0,491690000.0,77452000.0,414238000.0,533340994.0,-1768000.0,0.0,241000.0,23634000.0,0.0,23919000.0,-57423000.0,0.0,31736000.0,0.0,9526000.0,9526000.0,9526000.0,0.0,0.0,0.143,21349000.0,19946000.0,32401000.0,0.0,1.795,18.395,15.379,693346000.0,0.0,1.876,1.846,1.821,38174000.0,221156000.0,66487000.0,66487000.0,0.0,,,,,0.0,7663000.0,1.0,284259024.0,280425368,288701808.0,0.237,788779000.0,0.0,5837000.0,128459000.0,2.813,-12038000.0
73,SWN,MRQ,2003-03-31,2003-03-31,2003-03-31,2021-09-07,-21342000.0,759713000.0,,78163000.0,681550000.0,,1.296,-30369000.0,3781000.0,3781000.0,50715000.0,13642000.0,0.945,1.603,225000000.0,0.0,225000000.0,225000000.0,0.0,13105000.0,5001000.0,0.0,0.0,27841000.0,40946000.0,0.415,40946000.0,27841000.0,22529000.0,0.06,0.059,0.06,291844000.0,,291844000.0,681052952.0,12.0,6.068,8203000.0,0.036,1.0,47940000.0,0.486,0.0,5312000.0,898200000.0,,44336000.0,14269000.0,0.0,14269000.0,467869000.0,82732000.0,385137000.0,340342952.0,2091000.0,2500000.0,104264000.0,-118016000.0,0.0,-13752000.0,-22729000.0,0.0,38572000.0,0.0,13642000.0,13642000.0,13642000.0,0.0,0.0,0.138,20266000.0,27674000.0,31451000.0,0.0,1.166,16.025,16.709,650581000.0,0.0,1.637,1.222,1.324,52639000.0,211630000.0,98655000.0,98655000.0,0.0,,,,,0.0,7883000.0,1.0,207843024.0,225107752,231930360.0,0.438,759713000.0,0.0,8887000.0,126805000.0,3.375,-4569000.0
74,SWN,MRQ,2002-12-31,2002-12-31,2002-12-31,2021-09-07,-17358000.0,740162000.0,,76138000.0,664024000.0,,0.876,2182000.0,1690000.0,1690000.0,37951000.0,4552000.0,1.021,3.17,342400000.0,0.0,342400000.0,342400000.0,0.0,13535000.0,4999000.0,0.0,0.0,12946000.0,26481000.0,0.364,26481000.0,12946000.0,7151000.0,0.022,0.023,0.022,177488000.0,,177488000.0,647234766.0,14.0,6.323,11351000.0,0.056,1.0,34798000.0,0.478,0.0,5795000.0,1006315000.0,,57130000.0,15287000.0,0.0,15287000.0,562674000.0,74557000.0,488117000.0,294542766.0,1182000.0,0.0,-122000.0,-13057000.0,0.0,-12710000.0,4723000.0,0.0,9169000.0,0.0,4552000.0,4552000.0,4552000.0,0.0,0.0,0.063,22026000.0,12772000.0,29881000.0,0.0,1.66,20.582,20.158,632161000.0,0.0,1.431,1.126,1.105,42115000.0,197988000.0,72749000.0,72749000.0,0.0,,,,,0.0,9095000.0,1.0,205794072.0,202551072,208953464.0,0.359,740162000.0,0.0,2599000.0,121804000.0,3.654,1581000.0
75,SWN,MRQ,2002-09-30,2002-09-30,2002-09-30,2021-09-07,-9794000.0,737810000.0,,58053000.0,679757000.0,,0.89,-27055000.0,508000.0,508000.0,24247000.0,1274000.0,0.925,3.095,353200000.0,0.0,353200000.0,353200000.0,0.0,13925000.0,4790000.0,0.0,0.0,7868000.0,21793000.0,0.427,21793000.0,7868000.0,2071000.0,0.006,0.006,0.006,180184000.0,,180184000.0,650375996.0,13.0,6.006,-906000.0,-0.004,1.0,26844000.0,0.525,0.0,5797000.0,1027717000.0,,60364000.0,15138000.0,0.0,15138000.0,557626000.0,62785000.0,494841000.0,308664996.0,-2281000.0,0.0,2077000.0,1077000.0,0.0,3154000.0,-31584000.0,0.0,26149000.0,0.0,1274000.0,1274000.0,1274000.0,0.0,0.0,0.025,18850000.0,7994000.0,24417000.0,0.0,1.713,17.963,17.857,647128000.0,0.0,1.5,1.182,1.163,23807000.0,193436000.0,51091000.0,51091000.0,0.0,,,,,0.0,5527000.0,1.0,205776664.0,202455360,208772928.0,0.252,737810000.0,0.0,797000.0,120919000.0,3.644,-4732000.0
76,SWN,MRQ,2002-06-30,2002-06-30,2002-06-30,2021-09-07,-6354000.0,724977000.0,,65220000.0,659757000.0,,0.899,-19405000.0,2789000.0,2789000.0,27202000.0,1770000.0,1.113,2.999,344500000.0,0.0,344500000.0,344500000.0,0.0,14467000.0,4699000.0,0.0,0.0,8559000.0,23026000.0,0.411,23026000.0,8559000.0,2878000.0,0.009,0.009,0.009,181295000.0,,181295000.0,730235937.0,13.0,6.35,1499000.0,0.007,1.0,28802000.0,0.514,0.0,5681000.0,1008107000.0,,56241000.0,15177000.0,0.0,15177000.0,543682000.0,58581000.0,485101000.0,388850937.0,1474000.0,0.0,0.0,1800000.0,0.0,1800000.0,-21230000.0,0.0,20904000.0,0.0,1770000.0,1770000.0,1770000.0,0.0,0.0,0.032,19902000.0,8900000.0,27448000.0,0.0,2.145,18.581,18.615,631221000.0,0.0,1.899,1.443,1.421,28787000.0,192162000.0,56004000.0,56004000.0,0.0,,,,,0.0,6034000.0,1.0,204793120.0,201671792,209051616.0,0.278,724977000.0,0.0,1108000.0,122525000.0,3.595,6639000.0
77,SWN,MRQ,2002-03-31,2002-03-31,2002-03-31,2021-09-07,-7825000.0,727682000.0,,75959000.0,651723000.0,,0.869,-21369000.0,1315000.0,1315000.0,45159000.0,6715000.0,1.09,3.107,342700000.0,0.0,342700000.0,342700000.0,0.0,14472000.0,4889000.0,0.0,0.0,16595000.0,31067000.0,0.38,31067000.0,16595000.0,10919000.0,0.033,0.033,0.033,177194000.0,,177194000.0,667175041.0,10.0,5.438,-17000.0,0.0,1.0,36499000.0,0.447,0.0,5676000.0,999357000.0,,52546000.0,15338000.0,0.0,15338000.0,550488000.0,69710000.0,480778000.0,320816041.0,-2326000.0,0.0,0.0,-7300000.0,0.0,-7300000.0,-16378000.0,0.0,21352000.0,0.0,6715000.0,6715000.0,6715000.0,0.0,0.0,0.082,19660000.0,16839000.0,29403000.0,0.0,1.811,12.327,12.382,622852000.0,0.0,1.573,1.108,1.108,41771000.0,190392000.0,81658000.0,81658000.0,0.0,,,,,0.0,5790000.0,1.0,204016560.0,203994352,206873976.0,0.4,727682000.0,0.0,4204000.0,122309000.0,3.567,6249000.0
78,SWN,MRQ,2001-12-31,2001-12-31,2001-12-31,2021-09-07,5763000.0,743123000.0,,93204000.0,649919000.0,,0.907,-28917000.0,3641000.0,3641000.0,32226000.0,7424000.0,1.304,3.059,350000000.0,0.0,350000000.0,350000000.0,0.0,15163000.0,4845000.0,0.0,0.0,17230000.0,32393000.0,0.448,32393000.0,17230000.0,11503000.0,0.036,0.036,0.036,183086000.0,,183086000.0,617621169.0,7.0,4.507,1009000.0,0.005,1.0,40153000.0,0.555,0.0,5727000.0,1018014000.0,,58652000.0,15538000.0,0.0,15538000.0,560037000.0,71468000.0,488569000.0,261994169.0,2968000.0,0.0,-69000.0,-6300000.0,0.0,810000.0,-27768000.0,0.0,29926000.0,0.0,7424000.0,7424000.0,7424000.0,0.0,0.0,0.103,22361000.0,17792000.0,41644000.0,0.0,1.431,7.417,7.429,619830000.0,0.0,1.3,0.76,0.76,42763000.0,183677000.0,72379000.0,72379000.0,0.0,,,,,0.0,7617000.0,1.0,201533976.0,201802280,205038224.0,0.359,743123000.0,0.0,4079000.0,126781000.0,3.682,21736000.0
79,SWN,MRQ,2001-09-30,2001-09-30,2001-09-30,2021-09-07,5970000.0,707211000.0,,70052000.0,637159000.0,,0.872,-29153000.0,673000.0,673000.0,26203000.0,5018000.0,1.377,3.024,356300000.0,0.0,356300000.0,356300000.0,0.0,14325000.0,4572000.0,0.0,0.0,14193000.0,28518000.0,0.48,28518000.0,14193000.0,8226000.0,0.025,0.025,0.025,175738000.0,,175738000.0,654000672.0,7.0,4.617,1116000.0,0.006,1.0,33193000.0,0.559,0.0,5967000.0,1011960000.0,,58965000.0,15980000.0,0.0,15980000.0,531473000.0,50878000.0,480595000.0,298492672.0,-819000.0,0.0,69000.0,-700000.0,0.0,1824000.0,-32912000.0,0.0,30269000.0,0.0,5018000.0,5018000.0,5018000.0,0.0,0.0,0.084,18930000.0,14263000.0,30432000.0,0.0,1.699,8.072,8.007,606368000.0,0.0,1.481,0.774,0.774,27959000.0,176253000.0,59396000.0,59396000.0,0.0,,,,,0.0,5049000.0,1.0,201514040.0,201523096,204969712.0,0.295,707211000.0,0.0,3208000.0,121462000.0,3.509,19174000.0
80,SWN,MRQ,2001-06-30,2001-06-30,2001-06-30,2021-09-07,4601000.0,695815000.0,,77408000.0,618407000.0,,0.84,-32676000.0,1492000.0,1492000.0,37791000.0,6869000.0,1.516,3.113,357000000.0,0.0,357000000.0,357000000.0,0.0,13005000.0,4517000.0,0.0,0.0,17697000.0,30702000.0,0.404,30702000.0,17697000.0,11255000.0,0.034,0.034,0.034,169189000.0,,169189000.0,672748835.0,8.0,5.131,11305000.0,0.056,1.0,38232000.0,0.503,0.0,6442000.0,1000274000.0,,54230000.0,16233000.0,0.0,16233000.0,526626000.0,51049000.0,475577000.0,308567835.0,-1127000.0,-1449000.0,0.0,-9800000.0,0.0,-5900000.0,-39208000.0,0.0,43981000.0,0.0,6869000.0,6869000.0,6869000.0,0.0,0.0,0.09,20217000.0,18015000.0,34885000.0,0.0,1.824,9.887,9.816,588751000.0,0.0,1.531,0.768,0.768,37942000.0,171235000.0,76023000.0,76023000.0,0.0,,,,,0.0,7580000.0,1.0,201513688.0,201516984,205262736.0,0.377,695815000.0,0.0,4386000.0,117914000.0,3.453,26359000.0
81,SWN,MRQ,2001-03-31,2001-03-31,2001-03-31,2021-09-07,-12173000.0,703523000.0,,112097000.0,591426000.0,,0.721,-15314000.0,2619000.0,2619000.0,88066000.0,16013000.0,0.505,3.84,366800000.0,141800000.0,225000000.0,366800000.0,0.0,12012000.0,4761000.0,0.006,0.0,33415000.0,45427000.0,0.331,45427000.0,33415000.0,26257000.0,0.08,0.079,0.08,145362000.0,,145362000.0,642980883.0,-18.0,48.556,25093000.0,0.125,1.0,49063000.0,0.358,0.0,7158000.0,845862000.0,,43123000.0,15269000.0,0.0,15269000.0,558161000.0,221842000.0,336319000.0,249366883.0,233000.0,0.0,0.0,-29200000.0,0.0,-29200000.0,-10974000.0,0.0,40407000.0,0.0,16013000.0,16013000.0,16013000.0,0.0,0.0,0.117,16464000.0,32599000.0,41389000.0,0.0,1.715,-6.256,-6.219,563568000.0,0.0,1.238,0.617,0.617,68793000.0,164365000.0,137129000.0,137129000.0,0.0,,,,,0.0,4827000.0,1.0,201508592.0,201496824,203964680.0,0.681,703523000.0,6645000.0,10244000.0,112995000.0,3.491,-109745000.0
82,SWN,MRQ,2000-12-31,2000-12-31,2000-12-31,2021-09-07,0.0,705378000.0,,112855000.0,592523000.0,,0.705,-18295000.0,2386000.0,2386000.0,72730000.0,9080000.0,0.47,3.992,396000000.0,171000000.0,225000000.0,396000000.0,0.0,13676000.0,4799000.0,0.012,0.0,23325000.0,37001000.0,0.327,37001000.0,23325000.0,14690000.0,0.046,0.046,0.046,141291000.0,,141291000.0,635419495.0,-13.0,-1874.394,-18494000.0,-0.092,1.0,40415000.0,0.357,0.0,8635000.0,859108000.0,,44867000.0,15574000.0,0.0,15574000.0,564087000.0,239884000.0,324203000.0,259846495.0,1659000.0,-1630000.0,0.0,19700000.0,0.0,19700000.0,-17842000.0,0.0,-199000.0,0.0,9080000.0,9080000.0,9080000.0,0.0,0.0,0.08,18975000.0,21440000.0,54304000.0,0.0,1.839,-5.566,-5.569,564107000.0,0.0,1.298,0.714,0.714,77041000.0,148353000.0,113145000.0,113145000.0,0.0,,,,,0.0,7075000.0,1.0,200267048.0,200539728,200539728.0,0.564,705378000.0,0.0,5610000.0,101777000.0,3.517,-127029000.0
83,SWN,MRQ,2000-09-30,2000-09-30,2000-09-30,2021-09-07,0.0,658907000.0,,70914000.0,587993000.0,,0.659,-367000.0,727000.0,727000.0,50614000.0,-754000.0,0.341,3.99,376300000.0,151300000.0,225000000.0,376300000.0,0.0,11961000.0,4829000.0,0.02,0.0,6015000.0,17976000.0,0.239,17976000.0,6015000.0,-1236000.0,-0.004,-0.004,-0.004,132039000.0,,132039000.0,484839209.0,-8.0,-36.15,-103972000.0,-0.519,1.0,24728000.0,0.328,0.0,7251000.0,826644000.0,,50494000.0,14201000.0,0.0,14201000.0,526868000.0,207836000.0,319032000.0,219041209.0,-475000.0,0.0,0.0,106390000.0,1000.0,106391000.0,-3261000.0,0.0,-103605000.0,0.0,-754000.0,-754000.0,-754000.0,0.0,0.0,-0.01,18844000.0,5884000.0,35834000.0,0.0,1.659,-4.267,-4.272,561182000.0,0.0,1.094,0.651,0.651,40635000.0,139272000.0,75342000.0,75342000.0,0.0,,,,,0.0,5217000.0,1.0,200266248.0,200274448,200274448.0,0.376,658907000.0,0.0,-482000.0,93722000.0,3.29,-136922000.0
84,SWN,MRQ,2000-06-30,2000-06-30,2000-06-30,2021-09-07,0.0,657232000.0,,62190000.0,595042000.0,,0.662,3153000.0,1202000.0,1202000.0,53023000.0,-64199000.0,0.303,3.955,267000000.0,42000000.0,225000000.0,267000000.0,0.0,11655000.0,4778000.0,0.038,0.007,-98817000.0,-87162000.0,-1.111,-87162000.0,-98817000.0,-104674000.0,-0.321,-0.321,-0.321,132644000.0,,132644000.0,433615712.0,-7.0,-22.914,18179000.0,0.091,1.0,25460000.0,0.324,0.0,5857000.0,718022000.0,,43483000.0,14742000.0,0.0,14742000.0,524588000.0,205008000.0,319580000.0,156469712.0,-52000.0,-1620000.0,0.0,-11400000.0,-1503000.0,-12903000.0,-2175000.0,0.0,15026000.0,0.0,-64199000.0,-64199000.0,-64199000.0,0.0,0.0,-0.818,127309000.0,-101849000.0,40479000.0,-0.022,1.18,-2.98,-2.982,567685000.0,0.0,0.781,0.487,0.487,36785000.0,140026000.0,78483000.0,78483000.0,0.0,,,,,0.0,6770000.0,1.0,200281232.0,200280632,200280632.0,0.392,657232000.0,0.0,-40475000.0,94387000.0,3.282,-142818000.0
85,SWN,MRQ,2000-03-31,2000-03-31,2000-03-31,2021-09-07,0.0,659625000.0,,59934000.0,599691000.0,,0.99,-14557000.0,1254000.0,1254000.0,58846000.0,9186000.0,1.25,2.328,278400000.0,0.0,278400000.0,278400000.0,0.0,11394000.0,6029000.0,0.036,0.007,20452000.0,31846000.0,0.329,31846000.0,20452000.0,15059000.0,0.046,0.046,0.046,198205000.0,,198205000.0,466710057.0,12.0,5.758,21018000.0,0.105,1.0,38067000.0,0.393,0.0,5393000.0,888818000.0,,39320000.0,13545000.0,0.0,13545000.0,461420000.0,47953000.0,413467000.0,165750057.0,14000.0,0.0,0.0,-23800000.0,-1502000.0,-25302000.0,-10259000.0,0.0,35575000.0,0.0,9186000.0,9186000.0,9186000.0,0.0,0.0,0.095,17011000.0,21056000.0,27049000.0,0.152,0.836,16.607,16.55,575096000.0,0.0,0.828,0.554,0.554,42189000.0,205728000.0,96913000.0,96913000.0,0.0,,,,,0.0,5920000.0,1.0,200302184.0,200300064,200300064.0,0.484,659625000.0,0.0,5873000.0,137215000.0,3.293,11981000.0
86,SWN,MRQ,1999-12-31,1999-12-31,1999-12-31,2021-09-07,0.0,671446000.0,,70172000.0,601274000.0,,0.953,-17485000.0,1240000.0,1240000.0,55070000.0,4434000.0,1.245,2.527,302200000.0,7500000.0,294700000.0,302200000.0,0.0,11121000.0,6021000.0,0.037,0.007,12807000.0,23928000.0,0.279,23928000.0,12807000.0,7371000.0,0.023,0.023,0.023,190356000.0,,190356000.0,444711571.0,12.0,5.559,-9546000.0,-0.048,1.0,30667000.0,0.358,0.0,5436000.0,916060000.0,,50232000.0,14180000.0,0.0,14180000.0,481090000.0,56346000.0,424744000.0,162135571.0,-320000.0,-2273000.0,0.0,18065000.0,-1497000.0,16568000.0,-24827000.0,0.0,7939000.0,0.0,4434000.0,4434000.0,4434000.0,0.0,0.0,0.052,17743000.0,12924000.0,33069000.0,0.304,0.852,16.333,16.25,575955000.0,0.0,0.812,0.578,0.578,43339000.0,198044000.0,85737000.0,85737000.0,0.0,,,,,0.0,6966000.0,1.0,199551472.0,199679952,199855024.0,0.429,671446000.0,0.0,2937000.0,130408000.0,3.363,13826000.0
87,SWN,MRQ,1999-09-30,1999-09-30,1999-09-30,2021-09-07,0.0,658339000.0,,69839000.0,588500000.0,,0.939,-20948000.0,1560000.0,1560000.0,42872000.0,-1935000.0,1.237,2.515,284136000.0,1536000.0,282600000.0,284136000.0,0.0,10468000.0,5712000.0,0.026,0.007,1996000.0,12464000.0,0.206,12464000.0,1996000.0,-3172000.0,-0.01,-0.01,-0.01,187292000.0,,187292000.0,493760819.0,14.0,6.246,-11077000.0,-0.056,1.0,17528000.0,0.29,0.0,5168000.0,884435000.0,,50767000.0,12394000.0,0.0,12394000.0,471047000.0,56480000.0,414567000.0,225934819.0,50000.0,0.0,0.0,14800000.0,-1496000.0,13304000.0,-23125000.0,0.0,9871000.0,0.0,-1935000.0,-1935000.0,-1935000.0,0.0,0.0,-0.032,15864000.0,1664000.0,36760000.0,-0.7,1.206,24.523,24.62,564978000.0,0.0,1.133,0.843,0.843,28482000.0,195107000.0,60400000.0,60400000.0,0.0,,,,,0.0,5731000.0,1.0,199500944.0,199505832,199505832.0,0.303,658339000.0,5500000.0,-1237000.0,131441000.0,3.3,13359000.0
88,SWN,MRQ,1999-06-30,1999-06-30,1999-06-30,2021-09-07,0.0,627597000.0,,51081000.0,576516000.0,,0.955,-14820000.0,1510000.0,1510000.0,29858000.0,-1704000.0,1.272,2.293,269336000.0,1536000.0,267800000.0,269336000.0,0.0,10667000.0,5642000.0,0.023,0.007,2143000.0,12810000.0,0.229,12810000.0,2143000.0,-2794000.0,-0.009,-0.009,-0.009,190561000.0,,190561000.0,518936437.0,14.0,6.461,-9786000.0,-0.049,1.0,26181000.0,0.467,0.0,4937000.0,855258000.0,,43441000.0,12960000.0,0.0,12960000.0,437036000.0,40165000.0,396871000.0,263295437.0,-85000.0,0.0,0.0,12100000.0,-1496000.0,10604000.0,-15723000.0,0.0,5034000.0,0.0,-1704000.0,-1704000.0,-1704000.0,0.0,0.0,-0.03,24640000.0,1541000.0,23831000.0,-0.778,1.382,26.82,26.4,552500000.0,0.0,1.32,1.008,1.008,22193000.0,198538000.0,56039000.0,56039000.0,0.0,,,,,0.0,14319000.0,1.0,199466240.0,199472096,199472096.0,0.281,627597000.0,1050000.0,-1090000.0,127850000.0,3.146,10916000.0
89,SWN,MRQ,1999-03-31,1999-03-31,1999-03-31,2021-09-07,0.0,629598000.0,,57871000.0,571727000.0,,0.971,-13714000.0,1595000.0,1595000.0,33996000.0,9132000.0,1.056,2.252,257236000.0,1536000.0,255700000.0,257236000.0,0.0,10715000.0,5675000.0,0.034,0.007,20088000.0,30803000.0,0.394,30803000.0,20088000.0,14971000.0,0.046,0.046,0.046,193619000.0,,193619000.0,457842957.0,-16.0,27.751,21573000.0,0.108,1.0,44224000.0,0.565,0.0,5117000.0,830412000.0,,36380000.0,13457000.0,0.0,13457000.0,435979000.0,54827000.0,381152000.0,176028957.0,-27000.0,0.0,0.0,-26200000.0,-1496000.0,-27696000.0,-7618000.0,0.0,35287000.0,0.0,9132000.0,9132000.0,9132000.0,0.0,0.0,0.117,24295000.0,19929000.0,27687000.0,0.152,0.909,-5.764,-5.731,546859000.0,0.0,0.882,0.673,0.673,34162000.0,201738000.0,78220000.0,78220000.0,0.0,,,,,0.0,13923000.0,1.0,199466240.0,199471352,199471352.0,0.392,629598000.0,0.0,5839000.0,128938000.0,3.156,3044000.0
90,SWN,MRQ,1998-12-31,1998-12-31,1998-12-31,2021-09-07,0.0,647620000.0,,72271000.0,575349000.0,,0.932,-22718000.0,1622000.0,1622000.0,68385000.0,3720000.0,1.319,2.485,283436000.0,1536000.0,281900000.0,283436000.0,0.0,11477000.0,5635000.0,0.032,0.007,11495000.0,22972000.0,0.313,22972000.0,11495000.0,6164000.0,0.019,0.019,0.019,185856000.0,,185856000.0,456587028.0,-16.0,23.726,-8567000.0,-0.043,1.0,5079000.0,0.069,0.0,5331000.0,874648000.0,,47091000.0,14015000.0,0.0,14015000.0,461764000.0,54786000.0,406978000.0,186985028.0,782000.0,-2107000.0,0.0,12993000.0,0.0,12993000.0,-26362000.0,0.0,14151000.0,0.0,3720000.0,3720000.0,3720000.0,0.0,0.0,0.051,-6968000.0,12047000.0,37780000.0,0.368,1.006,-6.111,-6.088,549675000.0,0.0,0.938,0.702,0.701,40655000.0,194102000.0,73464000.0,73464000.0,0.0,,,,,0.0,-18091000.0,1.0,199450696.0,199460440,199460440.0,0.368,647620000.0,0.0,2444000.0,124821000.0,3.247,17485000.0
91,SWN,MRQ,1998-09-30,1998-09-30,1998-09-30,2021-09-07,0.0,619869000.0,,54374000.0,565495000.0,,0.914,-15227000.0,840000.0,840000.0,26416000.0,-1331000.0,1.124,2.406,270442000.0,3071000.0,267371000.0,270442000.0,0.0,10689000.0,5233000.0,0.028,0.007,3039000.0,13728000.0,0.256,13728000.0,3039000.0,-2181000.0,-0.006,-0.006,-0.006,181968000.0,,181968000.0,471667539.0,-25.0,15.043,-6624000.0,-0.033,1.0,27135000.0,0.507,0.0,5220000.0,841094000.0,,49588000.0,12377000.0,0.0,12377000.0,437901000.0,48377000.0,389524000.0,211501539.0,-1136000.0,-612000.0,0.0,8300000.0,-2989000.0,5311000.0,-15050000.0,0.0,8603000.0,0.0,-1331000.0,-1331000.0,-1331000.0,0.0,0.0,-0.025,24221000.0,2914000.0,24007000.0,-1.167,1.162,-7.926,-7.929,541131000.0,0.0,1.062,0.755,0.755,21868000.0,190382000.0,53551000.0,53551000.0,0.0,,,,,0.0,13865000.0,1.0,199060272.0,199142224,199142224.0,0.269,619869000.0,3653000.0,-850000.0,121561000.0,3.113,5997000.0
92,SWN,MRQ,1998-06-30,1998-06-30,1998-06-30,2021-09-07,0.0,611683000.0,,49562000.0,562121000.0,,0.935,-17484000.0,1976000.0,1976000.0,24775000.0,-42058000.0,1.034,2.289,262142000.0,3071000.0,259071000.0,262142000.0,0.0,12737000.0,5153000.0,0.026,0.007,-63742000.0,-51005000.0,-0.905,-51005000.0,-63742000.0,-68948000.0,-0.212,-0.212,-0.212,185959000.0,,185959000.0,485200387.0,-24.0,15.432,581000.0,0.003,1.0,31559000.0,0.56,0.0,5206000.0,823898000.0,,43412000.0,12676000.0,0.0,12676000.0,425724000.0,47951000.0,377773000.0,228450387.0,-417000.0,0.0,0.0,3000000.0,-1490000.0,1510000.0,-19992000.0,0.0,18065000.0,0.0,-42058000.0,-42058000.0,-42058000.0,0.0,0.0,-0.747,95394000.0,-63835000.0,28083000.0,-0.033,1.228,-8.582,-8.573,536660000.0,0.0,1.149,0.83,0.83,24187000.0,194702000.0,56334000.0,56334000.0,0.0,,,,,0.0,16612000.0,1.0,198868672.0,198878312,198878312.0,0.283,611683000.0,0.0,-26890000.0,119170000.0,3.076,1611000.0
93,SWN,MRQ,1998-03-31,1998-03-31,1998-03-31,2021-09-07,0.0,683839000.0,,62135000.0,621704000.0,,1.154,-8930000.0,2393000.0,2393000.0,34865000.0,9072000.0,1.139,1.983,259143000.0,3071000.0,256072000.0,259143000.0,0.0,13364000.0,5327000.0,0.023,0.007,20185000.0,33549000.0,0.404,33549000.0,20185000.0,14872000.0,0.046,0.046,0.046,229254000.0,,229254000.0,558828277.0,12.0,5.711,43959000.0,0.221,1.0,48091000.0,0.58,0.0,5313000.0,886037000.0,,36453000.0,13596000.0,0.0,13596000.0,454585000.0,54552000.0,400033000.0,263888277.0,-2210000.0,-7343000.0,0.0,-40400000.0,-1491000.0,-41891000.0,-13208000.0,0.0,52889000.0,0.0,9072000.0,9072000.0,9072000.0,0.0,0.0,0.109,28168000.0,19923000.0,24602000.0,0.152,1.151,17.06,16.804,595797000.0,0.0,1.327,0.977,0.976,37939000.0,238250000.0,82956000.0,82956000.0,0.0,,,,,0.0,15129000.0,1.0,198785896.0,198744096,198884040.0,0.417,683839000.0,0.0,5800000.0,149890000.0,3.441,7583000.0
94,SWN,MRQ,1997-12-31,1997-12-31,1997-12-31,2021-09-07,0.0,710866000.0,,87955000.0,622911000.0,,1.119,-24070000.0,4603000.0,4603000.0,39082000.0,7634000.0,1.795,2.208,299543000.0,3071000.0,296472000.0,299543000.0,0.0,13539000.0,5307000.0,0.019,0.007,21543000.0,35082000.0,0.401,35082000.0,21543000.0,12487000.0,0.039,0.039,0.039,221565000.0,,221565000.0,603528456.0,12.0,5.995,-9874000.0,-0.05,1.0,48300000.0,0.553,0.0,9056000.0,956817000.0,,44213000.0,7039000.0,0.0,7039000.0,489301000.0,48989000.0,440312000.0,318670456.0,2876000.0,-1236000.0,0.0,11305000.0,-1484000.0,9821000.0,-21141000.0,0.0,14196000.0,0.0,7634000.0,7634000.0,7634000.0,0.0,0.0,0.087,29668000.0,18632000.0,29903000.0,0.179,1.438,17.028,16.947,603302000.0,0.0,1.61,1.154,1.154,45752000.0,230669000.0,87382000.0,87382000.0,0.0,,,,,0.0,16412000.0,1.0,197931960.0,198052896,196573392.0,0.441,710866000.0,3074000.0,4853000.0,143149000.0,3.589,38966000.0
95,SWN,MRQ,1997-09-30,1997-09-30,1997-09-30,2021-09-07,0.0,687289000.0,,69689000.0,617600000.0,,1.085,-23269000.0,1727000.0,1727000.0,20381000.0,-1267000.0,1.422,2.201,286585000.0,3071000.0,283514000.0,286585000.0,0.0,11763000.0,4965000.0,0.019,0.007,2053000.0,13816000.0,0.284,13816000.0,2053000.0,-2061000.0,-0.006,-0.006,-0.006,214722000.0,,214722000.0,572878273.0,12.0,5.926,-22194000.0,-0.112,1.0,28263000.0,0.581,0.0,4114000.0,923133000.0,,48701000.0,7173000.0,0.0,7173000.0,472567000.0,49014000.0,423553000.0,316949273.0,-1729000.0,-1230000.0,0.0,27200000.0,-1485000.0,25715000.0,-28519000.0,0.0,1075000.0,0.0,-1267000.0,-1267000.0,-1267000.0,0.0,0.0,-0.026,25142000.0,3121000.0,29327000.0,-1.167,1.476,17.677,17.596,596595000.0,0.0,1.601,1.236,1.236,28339000.0,224519000.0,48644000.0,48644000.0,0.0,,,,,0.0,14019000.0,1.0,197938656.0,197937032,197937032.0,0.246,687289000.0,2388000.0,-794000.0,137992000.0,3.472,20675000.0
96,SWN,MRQ,1997-06-30,1997-06-30,1997-06-30,2021-09-07,0.0,656784000.0,,54345000.0,602439000.0,,1.099,-23337000.0,3456000.0,3456000.0,20224000.0,29000.0,1.168,2.021,259385000.0,3071000.0,256314000.0,259385000.0,0.0,11613000.0,4864000.0,0.018,0.007,3793000.0,15406000.0,0.301,15406000.0,3793000.0,48000.0,0.0,0.0,0.0,217423000.0,,217423000.0,575139316.0,11.0,5.98,2296000.0,0.012,1.0,31020000.0,0.605,0.0,3745000.0,866190000.0,,39868000.0,7021000.0,0.0,7021000.0,439361000.0,46523000.0,392838000.0,321650316.0,1760000.0,-1224000.0,0.0,4200000.0,-1483000.0,2717000.0,-26590000.0,0.0,25633000.0,0.0,29000.0,29000.0,29000.0,0.0,0.0,0.001,25931000.0,5089000.0,26363000.0,,1.479,16.572,16.414,582397000.0,0.0,1.625,1.328,1.327,22826000.0,227271000.0,51244000.0,51244000.0,0.0,,,,,0.0,14388000.0,1.0,197938656.0,197891184,198678432.0,0.259,656784000.0,0.0,19000.0,139683000.0,3.319,7822000.0
97,SWN,MRQ,1997-03-31,1997-03-31,1997-03-31,2021-09-07,0.0,648807000.0,,60584000.0,588223000.0,,1.106,-18145000.0,1696000.0,1696000.0,37191000.0,12319000.0,1.452,1.965,255185000.0,3071000.0,252114000.0,255185000.0,0.0,12356000.0,4924000.0,0.018,0.007,24017000.0,36373000.0,0.409,36373000.0,24017000.0,20031000.0,0.062,0.062,0.062,218819000.0,,218819000.0,606772802.0,11.0,6.18,20434000.0,0.103,1.0,51728000.0,0.582,0.0,3986000.0,860565000.0,,35024000.0,6750000.0,0.0,6750000.0,429988000.0,41731000.0,388257000.0,330784802.0,-601000.0,-1272000.0,0.0,-23100000.0,-1483000.0,-24583000.0,-14597000.0,0.0,38579000.0,0.0,12319000.0,12319000.0,12319000.0,0.0,0.0,0.139,26634000.0,25094000.0,19156000.0,0.113,1.512,14.92,14.801,569443000.0,0.0,1.673,1.455,1.455,33692000.0,228725000.0,88919000.0,88919000.0,0.0,,,,,0.0,14348000.0,1.0,197778656.0,197761184,198931736.0,0.45,648807000.0,0.0,7712000.0,138550000.0,3.281,18853000.0
98,SWN,MRQ,1996-12-31,1996-12-31,1996-12-31,2021-09-07,0.0,660190000.0,,72933000.0,587257000.0,,1.052,-49502000.0,2297000.0,2297000.0,25770000.0,6849000.0,1.744,2.175,278285000.0,3071000.0,275214000.0,278285000.0,0.0,12118000.0,4904000.0,0.016,0.007,18966000.0,31084000.0,0.459,31084000.0,18966000.0,10877000.0,0.035,,0.035,207941000.0,,207941000.0,,,,-36482000.0,-0.185,1.0,41900000.0,0.619,0.0,8089000.0,894356000.0,,43207000.0,6557000.0,0.0,6557000.0,452249000.0,41822000.0,410427000.0,373801660.0,832000.0,-1266000.0,0.0,41857000.0,-1482000.0,40375000.0,-52563000.0,0.0,13020000.0,0.0,6849000.0,6849000.0,6849000.0,0.0,0.0,0.101,25755000.0,16145000.0,25644000.0,0.2,1.798,19.483,19.286,568702000.0,0.0,1.89,1.838,1.837,39928000.0,217889000.0,67670000.0,67670000.0,0.0,,,,,0.0,14406000.0,1.0,197778656.0,197686952,,0.342,660190000.0,6623000.0,4028000.0,133976000.0,3.34,31111000.0
99,SWN,MRQ,1996-09-30,1996-09-30,1996-09-30,2021-09-07,,,,,,,,-33925000.0,,,8041000.0,212000.0,,,,,,,,9883000.0,,0.016,0.007,3437000.0,13320000.0,0.387,13320000.0,3437000.0,345000.0,0.001,,0.001,,,,,,,-30292000.0,-0.153,1.0,26383000.0,0.766,,3092000.0,,,,,,,,,,,485000.0,0.0,0.0,36300000.0,-1483000.0,34817000.0,-37965000.0,0.0,3633000.0,0.0,212000.0,212000.0,212000.0,0.0,0.0,0.006,22123000.0,4260000.0,,7.0,,,,,0.0,1.86,,,,,34424000.0,34424000.0,0.0,,,,,0.0,12310000.0,1.0,,197659296,,0.174,,,133000.0,,,
100,SWN,MRQ,1996-06-30,1996-06-30,1996-06-30,2021-09-07,,,,,,,,-22765000.0,,,6255000.0,2791000.0,,,,,,,,10086000.0,,0.017,0.007,7328000.0,17414000.0,0.479,17414000.0,7328000.0,4538000.0,0.014,,0.014,,,,,,,-474000.0,-0.002,1.0,30127000.0,0.828,,2790000.0,,,,,,,,,,,-269000.0,0.0,0.0,7200000.0,-1482000.0,5718000.0,-28278000.0,0.0,22291000.0,0.0,2791000.0,2791000.0,2791000.0,0.0,0.0,0.077,22054000.0,8073000.0,,0.5,,,,,0.0,1.765,,,,,36382000.0,36382000.0,0.0,,,,,0.0,12039000.0,1.0,,197610792,,0.184,,,1747000.0,,,
101,SWN,MRQ,1996-03-31,1996-03-31,1996-03-31,2021-09-07,,,,,,,,-18721000.0,,,22375000.0,9334000.0,,,,,,,,11286000.0,,0.02,0.007,18392000.0,29678000.0,0.458,29678000.0,18392000.0,15177000.0,0.048,,0.048,,,,,,,14165000.0,0.072,1.0,42489000.0,0.655,,3215000.0,,,,,,,,,,,-249000.0,0.0,0.0,-17900000.0,-1482000.0,-19382000.0,-13753000.0,0.0,32886000.0,0.0,9334000.0,9334000.0,9334000.0,0.0,0.0,0.144,22971000.0,19518000.0,,0.146,,,,,0.0,1.5,,,,,64864000.0,64864000.0,0.0,,,,,0.0,11754000.0,1.0,,197610792,,0.328,,,5843000.0,,,
102,SWN,MRQ,1995-12-31,1995-12-31,1995-12-31,2021-09-07,0.0,569093000.0,,63896000.0,505197000.0,,0.967,,1498000.0,1498000.0,,,1.407,1.926,210828000.0,3071000.0,207757000.0,210828000.0,0.0,,4619000.0,0.019,0.007,,,,,,,,,,194504000.0,,194504000.0,,,,,,1.0,,,0.0,,733013000.0,,38894000.0,9114000.0,0.0,9114000.0,374589000.0,45410000.0,329179000.0,,,,,,,,,,,,,,,,,,,,23989000.0,,,,28.46,485819000.0,,1.594,,1.921,35541000.0,204632000.0,,,,,,,,,,1.0,,201046248,,,569093000.0,8221000.0,,119986000.0,2.831,18486000.0
0,SWN,MRT,2021-06-30,2021-06-30,2021-06-30,2021-09-07,-35000000.0,5394000000.0,4989500000.0,593000000.0,4801000000.0,0.687,-0.027,-905000000.0,2000000.0,2000000.0,2216000000.0,-1214000000.0,0.305,-300.667,3166000000.0,248000000.0,2918000000.0,3166000000.0,0.0,356000000.0,0.0,0.0,0.0,-1012000000.0,-656000000.0,-0.191,-656000000.0,-1012000000.0,-1213000000.0,-1.76,-1.76,-1.76,-18000000.0,362250000.0,-18000000.0,7004743804.0,-7.0,-10.678,-14000000.0,-0.021,1.0,1212000000.0,0.354,0.0,201000000.0,6614000000.0,6721250000.0,0.0,132000000.0,132000000.0,0.0,5412000000.0,1944000000.0,3468000000.0,3837743804.0,-8000000.0,3000000.0,152000000.0,-131000000.0,0.0,4000000.0,-903000000.0,0.0,891000000.0,0.0,-1214000000.0,-1214000000.0,-1214000000.0,0.0,0.0,-0.354,1243000000.0,-31000000.0,653000000.0,0.0,-213.208,-3.161,-3.222,4593000000.0,0.0,5.67,1.12,1.119,408000000.0,-4892000000.0,3428000000.0,3428000000.0,0.0,-0.243,-3.351,-0.151,-0.295,3000000.0,135000000.0,1.0,676850759.0,676722999,676722999.0,5.066,5394000000.0,0.0,1000000.0,62000000.0,7.971,-1351000000.0
1,SWN,MRT,2021-03-31,2021-03-31,2021-03-31,2021-09-07,-38000000.0,5247000000.0,4779750000.0,602000000.0,4645000000.0,0.583,0.868,-882000000.0,4000000.0,4000000.0,1990000000.0,-1485000000.0,0.439,7.954,3171000000.0,248000000.0,2923000000.0,3171000000.0,0.0,340000000.0,0.0,0.0,0.0,-1291000000.0,-951000000.0,-0.341,-951000000.0,-1291000000.0,-1484000000.0,-2.49,-2.49,-2.49,586000000.0,572500000.0,586000000.0,6432226901.0,-5.0,-6.764,-167000000.0,-0.247,1.0,798000000.0,0.286,0.0,193000000.0,7044000000.0,6632000000.0,0.0,157000000.0,157000000.0,0.0,4661000000.0,1370000000.0,3291000000.0,3136226901.0,-1000000.0,3000000.0,152000000.0,29000000.0,0.0,164000000.0,-880000000.0,0.0,715000000.0,0.0,-1485000000.0,-1485000000.0,-1485000000.0,0.0,0.0,-0.533,1878000000.0,-1080000000.0,639000000.0,0.0,5.352,-2.112,-1.867,4439000000.0,0.0,4.65,1.125,1.126,400000000.0,-4283000000.0,2788000000.0,2788000000.0,0.0,-0.311,-2.594,-0.195,-0.463,2000000.0,133000000.0,1.0,674457398.0,675385145,679867825.0,4.128,5247000000.0,0.0,1000000.0,67000000.0,7.769,-768000000.0
2,SWN,MRT,2020-12-31,2020-12-31,2020-12-31,2021-09-07,-38000000.0,5160000000.0,4786750000.0,671000000.0,4489000000.0,0.482,0.866,-884000000.0,13000000.0,13000000.0,1814000000.0,-3112000000.0,0.663,9.382,3309000000.0,42000000.0,3267000000.0,3309000000.0,0.0,357000000.0,0.0,0.0,0.0,-2523000000.0,-2166000000.0,-0.938,-2166000000.0,-2523000000.0,-2705000000.0,-5.42,-5.42,-5.42,497000000.0,851250000.0,497000000.0,4299567382.0,-2.0,-1.985,-356000000.0,-0.62,1.0,494000000.0,0.214,0.0,182000000.0,7444000000.0,6566250000.0,0.0,241000000.0,241000000.0,0.0,4663000000.0,1012000000.0,3651000000.0,1804567382.0,8000000.0,3000000.0,152000000.0,223000000.0,0.0,361000000.0,-881000000.0,0.0,528000000.0,0.0,-3112000000.0,-3112000000.0,-3112000000.0,0.0,0.0,-1.348,3365000000.0,-2871000000.0,573000000.0,0.0,3.631,-0.58,-0.55,4274000000.0,0.0,2.98,0.782,0.741,368000000.0,-4363000000.0,2308000000.0,2308000000.0,0.0,-0.65,-3.656,-0.384,-1.093,3000000.0,121000000.0,1.0,605559524.0,573889502,573889502.0,4.022,5160000000.0,0.0,407000000.0,74000000.0,8.991,-341000000.0
3,SWN,MRT,2020-09-30,2020-09-30,2020-09-30,2021-09-07,-32000000.0,4157000000.0,5176000000.0,613000000.0,3544000000.0,0.439,0.671,-908000000.0,95000000.0,95000000.0,1796000000.0,-2910000000.0,0.705,9.826,2590000000.0,33000000.0,2557000000.0,2590000000.0,0.0,386000000.0,0.0,0.0,0.0,-2340000000.0,-1954000000.0,-0.859,-1954000000.0,-2340000000.0,-2514000000.0,-5.33,-5.32,-5.33,384000000.0,1538500000.0,384000000.0,3851252022.0,-2.0,-1.971,-276000000.0,-0.483,1.0,478000000.0,0.21,0.0,174000000.0,5783000000.0,6770000000.0,0.0,238000000.0,238000000.0,0.0,3773000000.0,869000000.0,2904000000.0,1274252022.0,66000000.0,0.0,152000000.0,193000000.0,0.0,342000000.0,-908000000.0,0.0,632000000.0,0.0,-2910000000.0,-2910000000.0,-2910000000.0,0.0,0.0,-1.28,3041000000.0,-2563000000.0,416000000.0,0.0,3.318,-0.438,-0.441,3367000000.0,0.0,2.35,0.56,0.591,239000000.0,-4271000000.0,2274000000.0,2274000000.0,0.0,-0.562,-1.891,-0.346,-1.029,4000000.0,136000000.0,1.0,542234903.0,571872413,571872413.0,3.976,4157000000.0,0.0,396000000.0,47000000.0,7.269,-256000000.0
4,SWN,MRT,2020-06-30,2020-06-30,2020-06-30,2021-09-07,-33000000.0,4555000000.0,5786250000.0,770000000.0,3785000000.0,0.412,1.521,-955000000.0,10000000.0,10000000.0,1845000000.0,-2268000000.0,0.88,4.535,2587000000.0,34000000.0,2553000000.0,2587000000.0,0.0,441000000.0,0.0,0.0,0.0,-1689000000.0,-1248000000.0,-0.524,-1248000000.0,-1689000000.0,-1862000000.0,-4.2,-4.19,-4.2,823000000.0,2226250000.0,823000000.0,3806722857.0,-2.0,-3.05,-280000000.0,-0.517,1.0,538000000.0,0.226,0.0,173000000.0,6257000000.0,7314250000.0,0.0,466000000.0,466000000.0,0.0,3732000000.0,875000000.0,2857000000.0,1386722857.0,-145000000.0,0.0,0.0,138000000.0,0.0,135000000.0,-955000000.0,0.0,675000000.0,0.0,-2268000000.0,-2268000000.0,-2268000000.0,0.0,0.0,-0.952,2749000000.0,-2211000000.0,426000000.0,0.0,1.685,-0.611,-0.61,3579000000.0,0.0,2.56,0.582,0.581,250000000.0,-3678000000.0,2383000000.0,2383000000.0,0.0,-0.392,-1.019,-0.231,-0.709,6000000.0,147000000.0,1.0,541688616.0,541079192,541079192.0,4.404,4555000000.0,0.0,406000000.0,48000000.0,8.418,-105000000.0
5,SWN,MRT,2020-03-31,2020-03-31,2020-03-31,2021-09-07,-33000000.0,5275000000.0,6283750000.0,972000000.0,4303000000.0,0.42,3.148,-1015000000.0,5000000.0,5000000.0,1931000000.0,-1250000000.0,1.063,2.101,2425000000.0,32000000.0,2393000000.0,2425000000.0,0.0,472000000.0,0.0,0.0,0.0,-656000000.0,-184000000.0,-0.07,-184000000.0,-656000000.0,-829000000.0,-2.31,-2.3,-2.31,1701000000.0,2791000000.0,1701000000.0,3304387888.0,-5.0,-17.959,-333000000.0,-0.616,1.0,709000000.0,0.269,0.0,173000000.0,6781000000.0,7699250000.0,0.0,627000000.0,627000000.0,0.0,3574000000.0,914000000.0,2660000000.0,914387888.0,-361000000.0,0.0,0.0,-26000000.0,0.0,-28000000.0,-1015000000.0,0.0,682000000.0,0.0,-1250000000.0,-1250000000.0,-1250000000.0,0.0,0.0,-0.473,2142000000.0,-1433000000.0,465000000.0,0.0,0.538,-0.732,-0.732,4068000000.0,0.0,1.69,0.346,0.346,292000000.0,-2798000000.0,2640000000.0,2640000000.0,0.0,-0.199,-0.448,-0.085,-0.248,7000000.0,155000000.0,1.0,541057922.0,540308491,540308491.0,4.886,5275000000.0,0.0,421000000.0,52000000.0,9.763,58000000.0
6,SWN,MRT,2019-12-31,2019-12-31,2019-12-31,2021-09-07,-33000000.0,6717000000.0,6576500000.0,679000000.0,6038000000.0,0.462,6.018,-1045000000.0,5000000.0,5000000.0,2102000000.0,891000000.0,0.801,1.069,2395000000.0,34000000.0,2361000000.0,2395000000.0,0.0,471000000.0,0.0,0.0,0.0,654000000.0,1125000000.0,0.37,1125000000.0,654000000.0,480000000.0,1.65,1.65,1.65,3246000000.0,3100000000.0,3246000000.0,3551938561.0,5.0,3.157,-81000000.0,-0.15,1.0,936000000.0,0.308,0.0,174000000.0,8259000000.0,7868000000.0,0.0,278000000.0,278000000.0,0.0,3471000000.0,848000000.0,2623000000.0,1309938561.0,-196000000.0,0.0,-21000000.0,-91000000.0,0.0,-115000000.0,-1045000000.0,0.0,964000000.0,0.0,891000000.0,891000000.0,891000000.0,0.0,0.0,0.293,666000000.0,270000000.0,525000000.0,0.0,0.404,1.47,1.467,5426000000.0,0.0,2.42,0.431,0.43,345000000.0,-1251000000.0,3038000000.0,3038000000.0,0.0,0.135,0.287,0.083,0.215,8000000.0,166000000.0,1.0,541296926.0,539345343,540382914.0,5.633,6717000000.0,407000000.0,-411000000.0,59000000.0,12.454,-169000000.0
7,SWN,MRT,2019-09-30,2019-09-30,2019-09-30,2021-09-07,-31000000.0,6598000000.0,6346500000.0,633000000.0,5965000000.0,0.546,5.814,517000000.0,29000000.0,29000000.0,2239000000.0,1088000000.0,0.719,1.105,2271000000.0,52000000.0,2219000000.0,2271000000.0,0.0,486000000.0,0.0,0.0,0.0,871000000.0,1357000000.0,0.391,1357000000.0,871000000.0,688000000.0,1.98,1.99,1.98,3135000000.0,2879000000.0,3135000000.0,3208741364.0,4.0,2.365,1508000000.0,2.797,1.0,1229000000.0,0.354,0.0,183000000.0,7960000000.0,7570250000.0,0.0,239000000.0,239000000.0,0.0,3463000000.0,880000000.0,2583000000.0,1044741364.0,20000000.0,0.0,-176000000.0,-1302000000.0,0.0,-1490000000.0,519000000.0,0.0,991000000.0,0.0,1088000000.0,1087000000.0,1087000000.0,0.0,0.0,0.313,671000000.0,558000000.0,539000000.0,0.0,0.333,0.961,0.975,5199000000.0,1000000.0,1.93,0.301,0.3,323000000.0,-1361000000.0,3468000000.0,3468000000.0,0.0,0.171,0.378,0.115,0.251,8000000.0,163000000.0,1.0,541316769.0,539221101,540038187.0,6.431,6598000000.0,398000000.0,-400000000.0,55000000.0,12.236,-247000000.0
8,SWN,MRT,2019-06-30,2019-06-30,2019-06-30,2021-09-07,-32000000.0,6545000000.0,6461500000.0,764000000.0,5781000000.0,0.585,5.718,471000000.0,155000000.0,155000000.0,2267000000.0,1010000000.0,0.838,1.124,2319000000.0,52000000.0,2267000000.0,2319000000.0,0.0,502000000.0,0.0,0.0,0.0,797000000.0,1299000000.0,0.343,1299000000.0,797000000.0,600000000.0,1.84,1.85,1.84,3082000000.0,2646500000.0,3082000000.0,3663055302.0,5.0,2.82,1573000000.0,2.918,1.0,1516000000.0,0.401,0.0,197000000.0,7797000000.0,8012500000.0,0.0,209000000.0,209000000.0,0.0,3463000000.0,912000000.0,2551000000.0,1710055302.0,118000000.0,0.0,-201000000.0,-1245000000.0,0.0,-1458000000.0,474000000.0,0.0,1102000000.0,0.0,1010000000.0,1009000000.0,1009000000.0,0.0,0.0,0.267,863000000.0,653000000.0,585000000.0,0.0,0.555,1.695,1.717,5099000000.0,1000000.0,3.16,0.452,0.45,358000000.0,-1410000000.0,3783000000.0,3783000000.0,0.0,0.156,0.381,0.099,0.211,9000000.0,172000000.0,1.0,541156741.0,539005941,539947053.0,7.018,6545000000.0,410000000.0,-410000000.0,52000000.0,12.143,-148000000.0
9,SWN,MRT,2019-03-31,2019-03-31,2019-03-31,2021-09-07,-36000000.0,6446000000.0,6585750000.0,887000000.0,5559000000.0,0.597,5.442,391000000.0,366000000.0,366000000.0,2261000000.0,923000000.0,0.941,1.195,2319000000.0,52000000.0,2267000000.0,2319000000.0,0.0,529000000.0,0.0,0.0,0.0,713000000.0,1242000000.0,0.316,1242000000.0,713000000.0,498000000.0,1.67,1.68,1.67,2937000000.0,2438500000.0,2937000000.0,4655787484.0,7.0,3.749,1692000000.0,3.135,1.0,1671000000.0,0.425,0.0,215000000.0,7456000000.0,8492500000.0,0.0,87000000.0,87000000.0,0.0,3509000000.0,943000000.0,2566000000.0,2538787484.0,-592000000.0,0.0,-201000000.0,-2075000000.0,0.0,-2288000000.0,395000000.0,0.0,1301000000.0,0.0,923000000.0,922000000.0,922000000.0,0.0,0.0,0.234,916000000.0,755000000.0,626000000.0,0.0,0.864,2.754,2.808,4871000000.0,1000000.0,4.69,0.646,0.644,390000000.0,-1548000000.0,3932000000.0,3932000000.0,0.0,0.14,0.378,0.084,0.181,12000000.0,191000000.0,1.0,541319293.0,539721751,541320487.0,7.285,6446000000.0,426000000.0,-425000000.0,62000000.0,11.943,-56000000.0
10,SWN,MRT,2018-12-31,2018-12-31,2018-12-31,2021-09-07,-36000000.0,5797000000.0,6902500000.0,956000000.0,4841000000.0,0.56,4.11,353000000.0,201000000.0,201000000.0,2103000000.0,537000000.0,1.13,1.454,2318000000.0,0.0,2318000000.0,2318000000.0,0.0,560000000.0,0.0,0.0,0.0,777000000.0,1337000000.0,0.346,1337000000.0,777000000.0,538000000.0,0.93,0.93,0.93,2362000000.0,2252500000.0,2362000000.0,5545157237.0,7.0,4.147,1576000000.0,2.743,1.0,1759000000.0,0.455,0.0,239000000.0,7068000000.0,9232500000.0,0.0,130000000.0,130000000.0,0.0,3435000000.0,846000000.0,2589000000.0,1982157237.0,-715000000.0,0.0,-180000000.0,-2078000000.0,0.0,-2297000000.0,359000000.0,0.0,1223000000.0,0.0,537000000.0,535000000.0,535000000.0,0.0,0.0,0.139,962000000.0,797000000.0,609000000.0,0.0,0.839,3.705,3.667,4656000000.0,2000000.0,3.41,0.513,0.507,581000000.0,-2142000000.0,3862000000.0,3862000000.0,0.0,0.078,0.238,0.084,0.201,14000000.0,209000000.0,1.0,581277782.0,574631756,576642808.0,6.721,5797000000.0,0.0,1000000.0,58000000.0,10.088,110000000.0
11,SWN,MRT,2018-09-30,2018-09-30,2018-09-30,2021-09-07,-40000000.0,7058000000.0,7333500000.0,615000000.0,6443000000.0,0.477,3.794,-1331000000.0,9000000.0,9000000.0,1905000000.0,564000000.0,0.689,2.201,3572000000.0,0.0,3572000000.0,3572000000.0,0.0,566000000.0,0.0,0.0,0.0,737000000.0,1303000000.0,0.373,1303000000.0,737000000.0,485000000.0,0.93,0.93,0.93,2205000000.0,2156750000.0,2205000000.0,6529005632.0,9.0,5.011,-52000000.0,-0.089,1.0,1591000000.0,0.455,0.0,252000000.0,9729000000.0,10019500000.0,0.0,104000000.0,104000000.0,0.0,4853000000.0,892000000.0,3961000000.0,2996005632.0,-980000000.0,0.0,-25000000.0,-868000000.0,0.0,-933000000.0,-1326000000.0,0.0,1279000000.0,0.0,564000000.0,494000000.0,494000000.0,0.0,0.0,0.141,979000000.0,612000000.0,563000000.0,0.0,1.359,6.065,5.495,5469000000.0,70000000.0,5.11,0.857,0.849,397000000.0,-2449000000.0,3496000000.0,3496000000.0,0.0,0.067,0.229,0.074,0.211,17000000.0,228000000.0,1.0,586302472.0,581171753,581171753.0,6.015,7058000000.0,0.0,-79000000.0,32000000.0,12.144,-277000000.0
12,SWN,MRT,2018-06-30,2018-06-30,2018-06-30,2021-09-07,-44000000.0,7042000000.0,7369500000.0,567000000.0,6475000000.0,0.445,3.872,-1329000000.0,37000000.0,37000000.0,1815000000.0,670000000.0,0.661,2.13,3570000000.0,0.0,3570000000.0,3570000000.0,0.0,560000000.0,0.0,0.0,0.0,831000000.0,1391000000.0,0.424,1391000000.0,831000000.0,577000000.0,1.07,1.07,1.07,2250000000.0,2018500000.0,2250000000.0,6545072680.0,8.0,4.705,-146000000.0,-0.251,1.0,1467000000.0,0.447,0.0,254000000.0,9717000000.0,10053500000.0,0.0,71000000.0,71000000.0,0.0,4792000000.0,858000000.0,3934000000.0,3110072680.0,-1074000000.0,0.0,0.0,-888000000.0,0.0,-936000000.0,-1321000000.0,0.0,1183000000.0,0.0,670000000.0,566000000.0,566000000.0,0.0,0.0,0.172,811000000.0,656000000.0,642000000.0,0.0,1.382,5.495,4.953,6233000000.0,104000000.0,5.3,0.948,0.938,416000000.0,-2420000000.0,3282000000.0,3282000000.0,0.0,0.077,0.28,0.083,0.253,21000000.0,239000000.0,1.0,586806166.0,581159200,582878106.0,5.647,7042000000.0,0.0,-93000000.0,58000000.0,12.117,-291000000.0
13,SWN,MRT,2018-03-31,2018-03-31,2018-03-31,2021-09-07,-44000000.0,7713000000.0,7396500000.0,1488000000.0,6225000000.0,0.443,3.839,-1216000000.0,958000000.0,958000000.0,1784000000.0,903000000.0,2.033,2.517,4393000000.0,0.0,4393000000.0,4393000000.0,0.0,541000000.0,0.0,0.0,0.0,1065000000.0,1606000000.0,0.49,1606000000.0,1065000000.0,810000000.0,1.43,1.43,1.43,2193000000.0,1849250000.0,2193000000.0,6016984375.0,6.0,3.747,-67000000.0,-0.117,1.0,1493000000.0,0.456,0.0,255000000.0,10416000000.0,10024000000.0,0.0,110000000.0,110000000.0,0.0,5520000000.0,732000000.0,4788000000.0,2541984375.0,-424000000.0,0.0,0.0,-313000000.0,0.0,-361000000.0,-1212000000.0,0.0,1149000000.0,0.0,903000000.0,739000000.0,739000000.0,0.0,0.0,0.226,773000000.0,720000000.0,555000000.0,0.0,1.159,3.44,3.028,5968000000.0,164000000.0,4.33,0.776,0.755,382000000.0,-2471000000.0,3277000000.0,3277000000.0,0.0,0.1,0.4,0.106,0.325,22000000.0,238000000.0,1.0,587063366.0,571297804,573844459.0,5.736,7713000000.0,0.0,-93000000.0,50000000.0,13.501,756000000.0
14,SWN,MRT,2017-12-31,2017-12-31,2017-12-31,2021-09-07,-44000000.0,7521000000.0,7267250000.0,1509000000.0,6012000000.0,0.441,3.972,-1258000000.0,916000000.0,916000000.0,1741000000.0,1046000000.0,1.935,2.8,4391000000.0,0.0,4391000000.0,4391000000.0,0.0,504000000.0,0.0,0.0,0.0,1201000000.0,1705000000.0,0.532,1705000000.0,1201000000.0,953000000.0,1.64,1.63,1.64,1979000000.0,1620500000.0,1979000000.0,6306335160.0,5.0,3.699,-161000000.0,-0.323,1.0,1462000000.0,0.456,0.0,248000000.0,10216000000.0,9750750000.0,0.0,130000000.0,130000000.0,0.0,5542000000.0,780000000.0,4762000000.0,2859335160.0,-507000000.0,0.0,0.0,-332000000.0,0.0,-352000000.0,-1252000000.0,0.0,1097000000.0,0.0,1046000000.0,815000000.0,815000000.0,0.0,0.0,0.254,731000000.0,731000000.0,533000000.0,0.0,1.445,3.508,3.402,5772000000.0,231000000.0,5.58,0.893,0.868,428000000.0,-2679000000.0,3203000000.0,3203000000.0,0.0,0.112,0.503,0.123,0.375,24000000.0,233000000.0,1.0,512425656.0,498264321,500804297.0,6.428,7521000000.0,0.0,-93000000.0,62000000.0,15.094,729000000.0
15,SWN,MRT,2017-09-30,2017-09-30,2017-09-30,2021-09-07,-37000000.0,7202000000.0,7156000000.0,1476000000.0,5726000000.0,0.43,3.305,-1132000000.0,989000000.0,989000000.0,1694000000.0,502000000.0,1.883,3.36,4436000000.0,40000000.0,4396000000.0,4436000000.0,0.0,451000000.0,0.0,0.0,0.0,721000000.0,1172000000.0,0.381,1172000000.0,721000000.0,479000000.0,0.81,0.81,0.81,1652000000.0,1355000000.0,1652000000.0,6381020458.0,9.0,5.445,-182000000.0,-0.364,1.0,1384000000.0,0.45,0.0,242000000.0,9865000000.0,9507250000.0,0.0,91000000.0,91000000.0,0.0,5550000000.0,784000000.0,4766000000.0,3111020458.0,-485000000.0,0.0,0.0,-295000000.0,0.0,-309000000.0,-1126000000.0,0.0,950000000.0,0.0,502000000.0,311000000.0,311000000.0,0.0,0.0,0.101,693000000.0,691000000.0,502000000.0,0.0,1.883,10.003,7.543,5550000000.0,191000000.0,6.11,1.011,0.992,360000000.0,-3013000000.0,3078000000.0,3078000000.0,0.0,0.043,0.23,0.076,0.234,24000000.0,246000000.0,1.0,509168651.0,499812926,502290779.0,6.158,7202000000.0,0.0,-23000000.0,55000000.0,14.409,692000000.0
16,SWN,MRT,2017-06-30,2017-06-30,2017-06-30,2021-09-07,-38000000.0,7150000000.0,7078000000.0,1579000000.0,5571000000.0,0.423,3.169,-583000000.0,1111000000.0,1111000000.0,1661000000.0,-283000000.0,1.923,3.545,4381000000.0,40000000.0,4341000000.0,4381000000.0,0.0,415000000.0,0.0,0.0,0.0,-63000000.0,352000000.0,0.118,352000000.0,-63000000.0,-312000000.0,-0.8,-0.8,-0.8,1573000000.0,1222750000.0,1573000000.0,6323688414.0,-100.0,17.965,328000000.0,0.661,1.0,1331000000.0,0.445,0.0,249000000.0,9599000000.0,9395750000.0,0.0,83000000.0,83000000.0,0.0,5577000000.0,821000000.0,4756000000.0,3075688414.0,113000000.0,0.0,1247000000.0,-1459000000.0,0.0,-216000000.0,-582000000.0,0.0,911000000.0,0.0,-283000000.0,-467000000.0,-467000000.0,0.0,0.0,-0.156,1475000000.0,-144000000.0,473000000.0,0.0,1.955,-6.586,-7.6,5341000000.0,184000000.0,6.08,1.028,1.009,351000000.0,-3090000000.0,2992000000.0,2992000000.0,0.0,-0.066,-0.382,-0.007,-0.021,24000000.0,245000000.0,1.0,505869805.0,496419815,498224599.0,6.027,7150000000.0,0.0,-29000000.0,64000000.0,14.403,758000000.0
17,SWN,MRT,2017-03-31,2017-03-31,2017-03-31,2021-09-07,-39000000.0,7196000000.0,7134750000.0,1789000000.0,5407000000.0,0.379,2.592,-305000000.0,1382000000.0,1382000000.0,1589000000.0,-1160000000.0,1.596,4.631,4630000000.0,266000000.0,4364000000.0,4630000000.0,0.0,399000000.0,0.0,0.0,0.0,-945000000.0,-546000000.0,-0.202,-546000000.0,-945000000.0,-1190000000.0,-2.86,-2.86,-2.86,1278000000.0,972750000.0,1278000000.0,7298283919.0,-8.0,-13.367,413000000.0,0.838,1.0,1114000000.0,0.412,0.0,245000000.0,9323000000.0,9885000000.0,0.0,58000000.0,58000000.0,0.0,5918000000.0,1121000000.0,4797000000.0,4068283919.0,-215000000.0,0.0,1247000000.0,-1874000000.0,0.0,-633000000.0,-300000000.0,0.0,718000000.0,0.0,-1160000000.0,-1311000000.0,-1311000000.0,0.0,0.0,-0.485,1938000000.0,-824000000.0,436000000.0,0.0,3.183,-3.103,-2.857,5143000000.0,151000000.0,8.17,1.505,1.49,310000000.0,-3374000000.0,2703000000.0,2703000000.0,0.0,-0.184,-1.348,-0.096,-0.35,26000000.0,243000000.0,1.0,497953968.0,493068000,494494995.0,5.482,7196000000.0,0.0,-30000000.0,50000000.0,14.594,668000000.0
18,SWN,MRT,2016-12-31,2016-12-31,2016-12-31,2021-09-07,-39000000.0,7076000000.0,7465250000.0,1872000000.0,5204000000.0,0.326,2.106,-163000000.0,1423000000.0,1423000000.0,1549000000.0,-2643000000.0,1.759,6.716,4653000000.0,41000000.0,4612000000.0,4653000000.0,0.0,436000000.0,0.0,0.0,0.0,-2432000000.0,-1996000000.0,-0.819,-1996000000.0,-2432000000.0,-2672000000.0,-6.32,-6.32,-6.32,917000000.0,940250000.0,917000000.0,8538804479.0,-4.0,-4.278,335000000.0,0.77,1.0,887000000.0,0.364,0.0,240000000.0,9242000000.0,10775750000.0,0.0,51000000.0,51000000.0,0.0,6159000000.0,1064000000.0,5095000000.0,5360804479.0,1408000000.0,0.0,1247000000.0,-138000000.0,0.0,1072000000.0,-162000000.0,0.0,498000000.0,0.0,-2643000000.0,-2751000000.0,-2751000000.0,0.0,0.0,-1.129,3077000000.0,-2190000000.0,473000000.0,0.0,5.846,-1.949,-1.712,4955000000.0,108000000.0,10.82,2.201,1.934,363000000.0,-3725000000.0,2436000000.0,2436000000.0,0.0,-0.369,-2.926,-0.226,-0.998,29000000.0,247000000.0,1.0,495453279.0,435337402,435337402.0,5.596,7076000000.0,0.0,-29000000.0,59000000.0,16.254,808000000.0
19,SWN,MRT,2016-09-30,2016-09-30,2016-09-30,2021-09-07,-39000000.0,6890000000.0,7717750000.0,1889000000.0,5001000000.0,0.316,2.328,-338000000.0,1474000000.0,1474000000.0,1557000000.0,-4540000000.0,2.911,5.135,4652000000.0,1000000.0,4651000000.0,4652000000.0,0.0,564000000.0,0.0,0.0,0.0,-4803000000.0,-4239000000.0,-1.738,-4239000000.0,-4803000000.0,-5036000000.0,-11.76,-11.76,-11.76,1123000000.0,1281500000.0,1123000000.0,11599424494.0,-2.0,-2.736,352000000.0,0.73,1.0,882000000.0,0.362,0.0,233000000.0,9419000000.0,11482500000.0,0.0,93000000.0,93000000.0,0.0,5767000000.0,649000000.0,5118000000.0,6829424494.0,1459000000.0,3000000.0,1247000000.0,-88000000.0,0.0,1101000000.0,-332000000.0,0.0,690000000.0,0.0,-4540000000.0,-4648000000.0,-4648000000.0,0.0,0.0,-1.906,5760000000.0,-4878000000.0,423000000.0,0.0,6.081,-1.469,-1.177,4789000000.0,108000000.0,13.84,2.8,2.738,274000000.0,-3515000000.0,2439000000.0,2439000000.0,0.0,-0.602,-3.627,-0.418,-1.969,32000000.0,229000000.0,1.0,493455527.0,482485150,482485150.0,5.055,6890000000.0,0.0,-496000000.0,47000000.0,14.28,1240000000.0
20,SWN,MRT,2016-06-30,2016-06-30,2016-06-30,2021-09-07,-41000000.0,7377000000.0,8676500000.0,1278000000.0,6099000000.0,0.292,1.486,-985000000.0,998000000.0,998000000.0,1576000000.0,-5571000000.0,2.162,11.874,5768000000.0,1000000.0,5767000000.0,5768000000.0,0.0,739000000.0,0.0,0.0,0.0,-6916000000.0,-6177000000.0,-2.435,-6177000000.0,-6916000000.0,-7135000000.0,-14.86,-14.86,-14.86,573000000.0,2110000000.0,573000000.0,9785746193.0,-1.0,-1.584,-180000000.0,-0.467,1.0,961000000.0,0.379,0.0,219000000.0,11556000000.0,12775750000.0,0.0,16000000.0,16000000.0,0.0,6804000000.0,591000000.0,6213000000.0,4939746193.0,961000000.0,-10000000.0,0.0,1237000000.0,0.0,1150000000.0,-994000000.0,0.0,805000000.0,0.0,-5571000000.0,-5679000000.0,-5679000000.0,0.0,0.0,-2.238,7956000000.0,-6995000000.0,296000000.0,0.0,8.621,-0.87,-0.847,5947000000.0,108000000.0,12.58,1.947,1.912,235000000.0,-2807000000.0,2537000000.0,2537000000.0,0.0,-0.655,-2.691,-0.541,-2.726,31000000.0,228000000.0,1.0,392666629.0,385594815,385594815.0,6.579,7377000000.0,0.0,-1564000000.0,61000000.0,19.131,687000000.0
21,SWN,MRT,2016-03-31,2016-03-31,2016-03-31,2021-09-07,-44000000.0,8518000000.0,10208250000.0,1884000000.0,6634000000.0,0.272,2.998,-758000000.0,1597000000.0,1597000000.0,1628000000.0,-5766000000.0,3.941,6.42,6443000000.0,1000000.0,6442000000.0,6443000000.0,0.0,942000000.0,0.0,0.0,0.0,-7606000000.0,-6664000000.0,-2.398,-6664000000.0,-7606000000.0,-7822000000.0,-15.38,-15.38,-15.38,1148000000.0,3521250000.0,1148000000.0,7858592273.0,-1.0,-1.179,373000000.0,0.974,1.0,1151000000.0,0.414,0.0,216000000.0,12886000000.0,14178500000.0,0.0,35000000.0,35000000.0,0.0,7370000000.0,478000000.0,6892000000.0,3144592273.0,1580000000.0,12000000.0,0.0,1298000000.0,0.0,1188000000.0,-739000000.0,0.0,1131000000.0,0.0,-5766000000.0,-5874000000.0,-5874000000.0,0.0,0.0,-2.114,8938000000.0,-7787000000.0,346000000.0,0.0,2.739,-0.535,-0.525,6491000000.0,108000000.0,8.07,1.132,1.112,224000000.0,-2214000000.0,2779000000.0,2779000000.0,0.0,-0.575,-1.668,-0.536,-2.737,29000000.0,232000000.0,1.0,389664470.0,382870847,382870847.0,7.258,8518000000.0,0.0,-2056000000.0,54000000.0,22.248,1406000000.0
22,SWN,MRT,2015-12-31,2015-12-31,2015-12-31,2021-09-07,-48000000.0,8086000000.0,11975500000.0,393000000.0,7693000000.0,0.262,5.997,-1069000000.0,15000000.0,15000000.0,1651000000.0,-4556000000.0,0.556,2.543,4705000000.0,1000000.0,4704000000.0,4705000000.0,0.0,1092000000.0,0.0,0.0,0.0,-6301000000.0,-5209000000.0,-1.663,-5209000000.0,-6301000000.0,-6561000000.0,-12.25,-12.25,-12.25,2282000000.0,4998500000.0,2282000000.0,7382642626.0,-1.0,-1.417,511000000.0,1.343,1.0,1482000000.0,0.473,0.0,260000000.0,12069000000.0,15904250000.0,0.0,3000000.0,3000000.0,0.0,5804000000.0,707000000.0,5097000000.0,2733642626.0,-38000000.0,-579000000.0,669000000.0,-2243000000.0,0.0,20000000.0,-1638000000.0,0.0,1580000000.0,0.0,-4556000000.0,-4662000000.0,-4662000000.0,0.0,0.0,-1.488,8004000000.0,-6522000000.0,513000000.0,0.0,1.198,-0.586,-0.58,7543000000.0,106000000.0,7.11,0.873,0.864,327000000.0,-1082000000.0,3133000000.0,3133000000.0,0.0,-0.389,-0.933,-0.396,-2.011,26000000.0,246000000.0,1.0,384478569.0,380521039,380521039.0,8.233,8086000000.0,0.0,-2005000000.0,64000000.0,21.25,-314000000.0
23,SWN,MRT,2015-09-30,2015-09-30,2015-09-30,2021-09-07,-13000000.0,10725000000.0,13685250000.0,570000000.0,10155000000.0,0.249,11.612,-1197000000.0,15000000.0,15000000.0,1614000000.0,-2137000000.0,0.729,1.417,4664000000.0,1000000.0,4663000000.0,4664000000.0,0.0,1126000000.0,0.0,0.0,0.0,-3311000000.0,-2185000000.0,-0.641,-2185000000.0,-3311000000.0,-3553000000.0,-5.74,-5.75,-5.74,4437000000.0,5593500000.0,4437000000.0,9382147961.0,-3.0,-4.294,591000000.0,1.547,1.0,1794000000.0,0.526,0.0,242000000.0,14592000000.0,16989750000.0,33000000.0,112000000.0,112000000.0,0.0,6288000000.0,782000000.0,5506000000.0,4879147961.0,-5000000.0,-5678000000.0,671000000.0,2779000000.0,0.0,5071000000.0,-6864000000.0,0.0,1788000000.0,0.0,-2137000000.0,-2223000000.0,-2223000000.0,0.0,0.0,-0.652,5470000000.0,-3676000000.0,615000000.0,0.0,1.1,-2.195,-2.211,9979000000.0,86000000.0,12.69,1.432,1.423,355000000.0,1051000000.0,3408000000.0,3408000000.0,0.0,-0.162,-0.397,-0.195,-0.972,23000000.0,247000000.0,1.0,384487625.0,382098080,382098080.0,8.919,10725000000.0,0.0,-1416000000.0,521000000.0,28.069,-212000000.0
24,SWN,MRT,2015-06-30,2015-06-30,2015-06-30,2021-09-07,13000000.0,13504000000.0,13298250000.0,699000000.0,12805000000.0,0.27,16.273,-1318000000.0,37000000.0,37000000.0,1548000000.0,-187000000.0,0.832,1.172,4540000000.0,1000000.0,4539000000.0,4540000000.0,0.0,1090000000.0,0.0,0.0,0.0,-159000000.0,931000000.0,0.26,931000000.0,-159000000.0,-375000000.0,-0.52,-0.53,-0.52,6218000000.0,5557500000.0,6218000000.0,13887931786.0,-87.0,14.917,763000000.0,1.997,1.0,2039000000.0,0.568,0.0,216000000.0,17167000000.0,15860500000.0,34000000.0,185000000.0,185000000.0,0.0,7286000000.0,840000000.0,6446000000.0,8740931786.0,17000000.0,-5693000000.0,672000000.0,2610000000.0,0.0,4930000000.0,-6994000000.0,0.0,2081000000.0,0.0,-187000000.0,-246000000.0,-246000000.0,0.0,0.0,-0.069,2587000000.0,-548000000.0,578000000.0,0.0,1.406,-35.532,-43.712,12615000000.0,59000000.0,22.73,2.437,2.421,386000000.0,2818000000.0,3587000000.0,3587000000.0,0.0,-0.018,-0.044,-0.01,-0.044,21000000.0,241000000.0,1.0,384554852.0,382114011,382114011.0,9.387,13504000000.0,0.0,-188000000.0,1634000000.0,35.34,-141000000.0
25,SWN,MRT,2015-03-31,2015-03-31,2015-03-31,2021-09-07,48000000.0,15587000000.0,12144000000.0,888000000.0,14699000000.0,0.318,18.796,-1999000000.0,17000000.0,17000000.0,1512000000.0,808000000.0,0.94,1.209,5164000000.0,1000000.0,5163000000.0,5164000000.0,0.0,1010000000.0,0.0,0.0,0.0,1439000000.0,2449000000.0,0.635,2449000000.0,1439000000.0,1253000000.0,2.2,2.19,2.2,7057000000.0,5013500000.0,7057000000.0,15830091849.0,11.0,6.464,268000000.0,0.714,1.0,2346000000.0,0.608,0.0,186000000.0,19789000000.0,14023500000.0,39000000.0,295000000.0,295000000.0,0.0,8530000000.0,945000000.0,7585000000.0,8916091849.0,-2000000.0,-5880000000.0,675000000.0,3250000000.0,0.0,5598000000.0,-7867000000.0,0.0,2267000000.0,0.0,808000000.0,776000000.0,776000000.0,0.0,0.0,0.201,1243000000.0,1103000000.0,606000000.0,0.0,1.263,11.49,10.541,14483000000.0,32000000.0,23.19,2.311,2.257,491000000.0,3633000000.0,3858000000.0,3858000000.0,0.0,0.064,0.155,0.103,0.373,20000000.0,233000000.0,1.0,384480028.0,375444030,375578054.0,10.276,15587000000.0,0.0,445000000.0,2172000000.0,41.516,-57000000.0
26,SWN,MRT,2014-12-31,2014-12-31,2014-12-31,2021-09-07,62000000.0,14925000000.0,10353041000.0,1115000000.0,13810000000.0,0.39,13.265,-2000000000.0,53000000.0,53000000.0,1502000000.0,924000000.0,0.205,2.201,6967000000.0,4501000000.0,2466000000.0,6967000000.0,0.0,942000000.0,0.0,0.0,0.0,1563000000.0,2505000000.0,0.62,2505000000.0,1563000000.0,1449000000.0,2.63,2.62,2.63,4662000000.0,4199360000.0,4662000000.0,11422506904.0,7.0,4.56,335000000.0,0.953,1.0,2536000000.0,0.628,0.0,114000000.0,16411000000.0,11425429000.0,37000000.0,337000000.0,337000000.0,0.0,10263000000.0,5428000000.0,4835000000.0,9636506904.0,30000000.0,-5298000000.0,12000000.0,4971000000.0,0.0,4983000000.0,-7288000000.0,0.0,2335000000.0,0.0,924000000.0,924000000.0,924000000.0,0.0,0.0,0.229,1163000000.0,1373000000.0,653000000.0,0.0,2.067,10.429,10.376,13712000000.0,0.0,27.29,2.386,2.375,530000000.0,3577000000.0,4038000000.0,4038000000.0,0.0,0.089,0.22,0.137,0.387,18000000.0,221000000.0,1.0,353114947.0,351446747,352410683.0,11.49,14925000000.0,0.0,525000000.0,2152000000.0,42.467,-4313000000.0
27,SWN,MRT,2014-09-30,2014-09-30,2014-09-30,2021-09-07,19000000.0,9177000000.0,8633791000.0,660000000.0,8517000000.0,0.461,12.215,-1905000000.0,20000000.0,20000000.0,1450000000.0,757000000.0,0.743,1.138,1806000000.0,0.0,1806000000.0,1806000000.0,0.0,909000000.0,0.0,0.0,0.0,1384000000.0,2293000000.0,0.576,2293000000.0,1384000000.0,1279000000.0,2.15,2.15,2.15,4293000000.0,3939360000.0,4293000000.0,14160932878.0,10.0,6.176,400000000.0,1.138,1.0,2533000000.0,0.636,0.0,105000000.0,10075000000.0,9644679000.0,37000000.0,117000000.0,117000000.0,0.0,4884000000.0,888000000.0,3996000000.0,12342932878.0,1000000.0,-298000000.0,13000000.0,-118000000.0,0.0,-112000000.0,-2191000000.0,0.0,2305000000.0,-1000000.0,757000000.0,757000000.0,757000000.0,0.0,0.0,0.19,1127000000.0,1406000000.0,690000000.0,0.0,2.875,16.305,16.256,8393000000.0,0.0,34.95,3.099,3.084,457000000.0,3265000000.0,3983000000.0,3983000000.0,0.0,0.088,0.192,0.143,0.347,17000000.0,218000000.0,1.0,353159739.0,351457043,352327250.0,11.333,9177000000.0,0.0,522000000.0,2014000000.0,26.111,-228000000.0
28,SWN,MRT,2014-06-30,2014-06-30,2014-06-30,2021-09-07,-12000000.0,8887000000.0,8313138000.0,662000000.0,8225000000.0,0.472,11.503,-1916000000.0,20000000.0,20000000.0,1403000000.0,732000000.0,0.747,1.199,1838000000.0,0.0,1838000000.0,1838000000.0,0.0,876000000.0,0.0,0.0,0.0,1342000000.0,2218000000.0,0.565,2218000000.0,1342000000.0,1238000000.0,2.08,2.08,2.08,4042000000.0,3746107250.0,4042000000.0,17870020470.0,13.0,8.057,309000000.0,0.879,1.0,2520000000.0,0.642,0.0,104000000.0,9819000000.0,9370127000.0,38000000.0,40000000.0,40000000.0,0.0,4845000000.0,886000000.0,3959000000.0,16061313470.0,-6000000.0,-270000000.0,14000000.0,-58000000.0,0.0,-51000000.0,-2179000000.0,0.0,2225000000.0,-1000000.0,732000000.0,732000000.0,732000000.0,0.0,0.0,0.187,1091000000.0,1429000000.0,688000000.0,0.0,3.974,21.942,21.87,8089000000.0,0.0,45.49,4.094,4.075,513000000.0,3054000000.0,3923000000.0,3923000000.0,0.0,0.088,0.195,0.143,0.342,16000000.0,215000000.0,1.0,353073499.0,351391582,352579522.0,11.164,8887000000.0,0.0,506000000.0,1898000000.0,25.291,-224000000.0
29,SWN,MRT,2014-03-31,2014-03-31,2014-03-31,2021-09-07,-34967000.0,8423164000.0,8000185750.0,683101000.0,7740063000.0,0.469,10.821,-2163366000.0,18719000.0,18719000.0,1319000000.0,771000000.0,0.818,1.216,1827426000.0,0.0,1827426000.0,1827426000.0,0.0,831542000.0,0.0,0.0,0.0,1406000000.0,2237542000.0,0.597,2237542000.0,1406000000.0,1301000000.0,2.19,2.19,2.19,3800440000.0,3579006000.0,3800440000.0,18165477284.0,13.0,8.118,-17504000.0,-0.05,1.0,2431000000.0,0.648,0.0,105000000.0,9396716000.0,9080423250.0,38846000.0,11444000.0,11444000.0,0.0,4622724000.0,835155000.0,3787569000.0,16238319284.0,1075000.0,-105000000.0,11201000.0,102854000.0,0.0,107055000.0,-2250838000.0,0.0,2145862000.0,-1004000.0,771000000.0,771000000.0,771000000.0,0.0,0.0,0.206,1044000000.0,1387000000.0,642744000.0,0.0,4.273,21.061,21.009,7602673000.0,0.0,46.01,4.33,4.309,542037000.0,2846843000.0,3750000000.0,3750000000.0,0.0,0.096,0.215,0.155,0.375,14006000.0,211000000.0,1.0,352930217.0,351222538,351985821.0,10.677,8423164000.0,0.0,530000000.0,1749352000.0,23.982,-152054000.0
30,SWN,MRT,2013-12-31,2013-12-31,2013-12-31,2021-09-07,-4000000.0,8048000000.0,7623592500.0,644000000.0,7404000000.0,0.442,10.335,-2139000000.0,23000000.0,23000000.0,1189000000.0,704000000.0,0.936,1.222,1951000000.0,1000000.0,1950000000.0,1951000000.0,0.0,787000000.0,0.0,0.0,0.0,1294000000.0,2081000000.0,0.617,2081000000.0,1294000000.0,1190000000.0,2.01,2.0,2.01,3622000000.0,3399348000.0,3622000000.0,15726641494.0,12.0,7.557,-230000000.0,-0.656,1.0,2182000000.0,0.647,0.0,104000000.0,9288000000.0,8697270250.0,38000000.0,71000000.0,71000000.0,0.0,4426000000.0,688000000.0,3738000000.0,13834426494.0,-31000000.0,-96000000.0,10000000.0,274000000.0,0.0,277000000.0,-2216000000.0,0.0,1909000000.0,-1000000.0,704000000.0,704000000.0,704000000.0,0.0,0.0,0.209,978000000.0,1204000000.0,507000000.0,0.0,3.82,19.651,19.567,7297000000.0,0.0,39.33,4.104,4.089,464000000.0,2653000000.0,3371000000.0,3371000000.0,0.0,0.092,0.207,0.149,0.384,13000000.0,191000000.0,1.0,351752517.0,350465430,351101452.0,9.619,8048000000.0,0.0,486000000.0,1624000000.0,22.964,-44000000.0
31,SWN,MRT,2013-09-30,2013-09-30,2013-09-30,2021-09-07,48758000.0,7894388000.0,7295974250.0,739975000.0,7154413000.0,0.444,10.042,-2209410000.0,18950000.0,18950000.0,1120434000.0,203996000.0,0.914,1.243,1911165000.0,0.0,1911165000.0,1911165000.0,0.0,773833000.0,0.0,0.0,0.0,446531000.0,1220364000.0,0.377,1220364000.0,446531000.0,344574000.0,0.57,0.57,0.57,3519989000.0,3252816000.0,3519989000.0,14660073132.0,33.0,12.013,-369887000.0,-1.055,1.0,2120577000.0,0.654,0.0,101957000.0,8976792000.0,8269246250.0,43225000.0,0.0,0.0,0.0,4374399000.0,809811000.0,3564588000.0,12788024132.0,67000.0,0.0,7578000.0,227531000.0,0.0,235109000.0,-2074575000.0,0.0,1839523000.0,10000.0,203996000.0,203996000.0,203996000.0,0.0,0.0,0.063,1807938000.0,312639000.0,601414000.0,0.0,3.633,62.688,63.825,7036733000.0,0.0,36.38,3.946,3.935,444723000.0,2508163000.0,3241011000.0,3241011000.0,0.0,0.028,0.063,0.054,0.138,12774000.0,181336000.0,1.0,351512483.0,350517337,351222830.0,9.246,7894388000.0,0.0,140578000.0,1513050000.0,22.522,-69836000.0
32,SWN,MRT,2013-06-30,2013-06-30,2013-06-30,2021-09-07,95446000.0,7635191000.0,7161517750.0,792833000.0,6842358000.0,0.428,9.626,-2116676000.0,25685000.0,25685000.0,1045243000.0,-36057000.0,0.936,1.263,1897734000.0,0.0,1897734000.0,1897734000.0,0.0,773750000.0,0.0,0.0,0.0,54846000.0,828596000.0,0.27,828596000.0,54846000.0,-47632000.0,-0.12,-0.12,-0.12,3373595000.0,3229571000.0,3373595000.0,14519890774.0,265.0,17.523,-422066000.0,-1.204,1.0,2019495000.0,0.659,0.0,102478000.0,8660185000.0,8061324500.0,38100000.0,0.0,0.0,0.0,4261596000.0,847055000.0,3414541000.0,12841103774.0,-15872000.0,0.0,11302000.0,244388000.0,0.0,255690000.0,-1966187000.0,0.0,1694610000.0,15000.0,-36057000.0,-36057000.0,-36057000.0,0.0,0.0,-0.012,2081815000.0,-62320000.0,574713000.0,0.0,3.806,-356.133,-304.417,6694256000.0,0.0,36.53,4.19,4.177,445936000.0,2322296000.0,3064738000.0,3064738000.0,0.0,-0.005,-0.011,0.007,0.018,12451000.0,166457000.0,1.0,351522140.0,350448806,351082807.0,8.745,7635191000.0,0.0,-11575000.0,1437086000.0,21.787,-54222000.0
33,SWN,MRT,2013-03-31,2013-03-31,2013-03-31,2021-09-07,55607000.0,6916791000.0,7162522500.0,616807000.0,6299984000.0,0.392,8.804,-1833654000.0,24616000.0,24616000.0,941951000.0,-687189000.0,0.843,1.244,1703403000.0,0.0,1703403000.0,1703403000.0,0.0,797019000.0,0.0,0.0,0.0,-1014329000.0,-217310000.0,-0.077,-217310000.0,-1014329000.0,-1115810000.0,-1.98,-1.98,-1.98,3081808000.0,3285883500.0,3081808000.0,14688036826.0,-14.0,-67.59,-252179000.0,-0.72,1.0,1866863000.0,0.665,0.0,101481000.0,7864104000.0,7955325500.0,30408000.0,0.0,0.0,0.0,3834983000.0,731474000.0,3103509000.0,13081888826.0,-188615000.0,0.0,11259000.0,51569000.0,0.0,62828000.0,-1832952000.0,0.0,1581475000.0,34000.0,-687189000.0,-687189000.0,-687189000.0,0.0,0.0,-0.245,2900229000.0,-1033366000.0,553147000.0,0.0,4.245,-19.037,-18.818,6181508000.0,0.0,37.26,4.657,4.643,387324000.0,2076665000.0,2808814000.0,2808814000.0,0.0,-0.096,-0.209,-0.128,-0.361,12150000.0,163389000.0,1.0,351097392.0,350032430,350738309.0,8.024,6916791000.0,0.0,-428621000.0,1229047000.0,19.76,-114667000.0
34,SWN,MRT,2012-12-31,2012-12-31,2012-12-31,2021-09-07,149804000.0,6737527000.0,7571865000.0,808912000.0,5928615000.0,0.361,8.708,-1907000000.0,62125000.0,62125000.0,905000000.0,-707000000.0,1.054,1.219,1668273000.0,0.0,1668273000.0,1668273000.0,0.0,811000000.0,0.0,0.0,0.0,-1053000000.0,-242000000.0,-0.089,-242000000.0,-1053000000.0,-1150000000.0,-2.03,-2.03,-2.03,3035872000.0,3553371250.0,3035872000.0,13255011786.0,-13.0,-54.773,-253000000.0,-0.726,1.0,1825000000.0,0.668,0.0,97000000.0,7575904000.0,8253782000.0,28141000.0,282693000.0,282693000.0,0.0,3701655000.0,767771000.0,2933884000.0,11705303786.0,38000000.0,0.0,9000000.0,282000000.0,0.0,291000000.0,-1907000000.0,0.0,1654000000.0,0.0,-707000000.0,-707000000.0,-707000000.0,0.0,0.0,-0.259,2926000000.0,-1101000000.0,459569000.0,0.0,3.856,-16.556,-16.458,5836976000.0,0.0,33.41,4.288,4.266,377638000.0,1949150000.0,2730000000.0,2730000000.0,0.0,-0.093,-0.199,-0.128,-0.386,12000000.0,175000000.0,1.0,350353301.0,348610503,348610503.0,7.831,6737527000.0,0.0,-443000000.0,1218241000.0,19.327,41141000.0
35,SWN,MRT,2012-09-30,2012-09-30,2012-09-30,2021-09-07,192040000.0,7356562000.0,7863207500.0,846747000.0,6509815000.0,0.343,9.829,-2030535000.0,145634000.0,145634000.0,899416000.0,-192948000.0,1.112,1.147,1695342000.0,0.0,1695342000.0,1695342000.0,0.0,799242000.0,0.0,0.0,0.0,-212758000.0,586484000.0,0.218,586484000.0,-212758000.0,-302941000.0,-0.55,-0.56,-0.55,3427009000.0,3786729250.0,3427009000.0,13624986356.0,-64.0,23.232,-398452000.0,-1.143,1.0,1795798000.0,0.666,0.0,90183000.0,8145105000.0,8445920250.0,30630000.0,0.0,0.0,0.0,3929553000.0,761165000.0,3168388000.0,12142058356.0,5267000.0,0.0,9990000.0,421374000.0,0.0,455940000.0,-2082891000.0,0.0,1632083000.0,135000.0,-192948000.0,-192948000.0,-192948000.0,0.0,0.0,-0.072,2061161000.0,-265363000.0,468646000.0,0.0,3.543,-62.929,-63.236,6375559000.0,0.0,34.78,4.505,4.499,297773000.0,2304733000.0,2695214000.0,2695214000.0,0.0,-0.025,-0.051,-0.025,-0.079,-2469000.0,174965000.0,1.0,349110361.0,348649630,348649630.0,7.73,7356562000.0,0.0,-109993000.0,1466949000.0,21.1,85582000.0
36,SWN,MRT,2012-06-30,2012-06-30,2012-06-30,2021-09-07,321931000.0,7639210000.0,7827593750.0,1003513000.0,6635697000.0,0.354,10.337,-2092747000.0,185883000.0,185883000.0,928431000.0,36278000.0,1.133,1.123,1668811000.0,0.0,1668811000.0,1668811000.0,0.0,774181000.0,0.0,0.0,0.0,150464000.0,924645000.0,0.334,924645000.0,150464000.0,69204000.0,0.11,0.1,0.11,3598845000.0,3832115250.0,3598845000.0,12611959786.0,84.0,13.64,-372470000.0,-1.07,1.0,1842311000.0,0.665,0.0,81260000.0,8236189000.0,8319019750.0,34529000.0,0.0,0.0,0.0,4040365000.0,885949000.0,3154416000.0,11147546786.0,28220000.0,0.0,5745000.0,419478000.0,0.0,449798000.0,-2141955000.0,0.0,1720277000.0,100000.0,36278000.0,36278000.0,36278000.0,0.0,0.0,0.013,1745997000.0,96314000.0,484146000.0,0.0,3.098,307.281,290.273,6424747000.0,0.0,31.93,4.023,4.012,272750000.0,2358786000.0,2770742000.0,2770742000.0,0.0,0.005,0.009,0.018,0.054,-3213000.0,174444000.0,1.0,349124547.0,348162723,348162723.0,7.958,7639210000.0,0.0,32926000.0,1603600000.0,21.941,117564000.0
37,SWN,MRT,2012-03-31,2012-03-31,2012-03-31,2021-09-07,474998000.0,8554161000.0,7603316500.0,1228407000.0,7325754000.0,0.385,11.93,-2071845000.0,206167000.0,206167000.0,1000489000.0,608864000.0,1.279,1.06,1670580000.0,1200000.0,1669380000.0,1670580000.0,0.0,737738000.0,0.0,0.0,0.0,1077721000.0,1815459000.0,0.62,1815459000.0,1077721000.0,1003823000.0,1.75,1.74,1.75,4151759000.0,3759011750.0,4151759000.0,12008442197.0,11.0,6.615,-283844000.0,-0.816,1.0,1929343000.0,0.659,0.0,73898000.0,9057930000.0,8033240250.0,37323000.0,0.0,0.0,0.0,4402402000.0,960644000.0,3441758000.0,10680769197.0,188780000.0,0.0,6209000.0,434454000.0,0.0,465131000.0,-2064542000.0,0.0,1788001000.0,190000.0,608864000.0,608864000.0,608864000.0,0.0,0.0,0.208,904441000.0,1024902000.0,512017000.0,0.0,2.573,17.542,17.486,7026072000.0,0.0,30.6,3.646,3.635,299316000.0,2763918000.0,2929832000.0,2929832000.0,0.0,0.08,0.162,0.134,0.368,-3682000.0,169750000.0,1.0,349044745.0,348000074,349990725.0,8.419,8554161000.0,0.0,394959000.0,1943509000.0,24.581,267763000.0
38,SWN,MRT,2011-12-31,2011-12-31,2011-12-31,2021-09-07,408428000.0,7902897000.0,7049963250.0,978278000.0,6924619000.0,0.419,11.432,-2029948000.0,15627000.0,15627000.0,1015553000.0,637769000.0,1.106,0.991,1342100000.0,0.0,1342100000.0,1342100000.0,0.0,707966000.0,0.0,0.0,0.0,1120717000.0,1828683000.0,0.62,1828683000.0,1120717000.0,1050990000.0,1.84,1.82,1.84,3969304000.0,3492395250.0,3969304000.0,12315607490.0,11.0,6.735,-290131000.0,-0.836,1.0,1935779000.0,0.656,0.0,69727000.0,8344457000.0,7476825250.0,46234000.0,0.0,0.0,0.0,3933593000.0,884913000.0,3048680000.0,11125961490.0,-428000.0,0.0,6412000.0,263526000.0,0.0,284303000.0,-2024790000.0,0.0,1739817000.0,242000.0,637769000.0,637769000.0,637769000.0,0.0,0.0,0.216,862552000.0,1073227000.0,514071000.0,0.0,2.803,17.445,17.359,6645480000.0,0.0,31.94,3.77,3.758,341915000.0,2656214000.0,2951332000.0,2951332000.0,0.0,0.09,0.183,0.15,0.38,-4076000.0,158041000.0,1.0,348339433.0,347205316,349921413.0,8.5,7902897000.0,0.0,413221000.0,1821652000.0,22.761,93365000.0
39,SWN,MRT,2011-09-30,2011-09-30,2011-09-30,2021-09-07,229750000.0,7214107000.0,6578604750.0,836120000.0,6377987000.0,0.438,10.392,-1987250000.0,82554000.0,82554000.0,987603000.0,628654000.0,1.091,0.999,1272200000.0,1200000.0,1271000000.0,1272200000.0,0.0,673319000.0,0.0,0.0,0.0,1108747000.0,1782066000.0,0.619,1782066000.0,1108747000.0,1042023000.0,1.8,1.8,1.8,3608553000.0,3241288250.0,3608553000.0,12716874695.0,11.0,7.136,-259516000.0,-0.747,1.0,1891584000.0,0.657,0.0,66724000.0,7637503000.0,6991117250.0,46532000.0,0.0,0.0,0.0,3605554000.0,766250000.0,2839304000.0,11598555695.0,-904000.0,0.0,5728000.0,-24870000.0,0.0,-30965000.0,-1697447000.0,0.0,1727734000.0,-226000.0,628747000.0,628747000.0,628747000.0,0.0,-93000.0,0.218,823988000.0,1067596000.0,487186000.0,0.0,3.214,18.447,18.517,6214272000.0,0.0,33.33,4.028,4.02,346896000.0,2497681000.0,2879187000.0,2879187000.0,0.0,0.096,0.194,0.159,0.385,9827000.0,153783000.0,1.0,347991470.0,347239793,349998789.0,8.292,7214107000.0,0.0,413276000.0,1605961000.0,20.776,69870000.0
40,SWN,MRT,2011-06-30,2011-06-30,2011-06-30,2021-09-07,108383000.0,6742101000.0,6273259000.0,686142000.0,6055959000.0,0.445,9.525,-1989536000.0,98281000.0,98281000.0,956373000.0,614119000.0,0.894,1.039,1216600000.0,1200000.0,1215400000.0,1216600000.0,0.0,645150000.0,0.0,0.0,0.0,1080263000.0,1725413000.0,0.618,1725413000.0,1080263000.0,1016060000.0,1.77,1.76,1.77,3306431000.0,3056926500.0,3306431000.0,16104695916.0,15.0,9.334,-299074000.0,-0.862,1.0,1837731000.0,0.658,0.0,64203000.0,7093071000.0,6648943750.0,33378000.0,0.0,0.0,0.0,3435670000.0,767349000.0,2668321000.0,14917982916.0,-669000.0,0.0,5956000.0,30056000.0,0.0,24190000.0,-1715125000.0,0.0,1690462000.0,-196000.0,614315000.0,614315000.0,614315000.0,0.0,-196000.0,0.22,795717000.0,1042014000.0,536213000.0,0.0,4.512,24.284,24.226,5931066000.0,0.0,42.88,5.339,5.327,336717000.0,2322508000.0,2794104000.0,2794104000.0,0.0,0.098,0.201,0.162,0.387,10073000.0,153341000.0,1.0,347900721.0,347132830,349970819.0,8.049,6742101000.0,0.0,401745000.0,1425228000.0,19.422,-81207000.0
41,SWN,MRT,2011-03-31,2011-03-31,2011-03-31,2021-09-07,59442000.0,6340748000.0,5985321500.0,557145000.0,5783603000.0,0.438,8.896,-1795908000.0,17387000.0,17387000.0,888594000.0,568674000.0,0.801,1.055,1204100000.0,1200000.0,1202900000.0,1204100000.0,0.0,617191000.0,0.0,0.0,0.0,1000998000.0,1618189000.0,0.618,1618189000.0,1000998000.0,939732000.0,1.64,1.63,1.64,3085293000.0,2894395250.0,3085293000.0,16021149119.0,16.0,9.901,-174423000.0,-0.503,1.0,1730287000.0,0.661,0.0,61266000.0,6832270000.0,6309562750.0,33007000.0,0.0,0.0,0.0,3255455000.0,695191000.0,2560264000.0,14943004119.0,3487000.0,0.0,6387000.0,187247000.0,0.0,181919000.0,-1799616000.0,0.0,1621485000.0,-301000.0,568930000.0,568930000.0,568930000.0,0.0,-256000.0,0.217,764498000.0,965789000.0,487249000.0,0.0,4.843,26.265,26.201,5655935000.0,0.0,42.97,5.706,5.691,339590000.0,2155054000.0,2618881000.0,2618881000.0,0.0,0.095,0.197,0.159,0.382,9973000.0,149736000.0,1.0,347754343.0,346833906,349697327.0,7.551,6340748000.0,0.0,370802000.0,1283833000.0,18.282,-138046000.0
42,SWN,MRT,2010-12-31,2010-12-31,2010-12-31,2021-09-07,83975000.0,6017463000.0,5683193000.0,580893000.0,5436570000.0,0.459,8.579,-1722947000.0,16055000.0,16055000.0,853540000.0,603833000.0,0.837,1.03,1094200000.0,1200000.0,1093000000.0,1094200000.0,0.0,591943000.0,0.0,0.0,0.0,1054856000.0,1646799000.0,0.631,1646799000.0,1054856000.0,995777000.0,1.75,1.73,1.75,2964876000.0,2758736500.0,2964876000.0,13902325732.0,13.0,8.442,-80362000.0,-0.233,1.0,1757123000.0,0.673,0.0,59079000.0,6401625000.0,5981314500.0,35098000.0,0.0,0.0,0.0,3052587000.0,693983000.0,2358604000.0,12980098732.0,2871000.0,0.0,3897000.0,83955000.0,0.0,86240000.0,-1725631000.0,0.0,1642585000.0,-323000.0,604118000.0,604118000.0,604118000.0,0.0,-285000.0,0.231,735895000.0,1021228000.0,473890000.0,0.0,4.378,21.486,21.389,5298197000.0,0.0,37.43,4.972,4.955,351573000.0,2018445000.0,2610663000.0,2610663000.0,0.0,0.106,0.219,0.176,0.404,9820000.0,145563000.0,1.0,346783295.0,345581568,349310666.0,7.554,6017463000.0,0.0,391659000.0,1224432000.0,17.413,-113090000.0
43,SWN,MRT,2010-09-30,2010-09-30,2010-09-30,2021-09-07,155006000.0,5992724000.0,5371389750.0,961196000.0,5031528000.0,0.477,8.308,-1563000000.0,368373000.0,368373000.0,819442000.0,612207000.0,1.488,1.084,1290600000.0,1200000.0,1289400000.0,1290600000.0,0.0,573588000.0,0.0,0.0,0.0,1064824000.0,1638412000.0,0.639,1638412000.0,1064824000.0,1005768000.0,1.78,1.76,1.78,2871106000.0,2600323750.0,2871106000.0,12382627912.0,12.0,7.558,21912000.0,0.063,1.0,1745283000.0,0.68,0.0,59056000.0,6268809000.0,5685745750.0,30856000.0,0.0,0.0,0.0,3112223000.0,646142000.0,2466081000.0,11573148912.0,4538000.0,0.0,4597000.0,331509000.0,0.0,336106000.0,-1916480000.0,0.0,1584912000.0,0.0,612433000.0,612433000.0,612433000.0,0.0,-226000.0,0.239,714479000.0,1030804000.0,435320000.0,0.0,4.031,18.897,18.787,4867243000.0,0.0,33.44,4.512,4.506,297389000.0,1868934000.0,2564725000.0,2564725000.0,0.0,0.114,0.236,0.187,0.415,9930000.0,142502000.0,1.0,346086989.0,345587569,349228576.0,7.421,5992724000.0,0.0,393335000.0,1158691000.0,17.341,315054000.0
44,SWN,MRT,2010-06-30,2010-06-30,2010-06-30,2021-09-07,106506000.0,5590351000.0,4987744500.0,911296000.0,4679055000.0,0.478,7.693,-1452307000.0,369721000.0,369721000.0,753984000.0,569779000.0,1.372,1.101,1179200000.0,1200000.0,1178000000.0,1179200000.0,0.0,536136000.0,0.0,0.0,0.0,992631000.0,1528767000.0,0.641,1528767000.0,992631000.0,934151000.0,1.65,1.64,1.65,2656306000.0,2437466500.0,2656306000.0,14381972481.0,14.0,9.408,42391000.0,0.123,1.0,1631518000.0,0.684,0.0,58480000.0,5735547000.0,5330160500.0,29730000.0,0.0,0.0,0.0,2924484000.0,664283000.0,2260201000.0,13376872481.0,11703000.0,0.0,3703000.0,320940000.0,0.0,324643000.0,-1807638000.0,0.0,1494698000.0,0.0,569946000.0,569946000.0,569946000.0,0.0,-167000.0,0.239,673812000.0,957706000.0,445261000.0,0.0,5.036,23.47,23.418,4523808000.0,0.0,38.64,5.608,5.593,294232000.0,1708193000.0,2385502000.0,2385502000.0,0.0,0.114,0.234,0.186,0.416,10132000.0,139286000.0,1.0,346192352.0,345288773,349341731.0,6.909,5590351000.0,0.0,364205000.0,1024302000.0,16.19,247013000.0
45,SWN,MRT,2010-03-31,2010-03-31,2010-03-31,2021-09-07,119778000.0,5132234000.0,4674727250.0,571760000.0,4560474000.0,0.486,7.368,-1740986000.0,13900000.0,13900000.0,679163000.0,568828000.0,0.925,1.015,1019000000.0,1200000.0,1017800000.0,1019000000.0,0.0,510063000.0,0.0,0.0,0.0,991781000.0,1501844000.0,0.661,1501844000.0,991781000.0,933410000.0,1.65,1.64,1.65,2542658000.0,2322982500.0,2542658000.0,15078210402.0,15.0,10.04,-371326000.0,-1.076,1.0,1593916000.0,0.701,0.0,58371000.0,5519277000.0,5036927000.0,24220000.0,0.0,0.0,0.0,2579849000.0,618057000.0,1961792000.0,14092694402.0,-68422000.0,0.0,6005000.0,293137000.0,0.0,299142000.0,-1737224000.0,0.0,1369660000.0,0.0,568977000.0,568977000.0,568977000.0,0.0,-149000.0,0.25,640300000.0,953616000.0,430463000.0,0.0,5.543,24.768,24.679,4462508000.0,0.0,40.72,6.2,6.182,269534000.0,1586124000.0,2273079000.0,2273079000.0,0.0,0.122,0.245,0.197,0.436,12474000.0,131853000.0,1.0,346087780.0,345099247,349397997.0,6.587,5132234000.0,0.0,364433000.0,955237000.0,14.872,-46297000.0
46,SWN,MRT,2009-12-31,2009-12-31,2009-12-31,2021-09-07,84276000.0,4770250000.0,4448812750.0,564501000.0,4205749000.0,0.482,6.788,-1779347000.0,13184000.0,13184000.0,656657000.0,-35792000.0,1.052,1.042,998700000.0,1200000.0,997500000.0,998700000.0,0.0,495291000.0,0.0,0.0,0.0,6834000.0,502125000.0,0.234,502125000.0,6834000.0,-52013000.0,-0.1,-0.1,-0.1,2331225000.0,2228371250.0,2331225000.0,17593074894.0,2574.0,35.037,-419971000.0,-1.223,1.0,1489122000.0,0.694,0.0,58847000.0,5219350000.0,4666512500.0,30009000.0,0.0,0.0,0.0,2429269000.0,536416000.0,1892853000.0,16643233894.0,-183093000.0,0.0,5755000.0,232380000.0,0.0,238135000.0,-1780604000.0,0.0,1359376000.0,0.0,-35650000.0,-35650000.0,-35650000.0,0.0,-142000.0,-0.017,1524088000.0,-34966000.0,404695000.0,0.0,7.139,-466.851,-482.0,4127253000.0,0.0,48.2,7.756,7.714,263076000.0,1414327000.0,2145779000.0,2145779000.0,0.0,-0.008,-0.016,0.001,0.003,10177000.0,122618000.0,1.0,345295309.0,343420568,343420568.0,6.248,4770250000.0,0.0,-16363000.0,837402000.0,13.89,28085000.0
47,SWN,MRT,2009-09-30,2009-09-30,2009-09-30,2021-09-07,136999000.0,4458143000.0,4446289750.0,533836000.0,3924307000.0,0.455,6.458,-1825225000.0,9659000.0,9659000.0,657654000.0,-89345000.0,0.951,1.004,959500000.0,1200000.0,958300000.0,959500000.0,0.0,471568000.0,0.0,0.0,0.0,-82415000.0,389153000.0,0.193,389153000.0,-82415000.0,-141092000.0,-0.27,-0.27,-0.27,2219677000.0,2272522500.0,2219677000.0,15571326527.0,-189.0,40.013,-641597000.0,-1.867,1.0,1363709000.0,0.675,0.0,58677000.0,4846468000.0,4491396000.0,43658000.0,0.0,0.0,0.0,2228578000.0,561516000.0,1667062000.0,14702771527.0,-416529000.0,0.0,4436000.0,223712000.0,0.0,229058000.0,-1829215000.0,0.0,1183628000.0,0.0,-89277000.0,-89277000.0,-89277000.0,0.0,-68000.0,-0.044,1494004000.0,-130295000.0,348518000.0,0.0,6.624,-164.687,-158.074,3827242000.0,0.0,42.68,7.274,7.257,199011000.0,1256501000.0,2021363000.0,2021363000.0,0.0,-0.02,-0.039,-0.018,-0.041,8233000.0,116274000.0,1.0,344488555.0,343717232,349000241.0,5.881,4458143000.0,0.0,-51815000.0,735129000.0,12.97,-27680000.0
48,SWN,MRT,2009-06-30,2009-06-30,2009-06-30,2021-09-07,238550000.0,4338282000.0,4422755500.0,664776000.0,3673506000.0,0.498,6.41,-1533925000.0,2245000.0,2245000.0,755192000.0,10810000.0,1.032,0.969,870800000.0,1200000.0,869600000.0,870800000.0,0.0,462723000.0,0.0,0.0,0.0,77295000.0,540018000.0,0.245,540018000.0,77295000.0,18432000.0,0.03,0.02,0.03,2198370000.0,2272791250.0,2198370000.0,14003367952.0,181.0,25.931,-287637000.0,-0.839,1.0,1446221000.0,0.657,0.0,58863000.0,4562613000.0,4265022250.0,45564000.0,0.0,0.0,0.0,2129938000.0,644224000.0,1485714000.0,13350289952.0,-174982000.0,0.0,4796000.0,108153000.0,0.0,116724000.0,-1537994000.0,0.0,1246288000.0,0.0,10637000.0,10637000.0,10637000.0,0.0,173000.0,0.005,1474514000.0,-28293000.0,364003000.0,0.0,6.073,1255.08,1295.0,3531275000.0,0.0,38.85,6.064,6.052,213404000.0,1138247000.0,2201413000.0,2201413000.0,0.0,0.002,0.005,0.018,0.035,2527000.0,105387000.0,1.0,343636807.0,342960373,348806860.0,6.419,4338282000.0,0.0,7795000.0,708115000.0,12.65,20552000.0
49,SWN,MRT,2009-03-31,2009-03-31,2009-03-31,2021-09-07,332551000.0,4228576000.0,4372550000.0,853192000.0,3375384000.0,0.532,6.318,-881311000.0,82322000.0,82322000.0,878218000.0,26517000.0,1.011,0.949,735400000.0,61200000.0,674200000.0,735400000.0,0.0,443163000.0,0.0,0.0,0.0,99849000.0,543012000.0,0.233,543012000.0,99849000.0,39303000.0,0.08,0.06,0.08,2164213000.0,2088949250.0,2164213000.0,10741579823.0,108.0,19.781,389706000.0,1.138,1.0,1450045000.0,0.623,0.0,60546000.0,4037619000.0,4006099000.0,48694000.0,0.0,0.0,0.0,2054252000.0,844035000.0,1210217000.0,10202456823.0,80116000.0,0.0,2690000.0,-350322000.0,0.0,-304537000.0,-886364000.0,0.0,1271017000.0,0.0,26087000.0,26087000.0,26087000.0,0.0,430000.0,0.011,1451279000.0,-1234000.0,457534000.0,0.0,4.714,391.094,371.125,3192354000.0,0.0,29.69,4.382,4.368,209834000.0,1017147000.0,2328263000.0,2328263000.0,0.0,0.006,0.012,0.025,0.043,-37902000.0,101928000.0,1.0,343632766.0,342570995,342570995.0,6.796,4228576000.0,0.0,13216000.0,682517000.0,12.344,9157000.0
50,SWN,MRT,2008-12-31,2008-12-31,2008-12-31,2021-09-07,247665000.0,4760158000.0,4309096500.0,883263000.0,3876895000.0,0.536,7.341,-791857000.0,196277000.0,196277000.0,908417000.0,568533000.0,1.132,0.894,735400000.0,61200000.0,674200000.0,735400000.0,0.0,416151000.0,0.0,0.0,0.0,982381000.0,1398532000.0,0.605,1398532000.0,982381000.0,918945000.0,1.66,1.64,1.66,2507830000.0,1939642500.0,2507830000.0,10256008690.0,10.0,7.333,368952000.0,1.08,1.0,1403135000.0,0.607,0.0,63436000.0,4518884000.0,4096658750.0,63726000.0,0.0,0.0,0.0,2242195000.0,780397000.0,1461798000.0,9946196690.0,194445000.0,0.0,3505000.0,-212003000.0,0.0,-174286000.0,-792078000.0,0.0,1160809000.0,0.0,567946000.0,567946000.0,567946000.0,0.0,587000.0,0.246,516367000.0,886768000.0,451597000.0,0.0,3.966,17.513,17.452,3713607000.0,0.0,28.97,4.303,4.281,254557000.0,1449977000.0,2311552000.0,2311552000.0,0.0,0.132,0.293,0.24,0.425,-35444000.0,101959000.0,1.0,343327466.0,341621814,346245938.0,6.766,4760158000.0,0.0,350999000.0,876106000.0,13.934,102866000.0
51,SWN,MRT,2008-09-30,2008-09-30,2008-09-30,2021-09-07,69255000.0,4364006000.0,4024736000.0,889617000.0,3474389000.0,0.55,6.487,-720152000.0,426188000.0,426188000.0,885397000.0,536271000.0,1.214,0.965,736000000.0,61200000.0,674800000.0,736000000.0,0.0,392471000.0,0.0,0.0,0.0,926873000.0,1319344000.0,0.596,1319344000.0,926873000.0,863812000.0,1.57,1.54,1.57,2220752000.0,1724310000.0,2220752000.0,11039761614.0,12.0,8.368,434272000.0,1.269,1.0,1328853000.0,0.6,0.0,63061000.0,3940973000.0,4009411250.0,61713000.0,0.0,0.0,0.0,2143254000.0,732845000.0,1410409000.0,10480852614.0,425573000.0,0.0,4554000.0,-26918000.0,0.0,-7645000.0,-721206000.0,0.0,1154424000.0,0.0,535379000.0,535379000.0,535379000.0,0.0,892000.0,0.242,486769000.0,842084000.0,440526000.0,0.0,4.72,19.577,19.452,3344458000.0,0.0,30.54,4.733,4.721,254129000.0,1345778000.0,2214250000.0,2214250000.0,0.0,0.133,0.31,0.231,0.419,-16422000.0,96023000.0,1.0,343184434.0,342312845,346712565.0,6.468,4364006000.0,0.0,328433000.0,762436000.0,12.749,156772000.0
52,SWN,MRT,2008-06-30,2008-06-30,2008-06-30,2021-09-07,-462061000.0,4137460000.0,3757016750.0,805993000.0,3331467000.0,0.487,4.285,-1033679000.0,177091000.0,177091000.0,734367000.0,368866000.0,0.689,1.828,736000000.0,61200000.0,674800000.0,736000000.0,0.0,368856000.0,0.0,0.0,0.0,653364000.0,1022220000.0,0.559,1022220000.0,653364000.0,594122000.0,1.08,1.06,1.08,1463002000.0,1571750500.0,1463002000.0,17358205284.0,27.0,16.981,-80910000.0,-0.237,1.0,1094506000.0,0.598,0.0,59242000.0,3526920000.0,3922794000.0,41163000.0,0.0,0.0,0.0,2674458000.0,1169449000.0,1505009000.0,16280876284.0,176916000.0,0.0,3707000.0,243755000.0,0.0,258135000.0,-1033988000.0,0.0,952769000.0,0.0,368171000.0,368171000.0,368171000.0,0.0,695000.0,0.201,462009000.0,632497000.0,427702000.0,0.0,11.128,44.221,44.083,3117992000.0,0.0,47.61,8.902,8.888,306794000.0,1127610000.0,1828873000.0,1828873000.0,0.0,0.098,0.234,0.167,0.357,-12000000.0,95067000.0,1.0,341963375.0,341402888,346551198.0,5.357,4137460000.0,173807000.0,225951000.0,507070000.0,12.119,-363456000.0
53,SWN,MRT,2008-03-31,2008-03-31,2008-03-31,2021-09-07,-178578000.0,3974762000.0,3454900250.0,397383000.0,3577379000.0,0.433,4.594,-1534466000.0,471000.0,471000.0,586881000.0,279695000.0,0.609,1.537,1077800000.0,1200000.0,1076600000.0,1077800000.0,0.0,336853000.0,0.0,0.0,0.0,501536000.0,838389000.0,0.561,838389000.0,501536000.0,450643000.0,0.82,0.81,0.82,1566986000.0,1590684000.0,1566986000.0,12498134826.0,25.0,14.907,-743055000.0,-2.179,1.0,907704000.0,0.607,0.0,50893000.0,4399858000.0,3795163250.0,35488000.0,0.0,0.0,0.0,2407776000.0,652233000.0,1755543000.0,11520061826.0,1318000.0,0.0,3370000.0,762491000.0,0.0,743521000.0,-1533614000.0,0.0,791411000.0,0.0,279215000.0,279215000.0,279215000.0,0.0,480000.0,0.187,422487000.0,485217000.0,346857000.0,0.0,7.352,41.259,41.085,3390743000.0,0.0,33.69,7.708,7.688,216903000.0,991060000.0,1494585000.0,1494585000.0,0.0,0.081,0.176,0.132,0.336,7342000.0,87261000.0,1.0,341943064.0,341064247,348196507.0,4.382,3974762000.0,69345000.0,171428000.0,526322000.0,11.654,-254850000.0
54,SWN,MRT,2007-12-31,2007-12-31,2007-12-31,2021-09-07,13348000.0,3622716000.0,3097909250.0,363341000.0,3259375000.0,0.405,4.858,-1513642000.0,727000.0,727000.0,499482000.0,221519000.0,0.843,1.2,978800000.0,1200000.0,977600000.0,978800000.0,0.0,295332000.0,0.0,0.0,0.0,394694000.0,690026000.0,0.55,690026000.0,394694000.0,357029000.0,0.65,0.64,0.65,1646500000.0,1559927000.0,1646500000.0,10227545934.0,26.0,14.822,-890907000.0,-2.628,1.0,755649000.0,0.602,0.0,37665000.0,4169894000.0,3333389500.0,46383000.0,0.0,0.0,0.0,1976216000.0,430895000.0,1545321000.0,9496660934.0,-41095000.0,0.0,5474000.0,846193000.0,0.0,849667000.0,-1513497000.0,0.0,622735000.0,0.0,221174000.0,221174000.0,221174000.0,0.0,345000.0,0.176,374183000.0,381466000.0,313070000.0,0.0,5.768,42.938,42.862,3077630000.0,0.0,27.86,7.566,7.524,177680000.0,882031000.0,1255131000.0,1255131000.0,0.0,0.071,0.142,0.118,0.314,6377000.0,80269000.0,1.0,340870816.0,338953446,347442660.0,3.703,3622716000.0,0.0,135855000.0,505192000.0,10.688,-67554000.0
55,SWN,MRT,2007-09-30,2007-09-30,2007-09-30,2021-09-07,34752000.0,3293129000.0,2786997500.0,311153000.0,2981976000.0,0.383,4.743,-1161916000.0,615000.0,615000.0,427519000.0,183302000.0,0.724,1.045,731500000.0,1200000.0,730300000.0,731500000.0,0.0,255756000.0,0.0,0.0,0.0,322438000.0,578194000.0,0.542,578194000.0,322438000.0,295367000.0,0.545,0.535,0.545,1610514000.0,1506962750.0,1610514000.0,7621104414.0,24.0,13.181,-628097000.0,-1.85,1.0,638854000.0,0.599,0.0,27071000.0,3594504000.0,2814701500.0,107498000.0,0.0,0.0,0.0,1682615000.0,429510000.0,1253105000.0,7124115414.0,-52506000.0,0.0,5493000.0,625354000.0,0.0,654592000.0,-1240917000.0,-79655000.0,533819000.0,0.0,183302000.0,183302000.0,183302000.0,0.0,0.0,0.172,328580000.0,310274000.0,333676000.0,0.0,4.424,38.865,38.394,2947311000.0,0.0,20.925,6.681,6.664,136053000.0,810399000.0,1066373000.0,1066373000.0,0.0,0.066,0.122,0.115,0.302,-20051000.0,74156000.0,1.0,340459518.0,339591040,345088224.0,3.14,3293129000.0,0.0,112065000.0,478820000.0,9.697,-118357000.0
56,SWN,MRT,2007-06-30,2007-06-30,2007-06-30,2021-09-07,11541000.0,2928994000.0,2508851000.0,284174000.0,2644820000.0,0.374,4.54,-975833000.0,311000.0,311000.0,378745000.0,165819000.0,0.694,0.904,497300000.0,1200000.0,496100000.0,497300000.0,0.0,214749000.0,0.0,0.0,0.0,286643000.0,501392000.0,0.535,501392000.0,286643000.0,267169000.0,0.495,0.485,0.495,1538736000.0,1448740500.0,1538736000.0,7888236546.0,28.0,15.733,-516729000.0,-1.525,1.0,558400000.0,0.596,0.0,19474000.0,3016397000.0,2418089000.0,93932000.0,0.0,0.0,0.0,1390258000.0,409586000.0,980672000.0,7560524546.0,-175681000.0,0.0,5317000.0,377468000.0,0.0,408761000.0,-1043546000.0,-69065000.0,459104000.0,0.0,165819000.0,165819000.0,165819000.0,0.0,0.0,0.177,284461000.0,273939000.0,319163000.0,0.0,4.913,45.595,44.949,2615454000.0,0.0,22.25,8.068,8.047,153156000.0,759439000.0,937145000.0,937145000.0,0.0,0.066,0.114,0.119,0.306,-20182000.0,71004000.0,1.0,339798856.0,338933824,345001082.0,2.765,2928994000.0,0.0,101350000.0,432380000.0,8.642,-125412000.0
57,SWN,MRT,2007-03-31,2007-03-31,2007-03-31,2021-09-07,-26678000.0,2546798000.0,2287706750.0,236589000.0,2310209000.0,0.359,4.282,-845006000.0,888000.0,888000.0,333556000.0,155229000.0,0.735,0.764,328600000.0,1200000.0,327400000.0,328600000.0,0.0,180230000.0,0.0,0.0,0.0,266234000.0,446464000.0,0.544,446464000.0,266234000.0,251730000.0,0.465,0.455,0.465,1443958000.0,1389424500.0,1443958000.0,7019714462.0,26.0,15.723,-430027000.0,-1.275,1.0,487506000.0,0.594,0.0,14504000.0,2552763000.0,2112036000.0,80115000.0,0.0,0.0,0.0,1102840000.0,321747000.0,781093000.0,6924841462.0,-211475000.0,0.0,5646000.0,188665000.0,0.0,217815000.0,-844269000.0,0.0,414979000.0,0.0,155229000.0,155229000.0,155229000.0,0.0,0.0,0.189,247279000.0,240227000.0,217103000.0,0.0,4.796,44.61,44.065,2285728000.0,0.0,20.49,8.434,8.415,148201000.0,711845000.0,821062000.0,821062000.0,0.0,0.068,0.112,0.126,0.324,-8952000.0,68307000.0,1.0,337962004.0,337202714,344064964.0,2.435,2546798000.0,0.0,96501000.0,394804000.0,7.553,-85158000.0
58,SWN,MRT,2006-12-31,2006-12-31,2006-12-31,2021-09-07,31487000.0,2379069000.0,2133978250.0,314084000.0,2064985000.0,0.358,4.288,-631157000.0,42867000.0,42867000.0,299438000.0,162636000.0,0.829,0.658,137800000.0,1200000.0,136600000.0,137800000.0,0.0,152519000.0,0.0,0.0,0.0,274536000.0,427055000.0,0.56,427055000.0,274536000.0,262035000.0,0.49,0.47,0.49,1434643000.0,1337497750.0,1434643000.0,5979469961.0,22.0,14.002,-201220000.0,-0.601,1.0,463674000.0,0.608,0.0,12501000.0,2095142000.0,1876308250.0,39330000.0,0.0,0.0,0.0,944426000.0,378860000.0,565566000.0,5894190961.0,-180778000.0,0.0,3873000.0,809000.0,0.0,19291000.0,-630006000.0,0.0,429937000.0,0.0,162636000.0,162636000.0,162636000.0,0.0,0.0,0.213,217402000.0,246272000.0,261177000.0,0.0,4.108,36.242,35.765,1878661000.0,0.0,17.525,7.724,7.684,100139000.0,660857000.0,763112000.0,763112000.0,0.0,0.076,0.122,0.146,0.36,-9445000.0,66112000.0,1.0,336330440.0,334606282,342575500.0,2.281,2379069000.0,0.0,99399000.0,384135000.0,7.11,-64776000.0
59,SWN,MRT,2006-09-30,2006-09-30,2006-09-30,2021-09-07,18289000.0,2180543000.0,2006342000.0,246808000.0,1933735000.0,0.384,4.112,-739894000.0,53121000.0,53121000.0,311973000.0,177732000.0,0.957,0.583,138400000.0,1200000.0,137200000.0,138400000.0,0.0,128426000.0,0.0,0.0,0.0,298216000.0,426642000.0,0.554,426642000.0,298216000.0,285610000.0,0.535,0.53,0.535,1377625000.0,1256413000.0,1377625000.0,4985503121.0,17.0,11.685,-320098000.0,-0.955,1.0,457808000.0,0.595,0.0,12606000.0,2008054000.0,1713131000.0,93421000.0,0.0,0.0,0.0,802918000.0,257768000.0,545150000.0,5023095121.0,-335080000.0,0.0,3633000.0,-106946000.0,0.0,-95866000.0,-659010000.0,80134000.0,419796000.0,0.0,177732000.0,177732000.0,177732000.0,0.0,0.0,0.231,191280000.0,266528000.0,175400000.0,0.0,3.646,28.262,27.916,1889882000.0,0.0,14.935,6.525,6.5,82041000.0,627097000.0,769781000.0,769781000.0,0.0,0.089,0.141,0.174,0.387,-2655000.0,63340000.0,1.0,336330440.0,335028498,343156208.0,2.298,2180543000.0,0.0,107878000.0,378453000.0,6.509,-10960000.0
60,SWN,MRT,2006-06-30,2006-06-30,2006-06-30,2021-09-07,-20763000.0,2044417000.0,1938302500.0,336870000.0,1707547000.0,0.394,3.896,-634073000.0,175992000.0,175992000.0,312065000.0,183724000.0,1.569,0.571,138400000.0,1200000.0,137200000.0,138400000.0,0.0,114322000.0,6367000.0,0.0,0.0,309730000.0,424052000.0,0.555,424052000.0,309730000.0,294055000.0,0.57,0.56,0.57,1301472000.0,1159010500.0,1301472000.0,5111451804.0,17.0,12.054,-264931000.0,-0.793,1.0,451449000.0,0.591,0.0,15675000.0,1792185000.0,1528859250.0,79502000.0,0.0,0.0,0.0,742945000.0,214640000.0,528305000.0,5223814804.0,175247000.0,0.0,583922000.0,-219361000.0,0.0,370958000.0,-564853000.0,69544000.0,369142000.0,0.0,183724000.0,183724000.0,183724000.0,0.0,0.0,0.241,170838000.0,280611000.0,148873000.0,0.0,4.014,28.433,27.333,1683995000.0,0.0,15.58,6.842,6.817,80990000.0,593620000.0,763514000.0,763514000.0,0.0,0.095,0.159,0.203,0.406,-3750000.0,57830000.0,1.0,335289782.0,334089178,341777678.0,2.285,2044417000.0,3000000.0,110331000.0,337799000.0,6.119,122230000.0
61,SWN,MRT,2006-03-31,2006-03-31,2006-03-31,2021-09-07,-42459000.0,1931884000.0,1744567000.0,377989000.0,1553895000.0,0.425,3.706,-530554000.0,212363000.0,212363000.0,305513000.0,173534000.0,1.803,0.563,100000000.0,0.0,100000000.0,100000000.0,0.0,105438000.0,6454000.0,0.0,0.0,293271000.0,398709000.0,0.537,398709000.0,293271000.0,274956000.0,0.55,0.54,0.55,1236251000.0,955626000.0,1236251000.0,5270528488.0,18.0,13.219,-185802000.0,-0.557,1.0,436465000.0,0.588,0.0,18315000.0,1609852000.0,1439125750.0,66295000.0,18025000.0,0.0,18025000.0,695633000.0,209669000.0,485964000.0,5394233488.0,211506000.0,0.0,585719000.0,-191566000.0,0.0,396715000.0,-529961000.0,1519000.0,344752000.0,0.0,173534000.0,173534000.0,173534000.0,0.0,0.0,0.234,156967000.0,279498000.0,125490000.0,0.0,4.363,31.085,29.264,1508578000.0,0.0,16.095,7.27,7.235,90570000.0,556616000.0,741978000.0,741978000.0,0.0,0.099,0.182,0.204,0.395,2266000.0,52900000.0,1.0,335149642.0,333555120,341893002.0,2.224,1931884000.0,5476000.0,101422000.0,309501000.0,5.792,168320000.0
62,SWN,MRT,2005-12-31,2005-12-31,2005-12-31,2021-09-07,-104874000.0,1868524000.0,1561660750.0,461064000.0,1407460000.0,0.433,3.679,-453859000.0,223705000.0,223705000.0,285548000.0,147760000.0,1.525,0.683,100000000.0,0.0,100000000.0,100000000.0,0.0,97652000.0,0.0,0.0,0.0,255236000.0,352888000.0,0.522,352888000.0,255236000.0,234191000.0,0.49,0.475,0.49,1110304000.0,757290250.0,1110304000.0,5078048521.0,20.0,14.39,-149377000.0,-0.495,1.0,390781000.0,0.578,0.0,21045000.0,1442433000.0,1364987000.0,81767000.0,17100000.0,0.0,17100000.0,758220000.0,302386000.0,455834000.0,5241249521.0,222470000.0,0.0,585226000.0,-214320000.0,0.0,370906000.0,-452918000.0,1519000.0,304482000.0,0.0,147760000.0,147760000.0,147760000.0,0.0,0.0,0.218,144861000.0,245920000.0,154385000.0,0.0,4.721,35.471,36.673,1370397000.0,0.0,17.97,7.75,8.018,128948000.0,498221000.0,676329000.0,676329000.0,0.0,0.095,0.195,0.187,0.377,1906000.0,48650000.0,1.0,291666640.0,301785204,312618078.0,2.241,1868524000.0,29700000.0,86431000.0,269047000.0,6.192,158678000.0
63,SWN,MRT,2005-09-30,2005-09-30,2005-09-30,2021-09-07,-172147000.0,1908385000.0,1381065750.0,617655000.0,1290730000.0,0.438,3.334,-404226000.0,388201000.0,388201000.0,246686000.0,131819000.0,1.302,0.932,225000000.0,125000000.0,100000000.0,225000000.0,0.0,90685000.0,0.0,0.0,0.0,230056000.0,320741000.0,0.53,320741000.0,230056000.0,207639000.0,0.453,0.44,0.453,988015000.0,591633500.0,988015000.0,5679437844.0,25.0,17.707,-133826000.0,-0.452,1.0,358482000.0,0.592,0.0,22417000.0,1270967000.0,1338431000.0,77055000.0,15820000.0,0.0,15820000.0,920370000.0,474217000.0,446153000.0,5352082844.0,386967000.0,-2059000.0,585116000.0,-70557000.0,0.0,514559000.0,-397992000.0,8161000.0,270400000.0,0.0,131819000.0,131819000.0,131819000.0,0.0,0.0,0.218,132577000.0,225905000.0,115220000.0,0.0,5.417,40.602,40.508,1255592000.0,0.0,18.35,8.844,8.987,88865000.0,449365000.0,605168000.0,605168000.0,0.0,0.095,0.223,0.172,0.38,3121000.0,42697000.0,1.0,291666640.0,296385296,307329200.0,2.042,1908385000.0,63900000.0,75820000.0,233360000.0,6.439,143438000.0
64,SWN,MRT,2005-06-30,2005-06-30,2005-06-30,2021-09-07,-50334000.0,1269475000.0,1169626000.0,109454000.0,1160021000.0,0.474,1.683,-345754000.0,745000.0,745000.0,225571000.0,117749000.0,0.669,1.602,328100000.0,0.0,328100000.0,328100000.0,0.0,84992000.0,0.0,0.0,0.0,206518000.0,291510000.0,0.526,291510000.0,206518000.0,185515000.0,0.407,0.395,0.407,487934000.0,443936250.0,487934000.0,3722767687.0,18.0,12.771,-63939000.0,-0.221,1.0,328865000.0,0.593,0.0,21003000.0,1433251000.0,1324858000.0,57875000.0,15738000.0,0.0,15738000.0,781541000.0,163579000.0,617962000.0,3425624687.0,-341000.0,-2059000.0,5710000.0,51418000.0,0.0,57128000.0,-339284000.0,8161000.0,281815000.0,0.0,117749000.0,117749000.0,117749000.0,0.0,0.0,0.212,124724000.0,204141000.0,84088000.0,0.0,7.021,29.093,28.857,1126813000.0,0.0,11.745,6.179,6.141,60895000.0,409896000.0,554436000.0,554436000.0,0.0,0.101,0.265,0.156,0.372,3250000.0,40411000.0,1.0,291666640.0,289899948,300808132.0,1.913,1269475000.0,16100000.0,67766000.0,235187000.0,4.379,-54125000.0
65,SWN,MRT,2005-03-31,2005-03-31,2005-03-31,2021-09-07,-58832000.0,1200259000.0,1096866750.0,123742000.0,1076517000.0,0.473,1.533,-320211000.0,857000.0,857000.0,206432000.0,111725000.0,0.672,1.71,298000000.0,0.0,298000000.0,298000000.0,0.0,79505000.0,0.0,0.0,0.0,196385000.0,275890000.0,0.532,275890000.0,196385000.0,176289000.0,0.39,0.375,0.39,442908000.0,416942750.0,442908000.0,2393011306.0,12.0,8.674,-55955000.0,-0.194,1.0,311968000.0,0.602,0.0,20096000.0,1313297000.0,1253485500.0,48512000.0,15614000.0,0.0,15614000.0,757351000.0,184105000.0,573246000.0,2069246306.0,-226000.0,-2059000.0,4100000.0,45174000.0,0.0,49274000.0,-313756000.0,7121000.0,264256000.0,0.0,111725000.0,111725000.0,111725000.0,0.0,0.0,0.216,116762000.0,195206000.0,79729000.0,0.0,4.672,18.521,18.192,1044062000.0,0.0,7.095,3.992,3.955,77020000.0,383082000.0,518400000.0,518400000.0,0.0,0.102,0.268,0.157,0.379,2613000.0,38367000.0,1.0,291648528.0,289006880,299649016.0,1.794,1200259000.0,24300000.0,64564000.0,228926000.0,4.153,-60363000.0
66,SWN,MRT,2004-12-31,2004-12-31,2004-12-31,2021-09-07,-19816000.0,1146144000.0,1024552500.0,130985000.0,1015159000.0,0.466,1.566,-291101000.0,1235000.0,1235000.0,185102000.0,103576000.0,0.98,1.56,325000000.0,0.0,325000000.0,325000000.0,0.0,75377000.0,5903000.0,0.0,0.0,183150000.0,258527000.0,0.542,258527000.0,183150000.0,163354000.0,0.36,0.35,0.36,447677000.0,396619000.0,447677000.0,2131552118.0,12.0,8.245,-53204000.0,-0.186,1.0,292035000.0,0.612,0.0,19796000.0,1336209000.0,1191060750.0,64502000.0,15465000.0,0.0,15465000.0,698467000.0,133700000.0,564767000.0,1837286118.0,-42000.0,-2059000.0,5170000.0,42339000.0,0.0,47509000.0,-285448000.0,7121000.0,237897000.0,0.0,103576000.0,103576000.0,103576000.0,0.0,0.0,0.217,109748000.0,182287000.0,81586000.0,0.0,4.104,17.739,17.601,984156000.0,0.0,6.336,3.851,3.795,86268000.0,350461000.0,477137000.0,477137000.0,0.0,0.101,0.261,0.154,0.384,1973000.0,36074000.0,1.0,289964272.0,285804808,295702176.0,1.669,1146144000.0,3600000.0,59778000.0,213329000.0,4.01,-2715000.0
67,SWN,MRT,2004-09-30,2004-09-30,2004-09-30,2021-09-07,-34433000.0,1062626000.0,960694000.0,106417000.0,956209000.0,0.436,1.388,-250699000.0,1234000.0,1234000.0,162194000.0,85512000.0,0.759,1.675,295500000.0,0.0,295500000.0,295500000.0,0.0,71001000.0,5504000.0,0.0,0.0,153772000.0,224773000.0,0.537,224773000.0,153772000.0,134516000.0,0.304,0.292,0.304,397226000.0,370090000.0,397226000.0,1795580565.0,12.0,7.988,-53132000.0,-0.186,1.0,256609000.0,0.613,0.0,19256000.0,1216675000.0,1125299750.0,66900000.0,12740000.0,0.0,12740000.0,665400000.0,140217000.0,525183000.0,1518666565.0,-136000.0,0.0,7272000.0,40422000.0,0.0,47694000.0,-245397000.0,0.0,197567000.0,0.0,85512000.0,85512000.0,85512000.0,0.0,0.0,0.204,102604000.0,154005000.0,73611000.0,0.0,3.823,17.76,17.266,928250000.0,0.0,5.249,3.626,3.587,46959000.0,317546000.0,418803000.0,418803000.0,0.0,0.089,0.231,0.137,0.367,0.0,35044000.0,1.0,289338712.0,286181128,296720888.0,1.463,1062626000.0,11900000.0,49004000.0,191987000.0,3.713,-33800000.0
68,SWN,MRT,2004-06-30,2004-06-30,2004-06-30,2021-09-07,-24201000.0,978438000.0,904650500.0,91370000.0,887068000.0,0.418,1.331,-206383000.0,1086000.0,1086000.0,150875000.0,70991000.0,0.849,1.575,278000000.0,0.0,278000000.0,278000000.0,0.0,65492000.0,5304000.0,0.0,0.0,130749000.0,196241000.0,0.519,196241000.0,130749000.0,111745000.0,0.253,0.245,0.253,379960000.0,351194500.0,379960000.0,1288270049.0,10.0,6.565,-47119000.0,-0.165,1.0,227601000.0,0.601,0.0,19004000.0,1147761000.0,1066919250.0,55952000.0,13295000.0,0.0,13295000.0,598478000.0,107591000.0,490887000.0,1034353049.0,-927000.0,0.0,6405000.0,37354000.0,0.0,43715000.0,-203906000.0,0.0,159264000.0,0.0,70991000.0,70991000.0,70991000.0,0.0,0.0,0.188,96326000.0,131275000.0,63993000.0,0.0,2.722,14.57,14.165,858283000.0,0.0,3.584,2.733,2.702,53915000.0,292147000.0,378476000.0,378476000.0,0.0,0.078,0.202,0.123,0.345,0.0,33830000.0,1.0,288623104.0,285371648,294602248.0,1.326,978438000.0,6773000.0,40754000.0,178092000.0,3.429,-16221000.0
69,SWN,MRT,2004-03-31,2004-03-31,2004-03-31,2021-09-07,-19517000.0,911002000.0,857235750.0,80373000.0,830629000.0,0.407,1.272,-184705000.0,1083000.0,1083000.0,143241000.0,59727000.0,0.793,1.519,255000000.0,0.0,255000000.0,255000000.0,0.0,62172000.0,5255000.0,0.0,0.0,112832000.0,175004000.0,0.502,175004000.0,112832000.0,94108000.0,0.214,0.208,0.214,361613000.0,330476750.0,361613000.0,1144827283.0,10.0,6.542,-37438000.0,-0.132,1.0,205295000.0,0.589,0.0,18724000.0,1063598000.0,1019257500.0,49546000.0,14032000.0,0.0,14032000.0,549389000.0,101321000.0,448068000.0,867304283.0,-2698000.0,0.0,5218000.0,34580000.0,0.0,39798000.0,-189763000.0,0.0,147267000.0,0.0,59727000.0,59727000.0,59727000.0,0.0,0.0,0.171,92320000.0,112975000.0,56598000.0,0.0,2.398,14.521,14.089,801295000.0,0.0,3.015,2.488,2.46,53668000.0,271357000.0,348536000.0,348536000.0,0.0,0.07,0.181,0.111,0.324,0.0,33229000.0,1.0,287663112.0,284395624,292916624.0,1.226,911002000.0,0.0,34381000.0,163738000.0,3.203,-20948000.0
70,SWN,MRT,2003-12-31,2003-12-31,2003-12-31,2021-09-07,-12520000.0,890710000.0,819413500.0,100310000.0,790400000.0,0.4,1.278,-164523000.0,1277000.0,1277000.0,141009000.0,48897000.0,1.055,1.608,278800000.0,0.0,278800000.0,278800000.0,0.0,58788000.0,5277000.0,0.0,0.0,96896000.0,155684000.0,0.476,155684000.0,96896000.0,77793000.0,0.185,0.18,0.185,341561000.0,313034500.0,341561000.0,1112234489.0,11.0,7.144,-55424000.0,-0.207,1.0,186392000.0,0.569,0.0,19103000.0,1073165000.0,977908000.0,64674000.0,13840000.0,0.0,13840000.0,549149000.0,95068000.0,454081000.0,851604489.0,-413000.0,2500000.0,107756000.0,-55612000.0,0.0,52144000.0,-161656000.0,0.0,109099000.0,0.0,48897000.0,48897000.0,48897000.0,0.0,0.0,0.149,89050000.0,97342000.0,54186000.0,0.0,2.493,17.416,16.149,762284000.0,0.0,2.987,2.601,2.438,58543000.0,246885000.0,327401000.0,327401000.0,0.0,0.06,0.156,0.099,0.296,0.0,33102000.0,1.0,285055896.0,267168416,273903472.0,1.225,890710000.0,0.0,28896000.0,152987000.0,3.334,5242000.0
71,SWN,MRT,2003-09-30,2003-09-30,2003-09-30,2021-09-07,-13222000.0,838452000.0,781776500.0,79859000.0,758593000.0,0.395,1.146,-115892000.0,1370000.0,1370000.0,139386000.0,38598000.0,0.689,1.607,262000000.0,37000000.0,225000000.0,262000000.0,0.0,56665000.0,4971000.0,0.0,0.0,82781000.0,139446000.0,0.451,139446000.0,82781000.0,62588000.0,0.155,0.151,0.155,321644000.0,272016250.0,321644000.0,889702500.0,11.0,6.38,-11872000.0,-0.042,1.0,169573000.0,0.549,0.0,20193000.0,983153000.0,961195500.0,67626000.0,13814000.0,0.0,13814000.0,516808000.0,115929000.0,400879000.0,643915500.0,862000.0,2500000.0,104549000.0,-92401000.0,0.0,12617000.0,-115775000.0,0.0,104020000.0,0.0,38598000.0,38598000.0,38598000.0,0.0,0.0,0.125,86474000.0,83099000.0,43950000.0,0.0,2.002,16.683,14.597,729880000.0,0.0,2.263,2.084,2.056,39939000.0,232034000.0,308959000.0,308959000.0,0.0,0.049,0.142,0.086,0.268,0.0,32578000.0,1.0,284603536.0,280722640,288225256.0,1.101,838452000.0,0.0,23990000.0,143846000.0,2.987,-36070000.0
72,SWN,MRT,2003-06-30,2003-06-30,2003-06-30,2021-09-07,-26299000.0,788779000.0,756616000.0,65414000.0,723365000.0,0.382,1.059,-105341000.0,2013000.0,2013000.0,138105000.0,28994000.0,0.845,1.655,247800000.0,0.0,247800000.0,247800000.0,0.0,55128000.0,4879000.0,0.0,0.0,68430000.0,123558000.0,0.428,123558000.0,68430000.0,47114000.0,0.122,0.12,0.122,297089000.0,236651250.0,297089000.0,754559994.0,11.0,6.107,285000.0,0.001,1.0,150877000.0,0.522,0.0,21316000.0,957114000.0,972336500.0,53937000.0,14231000.0,0.0,14231000.0,491690000.0,77452000.0,414238000.0,533340994.0,-776000.0,2500000.0,106460000.0,-106362000.0,0.0,611000.0,-107013000.0,0.0,105626000.0,0.0,28994000.0,28994000.0,28994000.0,0.0,0.0,0.1,82491000.0,68386000.0,32401000.0,0.0,1.795,18.395,15.379,693346000.0,0.0,1.876,1.846,1.821,38174000.0,221156000.0,288982000.0,288982000.0,0.0,0.038,0.123,0.07,0.237,0.0,30168000.0,1.0,284259024.0,280425368,288701808.0,1.031,788779000.0,0.0,18120000.0,128459000.0,2.813,-12038000.0
73,SWN,MRT,2003-03-31,2003-03-31,2003-03-31,2021-09-07,-21342000.0,759713000.0,740665500.0,78163000.0,681550000.0,0.376,1.296,-74647000.0,3781000.0,3781000.0,140115000.0,21238000.0,0.945,1.603,225000000.0,0.0,225000000.0,225000000.0,0.0,55032000.0,5001000.0,0.0,0.0,57214000.0,112246000.0,0.403,112246000.0,57214000.0,34629000.0,0.098,0.096,0.098,291844000.0,207702750.0,291844000.0,681052952.0,12.0,6.068,20147000.0,0.089,1.0,138384000.0,0.497,0.0,22585000.0,898200000.0,985084750.0,44336000.0,14269000.0,0.0,14269000.0,467869000.0,82732000.0,385137000.0,340342952.0,2466000.0,2500000.0,106219000.0,-128196000.0,0.0,-21508000.0,-70820000.0,0.0,94794000.0,0.0,21238000.0,21238000.0,21238000.0,0.0,0.0,0.076,81044000.0,57340000.0,31451000.0,0.0,1.166,16.025,16.709,650581000.0,0.0,1.637,1.222,1.324,52639000.0,211630000.0,278499000.0,278499000.0,0.0,0.029,0.102,0.058,0.205,0.0,28539000.0,1.0,207843024.0,225107752,231930360.0,1.237,759713000.0,0.0,13391000.0,126805000.0,3.375,-4569000.0
74,SWN,MRT,2002-12-31,2002-12-31,2002-12-31,2021-09-07,-17358000.0,740162000.0,732657750.0,76138000.0,664024000.0,0.357,0.879,-65647000.0,1690000.0,1690000.0,134559000.0,14311000.0,1.021,3.17,342400000.0,0.0,342400000.0,342400000.0,0.0,56399000.0,4999000.0,0.0,0.0,45968000.0,102367000.0,0.391,102367000.0,45968000.0,23019000.0,0.071,0.069,0.071,177488000.0,179040250.0,177488000.0,647234766.0,14.0,6.323,11927000.0,0.059,1.0,126943000.0,0.485,0.0,22949000.0,1006315000.0,1010374000.0,57130000.0,15287000.0,0.0,15287000.0,562674000.0,74557000.0,488117000.0,294542766.0,-1951000.0,0.0,1955000.0,-17480000.0,0.0,-15056000.0,-64469000.0,0.0,77574000.0,0.0,14311000.0,14311000.0,14311000.0,0.0,0.0,0.055,80438000.0,46505000.0,29881000.0,0.0,1.66,20.582,20.158,632161000.0,0.0,1.431,1.126,1.105,42115000.0,197988000.0,261502000.0,261502000.0,0.0,0.02,0.08,0.045,0.176,0.0,26446000.0,1.0,205794072.0,201812640,208417904.0,1.296,740162000.0,0.0,8708000.0,121804000.0,3.668,1581000.0
75,SWN,MRT,2002-09-30,2002-09-30,2002-09-30,2021-09-07,-9794000.0,737810000.0,733398000.0,58053000.0,679757000.0,0.356,0.89,-96746000.0,508000.0,508000.0,128834000.0,17183000.0,0.925,3.095,353200000.0,0.0,353200000.0,353200000.0,0.0,58027000.0,4790000.0,0.0,0.0,50252000.0,108279000.0,0.415,108279000.0,50252000.0,27371000.0,0.084,0.084,0.084,180184000.0,180439750.0,180184000.0,650375996.0,13.0,6.006,1585000.0,0.008,1.0,132298000.0,0.507,0.0,22881000.0,1027717000.0,1013298750.0,60364000.0,15138000.0,0.0,15138000.0,557626000.0,62785000.0,494841000.0,308664996.0,-165000.0,0.0,2008000.0,-10723000.0,0.0,-1536000.0,-96960000.0,0.0,98331000.0,0.0,17183000.0,17183000.0,17183000.0,0.0,0.0,0.066,80773000.0,51525000.0,24417000.0,0.0,1.713,17.963,17.857,647128000.0,0.0,1.5,1.182,1.163,23807000.0,193436000.0,261132000.0,261132000.0,0.0,0.023,0.095,0.05,0.192,0.0,24968000.0,1.0,205776664.0,202455360,208772928.0,1.29,737810000.0,0.0,10188000.0,120919000.0,3.644,-4732000.0
76,SWN,MRT,2002-06-30,2002-06-30,2002-06-30,2021-09-07,-6354000.0,724977000.0,725748250.0,65220000.0,659757000.0,0.371,0.899,-98844000.0,2789000.0,2789000.0,130790000.0,20927000.0,1.113,2.999,344500000.0,0.0,344500000.0,344500000.0,0.0,58427000.0,4699000.0,0.0,0.0,56577000.0,115004000.0,0.427,115004000.0,56577000.0,33526000.0,0.102,0.102,0.102,181295000.0,179328250.0,181295000.0,730235937.0,13.0,6.35,3607000.0,0.018,1.0,138647000.0,0.515,0.0,23051000.0,1008107000.0,1009359500.0,56241000.0,15177000.0,0.0,15177000.0,543682000.0,58581000.0,485101000.0,388850937.0,1297000.0,0.0,0.0,-12500000.0,0.0,-2866000.0,-98288000.0,0.0,102451000.0,0.0,20927000.0,20927000.0,20927000.0,0.0,0.0,0.078,80853000.0,57794000.0,27448000.0,0.0,2.145,18.581,18.615,631221000.0,0.0,1.899,1.443,1.421,28787000.0,192162000.0,269437000.0,269437000.0,0.0,0.029,0.117,0.056,0.21,0.0,24490000.0,1.0,204793120.0,201671792,209051616.0,1.336,724977000.0,0.0,12599000.0,122525000.0,3.595,6639000.0
77,SWN,MRT,2002-03-31,2002-03-31,2002-03-31,2021-09-07,-7825000.0,727682000.0,718457750.0,75959000.0,651723000.0,0.403,0.869,-112115000.0,1315000.0,1315000.0,141379000.0,26026000.0,1.09,3.107,342700000.0,0.0,342700000.0,342700000.0,0.0,56965000.0,4889000.0,0.0,0.0,65715000.0,122680000.0,0.424,122680000.0,65715000.0,41903000.0,0.127,0.127,0.127,177194000.0,176301750.0,177194000.0,667175041.0,10.0,5.438,13413000.0,0.066,1.0,148077000.0,0.512,0.0,23812000.0,999357000.0,1007401250.0,52546000.0,15338000.0,0.0,15338000.0,550488000.0,69710000.0,480778000.0,320816041.0,-1304000.0,-1449000.0,0.0,-24100000.0,0.0,-10566000.0,-116266000.0,0.0,125528000.0,0.0,26026000.0,26026000.0,26026000.0,0.0,0.0,0.09,81168000.0,66909000.0,29403000.0,0.0,1.811,12.327,12.382,622852000.0,0.0,1.573,1.108,1.108,41771000.0,190392000.0,289456000.0,289456000.0,0.0,0.036,0.148,0.065,0.227,0.0,26036000.0,1.0,204016560.0,203994352,206873976.0,1.419,727682000.0,0.0,15877000.0,122309000.0,3.567,6249000.0
78,SWN,MRT,2001-12-31,2001-12-31,2001-12-31,2021-09-07,5763000.0,743123000.0,712418000.0,93204000.0,649919000.0,0.484,0.908,-106060000.0,3641000.0,3641000.0,184286000.0,35324000.0,1.304,3.059,350000000.0,0.0,350000000.0,350000000.0,0.0,54505000.0,4845000.0,0.0,0.0,82535000.0,137040000.0,0.397,137040000.0,82535000.0,57241000.0,0.175,0.172,0.175,183086000.0,168343750.0,183086000.0,617621169.0,7.0,4.507,38523000.0,0.191,1.0,160641000.0,0.466,0.0,25294000.0,1018014000.0,969027500.0,58652000.0,15538000.0,0.0,15538000.0,560037000.0,71468000.0,488569000.0,261994169.0,1255000.0,-1449000.0,0.0,-46000000.0,0.0,-32466000.0,-110862000.0,0.0,144583000.0,0.0,35324000.0,35324000.0,35324000.0,0.0,0.0,0.102,77972000.0,82669000.0,41644000.0,0.0,1.431,7.417,7.429,619830000.0,0.0,1.3,0.76,0.76,42763000.0,183677000.0,344927000.0,344927000.0,0.0,0.05,0.21,0.085,0.239,0.0,25073000.0,1.0,201533976.0,201584840,204808880.0,1.711,743123000.0,0.0,21917000.0,126781000.0,3.686,21736000.0
79,SWN,MRT,2001-09-30,2001-09-30,2001-09-30,2021-09-07,5970000.0,707211000.0,702981750.0,70052000.0,637159000.0,0.549,0.872,-95438000.0,673000.0,673000.0,224790000.0,36980000.0,1.377,3.024,356300000.0,0.0,356300000.0,356300000.0,0.0,53018000.0,4572000.0,0.0,0.0,88630000.0,141648000.0,0.367,141648000.0,88630000.0,60428000.0,0.185,0.184,0.185,175738000.0,157895000.0,175738000.0,654000672.0,7.0,4.617,19020000.0,0.094,1.0,160903000.0,0.417,0.0,28202000.0,1011960000.0,929301000.0,58965000.0,15980000.0,0.0,15980000.0,531473000.0,50878000.0,480595000.0,298492672.0,-54000.0,-3079000.0,69000.0,-20000000.0,0.0,-13576000.0,-100936000.0,0.0,114458000.0,0.0,36980000.0,36980000.0,36980000.0,0.0,0.0,0.096,74586000.0,86317000.0,30432000.0,0.0,1.699,8.072,8.007,606368000.0,0.0,1.481,0.774,0.774,27959000.0,176253000.0,385693000.0,385693000.0,0.0,0.053,0.234,0.095,0.23,0.0,24531000.0,1.0,201514040.0,201523096,204969712.0,1.914,707211000.0,0.0,23448000.0,121462000.0,3.509,19174000.0
80,SWN,MRT,2001-06-30,2001-06-30,2001-06-30,2021-09-07,4601000.0,695815000.0,690905750.0,77408000.0,618407000.0,0.581,0.84,-66652000.0,1492000.0,1492000.0,249201000.0,31208000.0,1.516,3.113,357000000.0,0.0,357000000.0,357000000.0,0.0,50654000.0,4517000.0,0.0,0.0,80452000.0,131106000.0,0.326,131106000.0,80452000.0,50966000.0,0.156,0.155,0.156,169189000.0,146970250.0,169189000.0,672748835.0,8.0,5.131,-86068000.0,-0.427,1.0,152438000.0,0.38,0.0,29486000.0,1000274000.0,882972000.0,54230000.0,16233000.0,0.0,16233000.0,526626000.0,51049000.0,475577000.0,308567835.0,290000.0,-3079000.0,0.0,87090000.0,1000.0,90991000.0,-71285000.0,0.0,-19416000.0,0.0,31208000.0,31208000.0,31208000.0,0.0,0.0,0.078,74500000.0,77938000.0,34885000.0,0.0,1.824,9.887,9.816,588751000.0,0.0,1.531,0.768,0.768,37942000.0,171235000.0,401639000.0,401639000.0,0.0,0.045,0.212,0.091,0.2,0.0,24699000.0,1.0,201513688.0,201516984,205262736.0,1.993,695815000.0,0.0,19758000.0,117914000.0,3.453,26359000.0
81,SWN,MRT,2001-03-31,2001-03-31,2001-03-31,2021-09-07,-12173000.0,703523000.0,681260000.0,112097000.0,591426000.0,0.593,0.721,-30823000.0,2619000.0,2619000.0,264433000.0,-39860000.0,0.505,3.84,366800000.0,141800000.0,225000000.0,366800000.0,0.0,49304000.0,4761000.0,0.006,0.007,-36062000.0,13242000.0,0.033,13242000.0,-36062000.0,-64963000.0,-0.199,-0.2,-0.199,145362000.0,137834000.0,145362000.0,642980883.0,-18.0,48.556,-79194000.0,-0.393,1.0,139666000.0,0.346,0.0,28901000.0,845862000.0,812409000.0,43123000.0,15269000.0,0.0,15269000.0,558161000.0,221842000.0,336319000.0,249366883.0,1365000.0,-3250000.0,0.0,85490000.0,-1502000.0,83988000.0,-34252000.0,0.0,-48371000.0,0.0,-39860000.0,-39860000.0,-39860000.0,0.0,0.0,-0.099,181592000.0,-41926000.0,41389000.0,-0.035,1.715,-6.256,-6.219,563568000.0,0.0,1.238,0.617,0.617,68793000.0,164365000.0,404099000.0,404099000.0,0.0,-0.059,-0.289,-0.044,-0.089,0.0,23889000.0,1.0,201508592.0,201496824,203964680.0,2.005,703523000.0,6645000.0,-25103000.0,112995000.0,3.491,-109745000.0
82,SWN,MRT,2000-12-31,2000-12-31,2000-12-31,2021-09-07,0.0,705378000.0,670285500.0,112855000.0,592523000.0,0.543,0.705,-30066000.0,2386000.0,2386000.0,235213000.0,-46687000.0,0.47,3.992,396000000.0,171000000.0,225000000.0,396000000.0,0.0,48686000.0,4799000.0,0.012,0.015,-49025000.0,-339000.0,-0.001,-339000.0,-49025000.0,-76161000.0,-0.233,-0.233,-0.233,141291000.0,151044750.0,141291000.0,635419495.0,-13.0,-1874.394,-83269000.0,-0.416,1.0,128670000.0,0.354,0.0,27136000.0,859108000.0,823148000.0,44867000.0,15574000.0,0.0,15574000.0,564087000.0,239884000.0,324203000.0,259846495.0,1146000.0,-3250000.0,0.0,90890000.0,-3004000.0,87886000.0,-33537000.0,0.0,-53203000.0,0.0,-46687000.0,-46687000.0,-46687000.0,0.0,0.0,-0.128,182139000.0,-53469000.0,54304000.0,-0.064,1.839,-5.566,-5.569,564107000.0,0.0,1.298,0.714,0.714,77041000.0,148353000.0,363883000.0,363883000.0,0.0,-0.07,-0.309,-0.06,-0.135,0.0,24982000.0,1.0,200267048.0,200348688,200348688.0,1.816,705378000.0,0.0,-29474000.0,101777000.0,3.521,-127029000.0
83,SWN,MRT,2000-09-30,2000-09-30,2000-09-30,2021-09-07,0.0,658907000.0,661802500.0,70914000.0,587993000.0,0.508,0.659,-29256000.0,727000.0,727000.0,217553000.0,-51333000.0,0.341,3.99,376300000.0,151300000.0,225000000.0,376300000.0,0.0,46131000.0,4829000.0,0.02,0.022,-59543000.0,-13412000.0,-0.04,-13412000.0,-59543000.0,-83480000.0,-0.256,-0.256,-0.256,132039000.0,163311000.0,132039000.0,484839209.0,-8.0,-36.15,-74321000.0,-0.371,1.0,118922000.0,0.353,0.0,23937000.0,826644000.0,837386000.0,50494000.0,14201000.0,0.0,14201000.0,526868000.0,207836000.0,319032000.0,219041209.0,-833000.0,-3893000.0,0.0,89255000.0,-4501000.0,84754000.0,-40522000.0,0.0,-45065000.0,0.0,-51333000.0,-51333000.0,-51333000.0,0.0,0.0,-0.153,180907000.0,-61985000.0,35834000.0,-0.086,1.659,-4.267,-4.272,561182000.0,0.0,1.094,0.651,0.651,40635000.0,139272000.0,336475000.0,336475000.0,0.0,-0.078,-0.314,-0.071,-0.177,0.0,24873000.0,1.0,200266248.0,200274448,200274448.0,1.68,658907000.0,0.0,-32147000.0,93722000.0,3.29,-136922000.0
84,SWN,MRT,2000-06-30,2000-06-30,2000-06-30,2021-09-07,0.0,657232000.0,661660500.0,62190000.0,595042000.0,0.486,0.662,-49837000.0,1202000.0,1202000.0,209811000.0,-52514000.0,0.303,3.955,267000000.0,42000000.0,225000000.0,267000000.0,0.0,44638000.0,4778000.0,0.038,0.03,-63562000.0,-18924000.0,-0.059,-18924000.0,-63562000.0,-85416000.0,-0.262,-0.262,-0.262,132644000.0,177124250.0,132644000.0,433615712.0,-7.0,-22.914,18574000.0,0.093,1.0,111722000.0,0.347,0.0,21854000.0,718022000.0,851833750.0,43483000.0,14742000.0,0.0,14742000.0,524588000.0,205008000.0,319580000.0,156469712.0,-308000.0,-3893000.0,0.0,-2335000.0,-5998000.0,-8333000.0,-60386000.0,0.0,68411000.0,0.0,-52514000.0,-52514000.0,-52514000.0,0.0,0.0,-0.163,177927000.0,-66205000.0,40479000.0,-0.115,1.18,-2.98,-2.982,567685000.0,0.0,0.781,0.487,0.487,36785000.0,140026000.0,321533000.0,321533000.0,0.0,-0.079,-0.296,-0.075,-0.198,0.0,25387000.0,1.0,200281232.0,200280632,200280632.0,1.605,657232000.0,0.0,-32902000.0,94387000.0,3.282,-142818000.0
85,SWN,MRT,2000-03-31,2000-03-31,2000-03-31,2021-09-07,0.0,659625000.0,654251750.0,59934000.0,599691000.0,0.457,0.99,-67810000.0,1254000.0,1254000.0,186646000.0,9981000.0,1.25,2.328,278400000.0,0.0,278400000.0,278400000.0,0.0,43650000.0,6029000.0,0.036,0.03,37398000.0,81048000.0,0.271,81048000.0,37398000.0,16464000.0,0.05,0.05,0.05,198205000.0,191603500.0,198205000.0,466710057.0,12.0,5.758,-9391000.0,-0.047,1.0,112443000.0,0.376,0.0,20934000.0,888818000.0,886142750.0,39320000.0,13545000.0,0.0,13545000.0,461420000.0,47953000.0,413467000.0,165750057.0,-341000.0,-2273000.0,0.0,21165000.0,-5991000.0,15174000.0,-73934000.0,0.0,58419000.0,0.0,9981000.0,9981000.0,9981000.0,0.0,0.0,0.033,75258000.0,37185000.0,27049000.0,0.6,0.836,16.607,16.55,575096000.0,0.0,0.828,0.554,0.554,42189000.0,205728000.0,299089000.0,299089000.0,0.0,0.015,0.052,0.042,0.125,0.0,32936000.0,1.0,200302184.0,200300064,200300064.0,1.493,659625000.0,0.0,6483000.0,137215000.0,3.293,11981000.0
86,SWN,MRT,1999-12-31,1999-12-31,1999-12-31,2021-09-07,0.0,671446000.0,646745000.0,70172000.0,601274000.0,0.434,0.954,-66967000.0,1240000.0,1240000.0,178561000.0,9927000.0,1.245,2.527,302200000.0,7500000.0,294700000.0,302200000.0,0.0,42971000.0,6021000.0,0.037,0.03,37034000.0,80005000.0,0.285,80005000.0,37034000.0,16376000.0,0.05,0.05,0.05,190356000.0,190457000.0,190356000.0,444711571.0,12.0,5.559,-8836000.0,-0.044,1.0,101835000.0,0.363,0.0,20658000.0,916060000.0,871541250.0,50232000.0,14180000.0,0.0,14180000.0,481090000.0,56346000.0,424744000.0,162135571.0,-382000.0,-2273000.0,0.0,18765000.0,-5985000.0,12780000.0,-71293000.0,0.0,58131000.0,0.0,9927000.0,9927000.0,9927000.0,0.0,0.0,0.035,65777000.0,36058000.0,33069000.0,0.6,0.852,16.333,16.25,575955000.0,0.0,0.812,0.578,0.578,43339000.0,198044000.0,280396000.0,280396000.0,0.0,0.015,0.052,0.042,0.132,0.0,24174000.0,1.0,199551472.0,199532400,199576168.0,1.405,671446000.0,0.0,6449000.0,130408000.0,3.365,13826000.0
87,SWN,MRT,1999-09-30,1999-09-30,1999-09-30,2021-09-07,0.0,658339000.0,640788500.0,69839000.0,588500000.0,0.418,0.939,-72200000.0,1560000.0,1560000.0,175111000.0,9213000.0,1.237,2.515,284136000.0,1536000.0,282600000.0,284136000.0,0.0,43327000.0,5712000.0,0.026,0.03,35722000.0,79049000.0,0.295,79049000.0,35722000.0,15169000.0,0.046,0.046,0.046,187292000.0,189332000.0,187292000.0,493760819.0,14.0,6.246,-7857000.0,-0.039,1.0,93012000.0,0.347,0.0,20553000.0,884435000.0,861188250.0,50767000.0,12394000.0,0.0,12394000.0,471047000.0,56480000.0,414567000.0,225934819.0,720000.0,-2107000.0,0.0,13693000.0,-4488000.0,9205000.0,-72828000.0,0.0,64343000.0,0.0,9213000.0,9213000.0,9213000.0,0.0,0.0,0.034,57831000.0,35181000.0,36760000.0,0.652,1.206,24.523,24.62,564978000.0,0.0,1.133,0.843,0.843,28482000.0,195107000.0,268123000.0,268123000.0,0.0,0.014,0.049,0.041,0.133,0.0,15882000.0,1.0,199500944.0,199505832,199505832.0,1.344,658339000.0,5500000.0,5956000.0,131441000.0,3.3,13359000.0
88,SWN,MRT,1999-06-30,1999-06-30,1999-06-30,2021-09-07,0.0,627597000.0,631171000.0,51081000.0,576516000.0,0.414,0.955,-66479000.0,1510000.0,1510000.0,158655000.0,9817000.0,1.272,2.293,269336000.0,1536000.0,267800000.0,269336000.0,0.0,43548000.0,5642000.0,0.023,0.03,36765000.0,80313000.0,0.307,80313000.0,36765000.0,16160000.0,0.05,0.05,0.05,190561000.0,188001000.0,190561000.0,518936437.0,14.0,6.461,-3404000.0,-0.017,1.0,102619000.0,0.393,0.0,20605000.0,855258000.0,850353000.0,43441000.0,12960000.0,0.0,12960000.0,437036000.0,40165000.0,396871000.0,263295437.0,-466000.0,-2719000.0,0.0,7193000.0,-5981000.0,1212000.0,-64753000.0,0.0,63075000.0,0.0,9817000.0,9817000.0,9817000.0,0.0,0.0,0.038,66188000.0,36431000.0,23831000.0,0.6,1.382,26.82,26.4,552500000.0,0.0,1.32,1.008,1.008,22193000.0,198538000.0,261274000.0,261274000.0,0.0,0.016,0.052,0.043,0.141,0.0,24016000.0,1.0,199466240.0,199472096,199472096.0,1.31,627597000.0,1050000.0,6343000.0,127850000.0,3.146,10916000.0
89,SWN,MRT,1999-03-31,1999-03-31,1999-03-31,2021-09-07,0.0,629598000.0,627192500.0,57871000.0,571727000.0,0.417,0.971,-69143000.0,1595000.0,1595000.0,153572000.0,-30537000.0,1.056,2.252,257236000.0,1536000.0,255700000.0,257236000.0,0.0,45618000.0,5675000.0,0.034,0.03,-29120000.0,16498000.0,0.063,16498000.0,-29120000.0,-49994000.0,-0.154,-0.154,-0.154,193619000.0,186850500.0,193619000.0,457842957.0,-16.0,27.751,6963000.0,0.035,1.0,107997000.0,0.413,0.0,20874000.0,830412000.0,842513000.0,36380000.0,13457000.0,0.0,13457000.0,435979000.0,54827000.0,381152000.0,176028957.0,-798000.0,-2719000.0,0.0,-1907000.0,-5975000.0,-7882000.0,-69022000.0,0.0,76106000.0,0.0,-30537000.0,-30537000.0,-30537000.0,0.0,0.0,-0.117,136942000.0,-28945000.0,27687000.0,-0.195,0.909,-5.764,-5.731,546859000.0,0.0,0.882,0.673,0.673,34162000.0,201738000.0,261569000.0,261569000.0,0.0,-0.049,-0.163,-0.035,-0.111,0.0,26309000.0,1.0,199466240.0,199471352,199471352.0,1.311,629598000.0,0.0,-19457000.0,128938000.0,3.156,3044000.0
90,SWN,MRT,1998-12-31,1998-12-31,1998-12-31,2021-09-07,0.0,647620000.0,640752750.0,72271000.0,575349000.0,0.416,0.934,-64359000.0,1622000.0,1622000.0,154441000.0,-30597000.0,1.319,2.485,283436000.0,1536000.0,281900000.0,283436000.0,0.0,48267000.0,5635000.0,0.032,0.03,-29023000.0,19244000.0,0.072,19244000.0,-29023000.0,-50093000.0,-0.154,-0.154,-0.154,185856000.0,195759250.0,185856000.0,456587028.0,-16.0,23.726,29349000.0,0.147,1.0,111864000.0,0.42,0.0,21070000.0,874648000.0,856419250.0,47091000.0,14015000.0,0.0,14015000.0,461764000.0,54786000.0,406978000.0,186985028.0,-2981000.0,-10062000.0,0.0,-16107000.0,-5970000.0,-22077000.0,-74612000.0,0.0,93708000.0,0.0,-30597000.0,-30597000.0,-30597000.0,0.0,0.0,-0.115,140815000.0,-28951000.0,37780000.0,-0.195,1.006,-6.111,-6.088,549675000.0,0.0,0.938,0.702,0.701,40655000.0,194102000.0,266305000.0,266305000.0,0.0,-0.048,-0.156,-0.034,-0.109,0.0,27515000.0,1.0,199450696.0,199057360,199057360.0,1.338,647620000.0,0.0,-19496000.0,124821000.0,3.253,17485000.0
91,SWN,MRT,1998-09-30,1998-09-30,1998-09-30,2021-09-07,0.0,619869000.0,656564250.0,54374000.0,565495000.0,0.427,0.914,-65711000.0,840000.0,840000.0,125138000.0,-26683000.0,1.124,2.406,270442000.0,3071000.0,267371000.0,270442000.0,0.0,50329000.0,5233000.0,0.028,0.03,-18975000.0,31354000.0,0.112,31354000.0,-18975000.0,-43770000.0,-0.134,-0.134,-0.134,181968000.0,204686500.0,181968000.0,471667539.0,-25.0,15.043,28042000.0,0.141,1.0,155085000.0,0.553,0.0,24795000.0,841094000.0,876961500.0,49588000.0,12377000.0,0.0,12377000.0,437901000.0,48377000.0,389524000.0,211501539.0,-887000.0,-9191000.0,0.0,-17795000.0,-7454000.0,-25249000.0,-69391000.0,0.0,93753000.0,0.0,-26683000.0,-26683000.0,-26683000.0,0.0,0.0,-0.095,177451000.0,-22366000.0,24007000.0,-0.224,1.162,-7.926,-7.929,541131000.0,0.0,1.062,0.755,0.755,21868000.0,190382000.0,280223000.0,280223000.0,0.0,-0.041,-0.13,-0.022,-0.068,0.0,62018000.0,1.0,199060272.0,199142224,199142224.0,1.407,619869000.0,3653000.0,-17087000.0,121561000.0,3.113,5997000.0
92,SWN,MRT,1998-06-30,1998-06-30,1998-06-30,2021-09-07,0.0,611683000.0,673419250.0,49562000.0,562121000.0,0.409,0.935,-73753000.0,1976000.0,1976000.0,119103000.0,-26619000.0,1.034,2.289,262142000.0,3071000.0,259071000.0,262142000.0,0.0,51403000.0,5153000.0,0.026,0.03,-19961000.0,31442000.0,0.114,31442000.0,-19961000.0,-43650000.0,-0.134,-0.134,-0.134,185959000.0,212875000.0,185959000.0,485200387.0,-24.0,15.432,12472000.0,0.063,1.0,156213000.0,0.567,0.0,23689000.0,823898000.0,897471250.0,43412000.0,12676000.0,0.0,12676000.0,425724000.0,47951000.0,377773000.0,228450387.0,-1480000.0,-9809000.0,0.0,1105000.0,-5950000.0,-4845000.0,-82860000.0,0.0,86225000.0,0.0,-26619000.0,-26619000.0,-26619000.0,0.0,0.0,-0.097,178372000.0,-22159000.0,28083000.0,-0.224,1.228,-8.582,-8.573,536660000.0,0.0,1.149,0.83,0.83,24187000.0,194702000.0,275316000.0,275316000.0,0.0,-0.04,-0.125,-0.022,-0.073,0.0,62172000.0,1.0,198868672.0,198878312,198878312.0,1.384,611683000.0,0.0,-17031000.0,119170000.0,3.076,1611000.0
93,SWN,MRT,1998-03-31,1998-03-31,1998-03-31,2021-09-07,0.0,683839000.0,684694500.0,62135000.0,621704000.0,0.395,1.154,-79606000.0,2393000.0,2393000.0,114552000.0,15468000.0,1.139,1.983,259143000.0,3071000.0,256072000.0,259143000.0,0.0,50279000.0,5327000.0,0.023,0.03,47574000.0,97853000.0,0.362,97853000.0,47574000.0,25346000.0,0.079,0.079,0.079,229254000.0,220741000.0,229254000.0,558828277.0,12.0,5.711,14187000.0,0.071,1.0,155674000.0,0.576,0.0,22228000.0,886037000.0,908044250.0,36453000.0,13596000.0,0.0,13596000.0,454585000.0,54552000.0,400033000.0,263888277.0,697000.0,-11033000.0,0.0,2305000.0,-5943000.0,-3638000.0,-89458000.0,0.0,93793000.0,0.0,15468000.0,15468000.0,15468000.0,0.0,0.0,0.057,108909000.0,46765000.0,24602000.0,0.38,1.151,17.06,16.804,595797000.0,0.0,1.327,0.977,0.976,37939000.0,238250000.0,270226000.0,270226000.0,0.0,0.023,0.07,0.052,0.176,0.0,59948000.0,1.0,198785896.0,198744096,198884040.0,1.36,683839000.0,0.0,9878000.0,149890000.0,3.441,7583000.0
94,SWN,MRT,1997-12-31,1997-12-31,1997-12-31,2021-09-07,0.0,710866000.0,675936500.0,87955000.0,622911000.0,0.409,1.12,-88821000.0,4603000.0,4603000.0,116878000.0,18715000.0,1.795,2.208,299543000.0,3071000.0,296472000.0,299543000.0,0.0,49271000.0,5307000.0,0.019,0.03,51406000.0,100677000.0,0.365,100677000.0,51406000.0,30505000.0,0.095,0.095,0.095,221565000.0,218132250.0,221565000.0,603528456.0,12.0,5.995,-9338000.0,-0.047,1.0,159311000.0,0.577,0.0,20901000.0,956817000.0,901676250.0,44213000.0,7039000.0,0.0,7039000.0,489301000.0,48989000.0,440312000.0,318670456.0,2306000.0,-4962000.0,0.0,19605000.0,-5935000.0,13670000.0,-90847000.0,0.0,79483000.0,0.0,18715000.0,18715000.0,18715000.0,0.0,0.0,0.068,107375000.0,51936000.0,29903000.0,0.316,1.438,17.028,16.947,603302000.0,0.0,1.61,1.154,1.154,45752000.0,230669000.0,276189000.0,276189000.0,0.0,0.028,0.086,0.057,0.186,0.0,59167000.0,1.0,197931960.0,197911056,198223248.0,1.396,710866000.0,3074000.0,11790000.0,143149000.0,3.592,38966000.0
95,SWN,MRT,1997-09-30,1997-09-30,1997-09-30,2021-09-07,0.0,687289000.0,663267500.0,69689000.0,617600000.0,0.387,1.085,-114253000.0,1727000.0,1727000.0,103566000.0,17930000.0,1.422,2.201,286585000.0,3071000.0,283514000.0,286585000.0,0.0,47850000.0,4965000.0,0.019,0.03,48829000.0,96679000.0,0.377,96679000.0,48829000.0,28895000.0,0.091,,0.091,214722000.0,214726250.0,214722000.0,572878273.0,12.0,5.926,-35946000.0,-0.182,1.0,152911000.0,0.596,0.0,19934000.0,923133000.0,886061000.0,48701000.0,7173000.0,0.0,7173000.0,472567000.0,49014000.0,423553000.0,316949273.0,262000.0,-4992000.0,0.0,50157000.0,-5933000.0,44224000.0,-122269000.0,0.0,78307000.0,0.0,17930000.0,17930000.0,17930000.0,0.0,0.0,0.07,103462000.0,49449000.0,29327000.0,0.33,1.476,17.677,17.596,596595000.0,0.0,1.601,1.236,1.236,28339000.0,224519000.0,256477000.0,256477000.0,0.0,0.027,0.084,0.055,0.19,0.0,57161000.0,1.0,197938656.0,197937032,,1.296,687289000.0,2388000.0,10965000.0,137992000.0,3.472,20675000.0
96,SWN,MRT,1997-06-30,1997-06-30,1997-06-30,2021-09-07,0.0,656784000.0,,54345000.0,602439000.0,,1.099,-124909000.0,3456000.0,3456000.0,91226000.0,19409000.0,1.168,2.021,259385000.0,3071000.0,256314000.0,259385000.0,0.0,45970000.0,4864000.0,0.018,0.03,50213000.0,96183000.0,0.397,96183000.0,50213000.0,31301000.0,0.099,,0.099,217423000.0,,217423000.0,575139316.0,11.0,5.98,-44044000.0,-0.223,1.0,151031000.0,0.623,0.0,18912000.0,866190000.0,,39868000.0,7021000.0,0.0,7021000.0,439361000.0,46523000.0,392838000.0,321650316.0,2476000.0,-3762000.0,0.0,59257000.0,-5931000.0,53326000.0,-131715000.0,0.0,80865000.0,0.0,19409000.0,19409000.0,19409000.0,0.0,0.0,0.08,100443000.0,50588000.0,26363000.0,0.303,1.479,16.572,16.414,582397000.0,0.0,1.625,1.328,1.327,22826000.0,227271000.0,242257000.0,242257000.0,0.0,,,,0.207,0.0,55452000.0,1.0,197938656.0,197891184,,1.224,656784000.0,0.0,11892000.0,139683000.0,3.319,7822000.0
97,SWN,MRT,1997-03-31,1997-03-31,1997-03-31,2021-09-07,0.0,648807000.0,,60584000.0,588223000.0,,1.106,-124337000.0,1696000.0,1696000.0,77257000.0,22171000.0,1.452,1.965,255185000.0,3071000.0,252114000.0,255185000.0,0.0,44443000.0,4924000.0,0.018,0.03,53748000.0,98191000.0,0.432,98191000.0,53748000.0,35791000.0,0.113,,0.113,218819000.0,,218819000.0,606772802.0,11.0,6.18,-46814000.0,-0.237,1.0,150138000.0,0.66,0.0,17957000.0,860565000.0,,35024000.0,6750000.0,0.0,6750000.0,429988000.0,41731000.0,388257000.0,330784802.0,447000.0,-2538000.0,0.0,62257000.0,-5930000.0,56327000.0,-133403000.0,0.0,77523000.0,0.0,22171000.0,22171000.0,22171000.0,0.0,0.0,0.097,96566000.0,53572000.0,19156000.0,0.265,1.512,14.92,14.801,569443000.0,0.0,1.673,1.455,1.455,33692000.0,228725000.0,227395000.0,227395000.0,0.0,,,,0.236,0.0,53103000.0,1.0,197778656.0,197761184,,1.15,648807000.0,0.0,13620000.0,138550000.0,3.281,18853000.0
98,SWN,MRT,1996-12-31,1996-12-31,1996-12-31,2021-09-07,0.0,660190000.0,614641500.0,72933000.0,587257000.0,0.331,1.052,-124913000.0,2297000.0,2297000.0,62441000.0,19186000.0,1.744,2.175,278285000.0,3071000.0,275214000.0,278285000.0,0.0,43373000.0,4904000.0,0.016,0.03,48123000.0,91496000.0,0.45,91496000.0,48123000.0,30937000.0,0.098,0.096,0.098,207941000.0,201222500.0,207941000.0,,,,-53083000.0,-0.269,1.0,140899000.0,0.693,0.0,17186000.0,894356000.0,813684500.0,43207000.0,6557000.0,0.0,6557000.0,452249000.0,41822000.0,410427000.0,373801660.0,799000.0,-1266000.0,0.0,67457000.0,-5929000.0,61528000.0,-132559000.0,0.0,71830000.0,0.0,19186000.0,19186000.0,19186000.0,0.0,0.0,0.094,92903000.0,47996000.0,25644000.0,0.306,1.798,19.483,19.286,568702000.0,0.0,1.89,1.838,1.837,39928000.0,217889000.0,203340000.0,203340000.0,0.0,0.031,0.095,0.059,0.237,0.0,50509000.0,1.0,197778656.0,197642048,198308696.0,1.029,660190000.0,6623000.0,11751000.0,133976000.0,3.34,31111000.0
99,SWN,MRT,1996-09-30,1996-09-30,1996-09-30,2021-09-07,,,,,,,,,,,,,,,,,,,,,,0.016,0.03,,,,,,,,,,,,,,,,,,1.0,,,,,,,,,,,,,,,,,,,,,,,,,,,,,,,,,,,,,,,,1.86,,,,,,,,,,,,,,1.0,,197659296,,,,,,,,
100,SWN,MRT,1996-06-30,1996-06-30,1996-06-30,2021-09-07,,,,,,,,,,,,,,,,,,,,,,0.017,0.03,,,,,,,,,,,,,,,,,,1.0,,,,,,,,,,,,,,,,,,,,,,,,,,,,,,,,,,,,,,,,1.765,,,,,,,,,,,,,,1.0,,197610792,,,,,,,,
101,SWN,MRT,1996-03-31,1996-03-31,1996-03-31,2021-09-07,,,,,,,,,,,,,,,,,,,,,,0.02,0.03,,,,,,,,,,,,,,,,,,1.0,,,,,,,,,,,,,,,,,,,,,,,,,,,,,,,,,,,,,,,,1.5,,,,,,,,,,,,,,1.0,,197610792,,,,,,,,
102,SWN,MRT,1995-12-31,1995-12-31,1995-12-31,2021-09-07,0.0,569093000.0,,63896000.0,505197000.0,,0.967,-101626000.0,1498000.0,1498000.0,55209000.0,11240000.0,1.407,1.926,210828000.0,3071000.0,207757000.0,210828000.0,0.0,36272000.0,4619000.0,0.019,0.03,29666000.0,65938000.0,0.395,65938000.0,29666000.0,18499000.0,0.056,0.056,0.056,194504000.0,,194504000.0,,,,-45765000.0,-0.228,1.0,111616000.0,0.669,0.0,11167000.0,733013000.0,,38894000.0,9114000.0,0.0,9114000.0,374589000.0,45410000.0,329179000.0,,346000.0,-4968000.0,-14259000.0,64549000.0,-6038000.0,44252000.0,-99767000.0,0.0,55861000.0,0.0,11240000.0,11240000.0,11240000.0,0.0,0.0,0.067,80428000.0,31188000.0,23989000.0,0.536,,,28.46,485819000.0,0.0,1.594,,1.921,35541000.0,204632000.0,166825000.0,166825000.0,0.0,,,,0.178,0.0,44436000.0,1.0,,201046248,201594064.0,0.83,569093000.0,8221000.0,7259000.0,119986000.0,2.831,18486000.0
103,SWN,MRT,1994-12-31,1994-12-31,1994-12-31,2021-09-07,,,,,,,,-76854000.0,,,40052000.0,25124000.0,,,,,,,,35825000.0,,0.016,0.03,51319000.0,87144000.0,0.512,87144000.0,51319000.0,40853000.0,0.122,,0.122,,,,,,,-10241000.0,-0.05,1.0,130134000.0,0.765,,10466000.0,,,,,,,,,,,318000.0,-2319000.0,0.0,15300000.0,-6164000.0,9136000.0,-75431000.0,0.0,66613000.0,0.0,25124000.0,25124000.0,25124000.0,0.0,0.0,0.148,78052000.0,52082000.0,,0.246,,,15.246,,0.0,1.86,,2.246,,,170186000.0,170186000.0,0.0,,,,0.302,0.0,42506000.0,1.0,,205472880,,0.828,,,15729000.0,,,
