None,ticker,dimension,calendardate,datekey,reportperiod,lastupdated,accoci,assets,assetsavg,assetsc,assetsnc,assetturnover,bvps,capex,cashneq,cashnequsd,cor,consolinc,currentratio,de,debt,debtc,debtnc,debtusd,deferredrev,depamor,deposits,divyield,dps,ebit,ebitda,ebitdamargin,ebitdausd,ebitusd,ebt,eps,epsdil,epsusd,equity,equityavg,equityusd,ev,evebit,evebitda,fcf,fcfps,fxusd,gp,grossmargin,intangibles,intexp,invcap,invcapavg,inventory,investments,investmentsc,investmentsnc,liabilities,liabilitiesc,liabilitiesnc,marketcap,ncf,ncfbus,ncfcommon,ncfdebt,ncfdiv,ncff,ncfi,ncfinv,ncfo,ncfx,netinc,netinccmn,netinccmnusd,netincdis,netincnci,netmargin,opex,opinc,payables,payoutratio,pb,pe,pe1,ppnenet,prefdivis,price,ps,ps1,receivables,retearn,revenue,revenueusd,rnd,roa,roe,roic,ros,sbcomp,sgna,sharefactor,sharesbas,shareswa,shareswadil,sps,tangibles,taxassets,taxexp,taxliabilities,tbvps,workingcapital
0,GRMN,MRY,2020-12-31,2020-12-26,2020-12-26,2021-07-28,183427000.0,7031373000.0,6464019250.0,3669351000.0,3362022000.0,0.648,28.844,-183424000.0,1458442000.0,1458442000.0,1705237000.0,992324000.0,3.152,0.275,75958000.0,0.0,75958000.0,75958000.0,136799000.0,126715000.0,0.0,0.02,2.4,1103410000.0,1230125000.0,0.294,1230125000.0,1103410000.0,1103410000.0,5.19,5.17,5.19,5516116000.0,5073929500.0,5516116000.0,21823260263.0,20.0,17.741,951843000.0,4.977,1.0,2481336000.0,0.593,828566000.0,0.0,3656106000.0,3455236500.0,762084000.0,1518817000.0,387642000.0,1131175000.0,1515257000.0,1164217000.0,351040000.0,22988653263.0,431110000.0,-148648000.0,-11129000.0,0.0,-450631000.0,-461760000.0,-260524000.0,73613000.0,1135267000.0,18127000.0,992324000.0,992324000.0,992324000.0,0.0,0.0,0.237,1427096000.0,1054240000.0,258885000.0,0.462,4.168,23.166,23.162,950165000.0,0.0,120.21,5.491,5.491,849469000.0,3754372000.0,4186573000.0,4186573000.0,705685000.0,0.154,0.196,0.319,0.264,80885000.0,721411000.0,1.0,191237445.0,191237445,,21.892,6202807000.0,245455000.0,111086000.0,278239000.0,32.435,2505134000.0
1,GRMN,MRY,2019-12-31,2019-12-28,2019-12-28,2021-07-28,55874000.0,6166799000.0,5681708000.0,3057850000.0,3108949000.0,0.661,24.2,-117502000.0,1027638000.0,1027638000.0,1523529000.0,952486000.0,2.952,0.286,49238000.0,0.0,49238000.0,49238000.0,161891000.0,106175000.0,0.0,0.023,2.24,987222000.0,1093397000.0,0.291,1093397000.0,987222000.0,987222000.0,5.01,4.99,5.01,4793496000.0,4410160500.0,4793496000.0,18580004221.0,19.0,16.993,581047000.0,2.933,1.0,2233976000.0,0.595,659629000.0,0.0,3492837000.0,3219104500.0,752908000.0,1581938000.0,376463000.0,1205475000.0,1373303000.0,1035933000.0,337370000.0,19514587221.0,-174167000.0,-300289000.0,1236000.0,0.0,-417264000.0,-416028000.0,-450746000.0,-30578000.0,698549000.0,-5942000.0,952486000.0,952486000.0,952486000.0,0.0,0.0,0.253,1288390000.0,945586000.0,240831000.0,0.447,4.071,20.488,19.665,792510000.0,0.0,98.52,5.193,5.193,706763000.0,3229061000.0,3757505000.0,3757505000.0,605366000.0,0.168,0.216,0.307,0.263,63400000.0,683024000.0,1.0,198077418.0,198077418,,18.97,5507170000.0,268518000.0,34736000.0,277438000.0,27.803,2021917000.0
2,GRMN,MRY,2018-12-31,2018-12-29,2018-12-29,2021-07-28,8430000.0,5382858000.0,5080691750.0,2665368000.0,2717490000.0,0.659,21.017,-154155000.0,1201805000.0,1201805000.0,1367725000.0,694080000.0,2.893,0.293,0.0,0.0,0.0,0.0,172938000.0,96194000.0,0.0,0.033,2.1,823247000.0,919441000.0,0.275,919441000.0,823247000.0,823247000.0,3.68,3.66,3.68,4162974000.0,3967939000.0,4162974000.0,11386681399.0,14.0,12.384,765365000.0,3.864,1.0,1979719000.0,0.591,417080000.0,0.0,2842660000.0,2820910750.0,561840000.0,1513112000.0,182989000.0,1330123000.0,1219884000.0,921313000.0,298571000.0,12443223399.0,310046000.0,-29170000.0,9987000.0,0.0,-296148000.0,-286161000.0,-307503000.0,-119578000.0,919520000.0,-15810000.0,694080000.0,694080000.0,694080000.0,0.0,0.0,0.207,1201376000.0,778343000.0,204985000.0,0.571,2.989,17.928,17.071,663527000.0,0.0,62.82,3.717,3.717,569833000.0,2710619000.0,3347444000.0,3347444000.0,567805000.0,0.137,0.175,0.292,0.246,56391000.0,633571000.0,1.0,198077418.0,198077418,,16.9,4965778000.0,176959000.0,129167000.0,271797000.0,25.07,1744055000.0
3,GRMN,MRY,2017-12-31,2017-12-30,2017-12-30,2021-07-28,56428000.0,4948289000.0,4783283250.0,2346138000.0,2602151000.0,0.653,19.449,-139335000.0,891759000.0,891759000.0,1323619000.0,709007000.0,2.962,0.284,0.0,0.0,0.0,0.0,190200000.0,86252000.0,0.0,0.043,2.55,697071000.0,783323000.0,0.251,783323000.0,697071000.0,697071000.0,3.77,3.76,3.77,3852419000.0,3669653250.0,3852419000.0,10908075790.0,16.0,13.925,521507000.0,2.633,1.0,1797941000.0,0.576,409801000.0,0.0,2854614000.0,2795669250.0,517644000.0,1421720000.0,161687000.0,1260033000.0,1095870000.0,792115000.0,303755000.0,11799471790.0,44763000.0,-90471000.0,-65436000.0,0.0,-382976000.0,-448412000.0,-194383000.0,47655000.0,660842000.0,26716000.0,709007000.0,709007000.0,709007000.0,0.0,0.0,0.227,1114304000.0,683637000.0,169640000.0,0.676,3.063,16.642,15.801,595684000.0,0.0,59.57,3.78,3.78,590882000.0,2418444000.0,3121560000.0,3121560000.0,511634000.0,0.148,0.193,0.249,0.223,44735000.0,602670000.0,1.0,198077418.0,198077418,,15.759,4538488000.0,195981000.0,-11936000.0,248545000.0,22.913,1554023000.0
4,GRMN,MRY,2016-12-31,2016-12-31,2016-12-31,2021-07-28,-36761000.0,4525133000.0,4513736500.0,2263016000.0,2262117000.0,0.675,17.256,-90284000.0,846996000.0,846996000.0,1357272000.0,517724000.0,2.891,0.324,0.0,0.0,0.0,0.0,286971000.0,86340000.0,0.0,0.053,2.55,638625000.0,724965000.0,0.238,724965000.0,638625000.0,638625000.0,2.74,2.73,2.74,3418003000.0,3359078500.0,3418003000.0,8691949999.0,14.0,11.989,615398000.0,3.107,1.0,1688525000.0,0.554,305002000.0,0.0,2590400000.0,2506237500.0,484821000.0,1480237000.0,266952000.0,1213285000.0,1107130000.0,782735000.0,324395000.0,9604773999.0,13667000.0,-77945000.0,-81916000.0,0.0,-481452000.0,-561676000.0,-121683000.0,52261000.0,705682000.0,-8656000.0,517724000.0,517724000.0,517724000.0,0.0,0.0,0.17,1055661000.0,632864000.0,172404000.0,0.931,2.81,18.552,17.697,482878000.0,0.0,48.49,3.153,3.153,527062000.0,2056702000.0,3045797000.0,3045797000.0,467960000.0,0.115,0.154,0.255,0.21,41250000.0,587701000.0,1.0,198077418.0,198077418,,15.377,4220131000.0,110293000.0,120901000.0,198557000.0,21.305,1480281000.0
5,GRMN,MRY,2015-12-31,2015-12-26,2015-12-26,2021-07-28,-30428000.0,4499391000.0,4463637750.0,2211087000.0,2288304000.0,0.632,16.076,-72671000.0,833329000.0,833329000.0,1281566000.0,456227000.0,2.553,0.345,0.0,0.0,0.0,0.0,293713000.0,78360000.0,0.0,0.054,2.01,567187000.0,645547000.0,0.229,645547000.0,567187000.0,567187000.0,2.39,2.39,2.39,3345126000.0,3316486500.0,3345126000.0,6779536918.0,12.0,10.502,207796000.0,0.999,1.0,1538704000.0,0.546,245552000.0,0.0,2554512000.0,2383887000.0,500554000.0,1558548000.0,215161000.0,1343387000.0,1154265000.0,865998000.0,288267000.0,7694702918.0,-363198000.0,-38687000.0,-119926000.0,0.0,-378117000.0,-500092000.0,-111979000.0,3220000.0,280467000.0,-31594000.0,456227000.0,456227000.0,456227000.0,0.0,0.0,0.162,989123000.0,549581000.0,178905000.0,0.841,2.3,16.866,15.473,446089000.0,0.0,36.98,2.728,2.728,531481000.0,1930517000.0,2820270000.0,2820270000.0,427043000.0,0.102,0.138,0.238,0.201,26290000.0,562080000.0,1.0,208077418.0,208077418,,13.554,4253839000.0,116518000.0,110960000.0,179573000.0,20.444,1345089000.0
6,GRMN,MRY,2014-12-31,2014-12-27,2014-12-27,2021-07-28,2571000.0,4693303000.0,4710845750.0,2510976000.0,2182327000.0,0.609,16.356,-72591000.0,1196576000.0,1196576000.0,1266246000.0,364211000.0,2.43,0.379,0.0,0.0,0.0,0.0,338728000.0,77015000.0,0.0,0.035,1.89,723745000.0,800760000.0,0.279,800760000.0,723745000.0,723745000.0,1.89,1.88,1.89,3403367000.0,3468191500.0,3403367000.0,10041794863.0,14.0,12.54,450120000.0,2.163,1.0,1604412000.0,0.559,218083000.0,0.0,2245383000.0,2356907500.0,420475000.0,1575333000.0,167989000.0,1407344000.0,1289936000.0,1033261000.0,256675000.0,11196645863.0,17119000.0,-18871000.0,-239463000.0,0.0,-360075000.0,-599622000.0,131332000.0,227573000.0,522711000.0,-37302000.0,364211000.0,364211000.0,364211000.0,0.0,0.0,0.127,913786000.0,690626000.0,149094000.0,1.0,3.29,30.742,28.471,430887000.0,0.0,53.81,3.9,3.9,570191000.0,1859972000.0,2870658000.0,2870658000.0,395121000.0,0.077,0.105,0.307,0.252,24293000.0,518665000.0,1.0,208077418.0,208077418,,13.796,4475220000.0,123814000.0,359534000.0,320041000.0,21.507,1477715000.0
7,GRMN,MRY,2013-12-31,2013-12-28,2013-12-28,2021-07-28,38041000.0,4879603000.0,4718107500.0,2595636000.0,2283967000.0,0.558,17.588,-55198000.0,1179398000.0,1179398000.0,1224551000.0,612412000.0,2.867,0.333,0.0,0.0,0.0,0.0,427920000.0,78804000.0,0.0,0.039,1.8,653558000.0,732362000.0,0.278,732362000.0,653558000.0,653558000.0,3.13,3.12,3.13,3659706000.0,3550473000.0,3659706000.0,8642021098.0,13.0,11.8,574886000.0,2.763,1.0,1407300000.0,0.535,219494000.0,0.0,2575407000.0,2546643250.0,382226000.0,1789347000.0,287241000.0,1502106000.0,1219897000.0,905304000.0,314593000.0,9710973098.0,-52031000.0,-5680000.0,-59715000.0,0.0,-351707000.0,-406838000.0,-274442000.0,-213029000.0,630084000.0,-835000.0,612412000.0,612412000.0,612412000.0,0.0,0.0,0.233,833268000.0,574032000.0,146582000.0,0.575,2.653,15.857,14.911,414848000.0,0.0,46.67,3.69,3.69,564586000.0,1865587000.0,2631851000.0,2631851000.0,364923000.0,0.13,0.172,0.257,0.248,22592000.0,468345000.0,1.0,208077418.0,208077418,,12.648,4660109000.0,158147000.0,41146000.0,181723000.0,22.396,1690332000.0
8,GRMN,MRY,2012-12-31,2012-12-29,2012-12-29,2021-07-28,138554000.0,4819124000.0,4559355250.0,2536120000.0,2283004000.0,0.596,16.973,-37688000.0,1232016000.0,1232016000.0,1277195000.0,542403000.0,2.79,0.364,0.0,0.0,0.0,0.0,445422000.0,90467000.0,0.0,0.044,1.75,624528000.0,714995000.0,0.263,714995000.0,624528000.0,624528000.0,2.78,2.76,2.78,3531796000.0,3377408750.0,3531796000.0,7075193720.0,11.0,9.895,647057000.0,3.11,1.0,1438480000.0,0.53,232597000.0,0.0,2445485000.0,2231625250.0,389931000.0,1641395000.0,153083000.0,1488312000.0,1287328000.0,909026000.0,378302000.0,8323096720.0,-55980000.0,-7697000.0,4053000.0,0.0,-253386000.0,-249849000.0,-496228000.0,-443995000.0,684745000.0,5352000.0,542403000.0,542403000.0,542403000.0,0.0,0.0,0.2,834320000.0,604160000.0,131263000.0,0.629,2.357,15.345,14.388,409751000.0,0.0,40.0,3.065,3.065,603673000.0,1604625000.0,2715675000.0,2715675000.0,325773000.0,0.119,0.161,0.28,0.23,29274000.0,508547000.0,1.0,208077418.0,208077418,,13.051,4586527000.0,162705000.0,82125000.0,216584000.0,22.042,1627094000.0
9,GRMN,MRY,2011-12-31,2011-12-31,2011-12-31,2021-07-28,87193000.0,4471338000.0,4235546750.0,2574837000.0,1896501000.0,0.651,15.651,-34239000.0,1287931000.0,1287931000.0,1419977000.0,520896000.0,3.0,0.373,0.0,0.0,0.0,0.0,377119000.0,94535000.0,0.0,0.04,1.6,584161000.0,678696000.0,0.246,678696000.0,584161000.0,584161000.0,2.68,2.67,2.68,3256581000.0,3120174000.0,3256581000.0,6892757011.0,12.0,10.156,788095000.0,3.788,1.0,1338592000.0,0.485,246646000.0,0.0,2078482000.0,1896044250.0,397741000.0,1208155000.0,111153000.0,1097002000.0,1214757000.0,858279000.0,356478000.0,8283562011.0,26224000.0,-54190000.0,37000.0,0.0,-310763000.0,-307413000.0,-488198000.0,-393342000.0,822334000.0,-499000.0,520896000.0,520896000.0,520896000.0,0.0,0.0,0.189,784825000.0,553767000.0,164010000.0,0.597,2.544,15.903,14.854,417105000.0,0.0,39.81,3.003,3.003,607450000.0,1413582000.0,2758569000.0,2758569000.0,298584000.0,0.123,0.167,0.308,0.212,40212000.0,486241000.0,1.0,208077418.0,208077418,,13.257,4224692000.0,142307000.0,63265000.0,250421000.0,20.303,1716558000.0
10,GRMN,MRY,2010-12-31,2010-12-25,2010-12-25,2021-07-28,56004000.0,3988688000.0,3657398250.0,2498755000.0,1489933000.0,0.735,15.766,-32093000.0,1262213000.0,1262213000.0,1343537000.0,584603000.0,3.735,0.308,0.0,0.0,0.0,0.0,197787000.0,94651000.0,0.0,0.049,1.501,578518000.0,673169000.0,0.25,673169000.0,578518000.0,577272000.0,2.97,2.95,2.97,3049562000.0,2776590000.0,3049562000.0,4635585717.0,8.0,6.886,738544000.0,3.818,1.0,1346374000.0,0.501,185152000.0,1246000.0,1872286000.0,1632919500.0,387577000.0,801819000.0,24418000.0,777401000.0,939126000.0,669037000.0,270089000.0,5872506717.0,169355000.0,-12120000.0,-216463000.0,0.0,-298853000.0,-510821000.0,-72869000.0,-25543000.0,770637000.0,-17592000.0,584603000.0,584603000.0,584603000.0,0.0,0.0,0.217,709698000.0,636676000.0,132348000.0,0.505,1.926,10.045,10.222,427805000.0,0.0,30.36,2.183,2.183,747249000.0,1264613000.0,2689911000.0,2689911000.0,277261000.0,0.16,0.211,0.354,0.215,40332000.0,432437000.0,1.0,193429075.0,193429075,,13.906,3803536000.0,107241000.0,-7331000.0,221435000.0,19.664,1829718000.0
11,GRMN,MRY,2009-12-31,2009-12-26,2009-12-26,2021-07-28,-13382000.0,3828082000.0,3320797000.0,2396079000.0,1432003000.0,0.887,14.135,-49194000.0,1093628000.0,1093628000.0,1502329000.0,703950000.0,3.493,0.35,0.0,0.0,0.0,0.0,66484000.0,96486000.0,0.0,0.024,0.75,808651000.0,905137000.0,0.307,905137000.0,808651000.0,808651000.0,3.51,3.5,3.51,2836447000.0,2528118500.0,2836447000.0,5202920014.0,6.0,5.748,1045262000.0,5.209,1.0,1444111000.0,0.49,213660000.0,0.0,1834918000.0,1569142000.0,309938000.0,766047000.0,19583000.0,746464000.0,991635000.0,685876000.0,305759000.0,6216727014.0,395246000.0,0.0,-12763000.0,0.0,-149846000.0,-161243000.0,-547869000.0,-490996000.0,1094456000.0,9902000.0,703950000.0,703950000.0,703950000.0,0.0,0.0,0.239,658101000.0,786010000.0,203388000.0,0.214,2.192,8.831,8.826,441338000.0,0.0,30.98,2.11,2.11,874110000.0,2816607000.0,2946440000.0,2946440000.0,238378000.0,0.212,0.278,0.515,0.274,43616000.0,419723000.0,1.0,200669045.0,200669045,,14.683,3614422000.0,81895000.0,104701000.0,290972000.0,18.012,1710203000.0
12,GRMN,MRY,2008-12-31,2008-12-27,2008-12-27,2021-07-28,-37651000.0,2934421000.0,3041290750.0,1984425000.0,949996000.0,1.149,10.99,-119604000.0,698276000.0,698276000.0,1940562000.0,732848000.0,4.141,0.318,0.0,0.0,0.0,0.0,680000.0,78417000.0,0.0,0.039,0.75,914973000.0,993390000.0,0.284,993390000.0,914973000.0,914366000.0,3.51,3.48,3.51,2225854000.0,2285698000.0,2225854000.0,3404265076.0,4.0,3.427,742560000.0,3.666,1.0,1553515000.0,0.445,230954000.0,607000.0,1526015000.0,1631450500.0,425312000.0,274895000.0,12886000.0,262009000.0,708567000.0,479176000.0,229391000.0,3927257076.0,-11354000.0,-60131000.0,-659943000.0,0.0,-150251000.0,-808051000.0,-56349000.0,130744000.0,862164000.0,-9118000.0,732848000.0,732848000.0,732848000.0,0.0,0.0,0.21,691498000.0,862017000.0,160094000.0,0.214,1.764,5.359,5.524,445252000.0,0.0,19.39,1.124,1.124,741321000.0,2262503000.0,3494077000.0,3494077000.0,206109000.0,0.241,0.321,0.561,0.262,38872000.0,485389000.0,1.0,202540334.0,202540334,,17.251,2703467000.0,59665000.0,181518000.0,248351000.0,13.348,1505249000.0
13,GRMN,MRY,2007-12-31,2007-12-29,2007-12-29,2021-07-28,46130000.0,3291460000.0,2599682250.0,2332775000.0,958685000.0,1.223,10.838,-156772000.0,709243000.0,709243000.0,1717064000.0,855011000.0,2.909,0.4,0.0,0.0,0.0,0.0,0.0,64037000.0,0.0,0.008,0.75,978480000.0,1042517000.0,0.328,1042517000.0,978480000.0,978273000.0,3.95,3.89,3.95,2350614000.0,1989119000.0,2350614000.0,20803474931.0,21.0,19.955,525316000.0,2.422,1.0,1463255000.0,0.46,196030000.0,207000.0,1584304000.0,1284586750.0,505467000.0,424505000.0,37551000.0,386954000.0,940846000.0,801883000.0,138963000.0,21508200931.0,370368000.0,-128751000.0,9228000.0,-248000.0,-162531000.0,-136117000.0,-175695000.0,112775000.0,682088000.0,92000.0,855011000.0,855011000.0,855011000.0,0.0,0.0,0.269,555904000.0,907351000.0,341053000.0,0.19,9.15,25.155,25.106,374147000.0,0.0,99.17,6.763,6.763,952513000.0,2171134000.0,3180319000.0,3180319000.0,159406000.0,0.329,0.43,0.762,0.308,22164000.0,396498000.0,1.0,216882131.0,216882131,,14.664,3095430000.0,107376000.0,123262000.0,215423000.0,14.272,1530892000.0
14,GRMN,MRY,2006-12-31,2006-12-30,2006-12-30,2021-07-28,-5275000.0,1897020000.0,1707478250.0,1169084000.0,727936000.0,1.039,7.218,-92830000.0,338846000.0,338846000.0,891614000.0,514123000.0,3.462,0.218,248000.0,0.0,248000.0,248000.0,0.0,44475000.0,0.0,0.009,0.5,594595000.0,639070000.0,0.36,639070000.0,594595000.0,594554000.0,2.38,2.35,2.38,1557899000.0,1360206000.0,1557899000.0,11660150021.0,20.0,18.245,269025000.0,1.246,1.0,882386000.0,0.497,67580000.0,41000.0,1153160000.0,981682250.0,271008000.0,480876000.0,73033000.0,407843000.0,339121000.0,337682000.0,1439000.0,12013334021.0,2969000.0,-36499000.0,-34376000.0,-11000.0,-107923000.0,-132650000.0,-226385000.0,-93772000.0,361855000.0,149000.0,514123000.0,514123000.0,514123000.0,0.0,0.0,0.29,327827000.0,554559000.0,88375000.0,0.21,7.711,23.367,23.387,250988000.0,0.0,55.66,6.772,6.772,403524000.0,1478654000.0,1774000000.0,1774000000.0,113314000.0,0.301,0.378,0.606,0.335,11913000.0,214513000.0,1.0,215834244.0,215834244,,8.219,1829440000.0,55996000.0,80431000.0,95859000.0,8.476,831402000.0
15,GRMN,MRY,2005-12-31,2005-12-31,2005-12-31,2021-07-28,-12513000.0,1362235000.0,1262353750.0,801167000.0,561068000.0,0.814,5.361,-27130000.0,335708000.0,335708000.0,492703000.0,311219000.0,4.098,0.177,0.0,0.0,0.0,0.0,0.0,43596000.0,0.0,0.008,0.25,372648000.0,416244000.0,0.405,416244000.0,372648000.0,372600000.0,1.44,1.43,1.44,1157264000.0,1073968750.0,1157264000.0,6828969590.0,18.0,16.406,219875000.0,1.019,1.0,535070000.0,0.521,35866000.0,48000.0,795176000.0,768330250.0,199841000.0,376723000.0,32050000.0,344673000.0,204971000.0,195485000.0,9486000.0,7161625590.0,84443000.0,-1483000.0,-16963000.0,0.0,-53974000.0,-70937000.0,-91181000.0,-59106000.0,247005000.0,-444000.0,311219000.0,311219000.0,311219000.0,0.0,0.0,0.303,196900000.0,338170000.0,76516000.0,0.174,6.188,23.012,23.038,179173000.0,0.0,33.175,6.968,6.968,170997000.0,1072454000.0,1027773000.0,1027773000.0,74879000.0,0.247,0.29,0.485,0.363,925000.0,122021000.0,1.0,215874170.0,215874170,,4.761,1326369000.0,29615000.0,61381000.0,72640000.0,6.144,605682000.0
16,GRMN,MRY,2004-12-31,2004-12-25,2004-12-25,2021-07-28,10615000.0,1117391000.0,1010827000.0,636971000.0,480420000.0,0.754,4.327,-78120000.0,251366000.0,251366000.0,351310000.0,205700000.0,3.614,0.194,0.0,0.0,0.0,0.0,0.0,34599000.0,0.0,0.008,0.25,255249000.0,289848000.0,0.38,289848000.0,255249000.0,255211000.0,0.95,0.94,0.95,935857000.0,857983000.0,935857000.0,6282515200.0,25.0,21.675,130816000.0,0.605,1.0,411239000.0,0.539,49485000.0,38000.0,640273000.0,579759250.0,154980000.0,322215000.0,64367000.0,257848000.0,181534000.0,176267000.0,5267000.0,6581621200.0,-24420000.0,0.0,2949000.0,0.0,-54095000.0,-51146000.0,-184317000.0,-104559000.0,208936000.0,2107000.0,205700000.0,205700000.0,205700000.0,0.0,0.0,0.27,140571000.0,270668000.0,53673000.0,0.263,7.033,31.996,32.032,171630000.0,0.0,30.43,8.631,8.631,110119000.0,815209000.0,762549000.0,762549000.0,61580000.0,0.203,0.24,0.44,0.335,0.0,78991000.0,1.0,216287256.0,216287256,,3.526,1067906000.0,38527000.0,49511000.0,76200000.0,4.937,460704000.0
17,GRMN,MRY,2003-12-31,2003-12-27,2003-12-27,2021-07-28,-19018000.0,856945000.0,798608250.0,539928000.0,317017000.0,0.717,3.469,-32756000.0,275931000.0,275931000.0,242448000.0,178634000.0,5.17,0.143,0.0,0.0,0.0,0.0,0.0,20104000.0,0.0,0.009,0.25,226477000.0,246581000.0,0.43,246581000.0,226477000.0,225943000.0,0.825,0.82,0.825,749690000.0,695468000.0,749690000.0,5590336092.0,25.0,22.671,140700000.0,0.651,1.0,330541000.0,0.577,42311000.0,534000.0,434269000.0,436582500.0,96794000.0,221447000.0,53127000.0,168320000.0,107255000.0,104434000.0,2821000.0,5836612092.0,57561000.0,-38177000.0,4261000.0,-20000000.0,-54040000.0,-69779000.0,-48708000.0,22870000.0,173456000.0,2592000.0,178634000.0,178634000.0,178634000.0,0.0,0.0,0.312,103541000.0,227000000.0,40671000.0,0.303,7.785,32.674,32.733,104784000.0,0.0,27.005,10.186,10.186,82718000.0,663604000.0,572989000.0,572989000.0,43706000.0,0.224,0.257,0.519,0.395,0.0,59835000.0,1.0,216130794.0,216130794,,2.651,814634000.0,26812000.0,47309000.0,41767000.0,3.769,435494000.0
18,GRMN,MRY,2002-12-31,2002-12-28,2002-12-28,2021-07-28,-35896000.0,705888000.0,625228250.0,472999000.0,232889000.0,0.744,2.794,-12406000.0,218366000.0,218366000.0,210088000.0,142797000.0,5.827,0.172,20000000.0,0.0,20000000.0,20000000.0,0.0,16131000.0,0.0,0.0,0.0,184063000.0,200194000.0,0.43,200194000.0,184063000.0,182734000.0,0.66,0.66,0.66,602499000.0,543305500.0,602499000.0,3034531704.0,16.0,15.158,149477000.0,0.693,1.0,255056000.0,0.548,24479000.0,1329000.0,401865000.0,385031250.0,57507000.0,245708000.0,113336000.0,132372000.0,103389000.0,81178000.0,22211000.0,3210433704.0,23926000.0,0.0,2075000.0,-12236000.0,0.0,-10161000.0,-127547000.0,-115114000.0,161883000.0,-249000.0,142797000.0,142797000.0,142797000.0,0.0,0.0,0.307,77616000.0,177440000.0,32446000.0,0.0,5.329,22.483,22.561,74440000.0,0.0,14.89,6.902,6.902,58278000.0,507884000.0,465144000.0,465144000.0,32163000.0,0.228,0.263,0.478,0.396,0.0,45453000.0,1.0,215610054.0,215610054,,2.157,681409000.0,22620000.0,39937000.0,28064000.0,3.16,391821000.0
19,GRMN,MRY,2001-12-31,2001-12-29,2001-12-29,2021-07-28,-39327000.0,538984000.0,509918000.0,359564000.0,179420000.0,0.724,2.109,-26672000.0,194442000.0,194442000.0,170960000.0,113448000.0,6.437,0.187,32188000.0,4177000.0,28011000.0,32188000.0,0.0,10868000.0,0.0,0.0,0.0,154209000.0,165077000.0,0.447,165077000.0,154209000.0,152035000.0,0.525,0.525,0.525,453969000.0,424805750.0,453969000.0,2017307143.0,13.0,12.22,103319000.0,0.48,1.0,198159000.0,0.537,16985000.0,2174000.0,303888000.0,241383750.0,61132000.0,131584000.0,40835000.0,90749000.0,85015000.0,55857000.0,29158000.0,2295032143.0,-58889000.0,-3625000.0,-8299000.0,-14189000.0,0.0,-22488000.0,-158390000.0,-131584000.0,129991000.0,-8002000.0,113448000.0,113448000.0,113448000.0,0.0,0.0,0.307,66873000.0,131286000.0,18837000.0,0.0,5.055,20.23,20.305,70086000.0,0.0,10.66,6.218,6.218,47998000.0,365087000.0,369119000.0,369119000.0,28164000.0,0.222,0.267,0.639,0.418,0.0,38709000.0,1.0,215293822.0,215293822,,1.714,521999000.0,13836000.0,38587000.0,20420000.0,2.425,303707000.0
20,GRMN,MRY,2000-12-31,2000-12-30,2000-12-30,2021-07-28,-22908000.0,463347000.0,356718500.0,388021000.0,75326000.0,0.969,1.693,-18902000.0,257579000.0,257579000.0,162015000.0,105663000.0,7.765,0.269,46946000.0,587000.0,46359000.0,46946000.0,0.0,7569000.0,0.0,0.0,0.0,143209000.0,150778000.0,0.436,150778000.0,143209000.0,140922000.0,0.525,0.525,0.525,365239000.0,279919000.0,365239000.0,2033385250.0,14.0,13.486,64591000.0,0.299,1.0,183726000.0,0.531,4774000.0,2287000.0,197969000.0,171638500.0,89855000.0,0.0,0.0,0.0,98108000.0,49971000.0,48137000.0,2130531250.0,147652000.0,0.0,104414000.0,19995000.0,-28954000.0,95455000.0,-28914000.0,0.0,83493000.0,-2382000.0,105663000.0,105663000.0,105663000.0,0.0,0.0,0.306,54433000.0,129293000.0,22496000.0,0.0,5.833,20.163,18.81,64704000.0,0.0,9.875,6.162,6.162,32719000.0,253140000.0,345741000.0,345741000.0,21764000.0,0.296,0.377,0.834,0.414,0.0,32669000.0,1.0,215750000.0,215750000,,1.603,458573000.0,12293000.0,35259000.0,15411000.0,2.125,338050000.0
21,GRMN,MRY,1999-12-31,1999-12-25,1999-12-25,2021-07-28,-12425000.0,250090000.0,212311000.0,193427000.0,56663000.0,1.095,0.973,-32126000.0,104079000.0,104079000.0,105654000.0,64167000.0,6.986,0.285,27720000.0,5000.0,27715000.0,27720000.0,0.0,5572000.0,0.0,,0.0,84709000.0,90281000.0,0.388,90281000.0,84709000.0,84132000.0,0.32,0.32,0.32,194599000.0,165269500.0,194599000.0,,,,16344000.0,0.082,1.0,126932000.0,0.546,737000.0,577000.0,145308000.0,109863500.0,51248000.0,0.0,0.0,0.0,55491000.0,27686000.0,27805000.0,,23719000.0,0.0,0.0,17683000.0,-7530000.0,10153000.0,-32302000.0,0.0,48470000.0,-2602000.0,64167000.0,64167000.0,64167000.0,0.0,0.0,0.276,44402000.0,82530000.0,15402000.0,0.0,,,,55851000.0,0.0,,,,31353000.0,176431000.0,232586000.0,232586000.0,17339000.0,0.302,0.388,0.771,0.364,0.0,27063000.0,1.0,,200000000,200000000.0,1.163,249353000.0,5958000.0,19965000.0,25000.0,1.247,165741000.0
22,GRMN,MRY,1998-12-31,1998-12-26,1998-12-26,2021-07-28,-14447000.0,174532000.0,,145344000.0,29188000.0,,0.682,-8236000.0,80360000.0,80360000.0,82787000.0,35166000.0,4.97,0.284,9708000.0,363000.0,9345000.0,9708000.0,0.0,4338000.0,0.0,,0.0,48065000.0,52403000.0,0.31,52403000.0,48065000.0,47520000.0,0.175,0.175,0.175,135940000.0,,135940000.0,,,,28312000.0,0.142,1.0,86243000.0,0.51,214000.0,545000.0,74419000.0,,37974000.0,2176000.0,2176000.0,0.0,38592000.0,29247000.0,9345000.0,,16117000.0,0.0,309000.0,-6435000.0,-6000000.0,-12126000.0,-9339000.0,0.0,36548000.0,1034000.0,35166000.0,35166000.0,35166000.0,0.0,0.0,0.208,39556000.0,46687000.0,9334000.0,0.0,,,,28751000.0,0.0,,,,17560000.0,132247000.0,169030000.0,169030000.0,14876000.0,,,,0.284,0.0,24680000.0,1.0,,199248000,199248000.0,0.848,174318000.0,6793000.0,12354000.0,8498000.0,0.875,116097000.0
23,GRMN,MRY,1997-12-31,1997-12-31,1997-12-31,2021-07-28,,,,,,,,-2666000.0,,,93620000.0,36092000.0,,,,,,,,3278000.0,,,0.0,49769000.0,53047000.0,0.331,53047000.0,49769000.0,48872000.0,0.185,0.185,0.185,,,,,,,37202000.0,0.188,1.0,66660000.0,0.416,,897000.0,,,,,,,,,,,27170000.0,0.0,0.0,221000.0,-3629000.0,-3408000.0,-2615000.0,0.0,39868000.0,-6675000.0,36092000.0,36092000.0,36092000.0,0.0,0.0,0.225,29759000.0,36901000.0,,0.0,,,,,0.0,,,,,,160280000.0,160280000.0,12657000.0,,,,0.311,0.0,17102000.0,1.0,,197752000,197752000.0,0.811,,,12780000.0,,,
0,GRMN,MRQ,2021-06-30,2021-06-26,2021-06-26,2021-07-28,166627000.0,7402724000.0,,3883765000.0,3518959000.0,,29.062,-109640000.0,1639447000.0,1639447000.0,546054000.0,316997000.0,2.662,0.326,74336000.0,0.0,74336000.0,74336000.0,129442000.0,37789000.0,0.0,0.017,0.67,372059000.0,409848000.0,0.309,409848000.0,372059000.0,372059000.0,1.65,1.64,1.65,5584248000.0,,5584248000.0,26215189842.0,19.0,17.54,120040000.0,0.625,1.0,780851000.0,0.588,820116000.0,0.0,3558667000.0,,938607000.0,1534272000.0,330567000.0,1203705000.0,1818476000.0,1458830000.0,359646000.0,27739923842.0,39984000.0,0.0,17753000.0,0.0,-117205000.0,-99452000.0,-93913000.0,16137000.0,229680000.0,3669000.0,316997000.0,316997000.0,316997000.0,0.0,0.0,0.239,409679000.0,371172000.0,303947000.0,0.406,4.968,23.429,23.361,1051021000.0,0.0,144.37,5.708,5.708,737268000.0,3775874000.0,1326905000.0,1326905000.0,200981000.0,,,,,22603000.0,208698000.0,1.0,192144655.0,192150000,192871000.0,6.906,6582608000.0,250230000.0,55062000.0,300502000.0,34.258,2424935000.0
1,GRMN,MRQ,2021-03-31,2021-03-27,2021-03-27,2021-07-28,140252000.0,6999729000.0,,3557920000.0,3441809000.0,,29.786,-36894000.0,1599475000.0,1599475000.0,430771000.0,220029000.0,3.813,0.225,74741000.0,0.0,74741000.0,74741000.0,128747000.0,36890000.0,0.0,0.019,0.61,250514000.0,287404000.0,0.268,287404000.0,250514000.0,250514000.0,1.15,1.14,1.15,5715827000.0,,5715827000.0,23209227280.0,20.0,17.694,331468000.0,1.727,1.0,641556000.0,0.598,822229000.0,0.0,3719641000.0,,837934000.0,1555454000.0,342656000.0,1212798000.0,1283902000.0,933125000.0,350777000.0,24592017280.0,141488000.0,-15893000.0,376000.0,0.0,-116655000.0,-116279000.0,-104107000.0,-50560000.0,368362000.0,-6488000.0,220029000.0,220029000.0,220029000.0,0.0,0.0,0.205,391897000.0,249659000.0,250789000.0,0.53,4.302,23.395,23.383,954324000.0,0.0,128.37,5.586,5.595,558192000.0,3974184000.0,1072327000.0,1072327000.0,203214000.0,,,,,22698000.0,188683000.0,1.0,191571374.0,191896000,192810000.0,5.588,6177500000.0,248852000.0,30485000.0,280165000.0,32.192,2624795000.0
2,GRMN,MRQ,2020-12-31,2020-12-26,2020-12-26,2021-07-28,183427000.0,7031373000.0,,3669351000.0,3362022000.0,,28.844,-48317000.0,1458442000.0,1458442000.0,560421000.0,333548000.0,3.152,0.275,75958000.0,0.0,75958000.0,75958000.0,136799000.0,36605000.0,0.0,0.02,0.61,391466000.0,428071000.0,0.317,428071000.0,391466000.0,391466000.0,1.74,1.73,1.74,5516116000.0,,5516116000.0,21823260263.0,20.0,17.741,387501000.0,2.026,1.0,790984000.0,0.585,828566000.0,0.0,3656106000.0,,762084000.0,1518817000.0,387642000.0,1131175000.0,1515257000.0,1164217000.0,351040000.0,22988653263.0,234939000.0,0.0,-13257000.0,0.0,-116656000.0,-129913000.0,-81193000.0,-32454000.0,435818000.0,10227000.0,333548000.0,333548000.0,333548000.0,0.0,0.0,0.247,419717000.0,371267000.0,258885000.0,0.351,4.168,23.166,23.162,950165000.0,0.0,120.21,5.491,5.491,849469000.0,3754372000.0,1351405000.0,1351405000.0,199672000.0,,,,,27370000.0,220045000.0,1.0,191237445.0,191237445,,7.067,6202807000.0,245455000.0,57918000.0,278239000.0,32.435,2505134000.0
3,GRMN,MRQ,2020-09-30,2020-09-26,2020-09-26,2021-07-28,118978000.0,6550669000.0,,3341870000.0,3208799000.0,,26.692,-38753000.0,1223809000.0,1223809000.0,441211000.0,313417000.0,2.976,0.283,58416000.0,0.0,58416000.0,58416000.0,140757000.0,32578000.0,0.0,0.025,0.61,336717000.0,369295000.0,0.333,369295000.0,336717000.0,336717000.0,1.64,1.63,1.64,5104341000.0,,5104341000.0,16595055980.0,17.0,14.843,235585000.0,1.232,1.0,667983000.0,0.602,818781000.0,0.0,3443539000.0,,821377000.0,1488267000.0,430164000.0,1058103000.0,1446328000.0,1122956000.0,323372000.0,17890262980.0,-131398000.0,-140755000.0,-1191000.0,0.0,-116525000.0,-117716000.0,-294269000.0,-114492000.0,274338000.0,6249000.0,313417000.0,313417000.0,313417000.0,0.0,0.0,0.283,350882000.0,317101000.0,235467000.0,0.372,3.505,17.547,17.552,888510000.0,0.0,93.55,4.544,4.544,658000000.0,3421159000.0,1109194000.0,1109194000.0,174882000.0,,,,,22031000.0,176000000.0,1.0,191237445.0,191234000,191998000.0,5.8,5731888000.0,247502000.0,23300000.0,248274000.0,29.973,2218914000.0
4,GRMN,MRQ,2020-06-30,2020-06-27,2020-06-27,2021-07-28,89729000.0,6220042000.0,,3258439000.0,2961603000.0,,24.818,-56900000.0,1355207000.0,1355207000.0,354437000.0,184180000.0,2.8,0.312,60000000.0,0.0,60000000.0,60000000.0,142587000.0,29328000.0,0.0,0.024,0.61,197592000.0,226920000.0,0.261,226920000.0,197592000.0,197592000.0,0.96,0.96,0.96,4740861000.0,,4740861000.0,17123899872.0,19.0,16.571,142337000.0,0.745,1.0,515430000.0,0.593,656898000.0,0.0,3104010000.0,,813243000.0,1373901000.0,380880000.0,993021000.0,1479181000.0,1163927000.0,315254000.0,18119952872.0,306320000.0,-1835000.0,14899000.0,0.0,-108879000.0,-93980000.0,193810000.0,252966000.0,199237000.0,7253000.0,184180000.0,184180000.0,184180000.0,0.0,0.0,0.212,327041000.0,188389000.0,193216000.0,0.635,3.822,19.4,19.399,867389000.0,0.0,94.86,4.816,4.816,523901000.0,3107768000.0,869867000.0,869867000.0,165740000.0,,,,,15925000.0,161301000.0,1.0,191017846.0,191024000,191597000.0,4.554,5563144000.0,254202000.0,13412000.0,250597000.0,29.123,2094512000.0
5,GRMN,MRQ,2020-03-31,2020-03-28,2020-03-28,2021-07-28,31807000.0,6053993000.0,,2928886000.0,3125107000.0,,25.861,-39454000.0,1048887000.0,1048887000.0,349168000.0,161180000.0,3.746,0.227,52834000.0,0.0,52834000.0,52834000.0,151809000.0,28204000.0,0.0,0.031,0.57,177635000.0,205839000.0,0.24,205839000.0,177635000.0,177635000.0,0.84,0.84,0.84,4934400000.0,,4934400000.0,13042841360.0,13.0,11.761,186420000.0,0.977,1.0,506940000.0,0.592,658777000.0,0.0,3617291000.0,,790180000.0,1591259000.0,391646000.0,1199613000.0,1119593000.0,781872000.0,337721000.0,14021241360.0,21249000.0,-6058000.0,-11580000.0,0.0,-108571000.0,-120151000.0,-78872000.0,-32407000.0,225874000.0,-5602000.0,161180000.0,161180000.0,161180000.0,0.0,0.0,0.188,329458000.0,177482000.0,200281000.0,0.679,2.842,14.403,14.389,821046000.0,0.0,73.53,3.644,3.646,500242000.0,3390053000.0,856108000.0,856108000.0,165392000.0,,,,,15559000.0,164066000.0,1.0,190687357.0,190803000,191684000.0,4.487,5395216000.0,263687000.0,16455000.0,277111000.0,28.276,2147014000.0
6,GRMN,MRQ,2019-12-31,2019-12-28,2019-12-28,2021-07-28,55874000.0,6166799000.0,,3057850000.0,3108949000.0,,24.2,-26403000.0,1027638000.0,1027638000.0,462777000.0,360791000.0,2.952,0.286,49238000.0,0.0,49238000.0,49238000.0,161891000.0,28560000.0,0.0,0.023,0.57,287412000.0,315972000.0,0.287,315972000.0,287412000.0,287412000.0,1.89,1.89,1.89,4793496000.0,,4793496000.0,18580004221.0,19.0,16.993,207976000.0,1.05,1.0,639455000.0,0.58,659629000.0,0.0,3492837000.0,,752908000.0,1581938000.0,376463000.0,1205475000.0,1373303000.0,1035933000.0,337370000.0,19514587221.0,50200000.0,-24979000.0,1226000.0,0.0,-108359000.0,-107133000.0,-82938000.0,-31041000.0,234379000.0,5892000.0,360791000.0,360791000.0,360791000.0,0.0,0.0,0.327,362932000.0,276523000.0,240831000.0,0.302,4.071,20.488,19.665,792510000.0,0.0,98.52,5.193,5.193,706763000.0,3229061000.0,1102232000.0,1102232000.0,162005000.0,,,,,15847000.0,200927000.0,1.0,198077418.0,198077418,,5.565,5507170000.0,268518000.0,-73379000.0,277438000.0,27.803,2021917000.0
7,GRMN,MRQ,2019-09-30,2019-09-28,2019-09-28,2021-07-28,20590000.0,5755105000.0,,2757843000.0,2997262000.0,,23.045,-30875000.0,977438000.0,977438000.0,366925000.0,227866000.0,2.644,0.314,42855000.0,0.0,42855000.0,42855000.0,165172000.0,26881000.0,0.0,0.026,0.57,257767000.0,284648000.0,0.305,284648000.0,257767000.0,257767000.0,1.2,1.19,1.2,4380894000.0,,4380894000.0,16024972821.0,17.0,15.498,158077000.0,0.832,1.0,567458000.0,0.607,637716000.0,0.0,3139851000.0,,749825000.0,1552761000.0,300542000.0,1252219000.0,1374211000.0,1042955000.0,331256000.0,16798945821.0,157184000.0,704000.0,-18000.0,0.0,0.0,-18000.0,-21409000.0,9771000.0,188952000.0,-10341000.0,227866000.0,227866000.0,227866000.0,0.0,0.0,0.244,305998000.0,261460000.0,235548000.0,0.475,3.835,21.486,20.535,765990000.0,0.0,84.81,4.683,4.494,558299000.0,2868816000.0,934383000.0,934383000.0,148561000.0,,,,,16592000.0,157437000.0,1.0,198077418.0,190102000,190962000.0,4.915,5117389000.0,158963000.0,29901000.0,279262000.0,26.919,1714888000.0
8,GRMN,MRQ,2019-06-30,2019-06-29,2019-06-29,2021-07-28,34681000.0,5524783000.0,,2460578000.0,3064205000.0,,21.864,-30177000.0,820254000.0,820254000.0,379475000.0,223656000.0,2.394,0.331,46281000.0,0.0,46281000.0,46281000.0,166680000.0,26723000.0,0.0,0.027,0.57,275778000.0,302501000.0,0.317,302501000.0,275778000.0,275778000.0,1.18,1.17,1.18,4150966000.0,,4150966000.0,14733755956.0,17.0,15.128,80459000.0,0.424,1.0,575365000.0,0.603,653014000.0,0.0,3070095000.0,,648140000.0,1558791000.0,239765000.0,1319026000.0,1373817000.0,1027701000.0,346116000.0,15806577956.0,-295845000.0,-276014000.0,12722000.0,0.0,-108218000.0,-95496000.0,-313778000.0,-7147000.0,110636000.0,2793000.0,223656000.0,223656000.0,223656000.0,0.0,0.0,0.234,319144000.0,256221000.0,214763000.0,0.483,3.808,21.413,20.409,761274000.0,0.0,79.8,4.564,4.375,583913000.0,2641371000.0,954840000.0,954840000.0,148883000.0,,,,,15832000.0,170261000.0,1.0,198077418.0,189855000,190714000.0,5.029,4871769000.0,162739000.0,52122000.0,267741000.0,25.66,1432877000.0
9,GRMN,MRQ,2019-03-31,2019-03-30,2019-03-30,2021-07-28,18338000.0,5280145000.0,,2512137000.0,2768008000.0,,22.76,-30047000.0,1116099000.0,1116099000.0,314352000.0,140173000.0,4.035,0.224,43277000.0,0.0,43277000.0,43277000.0,166184000.0,24011000.0,0.0,0.025,0.53,166265000.0,190276000.0,0.248,190276000.0,166265000.0,166265000.0,0.74,0.74,0.74,4315286000.0,,4315286000.0,15902180044.0,19.0,17.052,134535000.0,0.71,1.0,451698000.0,0.59,411162000.0,0.0,3173635000.0,,598387000.0,1535156000.0,197385000.0,1337771000.0,964859000.0,622526000.0,342333000.0,17103985044.0,-85706000.0,0.0,-12694000.0,0.0,-200687000.0,-213381000.0,-32621000.0,-2161000.0,164582000.0,-4286000.0,140173000.0,140173000.0,140173000.0,0.0,0.0,0.183,300315000.0,151383000.0,170474000.0,0.716,3.964,24.265,23.088,727277000.0,0.0,86.35,5.027,4.812,453069000.0,2850588000.0,766050000.0,766050000.0,145919000.0,,,,,15129000.0,154396000.0,1.0,198077418.0,189601000,190599000.0,4.04,4868983000.0,170935000.0,26092000.0,282227000.0,25.68,1889611000.0
10,GRMN,MRQ,2018-12-31,2018-12-29,2018-12-29,2021-07-28,8430000.0,5382858000.0,,2665368000.0,2717490000.0,,21.017,-32605000.0,1201805000.0,1201805000.0,382942000.0,190150000.0,2.893,0.293,0.0,0.0,0.0,0.0,172938000.0,24718000.0,0.0,0.033,0.53,231872000.0,256590000.0,0.275,256590000.0,231872000.0,231872000.0,1.01,1.0,1.01,4162974000.0,,4162974000.0,11386681399.0,14.0,12.384,185133000.0,0.935,1.0,549166000.0,0.589,417080000.0,0.0,2842660000.0,,561840000.0,1513112000.0,182989000.0,1330123000.0,1219884000.0,921313000.0,298571000.0,12443223399.0,145263000.0,0.0,2372000.0,0.0,1000.0,2373000.0,-68688000.0,-34465000.0,217738000.0,-6160000.0,190150000.0,190150000.0,190150000.0,0.0,0.0,0.204,326493000.0,222673000.0,204985000.0,0.525,2.989,17.928,17.071,663527000.0,0.0,62.82,3.717,3.717,569833000.0,2710619000.0,932108000.0,932108000.0,145156000.0,,,,,14297000.0,181337000.0,1.0,198077418.0,198077418,,4.706,4965778000.0,176959000.0,41722000.0,271797000.0,25.07,1744055000.0
11,GRMN,MRQ,2018-09-30,2018-09-29,2018-09-29,2021-07-28,4624000.0,5095967000.0,,2400619000.0,2695348000.0,,20.936,-29760000.0,1056542000.0,1056542000.0,329264000.0,184214000.0,2.811,0.289,0.0,0.0,0.0,0.0,175238000.0,23256000.0,0.0,0.03,0.53,201327000.0,224583000.0,0.277,224583000.0,201327000.0,201327000.0,0.98,0.97,0.98,3952708000.0,,3952708000.0,12928456131.0,17.0,14.863,233959000.0,1.239,1.0,480747000.0,0.594,424776000.0,0.0,2760623000.0,,556640000.0,1474808000.0,173697000.0,1301111000.0,1143259000.0,854026000.0,289233000.0,13875323131.0,109675000.0,-19753000.0,373000.0,0.0,-100063000.0,-99690000.0,-52921000.0,-2878000.0,263719000.0,-1433000.0,184214000.0,184214000.0,184214000.0,0.0,0.0,0.227,284788000.0,195959000.0,197069000.0,0.541,3.51,21.463,20.363,650805000.0,0.0,70.05,4.189,3.992,467784000.0,2520828000.0,810011000.0,810011000.0,138979000.0,,,,,14347000.0,145809000.0,1.0,198077418.0,188799000,190005000.0,4.29,4671191000.0,186445000.0,17113000.0,253258000.0,24.742,1546593000.0
12,GRMN,MRQ,2018-06-30,2018-06-30,2018-06-30,2021-07-28,9732000.0,4988720000.0,,2323582000.0,2665138000.0,,19.937,-65575000.0,946867000.0,946867000.0,371182000.0,190342000.0,2.501,0.327,0.0,0.0,0.0,0.0,182682000.0,25074000.0,0.0,0.042,0.53,236068000.0,261142000.0,0.292,261142000.0,236068000.0,236068000.0,1.01,1.0,1.01,3758881000.0,,3758881000.0,11183462498.0,15.0,13.064,158298000.0,0.84,1.0,523270000.0,0.585,409459000.0,0.0,2703247000.0,,501490000.0,1475765000.0,173318000.0,1302447000.0,1229839000.0,929147000.0,300692000.0,12082722498.0,47607000.0,0.0,11878000.0,0.0,-99940000.0,-88062000.0,-73270000.0,-6865000.0,223873000.0,-14934000.0,190342000.0,190342000.0,190342000.0,0.0,0.0,0.213,305762000.0,217508000.0,166499000.0,0.525,3.214,19.7,18.654,637245000.0,0.0,61.0,3.713,3.535,533076000.0,2336614000.0,894452000.0,894452000.0,141713000.0,,,,,14307000.0,164049000.0,1.0,198077418.0,188542000,189461000.0,4.744,4579261000.0,188101000.0,45726000.0,254692000.0,24.288,1394435000.0
13,GRMN,MRQ,2018-03-31,2018-03-31,2018-03-31,2021-07-28,64442000.0,4855222000.0,,2191283000.0,2663939000.0,,21.225,-26215000.0,899260000.0,899260000.0,284337000.0,129374000.0,3.928,0.215,0.0,0.0,0.0,0.0,181882000.0,23146000.0,0.0,0.043,0.51,153980000.0,177126000.0,0.249,177126000.0,153980000.0,153980000.0,0.69,0.68,0.69,3997193000.0,,3997193000.0,10780943243.0,14.0,12.678,187975000.0,0.998,1.0,426535000.0,0.6,421006000.0,0.0,2977113000.0,,547412000.0,1476930000.0,167745000.0,1309185000.0,858029000.0,557843000.0,300186000.0,11672702243.0,7501000.0,-9417000.0,-4636000.0,0.0,-96146000.0,-100782000.0,-112624000.0,-75370000.0,214190000.0,6717000.0,129374000.0,129374000.0,129374000.0,0.0,0.0,0.182,284333000.0,142202000.0,136132000.0,0.739,2.92,19.455,18.416,604813000.0,0.0,58.93,3.658,3.478,409704000.0,2546400000.0,710872000.0,710872000.0,141957000.0,,,,,13440000.0,142376000.0,1.0,198077418.0,188322000,189292000.0,3.775,4434216000.0,199090000.0,24606000.0,252907000.0,23.546,1633440000.0
14,GRMN,MRQ,2017-12-31,2017-12-30,2017-12-30,2021-07-28,56428000.0,4948289000.0,,2346138000.0,2602151000.0,,19.449,-54388000.0,891759000.0,891759000.0,393837000.0,142551000.0,2.962,0.284,0.0,0.0,0.0,0.0,190200000.0,22553000.0,0.0,0.043,0.51,184455000.0,207008000.0,0.231,207008000.0,184455000.0,184455000.0,0.76,0.76,0.76,3852419000.0,,3852419000.0,10908075790.0,16.0,13.925,143877000.0,0.726,1.0,503482000.0,0.561,409801000.0,0.0,2854614000.0,,517644000.0,1421720000.0,161687000.0,1260033000.0,1095870000.0,792115000.0,303755000.0,11799471790.0,363000.0,-78071000.0,2358000.0,0.0,-95658000.0,-93300000.0,-105297000.0,30325000.0,198265000.0,695000.0,142551000.0,142551000.0,142551000.0,0.0,0.0,0.159,320143000.0,183339000.0,169640000.0,0.671,3.063,16.642,15.801,595684000.0,0.0,59.57,3.78,3.78,590882000.0,2418444000.0,897319000.0,897319000.0,132551000.0,,,,,12294000.0,187592000.0,1.0,198077418.0,198077418,,4.53,4538488000.0,195981000.0,41904000.0,248545000.0,22.913,1554023000.0
15,GRMN,MRQ,2017-09-30,2017-09-30,2017-09-30,2021-07-28,46487000.0,4835391000.0,,2332474000.0,2502917000.0,,19.4,-45256000.0,891396000.0,891396000.0,313721000.0,151074000.0,2.757,0.329,0.0,0.0,0.0,0.0,294384000.0,20868000.0,0.0,0.047,1.02,189914000.0,210782000.0,0.281,210782000.0,189914000.0,189914000.0,0.81,0.8,0.81,3639685000.0,,3639685000.0,9830561249.0,14.0,12.642,153494000.0,0.818,1.0,437523000.0,0.582,313269000.0,0.0,2784681000.0,,575335000.0,1464022000.0,253699000.0,1210323000.0,1195706000.0,846045000.0,349661000.0,10690238249.0,31719000.0,-4900000.0,-10571000.0,0.0,-95627000.0,-106198000.0,-70398000.0,-17509000.0,198750000.0,9565000.0,151074000.0,151074000.0,151074000.0,0.0,0.0,0.201,263875000.0,173648000.0,158591000.0,1.259,2.937,15.057,14.278,554441000.0,0.0,53.97,3.435,3.254,457391000.0,2230489000.0,751244000.0,751244000.0,129632000.0,,,,,12056000.0,134243000.0,1.0,198077418.0,187616000,188490000.0,4.004,4522122000.0,262473000.0,38840000.0,207359000.0,24.103,1486429000.0
16,GRMN,MRQ,2017-06-30,2017-07-01,2017-07-01,2021-07-28,40147000.0,4748772000.0,,2304934000.0,2443838000.0,,18.558,-14160000.0,859677000.0,859677000.0,347356000.0,176979000.0,2.482,0.363,0.0,0.0,0.0,0.0,291185000.0,21103000.0,0.0,0.04,0.51,234327000.0,255430000.0,0.307,255430000.0,234327000.0,234327000.0,0.94,0.94,0.94,3484447000.0,,3484447000.0,9274196641.0,14.0,12.573,129272000.0,0.689,1.0,484130000.0,0.582,309318000.0,0.0,2651268000.0,,525167000.0,1449336000.0,248904000.0,1200432000.0,1264325000.0,928509000.0,335816000.0,10107890641.0,25983000.0,-7500000.0,-25898000.0,0.0,-95663000.0,-121561000.0,-5412000.0,21362000.0,143432000.0,9524000.0,176979000.0,176979000.0,176979000.0,0.0,0.0,0.213,274508000.0,209622000.0,161398000.0,0.543,2.901,14.779,14.058,517290000.0,0.0,51.03,3.278,3.108,514942000.0,2083076000.0,831486000.0,831486000.0,127248000.0,,,,,12179000.0,147260000.0,1.0,198077418.0,187757000,188492000.0,4.429,4439454000.0,265719000.0,57348000.0,199539000.0,23.645,1376425000.0
17,GRMN,MRQ,2017-03-31,2017-04-01,2017-04-01,2021-07-28,32464000.0,4600681000.0,,2156910000.0,2443771000.0,,19.657,-25531000.0,833694000.0,833694000.0,268704000.0,238404000.0,3.774,0.243,0.0,0.0,0.0,0.0,279117000.0,21728000.0,0.0,0.04,0.51,88375000.0,110103000.0,0.172,110103000.0,88375000.0,88375000.0,1.27,1.26,1.27,3702062000.0,,3702062000.0,9276740834.0,15.0,13.115,94864000.0,0.504,1.0,372806000.0,0.581,303414000.0,0.0,2892114000.0,,533151000.0,1469541000.0,258400000.0,1211141000.0,898619000.0,571459000.0,327160000.0,10123736834.0,-13302000.0,0.0,-31325000.0,0.0,-96028000.0,-127353000.0,-13276000.0,13477000.0,120395000.0,6932000.0,238404000.0,238404000.0,238404000.0,0.0,0.0,0.372,255778000.0,117028000.0,136901000.0,0.402,2.735,15.154,14.438,503840000.0,0.0,51.11,3.305,3.142,391345000.0,2294654000.0,641510000.0,641510000.0,122202000.0,,,,,8206000.0,133576000.0,1.0,198077418.0,188333000,189031000.0,3.406,4297267000.0,283440000.0,-150029000.0,207146000.0,22.817,1585451000.0
18,GRMN,MRQ,2016-12-31,2016-12-31,2016-12-31,2021-07-28,-36761000.0,4525133000.0,,2263016000.0,2262117000.0,,17.256,-48142000.0,846996000.0,846996000.0,408162000.0,143515000.0,2.891,0.324,0.0,0.0,0.0,0.0,286971000.0,23798000.0,0.0,0.053,0.51,177512000.0,201310000.0,0.227,201310000.0,177512000.0,177512000.0,0.76,0.75,0.76,3418003000.0,,3418003000.0,8691949999.0,14.0,11.989,165174000.0,0.834,1.0,479737000.0,0.54,305002000.0,0.0,2590400000.0,,484821000.0,1480237000.0,266952000.0,1213285000.0,1107130000.0,782735000.0,324395000.0,9604773999.0,-65822000.0,-15808000.0,-26721000.0,0.0,-192121000.0,-217515000.0,-45749000.0,19204000.0,213316000.0,-15874000.0,143515000.0,143515000.0,143515000.0,0.0,0.0,0.162,310966000.0,168771000.0,172404000.0,0.671,2.81,18.552,17.697,482878000.0,0.0,48.49,3.153,3.153,527062000.0,2056702000.0,887899000.0,887899000.0,128952000.0,,,,,12039000.0,182014000.0,1.0,198077418.0,198077418,,4.483,4220131000.0,110293000.0,33997000.0,198557000.0,21.305,1480281000.0
19,GRMN,MRQ,2016-09-30,2016-09-24,2016-09-24,2021-07-28,25766000.0,4591906000.0,,2247459000.0,2344447000.0,,17.819,-13528000.0,912824000.0,912824000.0,316270000.0,125054000.0,2.443,0.366,0.0,0.0,0.0,0.0,280620000.0,21033000.0,0.0,0.053,0.51,149765000.0,170798000.0,0.236,170798000.0,149765000.0,149765000.0,0.66,0.66,0.66,3362229000.0,,3362229000.0,9290033773.0,15.0,13.344,199466000.0,1.057,1.0,405980000.0,0.562,301983000.0,0.0,2457104000.0,,534683000.0,1528907000.0,201560000.0,1327347000.0,1229677000.0,919995000.0,309682000.0,10091754773.0,111095000.0,0.0,-18895000.0,0.0,-96220000.0,-114752000.0,8553000.0,23964000.0,212994000.0,4300000.0,125054000.0,125054000.0,125054000.0,0.0,0.0,0.173,246364000.0,159616000.0,148030000.0,0.773,3.002,19.921,18.165,454246000.0,0.0,48.5,3.433,3.114,461355000.0,1919846000.0,722250000.0,722250000.0,116449000.0,,,,,9704000.0,129915000.0,1.0,208077418.0,188692000,189238000.0,3.828,4289923000.0,121084000.0,24711000.0,197743000.0,22.735,1327464000.0
20,GRMN,MRQ,2016-06-30,2016-06-25,2016-06-25,2021-07-28,-1403000.0,4527583000.0,,2212587000.0,2314996000.0,,17.041,-14706000.0,801721000.0,801721000.0,348651000.0,161064000.0,2.19,0.407,0.0,0.0,0.0,0.0,280929000.0,21316000.0,0.0,0.063,0.51,203801000.0,225117000.0,0.277,225117000.0,203801000.0,203801000.0,0.85,0.85,0.85,3218835000.0,,3218835000.0,7625376332.0,12.0,10.732,135279000.0,0.716,1.0,462958000.0,0.57,303348000.0,0.0,2412085000.0,,508161000.0,1558412000.0,252253000.0,1306159000.0,1308748000.0,1010429000.0,298319000.0,8483316332.0,-56215000.0,0.0,-16591000.0,0.0,-96545000.0,-113136000.0,-93118000.0,-77301000.0,149985000.0,54000.0,161064000.0,161064000.0,161064000.0,0.0,0.0,0.198,262284000.0,200674000.0,151904000.0,0.6,2.636,16.938,15.443,450654000.0,0.0,40.77,2.929,2.659,510309000.0,1794792000.0,811609000.0,811609000.0,114355000.0,,,,,11335000.0,147929000.0,1.0,208077418.0,188892000,189356000.0,4.297,4224235000.0,118320000.0,42737000.0,191011000.0,22.363,1202158000.0
21,GRMN,MRQ,2016-03-31,2016-03-26,2016-03-26,2021-07-28,-14864000.0,4410324000.0,,2129133000.0,2281191000.0,,18.139,-13908000.0,857940000.0,857940000.0,284190000.0,88092000.0,3.128,0.283,0.0,0.0,0.0,0.0,281696000.0,20193000.0,0.0,0.065,1.02,107547000.0,127740000.0,0.205,127740000.0,107547000.0,107547000.0,0.46,0.46,0.46,3437247000.0,,3437247000.0,7275447979.0,12.0,10.727,115479000.0,0.609,1.0,339850000.0,0.545,306303000.0,0.0,2565361000.0,,517767000.0,1477946000.0,198147000.0,1279799000.0,973077000.0,680720000.0,292357000.0,8108776979.0,24609000.0,-62137000.0,-19709000.0,0.0,-96566000.0,-116273000.0,8631000.0,86394000.0,129387000.0,2864000.0,88092000.0,88092000.0,88092000.0,0.0,0.0,0.141,236047000.0,103803000.0,137162000.0,2.217,2.359,16.981,15.526,448967000.0,0.0,38.97,2.836,2.583,408283000.0,2018609000.0,624040000.0,624040000.0,108204000.0,,,,,8172000.0,127843000.0,1.0,208077418.0,189497000,189651000.0,3.293,4104021000.0,117467000.0,19455000.0,178474000.0,21.657,1448413000.0
22,GRMN,MRQ,2015-12-31,2015-12-26,2015-12-26,2021-07-28,-30428000.0,4499391000.0,,2211087000.0,2288304000.0,,16.076,-20044000.0,833329000.0,833329000.0,368214000.0,132383000.0,2.553,0.345,0.0,0.0,0.0,0.0,293713000.0,19977000.0,0.0,0.054,0.51,152543000.0,172520000.0,0.221,172520000.0,152543000.0,152543000.0,0.7,0.7,0.7,3345126000.0,,3345126000.0,6779536918.0,12.0,10.502,138292000.0,0.665,1.0,413143000.0,0.529,245552000.0,0.0,2554512000.0,,500554000.0,1558548000.0,215161000.0,1343387000.0,1154265000.0,865998000.0,288267000.0,7694702918.0,-81837000.0,-26055000.0,-20182000.0,0.0,-96870000.0,-120358000.0,-114787000.0,-67616000.0,158336000.0,-5028000.0,132383000.0,132383000.0,132383000.0,0.0,0.0,0.169,267381000.0,145762000.0,178905000.0,0.729,2.3,16.866,15.473,446089000.0,0.0,36.98,2.728,2.728,531481000.0,1930517000.0,781357000.0,781357000.0,106012000.0,,,,,6694000.0,161369000.0,1.0,208077418.0,208077418,,3.755,4253839000.0,116518000.0,20160000.0,179573000.0,20.444,1345089000.0
23,GRMN,MRQ,2015-09-30,2015-09-26,2015-09-26,2021-07-28,-23149000.0,4388472000.0,,2231953000.0,2156519000.0,,16.994,-13560000.0,915166000.0,915166000.0,317500000.0,119299000.0,2.495,0.357,0.0,0.0,0.0,0.0,287315000.0,20253000.0,0.0,0.056,0.51,164891000.0,185144000.0,0.272,185144000.0,164891000.0,164891000.0,0.63,0.63,0.63,3234685000.0,,3234685000.0,6437882468.0,10.0,9.271,124275000.0,0.653,1.0,362190000.0,0.533,220848000.0,0.0,2357802000.0,,503183000.0,1501981000.0,211834000.0,1290147000.0,1153787000.0,894656000.0,259131000.0,7376344468.0,-23276000.0,0.0,-50769000.0,0.0,-97322000.0,-148073000.0,-4278000.0,10141000.0,137835000.0,-8760000.0,119299000.0,119299000.0,119299000.0,0.0,0.0,0.176,236733000.0,125457000.0,158663000.0,0.81,2.28,13.811,12.661,439094000.0,0.0,35.45,2.595,2.374,431942000.0,1795900000.0,679690000.0,679690000.0,105789000.0,,,,,4854000.0,130944000.0,1.0,208077418.0,190342000,190822000.0,3.571,4167624000.0,116983000.0,45592000.0,171001000.0,21.895,1337297000.0
24,GRMN,MRQ,2015-06-30,2015-06-27,2015-06-27,2021-07-28,24075000.0,4423409000.0,,2283296000.0,2140113000.0,,16.79,-21588000.0,938462000.0,938462000.0,354580000.0,137753000.0,2.374,0.379,0.0,0.0,0.0,0.0,298990000.0,19266000.0,0.0,0.043,0.51,173558000.0,192824000.0,0.249,192824000.0,173558000.0,173558000.0,0.72,0.72,0.72,3208505000.0,,3208505000.0,8310386938.0,13.0,11.872,-118947000.0,-0.622,1.0,419250000.0,0.542,222968000.0,0.0,2300298000.0,,458451000.0,1508412000.0,199007000.0,1309405000.0,1214904000.0,961681000.0,253223000.0,9482087938.0,-233205000.0,0.0,-32872000.0,0.0,-91961000.0,-123993000.0,-16091000.0,6685000.0,-97359000.0,4238000.0,137753000.0,137753000.0,137753000.0,0.0,0.0,0.178,252586000.0,166664000.0,146088000.0,0.708,2.955,35.387,32.319,445672000.0,0.0,45.57,3.305,3.036,502034000.0,1676601000.0,773830000.0,773830000.0,109240000.0,,,,,6973000.0,143346000.0,1.0,208077418.0,191101000,191600000.0,4.049,4200441000.0,121104000.0,35805000.0,141521000.0,21.98,1321615000.0
25,GRMN,MRQ,2015-03-31,2015-03-28,2015-03-28,2021-07-28,16575000.0,4543279000.0,,2500307000.0,2042972000.0,,18.135,-17479000.0,1171701000.0,1171701000.0,241272000.0,66793000.0,3.033,0.306,0.0,0.0,0.0,0.0,307805000.0,18864000.0,0.0,0.04,0.48,76196000.0,95060000.0,0.162,95060000.0,76196000.0,76196000.0,0.35,0.35,0.35,3477630000.0,,3477630000.0,8720393742.0,13.0,11.865,64176000.0,0.335,1.0,344122000.0,0.588,224381000.0,0.0,2322936000.0,,470444000.0,1529314000.0,270212000.0,1259102000.0,1065649000.0,824261000.0,241388000.0,9916969742.0,-24880000.0,-12632000.0,-16103000.0,0.0,-91964000.0,-107668000.0,23177000.0,54010000.0,81655000.0,-22044000.0,66793000.0,66793000.0,66793000.0,0.0,0.0,0.114,232424000.0,111698000.0,125745000.0,1.371,2.852,31.766,29.239,436104000.0,0.0,47.66,3.452,3.181,425650000.0,1928165000.0,585394000.0,585394000.0,106002000.0,,,,,7769000.0,126422000.0,1.0,208077418.0,191762000,192341000.0,3.053,4318898000.0,122829000.0,9403000.0,322075000.0,22.522,1676046000.0
26,GRMN,MRQ,2014-12-31,2014-12-27,2014-12-27,2021-07-28,2571000.0,4693303000.0,,2510976000.0,2182327000.0,,16.356,-18510000.0,1196576000.0,1196576000.0,372458000.0,210245000.0,2.43,0.379,0.0,0.0,0.0,0.0,338728000.0,21450000.0,0.0,0.035,0.48,199897000.0,221347000.0,0.276,221347000.0,199897000.0,199897000.0,1.1,1.09,1.1,3403367000.0,,3403367000.0,10041794863.0,14.0,12.54,126507000.0,0.608,1.0,430848000.0,0.536,218083000.0,0.0,2245383000.0,,420475000.0,1575333000.0,167989000.0,1407344000.0,1289936000.0,1033261000.0,256675000.0,11196645863.0,41710000.0,0.0,510000.0,0.0,-92052000.0,-96048000.0,14898000.0,28721000.0,145017000.0,-22157000.0,210245000.0,210245000.0,210245000.0,0.0,0.0,0.262,254848000.0,176000000.0,149094000.0,0.436,3.29,30.742,28.471,430887000.0,0.0,53.81,3.9,3.9,570191000.0,1859972000.0,803306000.0,803306000.0,101554000.0,,,,,5305000.0,153294000.0,1.0,208077418.0,208077418,,3.861,4475220000.0,123814000.0,-10348000.0,320041000.0,21.507,1477715000.0
27,GRMN,MRQ,2014-09-30,2014-09-27,2014-09-27,2021-07-28,47170000.0,4669364000.0,,2421485000.0,2247879000.0,,16.835,-17989000.0,1154851000.0,1154851000.0,308037000.0,-146834000.0,2.155,0.443,0.0,0.0,0.0,0.0,346646000.0,18107000.0,0.0,0.036,0.48,172662000.0,190769000.0,0.27,190769000.0,172662000.0,172662000.0,-0.76,-0.76,-0.76,3236413000.0,,3236413000.0,9555758897.0,13.0,11.911,124353000.0,0.647,1.0,398246000.0,0.564,221566000.0,0.0,2169464000.0,,466482000.0,1604413000.0,151366000.0,1453047000.0,1432951000.0,1123483000.0,309468000.0,10790894897.0,-80328000.0,-18871000.0,-77763000.0,0.0,-92449000.0,-169224000.0,-39231000.0,5538000.0,142342000.0,-14215000.0,-146834000.0,-146834000.0,-146834000.0,0.0,0.0,-0.208,222742000.0,175504000.0,144882000.0,-0.632,3.334,33.982,32.012,431753000.0,0.0,51.86,3.817,3.526,478722000.0,1649727000.0,706283000.0,706283000.0,98998000.0,,,,,5529000.0,123744000.0,1.0,208077418.0,192239000,192239000.0,3.674,4447798000.0,143531000.0,319496000.0,376653000.0,23.137,1298002000.0
28,GRMN,MRQ,2014-06-30,2014-06-28,2014-06-28,2021-07-28,73293000.0,4741802000.0,,2496569000.0,2245233000.0,,17.963,-21164000.0,1235136000.0,1235136000.0,333363000.0,181983000.0,2.576,0.362,0.0,0.0,0.0,0.0,362213000.0,19046000.0,0.0,0.03,0.48,208720000.0,227766000.0,0.293,227766000.0,208720000.0,208720000.0,0.94,0.93,0.94,3480616000.0,,3480616000.0,11470473757.0,16.0,14.467,143015000.0,0.738,1.0,444485000.0,0.571,213242000.0,0.0,2324174000.0,,429673000.0,1617004000.0,160901000.0,1456103000.0,1261186000.0,969250000.0,291936000.0,12607410757.0,98195000.0,0.0,-130273000.0,0.0,-87721000.0,-216759000.0,152103000.0,173716000.0,164179000.0,-1328000.0,181983000.0,181983000.0,181983000.0,0.0,0.0,0.234,225731000.0,218754000.0,132581000.0,0.511,3.622,19.335,18.141,428482000.0,0.0,60.59,4.561,4.247,496979000.0,1796561000.0,777848000.0,777848000.0,98404000.0,,,,,7134000.0,127327000.0,1.0,208077418.0,193771000,194955000.0,4.014,4528560000.0,153921000.0,26737000.0,183833000.0,23.371,1527319000.0
29,GRMN,MRQ,2014-03-31,2014-03-29,2014-03-29,2021-07-28,35302000.0,4738914000.0,,2387495000.0,2351419000.0,,19.234,-14928000.0,1136937000.0,1136937000.0,252387000.0,118818000.0,3.425,0.263,0.0,0.0,0.0,0.0,382949000.0,18412000.0,0.0,0.032,0.45,142467000.0,160879000.0,0.276,160879000.0,142467000.0,142467000.0,0.61,0.61,0.61,3752370000.0,,3752370000.0,10383464118.0,15.0,13.132,56245000.0,0.288,1.0,330834000.0,0.567,216260000.0,0.0,2688609000.0,,442025000.0,1777688000.0,206522000.0,1571166000.0,986544000.0,697108000.0,289436000.0,11562862118.0,-42458000.0,0.0,-31937000.0,0.0,-87853000.0,-117591000.0,3562000.0,19598000.0,71173000.0,398000.0,118818000.0,118818000.0,118818000.0,0.0,0.0,0.204,210465000.0,120369000.0,124241000.0,0.738,3.081,17.995,16.942,417164000.0,0.0,55.57,4.309,4.041,427457000.0,1984405000.0,583221000.0,583221000.0,96164000.0,,,,,6325000.0,114301000.0,1.0,208077418.0,195090000,195860000.0,2.989,4522654000.0,155316000.0,23649000.0,181456000.0,23.182,1690387000.0
30,GRMN,MRQ,2013-12-31,2013-12-28,2013-12-28,2021-07-28,38041000.0,4879603000.0,,2595636000.0,2283967000.0,,17.588,-13938000.0,1179398000.0,1179398000.0,365057000.0,163585000.0,2.867,0.333,0.0,0.0,0.0,0.0,427920000.0,18335000.0,0.0,0.039,0.45,204539000.0,222874000.0,0.293,222874000.0,204539000.0,204539000.0,0.83,0.83,0.83,3659706000.0,,3659706000.0,8642021098.0,13.0,11.8,135875000.0,0.653,1.0,394638000.0,0.519,219494000.0,0.0,2575407000.0,,382226000.0,1789347000.0,287241000.0,1502106000.0,1219897000.0,905304000.0,314593000.0,9710973098.0,110449000.0,6000.0,-38979000.0,0.0,-87850000.0,-122656000.0,84964000.0,98441000.0,149813000.0,-1672000.0,163585000.0,163585000.0,163585000.0,0.0,0.0,0.215,222167000.0,172471000.0,146582000.0,0.542,2.653,15.857,14.911,414848000.0,0.0,46.67,3.69,3.69,564586000.0,1865587000.0,759695000.0,759695000.0,92574000.0,,,,,6984000.0,129593000.0,1.0,208077418.0,208077418,,3.651,4660109000.0,158147000.0,40954000.0,181723000.0,22.396,1690332000.0
31,GRMN,MRQ,2013-09-30,2013-09-28,2013-09-28,2021-07-28,71781000.0,4823226000.0,,2444638000.0,2378588000.0,,18.213,-11601000.0,1068952000.0,1068952000.0,290748000.0,187669000.0,2.51,0.356,0.0,0.0,0.0,0.0,421995000.0,20551000.0,0.0,0.04,0.45,160800000.0,181351000.0,0.282,181351000.0,160800000.0,160800000.0,0.96,0.96,0.96,3557504000.0,,3557504000.0,8319279519.0,14.0,11.994,205009000.0,1.05,1.0,352889000.0,0.548,221979000.0,0.0,2558262000.0,,416725000.0,1728397000.0,134253000.0,1594144000.0,1265722000.0,974033000.0,291689000.0,9403018519.0,-14790000.0,-5661000.0,-8201000.0,0.0,0.0,-8090000.0,-229186000.0,-211021000.0,216610000.0,5876000.0,187669000.0,187669000.0,187669000.0,0.0,0.0,0.292,201140000.0,151749000.0,151798000.0,0.469,2.643,16.265,15.319,413675000.0,0.0,45.19,3.561,3.343,475707000.0,1701823000.0,643637000.0,643637000.0,88427000.0,,,,,4630000.0,112713000.0,1.0,208077418.0,195325000,196300000.0,3.295,4601247000.0,162171000.0,-26869000.0,168730000.0,23.557,1470605000.0
32,GRMN,MRQ,2013-06-30,2013-06-29,2013-06-29,2021-07-28,64843000.0,4599181000.0,,2346259000.0,2252922000.0,,17.213,-18055000.0,1083739000.0,1083739000.0,312923000.0,172491000.0,2.637,0.366,0.0,0.0,0.0,0.0,418342000.0,19028000.0,0.0,0.05,0.45,206585000.0,225613000.0,0.324,225613000.0,206585000.0,206585000.0,0.88,0.88,0.88,3366357000.0,,3366357000.0,6431885209.0,11.0,9.389,186243000.0,0.952,1.0,383640000.0,0.551,220531000.0,0.0,2405176000.0,,383492000.0,1618343000.0,142582000.0,1475761000.0,1232824000.0,889735000.0,343089000.0,7526160209.0,-9950000.0,-25000.0,-13947000.0,0.0,-87901000.0,-101806000.0,-112265000.0,-94446000.0,204298000.0,-177000.0,172491000.0,172491000.0,172491000.0,0.0,0.0,0.248,213754000.0,169886000.0,128078000.0,0.511,2.236,14.179,13.347,410533000.0,0.0,36.17,2.819,2.65,484246000.0,1514153000.0,696563000.0,696563000.0,96232000.0,,,,,5540000.0,117522000.0,1.0,208077418.0,195570000,196300000.0,3.562,4378650000.0,158652000.0,34094000.0,199420000.0,22.389,1456524000.0
33,GRMN,MRQ,2013-03-31,2013-03-30,2013-03-30,2021-07-28,129355000.0,4570420000.0,,2313955000.0,2256465000.0,,18.496,-11604000.0,1094275000.0,1094275000.0,255824000.0,88666000.0,3.824,0.263,0.0,0.0,0.0,0.0,421879000.0,20890000.0,0.0,0.054,0.45,81634000.0,102524000.0,0.193,102524000.0,81634000.0,81634000.0,0.45,0.45,0.45,3618325000.0,,3618325000.0,5644942665.0,9.0,8.151,47759000.0,0.244,1.0,276133000.0,0.519,223316000.0,0.0,2647728000.0,,396010000.0,1625242000.0,145478000.0,1479764000.0,952095000.0,605101000.0,346994000.0,6876958665.0,-137740000.0,0.0,1412000.0,0.0,-175956000.0,-174286000.0,-17955000.0,-6003000.0,59363000.0,-4862000.0,88666000.0,88666000.0,88666000.0,0.0,0.0,0.167,196207000.0,79926000.0,112170000.0,1.0,1.901,12.637,11.888,407591000.0,0.0,33.05,2.556,2.403,450594000.0,1693291000.0,531957000.0,531957000.0,87689000.0,,,,,5438000.0,108518000.0,1.0,208077418.0,195630000,196457000.0,2.719,4347104000.0,161356000.0,-7032000.0,202224000.0,22.221,1708854000.0
34,GRMN,MRQ,2012-12-31,2012-12-29,2012-12-29,2021-07-28,138554000.0,4819124000.0,,2536120000.0,2283004000.0,,16.973,-10832000.0,1232016000.0,1232016000.0,394694000.0,129294000.0,2.79,0.364,0.0,0.0,0.0,0.0,445422000.0,29250000.0,0.0,0.044,0.45,154909000.0,184159000.0,0.24,184159000.0,154909000.0,154909000.0,0.66,0.65,0.66,3531796000.0,,3531796000.0,7075193720.0,11.0,9.895,163879000.0,0.788,1.0,373854000.0,0.486,232597000.0,0.0,2445485000.0,,389931000.0,1641395000.0,153083000.0,1488312000.0,1287328000.0,909026000.0,378302000.0,8323096720.0,-15893000.0,-3687000.0,-376000.0,0.0,0.0,-2702000.0,-191629000.0,-175495000.0,174711000.0,3727000.0,129294000.0,129294000.0,129294000.0,0.0,0.0,0.168,224095000.0,149759000.0,131263000.0,0.682,2.357,15.345,14.388,409751000.0,0.0,40.0,3.065,3.065,603673000.0,1604625000.0,768548000.0,768548000.0,83263000.0,,,,,2910000.0,140832000.0,1.0,208077418.0,208077418,,3.694,4586527000.0,162705000.0,25615000.0,216584000.0,22.042,1627094000.0
35,GRMN,MRQ,2012-09-30,2012-09-29,2012-09-29,2021-07-28,121617000.0,4630742000.0,,2473048000.0,2157694000.0,,17.381,-9444000.0,1247903000.0,1247903000.0,313321000.0,140348000.0,2.799,0.367,0.0,0.0,0.0,0.0,412387000.0,10157000.0,0.0,0.041,0.45,162627000.0,172784000.0,0.257,172784000.0,162627000.0,162627000.0,0.72,0.72,0.72,3387747000.0,,3387747000.0,7416607427.0,11.0,9.887,155457000.0,0.798,1.0,359055000.0,0.534,252895000.0,0.0,2246390000.0,,443416000.0,1471624000.0,122448000.0,1349176000.0,1242995000.0,883554000.0,359441000.0,8685151427.0,-20646000.0,-1192000.0,756000.0,0.0,-87748000.0,-86486000.0,-104350000.0,-93217000.0,164901000.0,5289000.0,140348000.0,140348000.0,140348000.0,0.0,0.0,0.209,198993000.0,160062000.0,147866000.0,0.625,2.564,15.009,14.054,407853000.0,0.0,41.74,3.04,2.848,508725000.0,1477504000.0,672376000.0,672376000.0,82489000.0,,,,,8321000.0,116504000.0,1.0,208077418.0,194912000,196161000.0,3.45,4377847000.0,157647000.0,22279000.0,235192000.0,22.461,1589494000.0
36,GRMN,MRQ,2012-06-30,2012-06-30,2012-06-30,2021-07-28,95182000.0,4462762000.0,,2381214000.0,2081548000.0,,16.478,-11656000.0,1268544000.0,1268544000.0,296341000.0,185904000.0,2.64,0.39,0.0,0.0,0.0,0.0,392344000.0,25661000.0,0.0,0.043,0.45,207436000.0,233097000.0,0.325,233097000.0,207436000.0,207436000.0,0.95,0.95,0.95,3210687000.0,,3210687000.0,6680665335.0,10.0,8.626,211249000.0,1.084,1.0,421813000.0,0.587,246335000.0,0.0,2045931000.0,,384207000.0,1377531000.0,97177000.0,1280354000.0,1252075000.0,901952000.0,350123000.0,7967284335.0,-18072000.0,-2000.0,1101000.0,0.0,-87723000.0,-86178000.0,-145403000.0,-131995000.0,222905000.0,-9396000.0,185904000.0,185904000.0,185904000.0,0.0,0.0,0.259,217807000.0,204006000.0,138582000.0,0.474,2.481,13.534,12.679,407850000.0,0.0,38.29,2.794,2.617,486395000.0,1336460000.0,718154000.0,718154000.0,80303000.0,,,,,8199000.0,137504000.0,1.0,208077418.0,194849000,196261000.0,3.686,4216427000.0,154453000.0,21532000.0,221700000.0,21.639,1479262000.0
37,GRMN,MRQ,2012-03-31,2012-03-31,2012-03-31,2021-07-28,109670000.0,4324793000.0,,2349266000.0,1975527000.0,,17.353,-5756000.0,1286619000.0,1286619000.0,272838000.0,86858000.0,3.951,0.28,0.0,0.0,0.0,0.0,376397000.0,25399000.0,0.0,0.043,0.4,99556000.0,124955000.0,0.224,124955000.0,99556000.0,99556000.0,0.45,0.44,0.45,3379405000.0,,3379405000.0,8487546098.0,14.0,12.403,116472000.0,0.598,1.0,283759000.0,0.51,254937000.0,0.0,2188695000.0,,407476000.0,1250465000.0,89356000.0,1161109000.0,945388000.0,594542000.0,350846000.0,9775477098.0,-1369000.0,-2816000.0,2572000.0,0.0,-77915000.0,-74483000.0,-54846000.0,-43288000.0,122228000.0,5732000.0,86858000.0,86858000.0,86858000.0,0.0,0.0,0.156,193426000.0,90333000.0,109232000.0,0.889,2.893,19.083,17.863,412592000.0,0.0,46.98,3.482,3.259,430145000.0,1500390000.0,556597000.0,556597000.0,79719000.0,,,,,9844000.0,113707000.0,1.0,208077418.0,194742000,195673000.0,2.858,4069856000.0,153553000.0,12698000.0,245523000.0,20.899,1754724000.0
38,GRMN,MRQ,2011-12-31,2011-12-31,2011-12-31,2021-07-28,87193000.0,4471338000.0,,2574837000.0,1896501000.0,,15.651,-7716000.0,1287931000.0,1287931000.0,475857000.0,165556000.0,3.0,0.373,0.0,0.0,0.0,0.0,377119000.0,34205000.0,0.0,0.04,0.4,185127000.0,219332000.0,0.241,219332000.0,185127000.0,185127000.0,0.85,0.85,0.85,3256581000.0,,3256581000.0,6892757011.0,12.0,10.156,217142000.0,1.044,1.0,433787000.0,0.477,246646000.0,0.0,2078482000.0,,397741000.0,1208155000.0,111153000.0,1097002000.0,1214757000.0,858279000.0,356478000.0,8283562011.0,-102246000.0,-1502000.0,-5207000.0,0.0,-155928000.0,-159364000.0,-164029000.0,-157117000.0,224858000.0,-3711000.0,165556000.0,165556000.0,165556000.0,0.0,0.0,0.182,233698000.0,200089000.0,164010000.0,0.471,2.544,15.903,14.854,417105000.0,0.0,39.81,3.003,3.003,607450000.0,1413582000.0,909644000.0,909644000.0,84654000.0,,,,,12954000.0,149044000.0,1.0,208077418.0,208077418,,4.372,4224692000.0,142307000.0,19571000.0,250421000.0,20.303,1716558000.0
39,GRMN,MRQ,2011-09-30,2011-09-24,2011-09-24,2021-07-28,74686000.0,4334885000.0,,2553914000.0,1780971000.0,,15.806,-12208000.0,1390805000.0,1390805000.0,322662000.0,150381000.0,2.794,0.413,0.0,0.0,0.0,0.0,312883000.0,22076000.0,0.0,0.039,0.4,175036000.0,197112000.0,0.296,197112000.0,175036000.0,175036000.0,0.77,0.77,0.77,3068192000.0,,3068192000.0,4976035829.0,9.0,7.782,174315000.0,0.898,1.0,344331000.0,0.516,263221000.0,0.0,1766787000.0,,461304000.0,1056347000.0,72784000.0,983563000.0,1266693000.0,914072000.0,352621000.0,6396299829.0,-29465000.0,-52688000.0,1243000.0,0.0,-154835000.0,-153247000.0,-49820000.0,21106000.0,186523000.0,-12921000.0,150381000.0,150381000.0,150381000.0,0.0,0.0,0.225,196997000.0,147334000.0,182651000.0,0.519,2.085,13.101,12.247,423041000.0,0.0,30.74,2.381,2.221,519226000.0,1248443000.0,666993000.0,666993000.0,72936000.0,,,,,9943000.0,124061000.0,1.0,208077418.0,194112000,194828000.0,3.436,4071664000.0,99910000.0,24655000.0,202552000.0,20.976,1639842000.0
40,GRMN,MRQ,2011-06-30,2011-06-25,2011-06-25,2021-07-28,129681000.0,4198455000.0,,2462527000.0,1735928000.0,,15.268,-7137000.0,1420264000.0,1420264000.0,351999000.0,109477000.0,2.688,0.417,0.0,0.0,0.0,0.0,281314000.0,15832000.0,0.0,0.024,0.8,127072000.0,142904000.0,0.212,142904000.0,127072000.0,127072000.0,0.56,0.56,0.56,2962694000.0,,2962694000.0,5748185632.0,10.0,8.529,196217000.0,1.011,1.0,322100000.0,0.478,189309000.0,0.0,1672795000.0,,385678000.0,1079495000.0,62626000.0,1016869000.0,1235761000.0,916087000.0,319674000.0,6960189632.0,208256000.0,0.0,960000.0,0.0,0.0,1370000.0,216000.0,7318000.0,203354000.0,3316000.0,109477000.0,109477000.0,109477000.0,0.0,0.0,0.162,190509000.0,131591000.0,125680000.0,1.429,2.349,11.273,10.519,423697000.0,0.0,33.45,2.566,2.393,493057000.0,1097970000.0,674099000.0,674099000.0,70515000.0,,,,,8649000.0,119994000.0,1.0,208077418.0,194051000,194875000.0,3.474,4009146000.0,101304000.0,17595000.0,189389000.0,20.66,1546440000.0
41,GRMN,MRQ,2011-03-31,2011-03-26,2011-03-26,2021-07-28,91370000.0,3937509000.0,,2192837000.0,1744672000.0,,16.467,-7178000.0,1212004000.0,1212004000.0,269460000.0,95482000.0,4.666,0.233,0.0,0.0,0.0,0.0,219613000.0,22422000.0,0.0,0.044,0.0,96926000.0,119348000.0,0.235,119348000.0,96926000.0,96926000.0,0.49,0.49,0.49,3193229000.0,,3193229000.0,5837388502.0,9.0,8.05,200421000.0,1.034,1.0,238374000.0,0.469,189479000.0,0.0,2066113000.0,,411021000.0,1069104000.0,41723000.0,1027381000.0,744280000.0,469913000.0,274367000.0,7099601502.0,-50321000.0,0.0,3041000.0,0.0,0.0,3828000.0,-274565000.0,-264649000.0,207599000.0,12817000.0,95482000.0,95482000.0,95482000.0,0.0,0.0,0.188,163621000.0,74753000.0,118845000.0,0.0,2.223,11.046,10.339,427110000.0,0.0,34.12,2.566,2.392,434935000.0,1377007000.0,507834000.0,507834000.0,70478000.0,,,,,8666000.0,93143000.0,1.0,208077418.0,193922000,194720000.0,2.619,3748030000.0,107195000.0,1444000.0,192502000.0,19.328,1722924000.0
42,GRMN,MRQ,2010-12-31,2010-12-25,2010-12-25,2021-07-28,56004000.0,3988688000.0,,2498755000.0,1489933000.0,,15.766,-9110000.0,1262213000.0,1262213000.0,457922000.0,132907000.0,3.735,0.308,0.0,0.0,0.0,0.0,197787000.0,22425000.0,0.0,0.049,0.0,157670000.0,180095000.0,0.215,180095000.0,157670000.0,156424000.0,0.69,0.68,0.69,3049562000.0,,3049562000.0,4635585717.0,8.0,6.886,175312000.0,0.906,1.0,379793000.0,0.453,185152000.0,1246000.0,1872286000.0,,387577000.0,801819000.0,24418000.0,777401000.0,939126000.0,669037000.0,270089000.0,5872506717.0,24971000.0,-12120000.0,546000.0,0.0,250000.0,2914000.0,-164274000.0,-146731000.0,184422000.0,1909000.0,132907000.0,132907000.0,132907000.0,0.0,0.0,0.159,195144000.0,184649000.0,132348000.0,0.0,1.926,10.045,10.222,427805000.0,0.0,30.36,2.183,2.183,747249000.0,1264613000.0,837715000.0,837715000.0,71929000.0,,,,,10920000.0,123215000.0,1.0,193429075.0,193429075,,4.331,3803536000.0,107241000.0,23517000.0,221435000.0,19.664,1829718000.0
43,GRMN,MRQ,2010-09-30,2010-09-25,2010-09-25,2021-07-28,32997000.0,3658018000.0,,2371398000.0,1286620000.0,,14.656,-9763000.0,1236921000.0,1236921000.0,348344000.0,279552000.0,4.164,0.283,0.0,0.0,0.0,0.0,132447000.0,20671000.0,0.0,0.071,0.0,210916000.0,231587000.0,0.334,231587000.0,210916000.0,210916000.0,1.44,1.43,1.44,2850249000.0,,2850249000.0,4975140008.0,7.0,6.098,194585000.0,1.001,1.0,344020000.0,0.497,198191000.0,0.0,1653379000.0,,494354000.0,661038000.0,21920000.0,639118000.0,807769000.0,569527000.0,238242000.0,6149245008.0,62796000.0,0.0,-138133000.0,0.0,0.0,-137654000.0,-13545000.0,-4100000.0,204348000.0,9647000.0,279552000.0,279552000.0,279552000.0,0.0,0.0,0.404,177383000.0,166637000.0,194894000.0,0.0,2.157,8.422,8.541,427856000.0,0.0,31.6,2.112,2.111,524924000.0,1136374000.0,692364000.0,692364000.0,69512000.0,,,,,10313000.0,107871000.0,1.0,194596361.0,194482000,195305000.0,3.56,3459827000.0,78927000.0,-68636000.0,209067000.0,17.79,1801871000.0
44,GRMN,MRQ,2010-06-30,2010-06-26,2010-06-26,2021-07-28,2038000.0,3431359000.0,,2159517000.0,1271842000.0,,13.328,-9285000.0,1174105000.0,1174105000.0,337113000.0,134816000.0,4.948,0.294,0.0,0.0,0.0,0.0,104215000.0,29678000.0,0.0,0.07,1.501,164409000.0,194087000.0,0.266,194087000.0,164409000.0,164409000.0,0.68,0.67,0.68,2651614000.0,,2651614000.0,5085201071.0,7.0,5.881,172451000.0,0.867,1.0,391652000.0,0.537,187419000.0,0.0,1633399000.0,,358576000.0,654806000.0,18622000.0,636184000.0,779745000.0,436436000.0,343309000.0,6377485071.0,-118174000.0,0.0,-34395000.0,0.0,-299103000.0,-333008000.0,41038000.0,53518000.0,181736000.0,-7940000.0,134816000.0,134816000.0,134816000.0,0.0,0.0,0.185,189609000.0,202043000.0,150519000.0,2.207,2.405,9.58,9.616,426805000.0,0.0,32.02,2.125,2.123,499324000.0,2648589000.0,728765000.0,728765000.0,73337000.0,,,,,9399000.0,116272000.0,1.0,199171926.0,198948000,200102000.0,3.663,3243940000.0,77566000.0,29593000.0,295709000.0,16.305,1723081000.0
45,GRMN,MRQ,2010-03-31,2010-03-27,2010-03-27,2021-07-28,1021000.0,3551528000.0,,2209359000.0,1342169000.0,,12.779,-3935000.0,1292284000.0,1292284000.0,200158000.0,37329000.0,3.251,0.39,0.0,0.0,0.0,0.0,81305000.0,21877000.0,0.0,0.019,0.0,45523000.0,67400000.0,0.156,67400000.0,45523000.0,45523000.0,0.19,0.19,0.19,2554935000.0,,2554935000.0,6908115154.0,9.0,7.754,196196000.0,0.981,1.0,230909000.0,0.536,207074000.0,0.0,1372614000.0,,356073000.0,700684000.0,19635000.0,681049000.0,996593000.0,679556000.0,317037000.0,8001743154.0,199762000.0,0.0,-44481000.0,0.0,0.0,-43073000.0,63912000.0,71770000.0,200131000.0,-21208000.0,37329000.0,37329000.0,37329000.0,0.0,0.0,0.087,147561000.0,83348000.0,109904000.0,0.0,3.132,11.551,11.543,432606000.0,0.0,39.94,2.721,2.715,418520000.0,2552920000.0,431067000.0,431067000.0,62483000.0,,,,,9700000.0,85078000.0,1.0,200344095.0,199926000,201091000.0,2.156,3344454000.0,80860000.0,8194000.0,296125000.0,16.728,1529803000.0
46,GRMN,MRQ,2009-12-31,2009-12-26,2009-12-26,2021-07-28,-13382000.0,3828082000.0,,2396079000.0,1432003000.0,,14.135,-13746000.0,1093628000.0,1093628000.0,572623000.0,278408000.0,3.493,0.35,0.0,0.0,0.0,0.0,66484000.0,30596000.0,0.0,0.024,0.75,292208000.0,322804000.0,0.305,322804000.0,292208000.0,292208000.0,1.39,1.38,1.39,2836447000.0,,2836447000.0,5202920014.0,6.0,5.748,232155000.0,1.157,1.0,486760000.0,0.459,213660000.0,0.0,1834918000.0,,309938000.0,766047000.0,19583000.0,746464000.0,991635000.0,685876000.0,305759000.0,6216727014.0,79818000.0,0.0,-16255000.0,0.0,-149846000.0,-165190000.0,10547000.0,24408000.0,245901000.0,-11440000.0,278408000.0,278408000.0,278408000.0,0.0,0.0,0.263,194744000.0,292016000.0,203388000.0,0.54,2.192,8.831,8.826,441338000.0,0.0,30.98,2.11,2.11,874110000.0,2816607000.0,1059383000.0,1059383000.0,71583000.0,,,,,12114000.0,123161000.0,1.0,200669045.0,200669045,,5.279,3614422000.0,81895000.0,13800000.0,290972000.0,18.012,1710203000.0
47,GRMN,MRQ,2009-09-30,2009-09-26,2009-09-26,2021-07-28,-18630000.0,3516551000.0,,2078936000.0,1437615000.0,,12.742,-12098000.0,1013807000.0,1013807000.0,371512000.0,215133000.0,2.92,0.376,0.0,0.0,0.0,0.0,48621000.0,23641000.0,0.0,0.021,0.0,256679000.0,280320000.0,0.359,280320000.0,256679000.0,256679000.0,1.07,1.07,1.07,2555398000.0,,2555398000.0,6111094632.0,8.0,7.534,280769000.0,1.4,1.0,409742000.0,0.524,220955000.0,0.0,1569744000.0,,373290000.0,788087000.0,17643000.0,770444000.0,961153000.0,712045000.0,249108000.0,7072069632.0,52854000.0,0.0,1319000.0,0.0,0.0,1709000.0,-258195000.0,-242154000.0,292867000.0,16473000.0,215133000.0,215133000.0,215133000.0,0.0,0.0,0.275,172859000.0,236883000.0,185668000.0,0.0,2.768,12.125,12.079,444172000.0,0.0,35.27,2.409,2.41,573847000.0,2537598000.0,781254000.0,781254000.0,55507000.0,,,,,10473000.0,117352000.0,1.0,200512323.0,200546000,201599000.0,3.896,3295596000.0,52824000.0,41546000.0,261968000.0,16.433,1366891000.0
48,GRMN,MRQ,2009-06-30,2009-06-27,2009-06-27,2021-07-28,-35020000.0,3144366000.0,,1944804000.0,1199562000.0,,12.293,-10214000.0,960975000.0,960975000.0,317490000.0,161871000.0,4.528,0.277,0.0,0.0,0.0,0.0,0.0,20587000.0,0.0,0.032,0.0,199841000.0,220428000.0,0.329,220428000.0,199841000.0,199841000.0,0.81,0.81,0.81,2462156000.0,,2462156000.0,3810656590.0,6.0,4.951,246058000.0,1.228,1.0,351614000.0,0.525,229535000.0,0.0,1524318000.0,,323161000.0,543824000.0,18889000.0,524935000.0,682210000.0,429538000.0,252672000.0,4734883590.0,36580000.0,0.0,3903000.0,0.0,0.0,3942000.0,-234232000.0,-221226000.0,256272000.0,10598000.0,161871000.0,161871000.0,161871000.0,0.0,0.0,0.242,152462000.0,199152000.0,137360000.0,0.0,1.923,8.778,8.821,443026000.0,0.0,23.64,1.566,1.566,519433000.0,2472912000.0,669104000.0,669104000.0,56253000.0,,,,,10442000.0,96209000.0,1.0,200291184.0,200296000,200853000.0,3.341,2914831000.0,59331000.0,37970000.0,271583000.0,14.553,1515266000.0
49,GRMN,MRQ,2009-03-31,2009-03-28,2009-03-28,2021-07-28,-62456000.0,2794189000.0,,1827832000.0,966357000.0,,11.273,-13136000.0,924227000.0,924227000.0,240704000.0,48538000.0,6.049,0.237,0.0,0.0,0.0,0.0,0.0,21662000.0,0.0,0.033,0.0,59924000.0,81586000.0,0.187,81586000.0,59924000.0,59924000.0,0.24,0.24,0.24,2258473000.0,,2258473000.0,3808560254.0,5.0,4.353,286280000.0,1.429,1.0,195995000.0,0.449,220212000.0,0.0,1347588000.0,,353532000.0,319383000.0,15747000.0,303636000.0,535716000.0,302162000.0,233554000.0,4506836254.0,225994000.0,0.0,-1730000.0,0.0,0.0,-1704000.0,-65989000.0,-52024000.0,299416000.0,-5729000.0,48538000.0,48538000.0,48538000.0,0.0,0.0,0.111,138036000.0,57959000.0,79453000.0,0.0,1.996,7.113,7.326,440611000.0,0.0,22.49,1.38,1.379,420081000.0,2311044000.0,436699000.0,436699000.0,55034000.0,,,,,10587000.0,83002000.0,1.0,200392897.0,200352000,200725000.0,2.18,2573977000.0,60795000.0,11386000.0,252715000.0,12.847,1525670000.0
50,GRMN,MRQ,2008-12-31,2008-12-27,2008-12-27,2021-07-28,-37651000.0,2934421000.0,,1984425000.0,949996000.0,,10.99,-9132000.0,698276000.0,698276000.0,617614000.0,157733000.0,4.141,0.318,0.0,0.0,0.0,0.0,680000.0,23797000.0,0.0,0.039,0.75,204954000.0,228751000.0,0.218,228751000.0,204954000.0,204347000.0,0.8,0.8,0.8,2225854000.0,,2225854000.0,3404265076.0,4.0,3.427,340329000.0,1.68,1.0,430633000.0,0.411,230954000.0,607000.0,1526015000.0,,425312000.0,274895000.0,12886000.0,262009000.0,708567000.0,479176000.0,229391000.0,3927257076.0,174795000.0,-9634000.0,-42958000.0,0.0,-150251000.0,-193375000.0,30809000.0,52978000.0,349461000.0,-12100000.0,157733000.0,157733000.0,157733000.0,0.0,0.0,0.15,194214000.0,236419000.0,160094000.0,0.938,1.764,5.359,5.524,445252000.0,0.0,19.39,1.124,1.124,741321000.0,2262503000.0,1048247000.0,1048247000.0,50205000.0,,,,,10057000.0,144009000.0,1.0,202540334.0,202540334,,5.175,2703467000.0,59665000.0,46614000.0,248351000.0,13.348,1505249000.0
51,GRMN,MRQ,2008-09-30,2008-09-27,2008-09-27,2021-07-28,-885000.0,3015313000.0,,2036578000.0,978735000.0,,10.356,-30563000.0,522992000.0,522992000.0,484716000.0,171244000.0,2.922,0.409,0.0,0.0,0.0,0.0,0.0,27500000.0,0.0,0.0,0.0,211412000.0,238912000.0,0.274,238912000.0,211412000.0,211412000.0,0.83,0.82,0.83,2139840000.0,,2139840000.0,6912346258.0,7.0,6.088,201959000.0,0.977,1.0,385639000.0,0.443,214372000.0,0.0,1580907000.0,,698927000.0,327540000.0,18048000.0,309492000.0,875473000.0,697042000.0,178431000.0,7538378258.0,-102942000.0,-15729000.0,-305708000.0,0.0,0.0,-305364000.0,-17558000.0,31706000.0,232522000.0,-12542000.0,171244000.0,171244000.0,171244000.0,0.0,0.0,0.197,171276000.0,214363000.0,217122000.0,0.0,3.523,8.543,8.806,453419000.0,0.0,36.37,2.058,2.052,678750000.0,2139214000.0,870355000.0,870355000.0,52749000.0,,,,,10562000.0,118527000.0,1.0,207269130.0,206634000,208107000.0,4.212,2800941000.0,87109000.0,40168000.0,228367000.0,13.555,1339536000.0
52,GRMN,MRQ,2008-06-30,2008-06-28,2008-06-28,2021-07-28,49869000.0,3132031000.0,,2117571000.0,1014460000.0,,10.805,-53227000.0,626032000.0,626032000.0,494543000.0,256092000.0,3.144,0.356,0.0,0.0,0.0,0.0,0.0,9484000.0,0.0,0.017,0.0,316163000.0,325647000.0,0.357,325647000.0,316163000.0,316163000.0,1.2,1.19,1.2,2309653000.0,,2309653000.0,8914715856.0,8.0,7.88,34489000.0,0.161,1.0,417128000.0,0.458,214186000.0,0.0,1618345000.0,,656018000.0,385332000.0,36335000.0,348997000.0,822378000.0,673468000.0,148910000.0,9515095856.0,25667000.0,-11043000.0,-222751000.0,0.0,0.0,-222419000.0,146764000.0,209444000.0,87716000.0,13606000.0,256092000.0,256092000.0,256092000.0,0.0,0.0,0.281,178625000.0,238503000.0,179212000.0,0.0,4.12,10.518,10.53,449727000.0,0.0,44.12,2.702,2.678,679789000.0,2258730000.0,911671000.0,911671000.0,53597000.0,,,,,9129000.0,125028000.0,1.0,215664004.0,213756000,215572000.0,4.265,2917845000.0,93235000.0,60071000.0,198989000.0,13.65,1444103000.0
53,GRMN,MRQ,2008-03-31,2008-03-29,2008-03-29,2021-07-28,92950000.0,3083398000.0,,1931125000.0,1152273000.0,,11.397,-26682000.0,600380000.0,600380000.0,343690000.0,147779000.0,4.138,0.25,0.0,0.0,0.0,0.0,0.0,17636000.0,0.0,0.013,0.0,182443000.0,200079000.0,0.301,200079000.0,182443000.0,182443000.0,0.68,0.67,0.68,2467445000.0,,2467445000.0,11462067743.0,11.0,10.756,165783000.0,0.766,1.0,320115000.0,0.482,215770000.0,0.0,1800535000.0,,676051000.0,560913000.0,17976000.0,542937000.0,615953000.0,466713000.0,149240000.0,12171310743.0,-108874000.0,-23725000.0,-88526000.0,0.0,0.0,-86893000.0,-216364000.0,-163384000.0,192465000.0,1918000.0,147779000.0,147779000.0,147779000.0,0.0,0.0,0.223,147383000.0,172732000.0,213766000.0,0.0,4.933,14.105,14.09,392001000.0,0.0,56.08,3.631,3.622,515648000.0,2318914000.0,663805000.0,663805000.0,49558000.0,,,,,9124000.0,97825000.0,1.0,217034785.0,216505000,218979000.0,3.066,2867628000.0,98506000.0,34664000.0,164423000.0,13.245,1464412000.0
54,GRMN,MRQ,2007-12-31,2007-12-29,2007-12-29,2021-07-28,46130000.0,3291460000.0,,2332775000.0,958685000.0,,10.838,-27883000.0,709243000.0,709243000.0,708036000.0,307267000.0,2.909,0.4,0.0,0.0,0.0,0.0,0.0,22448000.0,0.0,0.008,0.0,348310000.0,370758000.0,0.305,370758000.0,348310000.0,348103000.0,1.42,1.39,1.42,2350614000.0,,2350614000.0,20803474931.0,21.0,19.955,98300000.0,0.453,1.0,508985000.0,0.418,196030000.0,207000.0,1584304000.0,,505467000.0,424505000.0,37551000.0,386954000.0,940846000.0,801883000.0,138963000.0,21508200931.0,3940000.0,-44625000.0,-6130000.0,-30000.0,0.0,-4500000.0,-117858000.0,-44940000.0,126183000.0,117000.0,307267000.0,307267000.0,307267000.0,0.0,0.0,0.252,195683000.0,313302000.0,341053000.0,0.0,9.15,25.155,25.106,374147000.0,0.0,99.17,6.763,6.763,952513000.0,2171134000.0,1217021000.0,1217021000.0,47543000.0,,,,,13334000.0,148140000.0,1.0,216882131.0,216882131,,5.611,3095430000.0,107376000.0,40836000.0,215423000.0,14.272,1530892000.0
55,GRMN,MRQ,2007-09-30,2007-09-29,2007-09-29,2021-07-28,-2767000.0,2645500000.0,,1857932000.0,787568000.0,,9.158,-16869000.0,705329000.0,705329000.0,386822000.0,193507000.0,3.271,0.333,603000.0,0.0,603000.0,603000.0,0.0,12254000.0,0.0,0.01,0.75,222626000.0,234880000.0,0.322,234880000.0,222626000.0,222626000.0,0.89,0.88,0.89,1985211000.0,,1985211000.0,25197695535.0,30.0,28.616,116897000.0,0.539,1.0,341851000.0,0.469,163675000.0,0.0,1209137000.0,,493739000.0,322403000.0,58668000.0,263735000.0,660289000.0,567962000.0,92327000.0,25866924535.0,36078000.0,-15224000.0,7824000.0,30000.0,-162531000.0,-146263000.0,48310000.0,81026000.0,133766000.0,263000.0,193507000.0,193507000.0,193507000.0,0.0,0.0,0.266,127694000.0,214157000.0,236044000.0,0.843,13.03,35.527,35.43,358578000.0,0.0,119.4,10.047,10.053,520538000.0,1863867000.0,728673000.0,728673000.0,40634000.0,,,,,1634000.0,87060000.0,1.0,216640909.0,216773000,220644000.0,3.361,2481825000.0,57700000.0,29119000.0,36252000.0,11.449,1289970000.0
56,GRMN,MRQ,2007-06-30,2007-06-30,2007-06-30,2021-07-28,-14532000.0,2444601000.0,,1688309000.0,756292000.0,,8.896,-99621000.0,669229000.0,669229000.0,367799000.0,214377000.0,3.943,0.27,0.0,0.0,0.0,0.0,0.0,13250000.0,0.0,0.007,0.0,246637000.0,259887000.0,0.35,259887000.0,246637000.0,246637000.0,0.99,0.98,0.99,1924969000.0,,1924969000.0,15518800441.0,21.0,19.417,153848000.0,0.711,1.0,374667000.0,0.505,145990000.0,0.0,1201230000.0,,290682000.0,405880000.0,147435000.0,258445000.0,519632000.0,428152000.0,91480000.0,15999476441.0,188291000.0,0.0,4692000.0,-234000.0,0.0,9628000.0,-75005000.0,24962000.0,253469000.0,199000.0,214377000.0,214377000.0,214377000.0,0.0,0.0,0.289,133100000.0,241567000.0,167339000.0,0.0,8.312,24.332,24.252,350299000.0,0.0,73.97,7.099,7.101,506483000.0,1832891000.0,742466000.0,742466000.0,37727000.0,,,,,3241000.0,95373000.0,1.0,216296829.0,216380000,219078000.0,3.431,2298611000.0,56934000.0,32260000.0,17985000.0,10.623,1260157000.0
57,GRMN,MRQ,2007-03-31,2007-03-31,2007-03-31,2021-07-28,-16339000.0,2017168000.0,,1270538000.0,746630000.0,,7.843,-12399000.0,480909000.0,480909000.0,254407000.0,139860000.0,5.22,0.19,233000.0,0.0,233000.0,233000.0,0.0,16085000.0,0.0,0.009,0.0,160939000.0,177024000.0,0.36,177024000.0,160939000.0,160907000.0,0.65,0.64,0.65,1695682000.0,,1695682000.0,11370083816.0,17.0,16.277,156271000.0,0.723,1.0,237752000.0,0.483,149396000.0,32000.0,1143676000.0,,283200000.0,431444000.0,93674000.0,337770000.0,321486000.0,243420000.0,78066000.0,11708681816.0,142059000.0,-68902000.0,2842000.0,-14000.0,0.0,5018000.0,-31142000.0,51727000.0,168670000.0,-487000.0,139860000.0,139860000.0,139860000.0,0.0,0.0,0.284,99428000.0,138324000.0,110119000.0,0.0,6.905,20.67,20.589,257935000.0,0.0,54.15,6.023,6.023,334010000.0,1618515000.0,492159000.0,492159000.0,33503000.0,,,,,3955000.0,65925000.0,1.0,216226811.0,216215000,218704000.0,2.276,1867772000.0,55138000.0,21047000.0,13277000.0,8.638,1027118000.0
58,GRMN,MRQ,2006-12-31,2006-12-30,2006-12-30,2021-07-28,-5275000.0,1897020000.0,,1169084000.0,727936000.0,,7.218,-47354000.0,338846000.0,338846000.0,306771000.0,180345000.0,3.462,0.218,248000.0,0.0,248000.0,248000.0,0.0,9184000.0,0.0,0.009,0.5,199577000.0,208761000.0,0.342,208761000.0,199577000.0,199550000.0,0.84,0.83,0.84,1557899000.0,,1557899000.0,11660150021.0,20.0,18.245,65376000.0,0.303,1.0,304453000.0,0.498,67580000.0,27000.0,1153160000.0,,271008000.0,480876000.0,73033000.0,407843000.0,339121000.0,337682000.0,1439000.0,12013334021.0,-14402000.0,-36499000.0,6033000.0,-11000.0,-107923000.0,-99694000.0,-27754000.0,57841000.0,112730000.0,316000.0,180345000.0,180345000.0,180345000.0,0.0,0.0,0.295,105555000.0,198898000.0,88375000.0,0.595,7.711,23.367,23.387,250988000.0,0.0,55.66,6.772,6.772,403524000.0,1478654000.0,611224000.0,611224000.0,31209000.0,,,,,3535000.0,74346000.0,1.0,215834244.0,215834244,,2.832,1829440000.0,55996000.0,19205000.0,95859000.0,8.476,831402000.0
59,GRMN,MRQ,2006-09-30,2006-09-30,2006-09-30,2021-07-28,-29217000.0,1799537000.0,,1132345000.0,667192000.0,,6.201,-18864000.0,353184000.0,353184000.0,209137000.0,122978000.0,2.544,0.342,0.0,0.0,0.0,0.0,0.0,8025000.0,0.0,0.005,0.0,145538000.0,153563000.0,0.376,153563000.0,145538000.0,145536000.0,0.57,0.56,0.57,1341372000.0,,1341372000.0,10205960307.0,21.0,19.063,97885000.0,0.453,1.0,198860000.0,0.487,31417000.0,2000.0,969771000.0,,333471000.0,534788000.0,109609000.0,425179000.0,458165000.0,445165000.0,13000000.0,10581353307.0,-22221000.0,0.0,-49888000.0,0.0,0.0,-49423000.0,-89164000.0,-69965000.0,116749000.0,-383000.0,122978000.0,122978000.0,122978000.0,0.0,0.0,0.301,77888000.0,120972000.0,125236000.0,0.0,7.888,25.139,25.144,209135000.0,0.0,48.78,7.14,7.12,249849000.0,1297843000.0,407997000.0,407997000.0,30399000.0,,,,,3619000.0,47489000.0,1.0,216919912.0,216317000,218866000.0,1.886,1768120000.0,62659000.0,22558000.0,99020000.0,8.174,687180000.0
60,GRMN,MRQ,2006-06-30,2006-07-01,2006-07-01,2021-07-28,-16549000.0,1661857000.0,,1023863000.0,637994000.0,,5.889,-11744000.0,375393000.0,375393000.0,216184000.0,123286000.0,2.74,0.302,0.0,0.0,0.0,0.0,0.0,13294000.0,0.0,0.005,0.0,145905000.0,159199000.0,0.368,159199000.0,145905000.0,145900000.0,0.57,0.56,0.57,1276867000.0,,1276867000.0,11112563299.0,24.0,21.488,64416000.0,0.297,1.0,216284000.0,0.5,33017000.0,5000.0,879807000.0,,227912000.0,454950000.0,46805000.0,408145000.0,384990000.0,373640000.0,11350000.0,11428556299.0,59321000.0,0.0,2808000.0,0.0,0.0,5425000.0,-22295000.0,-10041000.0,76160000.0,31000.0,123286000.0,123286000.0,123286000.0,0.0,0.0,0.285,81708000.0,134576000.0,89635000.0,0.0,8.95,28.541,28.497,195383000.0,0.0,52.72,8.623,8.624,295795000.0,1174866000.0,432468000.0,432468000.0,26793000.0,,,,,2259000.0,54915000.0,1.0,216778382.0,216818000,219344000.0,1.995,1628840000.0,45049000.0,22614000.0,74648000.0,7.512,650223000.0
61,GRMN,MRQ,2006-03-31,2006-04-01,2006-04-01,2021-07-28,-6149000.0,1471499000.0,,844460000.0,627039000.0,,5.845,-14868000.0,315993000.0,315993000.0,159521000.0,87516000.0,4.285,0.164,0.0,0.0,0.0,0.0,0.0,13972000.0,0.0,0.006,0.0,103577000.0,117549000.0,0.365,117549000.0,103577000.0,103569000.0,0.4,0.4,0.4,1264686000.0,,1264686000.0,8259307452.0,20.0,17.741,41348000.0,0.191,1.0,162790000.0,0.505,34432000.0,8000.0,923991000.0,,200253000.0,448666000.0,46249000.0,402417000.0,206813000.0,197083000.0,9730000.0,8595015452.0,-19729000.0,0.0,6671000.0,0.0,0.0,11042000.0,-87172000.0,-71607000.0,56216000.0,185000.0,87516000.0,87516000.0,87516000.0,0.0,0.0,0.272,62677000.0,100113000.0,68809000.0,0.0,6.796,24.464,24.515,188820000.0,0.0,39.715,7.426,7.424,200251000.0,1159970000.0,322311000.0,322311000.0,24913000.0,,,,,2500000.0,37764000.0,1.0,216417360.0,216370000,218322000.0,1.49,1437067000.0,36723000.0,16053000.0,78609000.0,6.642,647377000.0
62,GRMN,MRQ,2005-12-31,2005-12-31,2005-12-31,2021-07-28,-12513000.0,1362235000.0,,801167000.0,561068000.0,,5.361,-6620000.0,335708000.0,335708000.0,156857000.0,87134000.0,4.098,0.177,0.0,0.0,0.0,0.0,0.0,9458000.0,0.0,0.008,0.25,95612000.0,105070000.0,0.329,105070000.0,95612000.0,95610000.0,0.4,0.4,0.4,1157264000.0,,1157264000.0,6828969590.0,18.0,16.406,65043000.0,0.301,1.0,162439000.0,0.509,35866000.0,2000.0,795176000.0,,199841000.0,376723000.0,32050000.0,344673000.0,204971000.0,195485000.0,9486000.0,7161625590.0,3107000.0,-1483000.0,5453000.0,0.0,-53974000.0,-48521000.0,-20223000.0,-9020000.0,71663000.0,189000.0,87134000.0,87134000.0,87134000.0,0.0,0.0,0.273,64248000.0,98191000.0,76516000.0,0.625,6.188,23.012,23.038,179173000.0,0.0,33.175,6.968,6.968,170997000.0,1072454000.0,319296000.0,319296000.0,20017000.0,,,,,562000.0,44231000.0,1.0,215874170.0,215874170,,1.479,1326369000.0,29615000.0,8476000.0,72640000.0,6.144,605682000.0
63,GRMN,MRQ,2005-09-30,2005-09-24,2005-09-24,2021-07-28,-6889000.0,1304726000.0,,757723000.0,547003000.0,,4.954,-4731000.0,332656000.0,332656000.0,121877000.0,102490000.0,3.41,0.221,0.0,0.0,0.0,0.0,0.0,9193000.0,0.0,0.008,0.0,126130000.0,135323000.0,0.538,135323000.0,126130000.0,126127000.0,0.48,0.47,0.48,1068432000.0,,1068432000.0,6408160380.0,19.0,16.97,81204000.0,0.376,1.0,129452000.0,0.515,0.0,3000.0,749879000.0,,173198000.0,369657000.0,36048000.0,333609000.0,236294000.0,222191000.0,14103000.0,6709833380.0,31012000.0,0.0,-12913000.0,0.0,0.0,-12913000.0,-40890000.0,-36000000.0,85935000.0,-1121000.0,102490000.0,102490000.0,102490000.0,0.0,0.0,0.408,44296000.0,85156000.0,50210000.0,0.0,6.28,24.697,24.694,177064000.0,0.0,31.115,7.219,7.221,151777000.0,985293000.0,251329000.0,251329000.0,20116000.0,,,,,363000.0,24180000.0,1.0,215646260.0,215690000,217860000.0,1.165,1304726000.0,47621000.0,23637000.0,77847000.0,6.049,535532000.0
64,GRMN,MRQ,2005-06-30,2005-06-25,2005-06-25,2021-07-28,31621000.0,1229223000.0,,719310000.0,509913000.0,,4.936,-4002000.0,301673000.0,301673000.0,124516000.0,74194000.0,4.662,0.149,0.0,0.0,0.0,0.0,0.0,15503000.0,0.0,0.012,0.0,92093000.0,107596000.0,0.407,107596000.0,92093000.0,92052000.0,0.34,0.34,0.34,1069832000.0,,1069832000.0,4234100645.0,14.0,12.585,42558000.0,0.196,1.0,139981000.0,0.529,0.0,41000.0,773260000.0,,160328000.0,334462000.0,42470000.0,291992000.0,159391000.0,154290000.0,5101000.0,4484775645.0,51040000.0,0.0,-10607000.0,0.0,0.0,-10607000.0,15070000.0,19076000.0,46560000.0,17000.0,74194000.0,74194000.0,74194000.0,0.0,0.0,0.281,50911000.0,89070000.0,51119000.0,0.0,4.192,18.977,18.972,179766000.0,0.0,20.68,5.145,5.142,154697000.0,936804000.0,264497000.0,264497000.0,17818000.0,,,,,0.0,33093000.0,1.0,216865360.0,216736000,218286000.0,1.22,1229223000.0,42312000.0,17858000.0,60064000.0,5.672,565020000.0
65,GRMN,MRQ,2005-03-31,2005-03-26,2005-03-26,2021-07-28,25799000.0,1153231000.0,,623565000.0,529666000.0,,4.614,-11777000.0,250675000.0,250675000.0,89453000.0,47401000.0,4.226,0.153,0.0,0.0,0.0,0.0,0.0,9442000.0,0.0,0.011,0.0,58812000.0,68254000.0,0.354,68254000.0,58812000.0,58810000.0,0.22,0.215,0.22,1000347000.0,,1000347000.0,4886738837.0,18.0,15.827,31070000.0,0.143,1.0,103198000.0,0.536,0.0,2000.0,755006000.0,,166429000.0,352120000.0,52270000.0,299850000.0,152884000.0,147550000.0,5334000.0,5138104837.0,-716000.0,0.0,1104000.0,0.0,0.0,1104000.0,-45138000.0,-33162000.0,42847000.0,471000.0,47401000.0,47401000.0,47401000.0,0.0,0.0,0.246,37446000.0,65752000.0,40321000.0,0.0,5.136,23.521,23.46,180342000.0,0.0,23.695,6.448,6.447,101720000.0,862610000.0,192651000.0,192651000.0,16928000.0,,,,,0.0,20518000.0,1.0,216843420.0,216816000,218842000.0,0.889,1153231000.0,36962000.0,11409000.0,71309000.0,5.319,476015000.0
66,GRMN,MRQ,2004-12-31,2004-12-25,2004-12-25,2021-07-28,10615000.0,1117391000.0,,636971000.0,480420000.0,,4.327,-20339000.0,251366000.0,251366000.0,100150000.0,47601000.0,3.614,0.194,0.0,0.0,0.0,0.0,0.0,8833000.0,0.0,0.008,0.25,57601000.0,66434000.0,0.301,66434000.0,57601000.0,57589000.0,0.22,0.215,0.22,935857000.0,,935857000.0,6282515200.0,25.0,21.675,9197000.0,0.043,1.0,120798000.0,0.547,49485000.0,12000.0,640273000.0,,154980000.0,322215000.0,64367000.0,257848000.0,181534000.0,176267000.0,5267000.0,6581621200.0,-47595000.0,0.0,5143000.0,0.0,-54095000.0,-48952000.0,-31375000.0,-22134000.0,29536000.0,3196000.0,47601000.0,47601000.0,47601000.0,0.0,0.0,0.215,41044000.0,79754000.0,53673000.0,1.136,7.033,31.996,32.032,171630000.0,0.0,30.43,8.631,8.631,110119000.0,815209000.0,220948000.0,220948000.0,17955000.0,,,,,0.0,23089000.0,1.0,216287256.0,216287256,,1.022,1067906000.0,38527000.0,9988000.0,76200000.0,4.937,460704000.0
67,GRMN,MRQ,2004-09-30,2004-09-25,2004-09-25,2021-07-28,-15494000.0,1058051000.0,,621622000.0,436429000.0,,3.957,-16112000.0,299106000.0,299106000.0,81945000.0,67128000.0,3.172,0.237,0.0,0.0,0.0,0.0,0.0,10247000.0,0.0,0.013,0.0,83920000.0,94167000.0,0.486,94167000.0,83920000.0,83910000.0,0.31,0.31,0.31,855601000.0,,855601000.0,4028585099.0,15.0,13.519,62935000.0,0.291,1.0,111671000.0,0.577,0.0,10000.0,562998000.0,,119784000.0,301656000.0,69046000.0,232610000.0,202450000.0,195947000.0,6503000.0,4272904099.0,54788000.0,0.0,262000.0,0.0,0.0,262000.0,-23958000.0,-17212000.0,79047000.0,-563000.0,67128000.0,67128000.0,67128000.0,0.0,0.0,0.347,34554000.0,77117000.0,47288000.0,0.0,4.994,20.09,20.163,153458000.0,0.0,19.76,6.003,6.003,85868000.0,767644000.0,193616000.0,193616000.0,14695000.0,,,,,0.0,19859000.0,1.0,216240086.0,216238000,217758000.0,0.895,1058051000.0,24602000.0,16782000.0,60675000.0,4.893,425675000.0
68,GRMN,MRQ,2004-06-30,2004-06-26,2004-06-26,2021-07-28,-13759000.0,968966000.0,,542697000.0,426269000.0,,3.901,-23915000.0,244319000.0,244319000.0,91336000.0,56315000.0,4.36,0.148,0.0,0.0,0.0,0.0,0.0,10063000.0,0.0,0.014,0.0,69851000.0,79914000.0,0.421,79914000.0,69851000.0,69845000.0,0.26,0.26,0.26,843865000.0,,843865000.0,3466455892.0,15.0,13.501,24163000.0,0.112,1.0,98319000.0,0.518,0.0,6000.0,600161000.0,,89866000.0,284025000.0,62610000.0,221415000.0,125101000.0,124486000.0,615000.0,3750426892.0,-39650000.0,0.0,-3136000.0,0.0,0.0,-3136000.0,-83886000.0,-38198000.0,48078000.0,-706000.0,56315000.0,56315000.0,56315000.0,0.0,0.0,0.297,34111000.0,64208000.0,40587000.0,0.0,4.444,20.736,20.754,141074000.0,0.0,17.33,5.737,5.735,98638000.0,754574000.0,189655000.0,189655000.0,14710000.0,,,,,0.0,19401000.0,1.0,216412400.0,216322000,217768000.0,0.877,968966000.0,27699000.0,13530000.0,50803000.0,4.479,418211000.0
69,GRMN,MRQ,2004-03-31,2004-03-27,2004-03-27,2021-07-28,-7811000.0,898900000.0,,545413000.0,353487000.0,,3.681,-17754000.0,283971000.0,283971000.0,77878000.0,34656000.0,5.491,0.128,0.0,0.0,0.0,0.0,0.0,5456000.0,0.0,0.012,0.0,43878000.0,49334000.0,0.312,49334000.0,43878000.0,43868000.0,0.16,0.16,0.16,796609000.0,,796609000.0,4410279257.0,20.0,18.53,34521000.0,0.16,1.0,80451000.0,0.508,0.0,10000.0,515605000.0,,93652000.0,248259000.0,58898000.0,189361000.0,102291000.0,99324000.0,2967000.0,4686210257.0,8037000.0,0.0,680000.0,0.0,0.0,680000.0,-45098000.0,-27015000.0,52275000.0,180000.0,34656000.0,34656000.0,34656000.0,0.0,0.0,0.219,30862000.0,49589000.0,28654000.0,0.0,5.883,27.278,27.239,120403000.0,0.0,21.655,7.714,7.713,76790000.0,698260000.0,158329000.0,158329000.0,14220000.0,,,,,0.0,16642000.0,1.0,216403152.0,216394000,218364000.0,0.732,898900000.0,26820000.0,9212000.0,49739000.0,4.154,446089000.0
70,GRMN,MRQ,2003-12-31,2003-12-27,2003-12-27,2021-07-28,-19018000.0,856945000.0,,539928000.0,317017000.0,,3.469,-14885000.0,275931000.0,275931000.0,74625000.0,54585000.0,5.17,0.143,0.0,0.0,0.0,0.0,0.0,5480000.0,0.0,0.009,0.25,69104000.0,74584000.0,0.438,74584000.0,69104000.0,69095000.0,0.25,0.25,0.25,749690000.0,,749690000.0,5590336092.0,25.0,22.671,32537000.0,0.151,1.0,95519000.0,0.561,42311000.0,9000.0,434269000.0,,96794000.0,221447000.0,53127000.0,168320000.0,107255000.0,104434000.0,2821000.0,5836612092.0,29656000.0,0.0,2462000.0,0.0,-54040000.0,-51578000.0,33419000.0,47846000.0,47422000.0,393000.0,54585000.0,54585000.0,54585000.0,0.0,0.0,0.321,32854000.0,62665000.0,40671000.0,1.0,7.785,32.674,32.733,104784000.0,0.0,27.005,10.186,10.186,82718000.0,663604000.0,170144000.0,170144000.0,13571000.0,,,,,0.0,19283000.0,1.0,216130794.0,216130794,,0.787,814634000.0,26812000.0,14510000.0,41767000.0,3.769,435494000.0
71,GRMN,MRQ,2003-09-30,2003-09-27,2003-09-27,2021-07-28,-20875000.0,824987000.0,,503541000.0,321446000.0,,3.191,-9771000.0,246276000.0,246276000.0,58853000.0,35308000.0,3.791,0.197,0.0,0.0,0.0,0.0,0.0,8208000.0,0.0,0.0,0.0,44709000.0,52917000.0,0.39,52917000.0,44709000.0,44694000.0,0.165,0.16,0.165,689388000.0,,689388000.0,4296491038.0,20.0,18.421,27796000.0,0.129,1.0,76709000.0,0.566,0.0,15000.0,445875000.0,,84905000.0,269938000.0,86526000.0,183412000.0,135599000.0,132836000.0,2763000.0,4564569038.0,-21806000.0,-38177000.0,96000.0,0.0,0.0,96000.0,-60131000.0,-11861000.0,37567000.0,662000.0,35308000.0,35308000.0,35308000.0,0.0,0.0,0.26,24755000.0,51954000.0,30880000.0,0.0,6.621,26.928,26.911,93135000.0,0.0,21.125,8.507,8.507,64119000.0,577953000.0,135562000.0,135562000.0,11732000.0,,,,,0.0,13023000.0,1.0,216074274.0,216074000,217902000.0,0.627,824987000.0,17659000.0,9386000.0,27400000.0,3.818,370705000.0
72,GRMN,MRQ,2003-06-30,2003-06-28,2003-06-28,2021-07-28,-31838000.0,773602000.0,,488976000.0,284626000.0,,3.227,-3462000.0,268078000.0,268078000.0,59838000.0,47246000.0,6.549,0.11,0.0,0.0,0.0,0.0,0.0,1874000.0,0.0,0.0,0.0,59294000.0,61168000.0,0.426,61168000.0,59294000.0,59058000.0,0.22,0.215,0.22,697001000.0,,697001000.0,3950806016.0,18.0,16.829,42641000.0,0.197,1.0,83657000.0,0.583,0.0,236000.0,430862000.0,,66846000.0,258334000.0,75016000.0,183318000.0,76601000.0,74662000.0,1939000.0,4183553016.0,15331000.0,0.0,1018000.0,-20000000.0,0.0,-18982000.0,-12811000.0,-8857000.0,46103000.0,1021000.0,47246000.0,47246000.0,47246000.0,0.0,0.0,0.329,23542000.0,60115000.0,27873000.0,0.0,6.002,24.234,24.212,78013000.0,0.0,19.37,8.223,8.224,60720000.0,596625000.0,143495000.0,143495000.0,9607000.0,,,,,0.0,13935000.0,1.0,215981054.0,215990000,218076000.0,0.664,773602000.0,15150000.0,11812000.0,25857000.0,3.582,414314000.0
73,GRMN,MRQ,2003-03-31,2003-03-29,2003-03-29,2021-07-28,-34777000.0,738899000.0,,465909000.0,272990000.0,,2.991,-4638000.0,252747000.0,252747000.0,49133000.0,41494000.0,6.578,0.144,20000000.0,0.0,20000000.0,20000000.0,0.0,4542000.0,0.0,0.0,0.0,53370000.0,57912000.0,0.468,57912000.0,53370000.0,53096000.0,0.19,0.19,0.19,645793000.0,,645793000.0,3634191528.0,18.0,16.599,37726000.0,0.175,1.0,74655000.0,0.603,0.0,274000.0,435324000.0,,62846000.0,249319000.0,79311000.0,170008000.0,93106000.0,70828000.0,22278000.0,3832557528.0,34380000.0,0.0,685000.0,0.0,0.0,685000.0,-9185000.0,-4258000.0,42364000.0,516000.0,41494000.0,41494000.0,41494000.0,0.0,0.0,0.335,22389000.0,52266000.0,24670000.0,0.0,5.935,24.329,24.315,76785000.0,0.0,17.75,7.852,7.852,52108000.0,549378000.0,123788000.0,123788000.0,8796000.0,,,,,0.0,13593000.0,1.0,215918734.0,215896000,217386000.0,0.573,738899000.0,14847000.0,11602000.0,28875000.0,3.422,395081000.0
74,GRMN,MRQ,2002-12-31,2002-12-28,2002-12-28,2021-07-28,-35896000.0,705888000.0,,472999000.0,232889000.0,,2.794,-5489000.0,218366000.0,218366000.0,59843000.0,45462000.0,5.827,0.172,20000000.0,0.0,20000000.0,20000000.0,0.0,6448000.0,0.0,0.0,0.0,54790000.0,61238000.0,0.458,61238000.0,54790000.0,54512000.0,0.21,0.21,0.21,602499000.0,,602499000.0,3034531704.0,16.0,15.158,26512000.0,0.123,1.0,73851000.0,0.552,24479000.0,278000.0,401865000.0,,57507000.0,245708000.0,113336000.0,132372000.0,103389000.0,81178000.0,22211000.0,3210433704.0,22324000.0,0.0,1687000.0,-48000.0,0.0,1639000.0,-10812000.0,-18123000.0,32001000.0,-504000.0,45462000.0,45462000.0,45462000.0,0.0,0.0,0.34,20820000.0,53031000.0,32446000.0,0.0,5.329,22.483,22.561,74440000.0,0.0,14.89,6.902,6.902,58278000.0,507884000.0,133694000.0,133694000.0,8760000.0,,,,,0.0,12060000.0,1.0,215610054.0,215610054,,0.62,681409000.0,22620000.0,9050000.0,28064000.0,3.16,391821000.0
75,GRMN,MRQ,2002-09-30,2002-09-28,2002-09-28,2021-07-28,-29849000.0,628838000.0,,379122000.0,249716000.0,,2.602,-1469000.0,195902000.0,195902000.0,48705000.0,38428000.0,7.882,0.121,20000000.0,1334000.0,18666000.0,20000000.0,0.0,3344000.0,0.0,0.0,0.0,51098000.0,54442000.0,0.505,54442000.0,51098000.0,50764000.0,0.18,0.18,0.18,561000000.0,,561000000.0,1891973912.0,11.0,10.452,49767000.0,0.231,1.0,59051000.0,0.548,0.0,334000.0,404839000.0,,50109000.0,228575000.0,77555000.0,151020000.0,67838000.0,48097000.0,19741000.0,2020148912.0,47869000.0,0.0,388000.0,43000.0,0.0,431000.0,4347000.0,5590000.0,51236000.0,-8145000.0,38428000.0,38428000.0,38428000.0,0.0,0.0,0.357,19009000.0,40042000.0,22069000.0,0.0,3.601,16.112,16.017,71644000.0,0.0,9.37,4.759,4.759,44916000.0,462422000.0,107756000.0,107756000.0,7954000.0,,,,,0.0,11055000.0,1.0,215597536.0,215596000,216278000.0,0.5,628838000.0,6963000.0,12336000.0,8565000.0,2.917,331025000.0
76,GRMN,MRQ,2002-06-30,2002-06-29,2002-06-29,2021-07-28,-24298000.0,596708000.0,,416145000.0,180563000.0,,2.45,-1805000.0,148175000.0,148175000.0,55176000.0,32146000.0,8.62,0.13,20000000.0,1334000.0,18666000.0,20000000.0,0.0,3410000.0,0.0,0.0,0.0,41932000.0,45342000.0,0.369,45342000.0,41932000.0,41586000.0,0.15,0.15,0.15,528068000.0,,528068000.0,2178687714.0,15.0,13.419,28515000.0,0.132,1.0,67662000.0,0.551,0.0,346000.0,420259000.0,,46371000.0,234165000.0,156752000.0,77413000.0,68640000.0,48274000.0,20366000.0,2376821714.0,-79304000.0,0.0,0.0,-9380000.0,0.0,-9380000.0,-108108000.0,-93632000.0,30320000.0,7864000.0,32146000.0,32146000.0,32146000.0,0.0,0.0,0.262,18575000.0,49087000.0,18000000.0,0.0,4.501,21.231,21.202,73102000.0,0.0,11.025,5.888,5.888,53169000.0,423994000.0,122838000.0,122838000.0,7476000.0,,,,,0.0,11099000.0,1.0,215584736.0,215576000,216430000.0,0.57,596708000.0,8535000.0,9440000.0,12764000.0,2.768,367871000.0
77,GRMN,MRQ,2002-03-31,2002-03-30,2002-03-30,2021-07-28,-38402000.0,569479000.0,,367065000.0,202414000.0,,2.234,-3643000.0,227479000.0,227479000.0,46364000.0,26761000.0,6.309,0.182,29345000.0,1334000.0,28011000.0,29345000.0,0.0,2929000.0,0.0,0.0,0.0,36243000.0,39172000.0,0.388,39172000.0,36243000.0,35872000.0,0.125,0.125,0.125,481655000.0,,481655000.0,2308053699.0,15.0,13.641,44683000.0,0.207,1.0,54492000.0,0.54,0.0,371000.0,313162000.0,,53725000.0,140536000.0,28216000.0,112320000.0,87824000.0,58183000.0,29641000.0,2470307699.0,33037000.0,0.0,0.0,-2851000.0,0.0,-2851000.0,-12974000.0,-8949000.0,48326000.0,536000.0,26761000.0,26761000.0,26761000.0,0.0,0.0,0.265,19212000.0,35280000.0,19225000.0,0.0,5.129,21.221,21.222,72106000.0,0.0,11.46,6.426,6.426,48296000.0,391848000.0,100856000.0,100856000.0,7973000.0,,,,,0.0,11239000.0,1.0,215559136.0,215554000,216274000.0,0.468,569479000.0,7289000.0,9111000.0,21755000.0,2.642,308882000.0
78,GRMN,MRQ,2001-12-31,2001-12-29,2001-12-29,2021-07-28,-39327000.0,538984000.0,,359564000.0,179420000.0,,2.109,-15849000.0,194442000.0,194442000.0,43559000.0,28045000.0,6.437,0.187,32188000.0,4177000.0,28011000.0,32188000.0,0.0,4075000.0,0.0,0.0,0.0,37991000.0,42066000.0,0.452,42066000.0,37991000.0,37566000.0,0.13,0.13,0.13,453969000.0,,453969000.0,2017307143.0,13.0,12.22,18525000.0,0.086,1.0,49462000.0,0.532,16985000.0,425000.0,303888000.0,,61132000.0,131584000.0,40835000.0,90749000.0,85015000.0,55857000.0,29158000.0,2295032143.0,-120427000.0,-3625000.0,-8149000.0,-3183000.0,0.0,-11332000.0,-141375000.0,-131584000.0,34374000.0,-2094000.0,28045000.0,28045000.0,28045000.0,0.0,0.0,0.301,17783000.0,31679000.0,18837000.0,0.0,5.055,20.23,20.305,70086000.0,0.0,10.66,6.218,6.218,47998000.0,365087000.0,93021000.0,93021000.0,7797000.0,,,,,0.0,9986000.0,1.0,215293822.0,215293822,,0.432,521999000.0,13836000.0,9521000.0,20420000.0,2.425,303707000.0
79,GRMN,MRQ,2001-09-30,2001-09-29,2001-09-29,2021-07-28,-32125000.0,523299000.0,,439465000.0,83834000.0,,2.038,-1981000.0,313269000.0,313269000.0,39201000.0,25001000.0,11.801,0.186,35544000.0,0.0,35544000.0,35544000.0,0.0,1755000.0,0.0,0.0,0.0,34024000.0,35779000.0,0.412,35779000.0,34024000.0,33502000.0,0.115,0.115,0.115,441277000.0,,441277000.0,1502870408.0,10.0,9.159,45581000.0,0.211,1.0,47729000.0,0.549,0.0,522000.0,208333000.0,,65840000.0,0.0,0.0,0.0,82022000.0,37241000.0,44781000.0,1743780408.0,34492000.0,0.0,-150000.0,-2389000.0,0.0,-2539000.0,-10486000.0,0.0,47562000.0,-45000.0,25001000.0,25001000.0,25001000.0,0.0,0.0,0.288,16969000.0,30760000.0,14662000.0,0.0,3.952,15.43,15.198,68790000.0,0.0,8.055,4.82,4.82,43190000.0,338395000.0,86930000.0,86930000.0,7306000.0,,,,,0.0,9663000.0,1.0,216484222.0,216484000,217198000.0,0.402,523299000.0,11719000.0,8501000.0,16583000.0,2.417,402224000.0
80,GRMN,MRQ,2001-06-30,2001-06-30,2001-06-30,2021-07-28,-34550000.0,498504000.0,,423349000.0,75155000.0,,1.912,-4133000.0,278777000.0,278777000.0,48584000.0,36603000.0,11.187,0.204,37867000.0,0.0,37867000.0,37867000.0,0.0,2654000.0,0.0,0.0,0.0,49525000.0,52179000.0,0.503,52179000.0,49525000.0,49066000.0,0.17,0.17,0.17,413999000.0,,413999000.0,2264296236.0,14.0,13.475,36477000.0,0.168,1.0,55050000.0,0.531,0.0,459000.0,219752000.0,,73347000.0,0.0,0.0,0.0,84505000.0,37842000.0,46663000.0,2473332236.0,25759000.0,0.0,0.0,-6133000.0,0.0,-6133000.0,-3717000.0,0.0,40610000.0,-5001000.0,36603000.0,36603000.0,36603000.0,0.0,0.0,0.353,16566000.0,38484000.0,13466000.0,0.0,5.974,21.266,20.586,68541000.0,0.0,11.425,6.788,6.788,54444000.0,313542000.0,103634000.0,103634000.0,6765000.0,,,,,0.0,9801000.0,1.0,216484222.0,216484000,217296000.0,0.479,498504000.0,11722000.0,12463000.0,18486000.0,2.303,385507000.0
81,GRMN,MRQ,2001-03-31,2001-03-31,2001-03-31,2021-07-28,-21968000.0,478885000.0,,402846000.0,76039000.0,,1.801,-4709000.0,253019000.0,253019000.0,39616000.0,23799000.0,11.102,0.228,43983000.0,0.0,43983000.0,43983000.0,0.0,2384000.0,0.0,0.0,0.0,32669000.0,35053000.0,0.41,35053000.0,32669000.0,31901000.0,0.11,0.11,0.11,389978000.0,,389978000.0,1941220167.0,13.0,12.368,2736000.0,0.013,1.0,45918000.0,0.537,0.0,768000.0,233562000.0,,85756000.0,0.0,0.0,0.0,88907000.0,36287000.0,52620000.0,2151853167.0,1287000.0,0.0,0.0,-2484000.0,0.0,-2484000.0,-2812000.0,0.0,7445000.0,-862000.0,23799000.0,23799000.0,23799000.0,0.0,0.0,0.278,15555000.0,30363000.0,15209000.0,0.0,5.518,19.767,18.755,68083000.0,0.0,9.94,6.067,6.067,48575000.0,276939000.0,85534000.0,85534000.0,6296000.0,,,,,0.0,9259000.0,1.0,216484222.0,216484000,217216000.0,0.395,478885000.0,11988000.0,8102000.0,17208000.0,2.212,366559000.0
82,GRMN,MRQ,2000-12-31,2000-12-30,2000-12-30,2021-07-28,-22908000.0,463347000.0,,388021000.0,75326000.0,,1.693,-2494000.0,257579000.0,257579000.0,42905000.0,27611000.0,7.765,0.269,46946000.0,587000.0,46359000.0,46946000.0,0.0,2360000.0,0.0,0.0,0.0,38716000.0,41076000.0,0.48,41076000.0,38716000.0,38754000.0,0.135,0.135,0.135,365239000.0,,365239000.0,2033385250.0,14.0,13.486,19334000.0,0.09,1.0,42757000.0,0.499,4774000.0,-38000.0,197969000.0,,89855000.0,0.0,0.0,0.0,98108000.0,49971000.0,48137000.0,2130531250.0,115763000.0,0.0,104414000.0,0.0,0.0,104414000.0,-5878000.0,0.0,21828000.0,-4601000.0,27611000.0,27611000.0,27611000.0,0.0,0.0,0.322,15281000.0,27476000.0,22496000.0,0.0,5.833,20.163,18.81,64704000.0,0.0,9.875,6.162,6.162,32719000.0,253140000.0,85662000.0,85662000.0,6290000.0,,,,,0.0,8991000.0,1.0,215750000.0,215750000,,0.397,458573000.0,12293000.0,11143000.0,15411000.0,2.125,338050000.0
83,GRMN,MRQ,2000-09-30,2000-09-23,2000-09-23,2021-07-28,-10227000.0,340104000.0,,266407000.0,73697000.0,,1.229,-3452000.0,145053000.0,145053000.0,40508000.0,28292000.0,5.766,0.383,47907000.0,0.0,47907000.0,47907000.0,0.0,1827000.0,0.0,,0.0,37896000.0,39723000.0,0.444,39723000.0,37896000.0,37033000.0,0.14,0.14,0.14,245895000.0,,245895000.0,,,,22885000.0,0.114,1.0,49031000.0,0.548,3684000.0,863000.0,193069000.0,,79578000.0,0.0,0.0,0.0,94209000.0,46205000.0,48004000.0,,12177000.0,0.0,0.0,-5000.0,-17352000.0,-17357000.0,3404000.0,0.0,26337000.0,-207000.0,28292000.0,28292000.0,28292000.0,0.0,0.0,0.316,14358000.0,34673000.0,23014000.0,0.0,,,,60871000.0,0.0,,,,41742000.0,225529000.0,89539000.0,89539000.0,5755000.0,,,,,0.0,8603000.0,1.0,215750000.0,200000000,200000000.0,0.448,336420000.0,6925000.0,8741000.0,9433000.0,1.682,220202000.0
84,GRMN,MRQ,2000-06-30,2000-06-24,2000-06-24,2021-07-28,,,,,,,,-4634000.0,,,43939000.0,29161000.0,,,,,,,,1948000.0,,,0.0,39150000.0,41098000.0,0.437,41098000.0,39150000.0,38171000.0,0.145,0.145,0.145,,,,,,,22787000.0,0.114,1.0,50025000.0,0.532,,979000.0,,,,,,,,,,,14427000.0,0.0,0.0,0.0,0.0,0.0,-18118000.0,0.0,27421000.0,-3274000.0,29161000.0,29161000.0,29161000.0,0.0,0.0,0.31,12997000.0,37028000.0,,0.0,,,,,0.0,,,,,,93964000.0,93964000.0,5013000.0,,,,,0.0,7984000.0,1.0,,200000000,200000000.0,0.47,,,9010000.0,,,
85,GRMN,MRQ,2000-03-31,2000-03-25,2000-03-25,2021-07-28,,,,,,,,-8322000.0,,,34663000.0,20599000.0,,,,,,,,1434000.0,,,0.0,27447000.0,28881000.0,0.377,28881000.0,27447000.0,26964000.0,0.105,0.105,0.105,,,,,,,-415000.0,-0.002,1.0,41913000.0,0.547,,483000.0,,,,,,,,,,,5285000.0,0.0,0.0,0.0,0.0,0.0,-8322000.0,0.0,7907000.0,5700000.0,20599000.0,20599000.0,20599000.0,0.0,0.0,0.269,11797000.0,30116000.0,,0.0,,,,,0.0,,,,,,76576000.0,76576000.0,4706000.0,,,,,0.0,7091000.0,1.0,,200000000,200000000.0,0.383,,,6365000.0,,,
86,GRMN,MRQ,1999-12-31,1999-12-25,1999-12-25,2021-07-28,-12425000.0,250090000.0,,193427000.0,56663000.0,,0.973,-21142000.0,104079000.0,104079000.0,29224000.0,20592000.0,6.986,0.285,27720000.0,5000.0,27715000.0,27720000.0,0.0,1537000.0,0.0,,0.0,27145000.0,28682000.0,0.421,28682000.0,27145000.0,26999000.0,0.1,0.1,0.1,194599000.0,,194599000.0,,,,-6712000.0,-0.034,1.0,38826000.0,0.571,737000.0,146000.0,145308000.0,,51248000.0,0.0,0.0,0.0,55491000.0,27686000.0,27805000.0,,9435000.0,0.0,0.0,18017000.0,0.0,18017000.0,-21915000.0,0.0,14430000.0,-1097000.0,20592000.0,20592000.0,20592000.0,0.0,0.0,0.303,12731000.0,26095000.0,15402000.0,0.0,,,,55851000.0,0.0,,,,31353000.0,176431000.0,68050000.0,68050000.0,4863000.0,,,,,0.0,7868000.0,1.0,,200000000,200000000.0,0.34,249353000.0,5958000.0,6407000.0,25000.0,1.247,165741000.0
87,GRMN,MRQ,1998-12-31,1998-12-26,1998-12-26,2021-07-28,-14447000.0,174532000.0,,145344000.0,29188000.0,,0.682,,80360000.0,80360000.0,,,4.97,0.284,9708000.0,363000.0,9345000.0,9708000.0,0.0,,0.0,,0.0,,,,,,,,,,135940000.0,,135940000.0,,,,,,1.0,,,214000.0,,74419000.0,,37974000.0,2176000.0,2176000.0,0.0,38592000.0,29247000.0,9345000.0,,,,,,,,,,,,,,,,,,,,9334000.0,,,,,28751000.0,,,,,17560000.0,132247000.0,,,,,,,,,,1.0,,199248000,,,174318000.0,6793000.0,,8498000.0,0.875,116097000.0
0,GRMN,MRT,2021-06-30,2021-06-26,2021-06-26,2021-07-28,166627000.0,7402724000.0,6996123750.0,3883765000.0,3518959000.0,0.695,29.062,-233604000.0,1639447000.0,1639447000.0,1978457000.0,1183991000.0,2.662,0.326,74336000.0,0.0,74336000.0,74336000.0,129442000.0,143862000.0,0.0,0.017,2.5,1350756000.0,1494618000.0,0.308,1494618000.0,1350756000.0,1350756000.0,6.18,6.14,6.18,5584248000.0,5480133000.0,5584248000.0,26215189842.0,19.0,17.54,1074594000.0,5.592,1.0,2881374000.0,0.593,820116000.0,0.0,3558667000.0,3594488250.0,938607000.0,1534272000.0,330567000.0,1203705000.0,1818476000.0,1458830000.0,359646000.0,27739923842.0,285013000.0,-156648000.0,3681000.0,0.0,-467041000.0,-463360000.0,-573482000.0,-181369000.0,1308198000.0,13657000.0,1183991000.0,1183991000.0,1183991000.0,0.0,0.0,0.244,1572175000.0,1309199000.0,303947000.0,0.405,4.968,23.429,23.361,1051021000.0,0.0,144.37,5.708,5.708,737268000.0,3775874000.0,4859831000.0,4859831000.0,778749000.0,0.169,0.216,0.376,0.278,94702000.0,793426000.0,1.0,192144655.0,192150000,,25.292,6582608000.0,250230000.0,166765000.0,300502000.0,34.258,2424935000.0
1,GRMN,MRT,2021-03-31,2021-03-27,2021-03-27,2021-07-28,140252000.0,6999729000.0,6700453250.0,3557920000.0,3441809000.0,0.657,29.786,-180864000.0,1599475000.0,1599475000.0,1786840000.0,1051174000.0,3.813,0.225,74741000.0,0.0,74741000.0,74741000.0,128747000.0,135401000.0,0.0,0.019,2.44,1176289000.0,1311690000.0,0.298,1311690000.0,1176289000.0,1176289000.0,5.49,5.46,5.49,5715827000.0,5269286250.0,5715827000.0,23209227280.0,20.0,17.694,1096891000.0,5.716,1.0,2615953000.0,0.594,822229000.0,0.0,3719641000.0,3480824000.0,837934000.0,1555454000.0,342656000.0,1212798000.0,1283902000.0,933125000.0,350777000.0,24592017280.0,551349000.0,-158483000.0,827000.0,0.0,-458715000.0,-457888000.0,-285759000.0,55460000.0,1277755000.0,17241000.0,1051174000.0,1051174000.0,1051174000.0,0.0,0.0,0.239,1489537000.0,1126416000.0,250789000.0,0.444,4.302,23.395,23.383,954324000.0,0.0,128.37,5.586,5.595,558192000.0,3974184000.0,4402793000.0,4402793000.0,743508000.0,0.157,0.199,0.338,0.267,88024000.0,746029000.0,1.0,191571374.0,191896000,,22.944,6177500000.0,248852000.0,125115000.0,280165000.0,32.192,2624795000.0
2,GRMN,MRT,2020-12-31,2020-12-26,2020-12-26,2021-07-28,183427000.0,7031373000.0,6464019250.0,3669351000.0,3362022000.0,0.648,28.844,-183424000.0,1458442000.0,1458442000.0,1705237000.0,992324000.0,3.152,0.275,75958000.0,0.0,75958000.0,75958000.0,136799000.0,126715000.0,0.0,0.02,2.4,1103410000.0,1230125000.0,0.294,1230125000.0,1103410000.0,1103410000.0,5.19,5.17,5.19,5516116000.0,5073929500.0,5516116000.0,21823260263.0,20.0,17.741,951843000.0,4.977,1.0,2481336000.0,0.593,828566000.0,0.0,3656106000.0,3455236500.0,762084000.0,1518817000.0,387642000.0,1131175000.0,1515257000.0,1164217000.0,351040000.0,22988653263.0,431110000.0,-148648000.0,-11129000.0,0.0,-450631000.0,-461760000.0,-260524000.0,73613000.0,1135267000.0,18127000.0,992324000.0,992324000.0,992324000.0,0.0,0.0,0.237,1427096000.0,1054240000.0,258885000.0,0.462,4.168,23.166,23.162,950165000.0,0.0,120.21,5.491,5.491,849469000.0,3754372000.0,4186573000.0,4186573000.0,705685000.0,0.154,0.196,0.319,0.264,80885000.0,721411000.0,1.0,191237445.0,191237445,,21.892,6202807000.0,245455000.0,111086000.0,278239000.0,32.435,2505134000.0
3,GRMN,MRT,2020-09-30,2020-09-26,2020-09-26,2021-07-28,118978000.0,6550669000.0,6247875750.0,3341870000.0,3208799000.0,0.63,26.692,-161510000.0,1223809000.0,1223809000.0,1607593000.0,1019568000.0,2.976,0.283,58416000.0,0.0,58416000.0,58416000.0,140757000.0,118670000.0,0.0,0.025,2.36,999356000.0,1118026000.0,0.284,1118026000.0,999356000.0,999356000.0,5.33,5.32,5.33,5104341000.0,4893274500.0,5104341000.0,16595055980.0,17.0,14.843,772318000.0,4.039,1.0,2329808000.0,0.592,818781000.0,0.0,3443539000.0,3414419250.0,821377000.0,1488267000.0,430164000.0,1058103000.0,1446328000.0,1122956000.0,323372000.0,17890262980.0,246371000.0,-173627000.0,3354000.0,0.0,-442334000.0,-438980000.0,-262269000.0,75026000.0,933828000.0,13792000.0,1019568000.0,1019568000.0,1019568000.0,0.0,0.0,0.259,1370313000.0,959495000.0,235467000.0,0.443,3.505,17.547,17.552,888510000.0,0.0,93.55,4.544,4.544,658000000.0,3421159000.0,3937401000.0,3937401000.0,668019000.0,0.163,0.208,0.293,0.254,69362000.0,702294000.0,1.0,191237445.0,191234000,,20.589,5731888000.0,247502000.0,-20212000.0,248274000.0,29.973,2218914000.0
4,GRMN,MRT,2020-06-30,2020-06-27,2020-06-27,2021-07-28,89729000.0,6220042000.0,6048984750.0,3258439000.0,2961603000.0,0.622,24.818,-153632000.0,1355207000.0,1355207000.0,1533307000.0,934017000.0,2.8,0.312,60000000.0,0.0,60000000.0,60000000.0,142587000.0,112973000.0,0.0,0.024,2.32,920406000.0,1033379000.0,0.275,1033379000.0,920406000.0,920406000.0,4.89,4.88,4.89,4740861000.0,4712412750.0,4740861000.0,17123899872.0,19.0,16.571,694810000.0,3.637,1.0,2229283000.0,0.592,656898000.0,0.0,3104010000.0,3338497250.0,813243000.0,1373901000.0,380880000.0,993021000.0,1479181000.0,1163927000.0,315254000.0,18119952872.0,534953000.0,-32168000.0,4527000.0,0.0,-325809000.0,-321282000.0,10591000.0,199289000.0,848442000.0,-2798000.0,934017000.0,934017000.0,934017000.0,0.0,0.0,0.248,1325429000.0,903854000.0,193216000.0,0.474,3.822,19.4,19.399,867389000.0,0.0,94.86,4.816,4.816,523901000.0,3107768000.0,3762590000.0,3762590000.0,641698000.0,0.154,0.198,0.276,0.245,63923000.0,683731000.0,1.0,191017846.0,191024000,,19.697,5563144000.0,254202000.0,-13611000.0,250597000.0,29.123,2094512000.0
5,GRMN,MRT,2020-03-31,2020-03-28,2020-03-28,2021-07-28,31807000.0,6053993000.0,5875170000.0,2928886000.0,3125107000.0,0.655,25.861,-126909000.0,1048887000.0,1048887000.0,1558345000.0,973493000.0,3.746,0.227,52834000.0,0.0,52834000.0,52834000.0,151809000.0,110368000.0,0.0,0.031,2.28,998592000.0,1108960000.0,0.288,1108960000.0,998592000.0,998592000.0,5.11,5.09,5.11,4934400000.0,4564939000.0,4934400000.0,13042841360.0,13.0,11.761,632932000.0,3.317,1.0,2289218000.0,0.595,658777000.0,0.0,3617291000.0,3330018500.0,790180000.0,1591259000.0,391646000.0,1199613000.0,1119593000.0,781872000.0,337721000.0,14021241360.0,-67212000.0,-306347000.0,2350000.0,0.0,-325148000.0,-322798000.0,-496997000.0,-60824000.0,759841000.0,-7258000.0,973493000.0,973493000.0,973493000.0,0.0,0.0,0.253,1317532000.0,971686000.0,200281000.0,0.446,2.842,14.403,14.389,821046000.0,0.0,73.53,3.644,3.646,500242000.0,3390053000.0,3847563000.0,3847563000.0,624841000.0,0.166,0.213,0.3,0.26,63830000.0,692691000.0,1.0,190687357.0,190803000,,20.165,5395216000.0,263687000.0,25099000.0,277111000.0,28.276,2147014000.0
6,GRMN,MRT,2019-12-31,2019-12-28,2019-12-28,2021-07-28,55874000.0,6166799000.0,5681708000.0,3057850000.0,3108949000.0,0.661,24.2,-117502000.0,1027638000.0,1027638000.0,1523529000.0,952486000.0,2.952,0.286,49238000.0,0.0,49238000.0,49238000.0,161891000.0,106175000.0,0.0,0.023,2.24,987222000.0,1093397000.0,0.291,1093397000.0,987222000.0,987222000.0,5.01,4.99,5.01,4793496000.0,4410160500.0,4793496000.0,18580004221.0,19.0,16.993,581047000.0,2.933,1.0,2233976000.0,0.595,659629000.0,0.0,3492837000.0,3219104500.0,752908000.0,1581938000.0,376463000.0,1205475000.0,1373303000.0,1035933000.0,337370000.0,19514587221.0,-174167000.0,-300289000.0,1236000.0,0.0,-417264000.0,-416028000.0,-450746000.0,-30578000.0,698549000.0,-5942000.0,952486000.0,952486000.0,952486000.0,0.0,0.0,0.253,1288390000.0,945586000.0,240831000.0,0.447,4.071,20.488,19.665,792510000.0,0.0,98.52,5.193,5.193,706763000.0,3229061000.0,3757505000.0,3757505000.0,605366000.0,0.168,0.216,0.307,0.263,63400000.0,683024000.0,1.0,198077418.0,198077418,,18.97,5507170000.0,268518000.0,34736000.0,277438000.0,27.803,2021917000.0
7,GRMN,MRT,2019-09-30,2019-09-28,2019-09-28,2021-07-28,20590000.0,5755105000.0,5485722750.0,2757843000.0,2997262000.0,0.654,23.045,-123704000.0,977438000.0,977438000.0,1443694000.0,781845000.0,2.644,0.314,42855000.0,0.0,42855000.0,42855000.0,165172000.0,102333000.0,0.0,0.026,2.2,931682000.0,1034015000.0,0.288,1034015000.0,931682000.0,931682000.0,4.13,4.1,4.13,4380894000.0,4252530000.0,4380894000.0,16024972821.0,17.0,15.498,558204000.0,2.936,1.0,2143687000.0,0.598,637716000.0,0.0,3139851000.0,3056560250.0,749825000.0,1552761000.0,300542000.0,1252219000.0,1374211000.0,1042955000.0,331256000.0,16798945821.0,-79104000.0,-275310000.0,2382000.0,0.0,-308904000.0,-306522000.0,-436496000.0,-34002000.0,681908000.0,-17994000.0,781845000.0,781845000.0,781845000.0,0.0,0.0,0.218,1251950000.0,891737000.0,235548000.0,0.533,3.835,21.486,20.535,765990000.0,0.0,84.81,4.683,4.494,558299000.0,2868816000.0,3587381000.0,3587381000.0,588519000.0,0.143,0.184,0.305,0.26,61850000.0,663431000.0,1.0,198077418.0,190102000,,18.871,5117389000.0,158963000.0,149837000.0,279262000.0,26.919,1714888000.0
8,GRMN,MRT,2019-06-30,2019-06-29,2019-06-29,2021-07-28,34681000.0,5524783000.0,5320938250.0,2460578000.0,3064205000.0,0.651,21.864,-122589000.0,820254000.0,820254000.0,1406033000.0,738193000.0,2.394,0.331,46281000.0,0.0,46281000.0,46281000.0,166680000.0,98708000.0,0.0,0.027,2.16,875242000.0,973950000.0,0.281,973950000.0,875242000.0,875242000.0,3.91,3.88,3.91,4150966000.0,4145483500.0,4150966000.0,14733755956.0,17.0,15.128,634086000.0,3.34,1.0,2056976000.0,0.594,653014000.0,0.0,3070095000.0,2961753250.0,648140000.0,1558791000.0,239765000.0,1319026000.0,1373817000.0,1027701000.0,346116000.0,15806577956.0,-126613000.0,-295767000.0,2773000.0,0.0,-408967000.0,-406194000.0,-468008000.0,-46651000.0,756675000.0,-9086000.0,738193000.0,738193000.0,738193000.0,0.0,0.0,0.213,1230740000.0,826236000.0,214763000.0,0.552,3.808,21.413,20.409,761274000.0,0.0,79.8,4.564,4.375,583913000.0,2641371000.0,3463009000.0,3463009000.0,578937000.0,0.139,0.178,0.296,0.253,59605000.0,651803000.0,1.0,198077418.0,189855000,,18.24,4871769000.0,162739000.0,137049000.0,267741000.0,25.66,1432877000.0
9,GRMN,MRT,2019-03-31,2019-03-30,2019-03-30,2021-07-28,18338000.0,5280145000.0,5186922500.0,2512137000.0,2768008000.0,0.656,22.76,-157987000.0,1116099000.0,1116099000.0,1397740000.0,704879000.0,4.035,0.224,43277000.0,0.0,43277000.0,43277000.0,166184000.0,97059000.0,0.0,0.025,2.12,835532000.0,932591000.0,0.274,932591000.0,835532000.0,835532000.0,3.74,3.71,3.74,4315286000.0,4047462250.0,4315286000.0,15902180044.0,19.0,17.052,711925000.0,3.755,1.0,2004881000.0,0.589,411162000.0,0.0,3173635000.0,2870041250.0,598387000.0,1535156000.0,197385000.0,1337771000.0,964859000.0,622526000.0,342333000.0,17103985044.0,216839000.0,-19753000.0,1929000.0,0.0,-400689000.0,-398760000.0,-227500000.0,-46369000.0,869912000.0,-26813000.0,704879000.0,704879000.0,704879000.0,0.0,0.0,0.207,1217358000.0,787523000.0,170474000.0,0.567,3.964,24.265,23.088,727277000.0,0.0,86.35,5.027,4.812,453069000.0,2850588000.0,3402621000.0,3402621000.0,571767000.0,0.136,0.174,0.291,0.246,58080000.0,645591000.0,1.0,198077418.0,189601000,,17.946,4868983000.0,170935000.0,130653000.0,282227000.0,25.68,1889611000.0
10,GRMN,MRT,2018-12-31,2018-12-29,2018-12-29,2021-07-28,8430000.0,5382858000.0,5080691750.0,2665368000.0,2717490000.0,0.659,21.017,-154155000.0,1201805000.0,1201805000.0,1367725000.0,694080000.0,2.893,0.293,0.0,0.0,0.0,0.0,172938000.0,96194000.0,0.0,0.033,2.1,823247000.0,919441000.0,0.275,919441000.0,823247000.0,823247000.0,3.68,3.66,3.68,4162974000.0,3967939000.0,4162974000.0,11386681399.0,14.0,12.384,765365000.0,3.864,1.0,1979719000.0,0.591,417080000.0,0.0,2842660000.0,2820910750.0,561840000.0,1513112000.0,182989000.0,1330123000.0,1219884000.0,921313000.0,298571000.0,12443223399.0,310046000.0,-29170000.0,9987000.0,0.0,-296148000.0,-286161000.0,-307503000.0,-119578000.0,919520000.0,-15810000.0,694080000.0,694080000.0,694080000.0,0.0,0.0,0.207,1201376000.0,778343000.0,204985000.0,0.571,2.989,17.928,17.071,663527000.0,0.0,62.82,3.717,3.717,569833000.0,2710619000.0,3347444000.0,3347444000.0,567805000.0,0.137,0.175,0.292,0.246,56391000.0,633571000.0,1.0,198077418.0,198077418,,16.9,4965778000.0,176959000.0,129167000.0,271797000.0,25.07,1744055000.0
11,GRMN,MRT,2018-09-30,2018-09-29,2018-09-29,2021-07-28,4624000.0,5095967000.0,4972049500.0,2400619000.0,2695348000.0,0.666,20.936,-175938000.0,1056542000.0,1056542000.0,1378620000.0,646481000.0,2.811,0.289,0.0,0.0,0.0,0.0,175238000.0,94029000.0,0.0,0.03,2.08,775830000.0,869859000.0,0.263,869859000.0,775830000.0,775830000.0,3.44,3.41,3.44,3952708000.0,3890300250.0,3952708000.0,12928456131.0,17.0,14.863,724109000.0,3.835,1.0,1934034000.0,0.584,424776000.0,0.0,2760623000.0,2823899250.0,556640000.0,1474808000.0,173697000.0,1301111000.0,1143259000.0,854026000.0,289233000.0,13875323131.0,165146000.0,-107241000.0,9973000.0,0.0,-391807000.0,-381834000.0,-344112000.0,-54788000.0,900047000.0,-8955000.0,646481000.0,646481000.0,646481000.0,0.0,0.0,0.195,1195026000.0,739008000.0,197069000.0,0.605,3.51,21.463,20.363,650805000.0,0.0,70.05,4.189,3.992,467784000.0,2520828000.0,3312654000.0,3312654000.0,555200000.0,0.13,0.166,0.275,0.234,54388000.0,639826000.0,1.0,198077418.0,188799000,,17.546,4671191000.0,186445000.0,129349000.0,253258000.0,24.742,1546593000.0
12,GRMN,MRT,2018-06-30,2018-06-30,2018-06-30,2021-07-28,9732000.0,4988720000.0,4906905500.0,2323582000.0,2665138000.0,0.663,19.937,-191434000.0,946867000.0,946867000.0,1363077000.0,613341000.0,2.501,0.327,0.0,0.0,0.0,0.0,182682000.0,91641000.0,0.0,0.042,2.57,764417000.0,856058000.0,0.263,856058000.0,764417000.0,764417000.0,3.27,3.24,3.27,3758881000.0,3812044500.0,3758881000.0,11183462498.0,15.0,13.064,643644000.0,3.414,1.0,1890810000.0,0.581,409459000.0,0.0,2703247000.0,2829913750.0,501490000.0,1475765000.0,173318000.0,1302447000.0,1229839000.0,929147000.0,300692000.0,12082722498.0,87190000.0,-92388000.0,-971000.0,0.0,-387371000.0,-388342000.0,-361589000.0,-69419000.0,835078000.0,2043000.0,613341000.0,613341000.0,613341000.0,0.0,0.0,0.188,1174113000.0,716697000.0,166499000.0,0.786,3.214,19.7,18.654,637245000.0,0.0,61.0,3.713,3.535,533076000.0,2336614000.0,3253887000.0,3253887000.0,545853000.0,0.125,0.161,0.27,0.235,52097000.0,628260000.0,1.0,198077418.0,188542000,,17.258,4579261000.0,188101000.0,151076000.0,254692000.0,24.288,1394435000.0
13,GRMN,MRT,2018-03-31,2018-03-31,2018-03-31,2021-07-28,64442000.0,4855222000.0,4846918500.0,2191283000.0,2663939000.0,0.658,21.225,-140019000.0,899260000.0,899260000.0,1339251000.0,599978000.0,3.928,0.215,0.0,0.0,0.0,0.0,181882000.0,87670000.0,0.0,0.043,2.55,762676000.0,850346000.0,0.266,850346000.0,762676000.0,762676000.0,3.2,3.18,3.2,3997193000.0,3743436000.0,3997193000.0,10780943243.0,14.0,12.678,614618000.0,3.264,1.0,1851670000.0,0.58,421006000.0,0.0,2977113000.0,2816919000.0,547412000.0,1476930000.0,167745000.0,1309185000.0,858029000.0,557843000.0,300186000.0,11672702243.0,65566000.0,-99888000.0,-38747000.0,0.0,-383094000.0,-421841000.0,-293731000.0,-41192000.0,754637000.0,26501000.0,599978000.0,599978000.0,599978000.0,0.0,0.0,0.188,1142859000.0,708811000.0,136132000.0,0.797,2.92,19.455,18.416,604813000.0,0.0,58.93,3.658,3.478,409704000.0,2546400000.0,3190921000.0,3190921000.0,531388000.0,0.124,0.16,0.271,0.239,49969000.0,611471000.0,1.0,198077418.0,188322000,,16.944,4434216000.0,199090000.0,162698000.0,252907000.0,23.546,1633440000.0
14,GRMN,MRT,2017-12-31,2017-12-30,2017-12-30,2021-07-28,56428000.0,4948289000.0,4783283250.0,2346138000.0,2602151000.0,0.653,19.449,-139335000.0,891759000.0,891759000.0,1323619000.0,709007000.0,2.962,0.284,0.0,0.0,0.0,0.0,190200000.0,86252000.0,0.0,0.043,2.55,697071000.0,783323000.0,0.251,783323000.0,697071000.0,697071000.0,3.77,3.76,3.77,3852419000.0,3669653250.0,3852419000.0,10908075790.0,16.0,13.925,521507000.0,2.633,1.0,1797941000.0,0.576,409801000.0,0.0,2854614000.0,2795669250.0,517644000.0,1421720000.0,161687000.0,1260033000.0,1095870000.0,792115000.0,303755000.0,11799471790.0,44763000.0,-90471000.0,-65436000.0,0.0,-382976000.0,-448412000.0,-194383000.0,47655000.0,660842000.0,26716000.0,709007000.0,709007000.0,709007000.0,0.0,0.0,0.227,1114304000.0,683637000.0,169640000.0,0.676,3.063,16.642,15.801,595684000.0,0.0,59.57,3.78,3.78,590882000.0,2418444000.0,3121560000.0,3121560000.0,511634000.0,0.148,0.193,0.249,0.223,44735000.0,602670000.0,1.0,198077418.0,198077418,,15.759,4538488000.0,195981000.0,-11936000.0,248545000.0,22.913,1554023000.0
15,GRMN,MRT,2017-09-30,2017-09-30,2017-09-30,2021-07-28,46487000.0,4835391000.0,4677494250.0,2332474000.0,2502917000.0,0.665,19.4,-133089000.0,891396000.0,891396000.0,1337943000.0,709972000.0,2.757,0.329,0.0,0.0,0.0,0.0,294384000.0,87497000.0,0.0,0.047,2.55,690128000.0,777625000.0,0.25,777625000.0,690128000.0,690128000.0,3.78,3.75,3.78,3639685000.0,3561049250.0,3639685000.0,9830561249.0,14.0,12.642,542804000.0,2.893,1.0,1774196000.0,0.57,313269000.0,0.0,2784681000.0,2729615750.0,575335000.0,1464022000.0,253699000.0,1210323000.0,1195706000.0,846045000.0,349661000.0,10690238249.0,-21422000.0,-28208000.0,-94515000.0,0.0,-479439000.0,-572627000.0,-134835000.0,36534000.0,675893000.0,10147000.0,709972000.0,709972000.0,709972000.0,0.0,0.0,0.228,1105127000.0,669069000.0,158591000.0,0.675,2.937,15.057,14.278,554441000.0,0.0,53.97,3.435,3.254,457391000.0,2230489000.0,3112139000.0,3112139000.0,508034000.0,0.152,0.199,0.253,0.222,44480000.0,597093000.0,1.0,198077418.0,187616000,,16.588,4522122000.0,262473000.0,-19844000.0,207359000.0,24.103,1486429000.0
16,GRMN,MRT,2017-06-30,2017-07-01,2017-07-01,2021-07-28,40147000.0,4748772000.0,4616623000.0,2304934000.0,2443838000.0,0.668,18.558,-101361000.0,859677000.0,859677000.0,1340492000.0,683952000.0,2.482,0.363,0.0,0.0,0.0,0.0,291185000.0,87662000.0,0.0,0.04,2.04,649979000.0,737641000.0,0.239,737641000.0,649979000.0,649979000.0,3.63,3.61,3.63,3484447000.0,3491685250.0,3484447000.0,9274196641.0,14.0,12.573,588776000.0,3.136,1.0,1742653000.0,0.565,309318000.0,0.0,2651268000.0,2647721500.0,525167000.0,1449336000.0,248904000.0,1200432000.0,1264325000.0,928509000.0,335816000.0,10107890641.0,57954000.0,-23308000.0,-102839000.0,0.0,-480032000.0,-581181000.0,-55884000.0,78007000.0,690137000.0,4882000.0,683952000.0,683952000.0,683952000.0,0.0,0.0,0.222,1087616000.0,655037000.0,161398000.0,0.562,2.901,14.779,14.058,517290000.0,0.0,51.03,3.278,3.108,514942000.0,2083076000.0,3083145000.0,3083145000.0,494851000.0,0.148,0.196,0.245,0.211,42128000.0,592765000.0,1.0,198077418.0,187757000,,16.421,4439454000.0,265719000.0,-33973000.0,199539000.0,23.645,1376425000.0
17,GRMN,MRT,2017-03-31,2017-04-01,2017-04-01,2021-07-28,32464000.0,4600681000.0,4561325750.0,2156910000.0,2443771000.0,0.672,19.657,-101907000.0,833694000.0,833694000.0,1341787000.0,668037000.0,3.774,0.243,0.0,0.0,0.0,0.0,279117000.0,87875000.0,0.0,0.04,2.04,619453000.0,707328000.0,0.231,707328000.0,619453000.0,619453000.0,3.54,3.52,3.54,3702062000.0,3425282250.0,3702062000.0,9276740834.0,15.0,13.115,594783000.0,3.158,1.0,1721481000.0,0.562,303414000.0,0.0,2892114000.0,2587925750.0,533151000.0,1469541000.0,258400000.0,1211141000.0,898619000.0,571459000.0,327160000.0,10123736834.0,-24244000.0,-15808000.0,-93532000.0,0.0,-480914000.0,-572756000.0,-143590000.0,-20656000.0,696690000.0,-4588000.0,668037000.0,668037000.0,668037000.0,0.0,0.0,0.218,1075392000.0,646089000.0,136901000.0,0.576,2.735,15.154,14.438,503840000.0,0.0,51.11,3.305,3.142,391345000.0,2294654000.0,3063268000.0,3063268000.0,481958000.0,0.146,0.195,0.239,0.202,41284000.0,593434000.0,1.0,198077418.0,188333000,,16.265,4297267000.0,283440000.0,-48584000.0,207146000.0,22.817,1585451000.0
18,GRMN,MRT,2016-12-31,2016-12-31,2016-12-31,2021-07-28,-36761000.0,4525133000.0,4513736500.0,2263016000.0,2262117000.0,0.675,17.256,-90284000.0,846996000.0,846996000.0,1357272000.0,517724000.0,2.891,0.324,0.0,0.0,0.0,0.0,286971000.0,86340000.0,0.0,0.053,2.55,638625000.0,724965000.0,0.238,724965000.0,638625000.0,638625000.0,2.74,2.73,2.74,3418003000.0,3359078500.0,3418003000.0,8691949999.0,14.0,11.989,615398000.0,3.107,1.0,1688525000.0,0.554,305002000.0,0.0,2590400000.0,2506237500.0,484821000.0,1480237000.0,266952000.0,1213285000.0,1107130000.0,782735000.0,324395000.0,9604773999.0,13667000.0,-77945000.0,-81916000.0,0.0,-481452000.0,-561676000.0,-121683000.0,52261000.0,705682000.0,-8656000.0,517724000.0,517724000.0,517724000.0,0.0,0.0,0.17,1055661000.0,632864000.0,172404000.0,0.931,2.81,18.552,17.697,482878000.0,0.0,48.49,3.153,3.153,527062000.0,2056702000.0,3045797000.0,3045797000.0,467960000.0,0.115,0.154,0.255,0.21,41250000.0,587701000.0,1.0,198077418.0,198077418,,15.377,4220131000.0,110293000.0,120901000.0,198557000.0,21.305,1480281000.0
19,GRMN,MRT,2016-09-30,2016-09-24,2016-09-24,2021-07-28,25766000.0,4591906000.0,4507301000.0,2247459000.0,2344447000.0,0.652,17.819,-62186000.0,912824000.0,912824000.0,1317325000.0,506593000.0,2.443,0.366,0.0,0.0,0.0,0.0,280620000.0,82519000.0,0.0,0.053,2.55,613656000.0,696175000.0,0.237,696175000.0,613656000.0,613656000.0,2.67,2.67,2.67,3362229000.0,3340859250.0,3362229000.0,9290033773.0,15.0,13.344,588516000.0,3.119,1.0,1621931000.0,0.552,301983000.0,0.0,2457104000.0,2497265500.0,534683000.0,1528907000.0,201560000.0,1327347000.0,1229677000.0,919995000.0,309682000.0,10091754773.0,-2348000.0,-88192000.0,-75377000.0,0.0,-386201000.0,-464519000.0,-190721000.0,-34559000.0,650702000.0,2190000.0,506593000.0,506593000.0,506593000.0,0.0,0.0,0.172,1012076000.0,609855000.0,148030000.0,0.955,3.002,19.921,18.165,454246000.0,0.0,48.5,3.433,3.114,461355000.0,1919846000.0,2939256000.0,2939256000.0,445020000.0,0.112,0.152,0.246,0.209,35905000.0,567056000.0,1.0,208077418.0,188692000,,15.577,4289923000.0,121084000.0,107063000.0,197743000.0,22.735,1327464000.0
20,GRMN,MRT,2016-06-30,2016-06-25,2016-06-25,2021-07-28,-1403000.0,4527583000.0,4456442500.0,2212587000.0,2314996000.0,0.65,17.041,-62218000.0,801721000.0,801721000.0,1318555000.0,500838000.0,2.19,0.407,0.0,0.0,0.0,0.0,280929000.0,81739000.0,0.0,0.063,2.55,628782000.0,710521000.0,0.245,710521000.0,628782000.0,628782000.0,2.64,2.64,2.64,3218835000.0,3308973250.0,3218835000.0,7625376332.0,12.0,10.732,513325000.0,2.718,1.0,1578141000.0,0.545,303348000.0,0.0,2412085000.0,2472440000.0,508161000.0,1558412000.0,252253000.0,1306159000.0,1308748000.0,1010429000.0,298319000.0,8483316332.0,-136719000.0,-88192000.0,-107251000.0,0.0,-387303000.0,-497840000.0,-203552000.0,-48382000.0,575543000.0,-10870000.0,500838000.0,500838000.0,500838000.0,0.0,0.0,0.173,1002445000.0,575696000.0,151904000.0,0.966,2.636,16.938,15.443,450654000.0,0.0,40.77,2.929,2.659,510309000.0,1794792000.0,2896696000.0,2896696000.0,434360000.0,0.112,0.151,0.254,0.217,31055000.0,568085000.0,1.0,208077418.0,188892000,,15.335,4224235000.0,118320000.0,127944000.0,191011000.0,22.363,1202158000.0
21,GRMN,MRT,2016-03-31,2016-03-26,2016-03-26,2021-07-28,-14864000.0,4410324000.0,4430399000.0,2129133000.0,2281191000.0,0.645,18.139,-69100000.0,857940000.0,857940000.0,1324484000.0,477527000.0,3.128,0.283,0.0,0.0,0.0,0.0,281696000.0,79689000.0,0.0,0.065,2.55,598539000.0,678228000.0,0.237,678228000.0,598539000.0,598539000.0,2.51,2.51,2.51,3437247000.0,3306390750.0,3437247000.0,7275447979.0,12.0,10.727,259099000.0,1.367,1.0,1534433000.0,0.537,306303000.0,0.0,2565361000.0,2444493250.0,517767000.0,1477946000.0,198147000.0,1279799000.0,973077000.0,680720000.0,292357000.0,8108776979.0,-313709000.0,-88192000.0,-123532000.0,0.0,-382719000.0,-508697000.0,-126525000.0,35604000.0,328199000.0,-6686000.0,477527000.0,477527000.0,477527000.0,0.0,0.0,0.167,992747000.0,541686000.0,137162000.0,1.016,2.359,16.981,15.526,448967000.0,0.0,38.97,2.836,2.583,408283000.0,2018609000.0,2858917000.0,2858917000.0,429245000.0,0.108,0.144,0.245,0.209,26693000.0,563502000.0,1.0,208077418.0,189497000,,15.087,4104021000.0,117467000.0,121012000.0,178474000.0,21.657,1448413000.0
22,GRMN,MRT,2015-12-31,2015-12-26,2015-12-26,2021-07-28,-30428000.0,4499391000.0,4463637750.0,2211087000.0,2288304000.0,0.632,16.076,-72671000.0,833329000.0,833329000.0,1281566000.0,456227000.0,2.553,0.345,0.0,0.0,0.0,0.0,293713000.0,78360000.0,0.0,0.054,2.01,567187000.0,645547000.0,0.229,645547000.0,567187000.0,567187000.0,2.39,2.39,2.39,3345126000.0,3316486500.0,3345126000.0,6779536918.0,12.0,10.502,207796000.0,0.999,1.0,1538704000.0,0.546,245552000.0,0.0,2554512000.0,2383887000.0,500554000.0,1558548000.0,215161000.0,1343387000.0,1154265000.0,865998000.0,288267000.0,7694702918.0,-363198000.0,-38687000.0,-119926000.0,0.0,-378117000.0,-500092000.0,-111979000.0,3220000.0,280467000.0,-31594000.0,456227000.0,456227000.0,456227000.0,0.0,0.0,0.162,989123000.0,549581000.0,178905000.0,0.841,2.3,16.866,15.473,446089000.0,0.0,36.98,2.728,2.728,531481000.0,1930517000.0,2820270000.0,2820270000.0,427043000.0,0.102,0.138,0.238,0.201,26290000.0,562080000.0,1.0,208077418.0,208077418,,13.554,4253839000.0,116518000.0,110960000.0,179573000.0,20.444,1345089000.0
23,GRMN,MRT,2015-09-30,2015-09-26,2015-09-26,2021-07-28,-23149000.0,4388472000.0,4512115750.0,2231953000.0,2156519000.0,0.63,16.994,-71137000.0,915166000.0,915166000.0,1285810000.0,534090000.0,2.495,0.357,0.0,0.0,0.0,0.0,287315000.0,79833000.0,0.0,0.056,1.98,614542000.0,694375000.0,0.244,694375000.0,614542000.0,614542000.0,2.8,2.79,2.8,3234685000.0,3331046750.0,3234685000.0,6437882468.0,10.0,9.271,196011000.0,1.03,1.0,1556410000.0,0.548,220848000.0,0.0,2357802000.0,2306604750.0,503183000.0,1501981000.0,211834000.0,1290147000.0,1153787000.0,894656000.0,259131000.0,7376344468.0,-239651000.0,-12632000.0,-99234000.0,0.0,-373299000.0,-475782000.0,17706000.0,99557000.0,267148000.0,-48723000.0,534090000.0,534090000.0,534090000.0,0.0,0.0,0.188,976591000.0,579819000.0,158663000.0,0.707,2.28,13.811,12.661,439094000.0,0.0,35.45,2.595,2.374,431942000.0,1795900000.0,2842220000.0,2842220000.0,422585000.0,0.118,0.16,0.266,0.216,24901000.0,554006000.0,1.0,208077418.0,190342000,,14.932,4167624000.0,116983000.0,80452000.0,171001000.0,21.895,1337297000.0
24,GRMN,MRT,2015-06-30,2015-06-27,2015-06-27,2021-07-28,24075000.0,4423409000.0,4582338750.0,2283296000.0,2140113000.0,0.626,16.79,-75566000.0,938462000.0,938462000.0,1276347000.0,267957000.0,2.374,0.379,0.0,0.0,0.0,0.0,298990000.0,77687000.0,0.0,0.043,1.95,622313000.0,700000000.0,0.244,700000000.0,622313000.0,622313000.0,1.41,1.4,1.41,3208505000.0,3331478750.0,3208505000.0,8310386938.0,13.0,11.872,196089000.0,1.026,1.0,1592466000.0,0.555,222968000.0,0.0,2300298000.0,2259520250.0,458451000.0,1508412000.0,199007000.0,1309405000.0,1214904000.0,961681000.0,253223000.0,9482087938.0,-296703000.0,-31503000.0,-126228000.0,0.0,-368426000.0,-496933000.0,-17247000.0,94954000.0,271655000.0,-54178000.0,267957000.0,267957000.0,267957000.0,0.0,0.0,0.093,962600000.0,629866000.0,146088000.0,1.383,2.955,35.387,32.319,445672000.0,0.0,45.57,3.305,3.036,502034000.0,1676601000.0,2868813000.0,2868813000.0,415794000.0,0.058,0.08,0.275,0.217,25576000.0,546806000.0,1.0,208077418.0,191101000,,15.012,4200441000.0,121104000.0,354356000.0,141521000.0,21.98,1321615000.0
25,GRMN,MRT,2015-03-31,2015-03-28,2015-03-28,2021-07-28,16575000.0,4543279000.0,4661937000.0,2500307000.0,2042972000.0,0.616,18.135,-75142000.0,1171701000.0,1171701000.0,1255130000.0,312187000.0,3.033,0.306,0.0,0.0,0.0,0.0,307805000.0,77467000.0,0.0,0.04,1.92,657475000.0,734942000.0,0.256,734942000.0,657475000.0,657475000.0,1.63,1.61,1.63,3477630000.0,3399506500.0,3477630000.0,8720393742.0,13.0,11.865,458051000.0,2.389,1.0,1617701000.0,0.563,224381000.0,0.0,2322936000.0,2265489250.0,470444000.0,1529314000.0,270212000.0,1259102000.0,1065649000.0,824261000.0,241388000.0,9916969742.0,34697000.0,-31503000.0,-223629000.0,0.0,-364186000.0,-589699000.0,150947000.0,261985000.0,533193000.0,-59744000.0,312187000.0,312187000.0,312187000.0,0.0,0.0,0.109,935745000.0,681956000.0,125745000.0,1.178,2.852,31.766,29.239,436104000.0,0.0,47.66,3.452,3.181,425650000.0,1928165000.0,2872831000.0,2872831000.0,404958000.0,0.067,0.092,0.29,0.229,25737000.0,530787000.0,1.0,208077418.0,191762000,,14.981,4318898000.0,122829000.0,345288000.0,322075000.0,22.522,1676046000.0
26,GRMN,MRT,2014-12-31,2014-12-27,2014-12-27,2021-07-28,2571000.0,4693303000.0,4710845750.0,2510976000.0,2182327000.0,0.609,16.356,-72591000.0,1196576000.0,1196576000.0,1266246000.0,364211000.0,2.43,0.379,0.0,0.0,0.0,0.0,338728000.0,77015000.0,0.0,0.035,1.89,723745000.0,800760000.0,0.279,800760000.0,723745000.0,723745000.0,1.89,1.88,1.89,3403367000.0,3468191500.0,3403367000.0,10041794863.0,14.0,12.54,450120000.0,2.163,1.0,1604412000.0,0.559,218083000.0,0.0,2245383000.0,2356907500.0,420475000.0,1575333000.0,167989000.0,1407344000.0,1289936000.0,1033261000.0,256675000.0,11196645863.0,17119000.0,-18871000.0,-239463000.0,0.0,-360075000.0,-599622000.0,131332000.0,227573000.0,522711000.0,-37302000.0,364211000.0,364211000.0,364211000.0,0.0,0.0,0.127,913786000.0,690626000.0,149094000.0,1.0,3.29,30.742,28.471,430887000.0,0.0,53.81,3.9,3.9,570191000.0,1859972000.0,2870658000.0,2870658000.0,395121000.0,0.077,0.105,0.307,0.252,24293000.0,518665000.0,1.0,208077418.0,208077418,,13.796,4475220000.0,123814000.0,359534000.0,320041000.0,21.507,1477715000.0
27,GRMN,MRT,2014-09-30,2014-09-27,2014-09-27,2021-07-28,47170000.0,4669364000.0,4757420750.0,2421485000.0,2247879000.0,0.594,16.835,-68019000.0,1154851000.0,1154851000.0,1258844000.0,317552000.0,2.155,0.443,0.0,0.0,0.0,0.0,346646000.0,73900000.0,0.0,0.036,1.86,728388000.0,802288000.0,0.284,802288000.0,728388000.0,728388000.0,1.62,1.61,1.62,3236413000.0,3532276250.0,3236413000.0,9555758897.0,13.0,11.911,459488000.0,2.39,1.0,1568203000.0,0.555,221566000.0,0.0,2169464000.0,2439413500.0,466482000.0,1604413000.0,151366000.0,1453047000.0,1432951000.0,1123483000.0,309468000.0,10790894897.0,85858000.0,-18865000.0,-278952000.0,0.0,-355873000.0,-626230000.0,201398000.0,297293000.0,527507000.0,-16817000.0,317552000.0,317552000.0,317552000.0,0.0,0.0,0.112,881105000.0,687098000.0,144882000.0,1.148,3.334,33.982,32.012,431753000.0,0.0,51.86,3.817,3.526,478722000.0,1649727000.0,2827047000.0,2827047000.0,386140000.0,0.067,0.09,0.299,0.258,25972000.0,494965000.0,1.0,208077418.0,192239000,,14.706,4447798000.0,143531000.0,410836000.0,376653000.0,23.137,1298002000.0
28,GRMN,MRT,2014-06-30,2014-06-28,2014-06-28,2021-07-28,73293000.0,4741802000.0,4795886250.0,2496569000.0,2245233000.0,0.576,17.963,-61631000.0,1235136000.0,1235136000.0,1241555000.0,652055000.0,2.576,0.362,0.0,0.0,0.0,0.0,362213000.0,76344000.0,0.0,0.03,1.83,716526000.0,792870000.0,0.287,792870000.0,716526000.0,716526000.0,3.34,3.33,3.34,3480616000.0,3612549000.0,3480616000.0,11470473757.0,16.0,14.467,540144000.0,2.788,1.0,1522846000.0,0.551,213242000.0,0.0,2324174000.0,2536613000.0,429673000.0,1617004000.0,160901000.0,1456103000.0,1261186000.0,969250000.0,291936000.0,12607410757.0,151396000.0,-5655000.0,-209390000.0,0.0,-263424000.0,-465096000.0,11443000.0,80734000.0,601775000.0,3274000.0,652055000.0,652055000.0,652055000.0,0.0,0.0,0.236,859503000.0,663343000.0,132581000.0,0.548,3.622,19.335,18.141,428482000.0,0.0,60.59,4.561,4.247,496979000.0,1796561000.0,2764401000.0,2764401000.0,375569000.0,0.136,0.18,0.282,0.259,25073000.0,483934000.0,1.0,208077418.0,193771000,,14.266,4528560000.0,153921000.0,64471000.0,183833000.0,23.371,1527319000.0
29,GRMN,MRT,2014-03-31,2014-03-29,2014-03-29,2021-07-28,35302000.0,4738914000.0,4760231000.0,2387495000.0,2351419000.0,0.564,19.234,-58522000.0,1136937000.0,1136937000.0,1221115000.0,642563000.0,3.425,0.263,0.0,0.0,0.0,0.0,382949000.0,76326000.0,0.0,0.032,1.8,714391000.0,790717000.0,0.295,790717000.0,714391000.0,714391000.0,3.28,3.28,3.28,3752370000.0,3583984250.0,3752370000.0,10383464118.0,15.0,13.132,583372000.0,2.99,1.0,1462001000.0,0.545,216260000.0,0.0,2688609000.0,2556863500.0,442025000.0,1777688000.0,206522000.0,1571166000.0,986544000.0,697108000.0,289436000.0,11562862118.0,43251000.0,-5680000.0,-93064000.0,0.0,-263604000.0,-350143000.0,-252925000.0,-187428000.0,641894000.0,4425000.0,642563000.0,642563000.0,642563000.0,0.0,0.0,0.239,847526000.0,614475000.0,124241000.0,0.549,3.081,17.995,16.942,417164000.0,0.0,55.57,4.309,4.041,427457000.0,1984405000.0,2683116000.0,2683116000.0,373397000.0,0.135,0.179,0.279,0.266,23479000.0,474129000.0,1.0,208077418.0,195090000,,13.753,4522654000.0,155316000.0,71828000.0,181456000.0,23.182,1690387000.0
30,GRMN,MRT,2013-12-31,2013-12-28,2013-12-28,2021-07-28,38041000.0,4879603000.0,4718107500.0,2595636000.0,2283967000.0,0.558,17.588,-55198000.0,1179398000.0,1179398000.0,1224551000.0,612412000.0,2.867,0.333,0.0,0.0,0.0,0.0,427920000.0,78804000.0,0.0,0.039,1.8,653558000.0,732362000.0,0.278,732362000.0,653558000.0,653558000.0,3.13,3.12,3.13,3659706000.0,3550473000.0,3659706000.0,8642021098.0,13.0,11.8,574886000.0,2.763,1.0,1407300000.0,0.535,219494000.0,0.0,2575407000.0,2546643250.0,382226000.0,1789347000.0,287241000.0,1502106000.0,1219897000.0,905304000.0,314593000.0,9710973098.0,-52031000.0,-5680000.0,-59715000.0,0.0,-351707000.0,-406838000.0,-274442000.0,-213029000.0,630084000.0,-835000.0,612412000.0,612412000.0,612412000.0,0.0,0.0,0.233,833268000.0,574032000.0,146582000.0,0.575,2.653,15.857,14.911,414848000.0,0.0,46.67,3.69,3.69,564586000.0,1865587000.0,2631851000.0,2631851000.0,364923000.0,0.13,0.172,0.257,0.248,22592000.0,468345000.0,1.0,208077418.0,208077418,,12.648,4660109000.0,158147000.0,41146000.0,181723000.0,22.396,1690332000.0
31,GRMN,MRT,2013-09-30,2013-09-28,2013-09-28,2021-07-28,71781000.0,4823226000.0,4702987750.0,2444638000.0,2378588000.0,0.561,18.213,-52092000.0,1068952000.0,1068952000.0,1254189000.0,578120000.0,2.51,0.356,0.0,0.0,0.0,0.0,421995000.0,89719000.0,0.0,0.04,1.8,603928000.0,693647000.0,0.263,693647000.0,603928000.0,603928000.0,2.95,2.94,2.95,3557504000.0,3518495500.0,3557504000.0,8319279519.0,14.0,11.994,602890000.0,3.087,1.0,1386516000.0,0.525,221979000.0,0.0,2558262000.0,2514162750.0,416725000.0,1728397000.0,134253000.0,1594144000.0,1265722000.0,974033000.0,291689000.0,9403018519.0,-178373000.0,-9373000.0,-21112000.0,0.0,-263857000.0,-286884000.0,-551035000.0,-486965000.0,654982000.0,4564000.0,578120000.0,578120000.0,578120000.0,0.0,0.0,0.219,835196000.0,551320000.0,151798000.0,0.61,2.643,16.265,15.319,413675000.0,0.0,45.19,3.561,3.343,475707000.0,1701823000.0,2640705000.0,2640705000.0,355611000.0,0.123,0.164,0.24,0.229,18518000.0,479585000.0,1.0,208077418.0,195325000,,13.52,4601247000.0,162171000.0,25808000.0,168730000.0,23.557,1470605000.0
32,GRMN,MRT,2013-06-30,2013-06-29,2013-06-29,2021-07-28,64843000.0,4599181000.0,4654866750.0,2346259000.0,2252922000.0,0.573,17.213,-49935000.0,1083739000.0,1083739000.0,1276762000.0,530799000.0,2.637,0.366,0.0,0.0,0.0,0.0,418342000.0,79325000.0,0.0,0.05,1.8,605755000.0,685080000.0,0.257,685080000.0,605755000.0,605755000.0,2.71,2.7,2.71,3366357000.0,3476056250.0,3366357000.0,6431885209.0,11.0,9.389,553338000.0,2.829,1.0,1392682000.0,0.522,220531000.0,0.0,2405176000.0,2436194750.0,383492000.0,1618343000.0,142582000.0,1475761000.0,1232824000.0,889735000.0,343089000.0,7526160209.0,-184229000.0,-4904000.0,-12155000.0,0.0,-351605000.0,-365280000.0,-426199000.0,-369161000.0,603273000.0,3977000.0,530799000.0,530799000.0,530799000.0,0.0,0.0,0.199,833049000.0,559633000.0,128078000.0,0.664,2.236,14.179,13.347,410533000.0,0.0,36.17,2.819,2.65,484246000.0,1514153000.0,2669444000.0,2669444000.0,349673000.0,0.114,0.153,0.249,0.227,22209000.0,483376000.0,1.0,208077418.0,195570000,,13.65,4378650000.0,158652000.0,74956000.0,199420000.0,22.389,1456524000.0
33,GRMN,MRT,2013-03-31,2013-03-30,2013-03-30,2021-07-28,129355000.0,4570420000.0,4620762000.0,2313955000.0,2256465000.0,0.582,18.496,-43536000.0,1094275000.0,1094275000.0,1260180000.0,544212000.0,3.824,0.263,0.0,0.0,0.0,0.0,421879000.0,85958000.0,0.0,0.054,1.8,606606000.0,692564000.0,0.257,692564000.0,606606000.0,606606000.0,2.78,2.77,2.78,3618325000.0,3437138750.0,3618325000.0,5644942665.0,9.0,8.151,578344000.0,2.956,1.0,1430855000.0,0.532,223316000.0,0.0,2647728000.0,2346383500.0,396010000.0,1625242000.0,145478000.0,1479764000.0,952095000.0,605101000.0,346994000.0,6876958665.0,-192351000.0,-4881000.0,2893000.0,0.0,-351427000.0,-349652000.0,-459337000.0,-406710000.0,621880000.0,-5242000.0,544212000.0,544212000.0,544212000.0,0.0,0.0,0.202,837102000.0,593753000.0,112170000.0,0.647,1.901,12.637,11.888,407591000.0,0.0,33.05,2.556,2.403,450594000.0,1693291000.0,2691035000.0,2691035000.0,333744000.0,0.118,0.158,0.259,0.225,24868000.0,503358000.0,1.0,208077418.0,195630000,,13.756,4347104000.0,161356000.0,62394000.0,202224000.0,22.221,1708854000.0
34,GRMN,MRT,2012-12-31,2012-12-29,2012-12-29,2021-07-28,138554000.0,4819124000.0,4559355250.0,2536120000.0,2283004000.0,0.596,16.973,-37688000.0,1232016000.0,1232016000.0,1277195000.0,542403000.0,2.79,0.364,0.0,0.0,0.0,0.0,445422000.0,90467000.0,0.0,0.044,1.75,624528000.0,714995000.0,0.263,714995000.0,624528000.0,624528000.0,2.78,2.76,2.78,3531796000.0,3377408750.0,3531796000.0,7075193720.0,11.0,9.895,647057000.0,3.11,1.0,1438480000.0,0.53,232597000.0,0.0,2445485000.0,2231625250.0,389931000.0,1641395000.0,153083000.0,1488312000.0,1287328000.0,909026000.0,378302000.0,8323096720.0,-55980000.0,-7697000.0,4053000.0,0.0,-253386000.0,-249849000.0,-496228000.0,-443995000.0,684745000.0,5352000.0,542403000.0,542403000.0,542403000.0,0.0,0.0,0.2,834320000.0,604160000.0,131263000.0,0.629,2.357,15.345,14.388,409751000.0,0.0,40.0,3.065,3.065,603673000.0,1604625000.0,2715675000.0,2715675000.0,325773000.0,0.119,0.161,0.28,0.23,29274000.0,508547000.0,1.0,208077418.0,208077418,,13.051,4586527000.0,162705000.0,82125000.0,216584000.0,22.042,1627094000.0
35,GRMN,MRT,2012-09-30,2012-09-29,2012-09-29,2021-07-28,121617000.0,4630742000.0,4472408750.0,2473048000.0,2157694000.0,0.639,17.381,-34572000.0,1247903000.0,1247903000.0,1358357000.0,578666000.0,2.799,0.367,0.0,0.0,0.0,0.0,412387000.0,95422000.0,0.0,0.041,1.7,654746000.0,750168000.0,0.263,750168000.0,654746000.0,654746000.0,2.97,2.96,2.97,3387747000.0,3308605000.0,3387747000.0,7416607427.0,11.0,9.887,700320000.0,3.593,1.0,1498414000.0,0.525,252895000.0,0.0,2246390000.0,2139874500.0,443416000.0,1471624000.0,122448000.0,1349176000.0,1242995000.0,883554000.0,359441000.0,8685151427.0,-142333000.0,-5512000.0,-778000.0,0.0,-409314000.0,-406511000.0,-468628000.0,-425617000.0,734892000.0,-2086000.0,578666000.0,578666000.0,578666000.0,0.0,0.0,0.203,843924000.0,654490000.0,147866000.0,0.572,2.564,15.009,14.054,407853000.0,0.0,41.74,3.04,2.848,508725000.0,1477504000.0,2856771000.0,2856771000.0,327165000.0,0.129,0.175,0.306,0.229,39318000.0,516759000.0,1.0,208077418.0,194912000,,14.657,4377847000.0,157647000.0,76080000.0,235192000.0,22.461,1589494000.0
36,GRMN,MRT,2012-06-30,2012-06-30,2012-06-30,2021-07-28,95182000.0,4462762000.0,4398444500.0,2381214000.0,2081548000.0,0.648,16.478,-37336000.0,1268544000.0,1268544000.0,1367698000.0,588699000.0,2.64,0.39,0.0,0.0,0.0,0.0,392344000.0,107341000.0,0.0,0.043,1.65,667155000.0,774496000.0,0.272,774496000.0,667155000.0,667155000.0,3.02,3.01,3.02,3210687000.0,3228716250.0,3210687000.0,6680665335.0,10.0,8.626,719178000.0,3.691,1.0,1483690000.0,0.52,246335000.0,0.0,2045931000.0,2019973750.0,384207000.0,1377531000.0,97177000.0,1280354000.0,1252075000.0,901952000.0,350123000.0,7967284335.0,-151152000.0,-57008000.0,-291000.0,0.0,-476401000.0,-473272000.0,-414098000.0,-311294000.0,756514000.0,-20296000.0,588699000.0,588699000.0,588699000.0,0.0,0.0,0.206,841928000.0,641762000.0,138582000.0,0.546,2.481,13.534,12.679,407850000.0,0.0,38.29,2.794,2.617,486395000.0,1336460000.0,2851388000.0,2851388000.0,317612000.0,0.134,0.182,0.33,0.234,40940000.0,524316000.0,1.0,208077418.0,194849000,,14.634,4216427000.0,154453000.0,78456000.0,221700000.0,21.639,1479262000.0
37,GRMN,MRT,2012-03-31,2012-03-31,2012-03-31,2021-07-28,109670000.0,4324793000.0,4332367750.0,2349266000.0,1975527000.0,0.648,17.353,-32817000.0,1286619000.0,1286619000.0,1423356000.0,512272000.0,3.951,0.28,0.0,0.0,0.0,0.0,376397000.0,97512000.0,0.0,0.043,2.0,586791000.0,684303000.0,0.244,684303000.0,586791000.0,586791000.0,2.63,2.62,2.63,3379405000.0,3166718000.0,3379405000.0,8487546098.0,14.0,12.403,704146000.0,3.616,1.0,1383977000.0,0.493,254937000.0,0.0,2188695000.0,1926689750.0,407476000.0,1250465000.0,89356000.0,1161109000.0,945388000.0,594542000.0,350846000.0,9775477098.0,75176000.0,-57006000.0,-432000.0,0.0,-388678000.0,-385724000.0,-268479000.0,-171981000.0,736963000.0,-7584000.0,512272000.0,512272000.0,512272000.0,0.0,0.0,0.182,814630000.0,569347000.0,109232000.0,0.76,2.893,19.083,17.863,412592000.0,0.0,46.98,3.482,3.259,430145000.0,1500390000.0,2807333000.0,2807333000.0,307824000.0,0.118,0.162,0.305,0.209,41390000.0,506806000.0,1.0,208077418.0,194742000,,14.416,4069856000.0,153553000.0,74519000.0,245523000.0,20.899,1754724000.0
38,GRMN,MRT,2011-12-31,2011-12-31,2011-12-31,2021-07-28,87193000.0,4471338000.0,4235546750.0,2574837000.0,1896501000.0,0.651,15.651,-34239000.0,1287931000.0,1287931000.0,1419977000.0,520896000.0,3.0,0.373,0.0,0.0,0.0,0.0,377119000.0,94535000.0,0.0,0.04,1.6,584161000.0,678696000.0,0.246,678696000.0,584161000.0,584161000.0,2.68,2.67,2.68,3256581000.0,3120174000.0,3256581000.0,6892757011.0,12.0,10.156,788095000.0,3.788,1.0,1338592000.0,0.485,246646000.0,0.0,2078482000.0,1896044250.0,397741000.0,1208155000.0,111153000.0,1097002000.0,1214757000.0,858279000.0,356478000.0,8283562011.0,26224000.0,-54190000.0,37000.0,0.0,-310763000.0,-307413000.0,-488198000.0,-393342000.0,822334000.0,-499000.0,520896000.0,520896000.0,520896000.0,0.0,0.0,0.189,784825000.0,553767000.0,164010000.0,0.597,2.544,15.903,14.854,417105000.0,0.0,39.81,3.003,3.003,607450000.0,1413582000.0,2758569000.0,2758569000.0,298584000.0,0.123,0.167,0.308,0.212,40212000.0,486241000.0,1.0,208077418.0,208077418,,13.257,4224692000.0,142307000.0,63265000.0,250421000.0,20.303,1716558000.0
39,GRMN,MRT,2011-09-30,2011-09-24,2011-09-24,2021-07-28,74686000.0,4334885000.0,4114884250.0,2553914000.0,1780971000.0,0.653,15.806,-35633000.0,1390805000.0,1390805000.0,1402043000.0,488247000.0,2.794,0.413,0.0,0.0,0.0,0.0,312883000.0,82755000.0,0.0,0.039,1.2,556704000.0,639459000.0,0.238,639459000.0,556704000.0,555458000.0,2.51,2.5,2.51,3068192000.0,3068419250.0,3068192000.0,4976035829.0,9.0,7.782,746265000.0,3.845,1.0,1284598000.0,0.478,263221000.0,1246000.0,1766787000.0,1844495250.0,461304000.0,1056347000.0,72784000.0,983563000.0,1266693000.0,914072000.0,352621000.0,6396299829.0,153441000.0,-64808000.0,5790000.0,0.0,-154585000.0,-145135000.0,-488443000.0,-382956000.0,781898000.0,5121000.0,488247000.0,488247000.0,488247000.0,0.0,0.0,0.182,746271000.0,538327000.0,182651000.0,0.478,2.085,13.101,12.247,423041000.0,0.0,30.74,2.381,2.221,519226000.0,1248443000.0,2686641000.0,2686641000.0,285858000.0,0.119,0.159,0.302,0.207,38178000.0,460413000.0,1.0,208077418.0,194112000,,13.841,4071664000.0,99910000.0,67211000.0,202552000.0,20.976,1639842000.0
40,GRMN,MRT,2011-06-30,2011-06-25,2011-06-25,2021-07-28,129681000.0,4198455000.0,3945667500.0,2462527000.0,1735928000.0,0.687,15.268,-33188000.0,1420264000.0,1420264000.0,1427725000.0,617418000.0,2.688,0.417,0.0,0.0,0.0,0.0,281314000.0,81350000.0,0.0,0.024,0.8,592584000.0,673934000.0,0.248,673934000.0,592584000.0,591338000.0,3.18,3.16,3.18,2962694000.0,3013933500.0,2962694000.0,5748185632.0,10.0,8.529,766535000.0,3.95,1.0,1284287000.0,0.474,189309000.0,1246000.0,1672795000.0,1816143250.0,385678000.0,1079495000.0,62626000.0,1016869000.0,1235761000.0,916087000.0,319674000.0,6960189632.0,245702000.0,-12120000.0,-133586000.0,0.0,250000.0,-129542000.0,-452168000.0,-408162000.0,799723000.0,27689000.0,617418000.0,617418000.0,617418000.0,0.0,0.0,0.228,726657000.0,557630000.0,125680000.0,0.252,2.349,11.273,10.519,423697000.0,0.0,33.45,2.566,2.393,493057000.0,1097970000.0,2712012000.0,2712012000.0,282434000.0,0.156,0.205,0.326,0.219,38548000.0,444223000.0,1.0,208077418.0,194051000,,13.976,4009146000.0,101304000.0,-26080000.0,189389000.0,20.66,1546440000.0
41,GRMN,MRT,2011-03-31,2011-03-26,2011-03-26,2021-07-28,91370000.0,3937509000.0,3753893500.0,2192837000.0,1744672000.0,0.737,16.467,-35336000.0,1212004000.0,1212004000.0,1412839000.0,642757000.0,4.666,0.233,0.0,0.0,0.0,0.0,219613000.0,95196000.0,0.0,0.044,1.501,629921000.0,725117000.0,0.262,725117000.0,629921000.0,628675000.0,3.3,3.27,3.3,3193229000.0,2936163500.0,3193229000.0,5837388502.0,9.0,8.05,742769000.0,3.83,1.0,1353839000.0,0.489,189479000.0,1246000.0,2066113000.0,1806294250.0,411021000.0,1069104000.0,41723000.0,1027381000.0,744280000.0,469913000.0,274367000.0,7099601502.0,-80728000.0,-12120000.0,-168941000.0,0.0,-298853000.0,-463920000.0,-411346000.0,-361962000.0,778105000.0,16433000.0,642757000.0,642757000.0,642757000.0,0.0,0.0,0.232,725757000.0,628082000.0,118845000.0,0.455,2.223,11.046,10.339,427110000.0,0.0,34.12,2.566,2.392,434935000.0,1377007000.0,2766678000.0,2766678000.0,285256000.0,0.171,0.219,0.349,0.228,39298000.0,440501000.0,1.0,208077418.0,193922000,,14.267,3748030000.0,107195000.0,-14082000.0,192502000.0,19.328,1722924000.0
42,GRMN,MRT,2010-12-31,2010-12-25,2010-12-25,2021-07-28,56004000.0,3988688000.0,3657398250.0,2498755000.0,1489933000.0,0.735,15.766,-32093000.0,1262213000.0,1262213000.0,1343537000.0,584603000.0,3.735,0.308,0.0,0.0,0.0,0.0,197787000.0,94651000.0,0.0,0.049,1.501,578518000.0,673169000.0,0.25,673169000.0,578518000.0,577272000.0,2.97,2.95,2.97,3049562000.0,2776590000.0,3049562000.0,4635585717.0,8.0,6.886,738544000.0,3.818,1.0,1346374000.0,0.501,185152000.0,1246000.0,1872286000.0,1632919500.0,387577000.0,801819000.0,24418000.0,777401000.0,939126000.0,669037000.0,270089000.0,5872506717.0,169355000.0,-12120000.0,-216463000.0,0.0,-298853000.0,-510821000.0,-72869000.0,-25543000.0,770637000.0,-17592000.0,584603000.0,584603000.0,584603000.0,0.0,0.0,0.217,709698000.0,636676000.0,132348000.0,0.505,1.926,10.045,10.222,427805000.0,0.0,30.36,2.183,2.183,747249000.0,1264613000.0,2689911000.0,2689911000.0,277261000.0,0.16,0.211,0.354,0.215,40332000.0,432437000.0,1.0,193429075.0,193429075,,13.906,3803536000.0,107241000.0,-7331000.0,221435000.0,19.664,1829718000.0
43,GRMN,MRT,2010-09-30,2010-09-25,2010-09-25,2021-07-28,32997000.0,3658018000.0,3617246750.0,2371398000.0,1286620000.0,0.805,14.656,-36729000.0,1236921000.0,1236921000.0,1458238000.0,730105000.0,4.164,0.283,0.0,0.0,0.0,0.0,132447000.0,102822000.0,0.0,0.071,2.251,713056000.0,815878000.0,0.28,815878000.0,713056000.0,713056000.0,3.7,3.67,3.7,2850249000.0,2723311250.0,2850249000.0,4975140008.0,7.0,6.098,795387000.0,4.09,1.0,1453341000.0,0.499,198191000.0,0.0,1653379000.0,1623577500.0,494354000.0,661038000.0,21920000.0,639118000.0,807769000.0,569527000.0,238242000.0,6149245008.0,224202000.0,0.0,-233264000.0,0.0,-448949000.0,-678925000.0,101952000.0,145596000.0,832116000.0,-30941000.0,730105000.0,730105000.0,730105000.0,0.0,0.0,0.251,709297000.0,744044000.0,194894000.0,0.608,2.157,8.422,8.541,427856000.0,0.0,31.6,2.112,2.111,524924000.0,1136374000.0,2911579000.0,2911579000.0,276915000.0,0.202,0.268,0.439,0.245,41526000.0,432382000.0,1.0,194596361.0,194482000,,14.971,3459827000.0,78927000.0,-17049000.0,209067000.0,17.79,1801871000.0
44,GRMN,MRT,2010-06-30,2010-06-26,2010-06-26,2021-07-28,2038000.0,3431359000.0,3581880000.0,2159517000.0,1271842000.0,0.838,13.328,-39064000.0,1174105000.0,1174105000.0,1481406000.0,665686000.0,4.948,0.294,0.0,0.0,0.0,0.0,104215000.0,105792000.0,0.0,0.07,2.251,758819000.0,864611000.0,0.288,864611000.0,758819000.0,758819000.0,3.33,3.31,3.33,2651614000.0,2649598500.0,2651614000.0,5085201071.0,7.0,5.881,881571000.0,4.431,1.0,1519063000.0,0.506,187419000.0,0.0,1633399000.0,1602668750.0,358576000.0,654806000.0,18622000.0,636184000.0,779745000.0,436436000.0,343309000.0,6377485071.0,214260000.0,0.0,-93812000.0,0.0,-448949000.0,-539562000.0,-142698000.0,-92458000.0,920635000.0,-24115000.0,665686000.0,665686000.0,665686000.0,0.0,0.0,0.222,704773000.0,814290000.0,150519000.0,0.676,2.405,9.58,9.616,426805000.0,0.0,32.02,2.125,2.123,499324000.0,2648589000.0,3000469000.0,3000469000.0,262910000.0,0.186,0.251,0.473,0.253,41686000.0,441863000.0,1.0,199171926.0,198948000,,15.082,3243940000.0,77566000.0,93133000.0,295709000.0,16.305,1723081000.0
45,GRMN,MRT,2010-03-31,2010-03-27,2010-03-27,2021-07-28,1021000.0,3551528000.0,3510131750.0,2209359000.0,1342169000.0,0.838,12.779,-39993000.0,1292284000.0,1292284000.0,1461783000.0,692741000.0,3.251,0.39,0.0,0.0,0.0,0.0,81305000.0,96701000.0,0.0,0.019,0.75,794251000.0,890952000.0,0.303,890952000.0,794251000.0,794251000.0,3.46,3.45,3.46,2554935000.0,2602234000.0,2554935000.0,6908115154.0,9.0,7.754,955178000.0,4.778,1.0,1479025000.0,0.503,207074000.0,0.0,1372614000.0,1575398500.0,356073000.0,700684000.0,19635000.0,681049000.0,996593000.0,679556000.0,317037000.0,8001743154.0,369014000.0,0.0,-55514000.0,0.0,-149846000.0,-202612000.0,-417968000.0,-367202000.0,995171000.0,-5577000.0,692741000.0,692741000.0,692741000.0,0.0,0.0,0.236,667626000.0,811399000.0,109904000.0,0.217,3.132,11.551,11.543,432606000.0,0.0,39.94,2.721,2.715,418520000.0,2552920000.0,2940808000.0,2940808000.0,245826000.0,0.197,0.266,0.504,0.27,42729000.0,421800000.0,1.0,200344095.0,199926000,,14.709,3344454000.0,80860000.0,101510000.0,296125000.0,16.728,1529803000.0
46,GRMN,MRT,2009-12-31,2009-12-26,2009-12-26,2021-07-28,-13382000.0,3828082000.0,3320797000.0,2396079000.0,1432003000.0,0.887,14.135,-49194000.0,1093628000.0,1093628000.0,1502329000.0,703950000.0,3.493,0.35,0.0,0.0,0.0,0.0,66484000.0,96486000.0,0.0,0.024,0.75,808651000.0,905137000.0,0.307,905137000.0,808651000.0,808651000.0,3.51,3.5,3.51,2836447000.0,2528118500.0,2836447000.0,5202920014.0,6.0,5.748,1045262000.0,5.209,1.0,1444111000.0,0.49,213660000.0,0.0,1834918000.0,1569142000.0,309938000.0,766047000.0,19583000.0,746464000.0,991635000.0,685876000.0,305759000.0,6216727014.0,395246000.0,0.0,-12763000.0,0.0,-149846000.0,-161243000.0,-547869000.0,-490996000.0,1094456000.0,9902000.0,703950000.0,703950000.0,703950000.0,0.0,0.0,0.239,658101000.0,786010000.0,203388000.0,0.214,2.192,8.831,8.826,441338000.0,0.0,30.98,2.11,2.11,874110000.0,2816607000.0,2946440000.0,2946440000.0,238378000.0,0.212,0.278,0.515,0.274,43616000.0,419723000.0,1.0,200669045.0,200669045,,14.683,3614422000.0,81895000.0,104701000.0,290972000.0,18.012,1710203000.0
47,GRMN,MRT,2009-09-30,2009-09-26,2009-09-26,2021-07-28,-18630000.0,3516551000.0,3097381750.0,2078936000.0,1437615000.0,0.948,12.742,-44580000.0,1013807000.0,1013807000.0,1547320000.0,583275000.0,2.92,0.376,0.0,0.0,0.0,0.0,48621000.0,89687000.0,0.0,0.021,0.75,721398000.0,811085000.0,0.276,811085000.0,721398000.0,720791000.0,2.92,2.92,2.92,2555398000.0,2375470250.0,2555398000.0,6111094632.0,8.0,7.534,1153436000.0,5.751,1.0,1387984000.0,0.473,220955000.0,607000.0,1569744000.0,1491916250.0,373290000.0,788087000.0,17643000.0,770444000.0,961153000.0,712045000.0,249108000.0,7072069632.0,490223000.0,-9634000.0,-39466000.0,0.0,-150251000.0,-189428000.0,-527607000.0,-462426000.0,1198016000.0,9242000.0,583275000.0,583275000.0,583275000.0,0.0,0.0,0.199,657571000.0,730413000.0,185668000.0,0.257,2.768,12.125,12.079,444172000.0,0.0,35.27,2.409,2.41,573847000.0,2537598000.0,2935304000.0,2935304000.0,216999000.0,0.188,0.246,0.484,0.246,41559000.0,440572000.0,1.0,200512323.0,200546000,,14.637,3295596000.0,52824000.0,137516000.0,261968000.0,16.433,1366891000.0
48,GRMN,MRT,2009-06-30,2009-06-27,2009-06-27,2021-07-28,-35020000.0,3144366000.0,2972072250.0,1944804000.0,1199562000.0,1.018,12.293,-63045000.0,960975000.0,960975000.0,1660524000.0,539386000.0,4.528,0.277,0.0,0.0,0.0,0.0,0.0,93546000.0,0.0,0.032,0.75,676131000.0,769677000.0,0.254,769677000.0,676131000.0,675524000.0,2.68,2.67,2.68,2462156000.0,2271580750.0,2462156000.0,3810656590.0,6.0,4.951,1074626000.0,5.365,1.0,1363881000.0,0.451,229535000.0,607000.0,1524318000.0,1494707000.0,323161000.0,543824000.0,18889000.0,524935000.0,682210000.0,429538000.0,252672000.0,4734883590.0,334427000.0,-25363000.0,-346493000.0,0.0,-150251000.0,-496501000.0,-286970000.0,-188566000.0,1137671000.0,-19773000.0,539386000.0,539386000.0,539386000.0,0.0,0.0,0.178,655988000.0,707893000.0,137360000.0,0.28,1.923,8.778,8.821,443026000.0,0.0,23.64,1.566,1.566,519433000.0,2472912000.0,3024405000.0,3024405000.0,214241000.0,0.181,0.237,0.452,0.224,41648000.0,441747000.0,1.0,200291184.0,200296000,,15.1,2914831000.0,59331000.0,136138000.0,271583000.0,14.553,1515266000.0
49,GRMN,MRT,2009-03-31,2009-03-28,2009-03-28,2021-07-28,-62456000.0,2794189000.0,2968988500.0,1827832000.0,966357000.0,1.1,11.273,-106058000.0,924227000.0,924227000.0,1837577000.0,633607000.0,6.049,0.237,0.0,0.0,0.0,0.0,0.0,82443000.0,0.0,0.033,0.75,792453000.0,874896000.0,0.268,874896000.0,792453000.0,791846000.0,3.07,3.05,3.07,2258473000.0,2233455000.0,2258473000.0,3808560254.0,5.0,4.353,863057000.0,4.308,1.0,1429395000.0,0.438,220212000.0,607000.0,1347588000.0,1518213750.0,353532000.0,319383000.0,15747000.0,303636000.0,535716000.0,302162000.0,233554000.0,4506836254.0,323514000.0,-36406000.0,-573147000.0,0.0,-150251000.0,-722862000.0,94026000.0,242104000.0,969115000.0,-16765000.0,633607000.0,633607000.0,633607000.0,0.0,0.0,0.194,682151000.0,747244000.0,79453000.0,0.244,1.996,7.113,7.326,440611000.0,0.0,22.49,1.38,1.379,420081000.0,2311044000.0,3266972000.0,3266972000.0,211585000.0,0.213,0.284,0.522,0.243,40335000.0,470566000.0,1.0,200392897.0,200352000,,16.306,2573977000.0,60795000.0,158239000.0,252715000.0,12.847,1525670000.0
50,GRMN,MRT,2008-12-31,2008-12-27,2008-12-27,2021-07-28,-37651000.0,2934421000.0,3041290750.0,1984425000.0,949996000.0,1.149,10.99,-119604000.0,698276000.0,698276000.0,1940562000.0,732848000.0,4.141,0.318,0.0,0.0,0.0,0.0,680000.0,78417000.0,0.0,0.039,0.75,914973000.0,993390000.0,0.284,993390000.0,914973000.0,914366000.0,3.51,3.48,3.51,2225854000.0,2285698000.0,2225854000.0,3404265076.0,4.0,3.427,742560000.0,3.666,1.0,1553515000.0,0.445,230954000.0,607000.0,1526015000.0,1631450500.0,425312000.0,274895000.0,12886000.0,262009000.0,708567000.0,479176000.0,229391000.0,3927257076.0,-11354000.0,-60131000.0,-659943000.0,0.0,-150251000.0,-808051000.0,-56349000.0,130744000.0,862164000.0,-9118000.0,732848000.0,732848000.0,732848000.0,0.0,0.0,0.21,691498000.0,862017000.0,160094000.0,0.214,1.764,5.359,5.524,445252000.0,0.0,19.39,1.124,1.124,741321000.0,2262503000.0,3494077000.0,3494077000.0,206109000.0,0.241,0.321,0.561,0.262,38872000.0,485389000.0,1.0,202540334.0,202540334,,17.251,2703467000.0,59665000.0,181518000.0,248351000.0,13.348,1505249000.0
51,GRMN,MRT,2008-09-30,2008-09-27,2008-09-27,2021-07-28,-885000.0,3015313000.0,3130550500.0,2036578000.0,978735000.0,1.17,10.356,-138355000.0,522992000.0,522992000.0,2030985000.0,882382000.0,2.922,0.409,0.0,0.0,0.0,0.0,0.0,77068000.0,0.0,0.0,0.0,1058328000.0,1135396000.0,0.31,1135396000.0,1058328000.0,1058121000.0,4.13,4.07,4.13,2139840000.0,2316888000.0,2139840000.0,6912346258.0,7.0,6.088,500531000.0,2.422,1.0,1631867000.0,0.446,214372000.0,207000.0,1580907000.0,1646022750.0,698927000.0,327540000.0,18048000.0,309492000.0,875473000.0,697042000.0,178431000.0,7538378258.0,-182209000.0,-95122000.0,-623115000.0,-30000.0,0.0,-619176000.0,-205016000.0,32826000.0,638886000.0,3099000.0,882382000.0,882382000.0,882382000.0,0.0,0.0,0.241,692967000.0,938900000.0,217122000.0,0.0,3.523,8.543,8.806,453419000.0,0.0,36.37,2.058,2.052,678750000.0,2139214000.0,3662852000.0,3662852000.0,203447000.0,0.282,0.381,0.643,0.289,42149000.0,489520000.0,1.0,207269130.0,206634000,,17.726,2800941000.0,87109000.0,175739000.0,228367000.0,13.555,1339536000.0
52,GRMN,MRT,2008-06-30,2008-06-28,2008-06-28,2021-07-28,49869000.0,3132031000.0,3038097250.0,2117571000.0,1014460000.0,1.159,10.805,-124661000.0,626032000.0,626032000.0,1933091000.0,904645000.0,3.144,0.356,0.0,0.0,0.0,0.0,0.0,61822000.0,0.0,0.017,0.75,1069542000.0,1131364000.0,0.321,1131364000.0,1069542000.0,1069335000.0,4.19,4.13,4.19,2309653000.0,2278230750.0,2309653000.0,8914715856.0,8.0,7.88,415469000.0,1.944,1.0,1588079000.0,0.451,214186000.0,207000.0,1618345000.0,1553080250.0,656018000.0,385332000.0,36335000.0,348997000.0,822378000.0,673468000.0,148910000.0,9515095856.0,-43189000.0,-94617000.0,-309583000.0,0.0,-162531000.0,-460075000.0,-139148000.0,82146000.0,540130000.0,15904000.0,904645000.0,904645000.0,904645000.0,0.0,0.0,0.257,649385000.0,938694000.0,179212000.0,0.179,4.12,10.518,10.53,449727000.0,0.0,44.12,2.702,2.678,679789000.0,2258730000.0,3521170000.0,3521170000.0,191332000.0,0.298,0.397,0.689,0.304,33221000.0,458053000.0,1.0,215664004.0,213756000,,16.473,2917845000.0,93235000.0,164690000.0,198989000.0,13.65,1444103000.0
53,GRMN,MRT,2008-03-31,2008-03-29,2008-03-29,2021-07-28,92950000.0,3083398000.0,2866239750.0,1931125000.0,1152273000.0,1.169,11.397,-171055000.0,600380000.0,600380000.0,1806347000.0,862930000.0,4.138,0.25,0.0,0.0,0.0,0.0,0.0,65588000.0,0.0,0.013,0.75,1000016000.0,1065604000.0,0.318,1065604000.0,1000016000.0,999809000.0,3.98,3.92,3.98,2467445000.0,2182059750.0,2467445000.0,11462067743.0,11.0,10.756,534828000.0,2.47,1.0,1545618000.0,0.461,215770000.0,207000.0,1800535000.0,1448801500.0,676051000.0,560913000.0,17976000.0,542937000.0,615953000.0,466713000.0,149240000.0,12171310743.0,119435000.0,-83574000.0,-82140000.0,-234000.0,-162531000.0,-228028000.0,-360917000.0,-102336000.0,705883000.0,2497000.0,862930000.0,862930000.0,862930000.0,0.0,0.0,0.257,603860000.0,941758000.0,213766000.0,0.188,4.933,14.105,14.09,392001000.0,0.0,56.08,3.631,3.622,515648000.0,2318914000.0,3351965000.0,3351965000.0,175462000.0,0.301,0.395,0.69,0.298,27333000.0,428398000.0,1.0,217034785.0,216505000,,15.482,2867628000.0,98506000.0,136879000.0,164423000.0,13.245,1464412000.0
54,GRMN,MRT,2007-12-31,2007-12-29,2007-12-29,2021-07-28,46130000.0,3291460000.0,2599682250.0,2332775000.0,958685000.0,1.223,10.838,-156772000.0,709243000.0,709243000.0,1717064000.0,855011000.0,2.909,0.4,0.0,0.0,0.0,0.0,0.0,64037000.0,0.0,0.008,0.75,978480000.0,1042517000.0,0.328,1042517000.0,978480000.0,978273000.0,3.95,3.89,3.95,2350614000.0,1989119000.0,2350614000.0,20803474931.0,21.0,19.955,525316000.0,2.422,1.0,1463255000.0,0.46,196030000.0,207000.0,1584304000.0,1284586750.0,505467000.0,424505000.0,37551000.0,386954000.0,940846000.0,801883000.0,138963000.0,21508200931.0,370368000.0,-128751000.0,9228000.0,-248000.0,-162531000.0,-136117000.0,-175695000.0,112775000.0,682088000.0,92000.0,855011000.0,855011000.0,855011000.0,0.0,0.0,0.269,555904000.0,907351000.0,341053000.0,0.19,9.15,25.155,25.106,374147000.0,0.0,99.17,6.763,6.763,952513000.0,2171134000.0,3180319000.0,3180319000.0,159406000.0,0.329,0.43,0.762,0.308,22164000.0,396498000.0,1.0,216882131.0,216882131,,14.664,3095430000.0,107376000.0,123262000.0,215423000.0,14.272,1530892000.0
55,GRMN,MRT,2007-09-30,2007-09-29,2007-09-29,2021-07-28,-2767000.0,2645500000.0,2251072250.0,1857932000.0,787568000.0,1.144,9.158,-176243000.0,705329000.0,705329000.0,1315799000.0,728089000.0,3.271,0.333,603000.0,0.0,603000.0,603000.0,0.0,50773000.0,0.0,0.01,1.25,829779000.0,880552000.0,0.342,880552000.0,829779000.0,829720000.0,3.37,3.33,3.37,1985211000.0,1790940250.0,1985211000.0,25197695535.0,30.0,28.616,492392000.0,2.271,1.0,1258723000.0,0.489,163675000.0,59000.0,1209137000.0,1176800750.0,493739000.0,322403000.0,58668000.0,263735000.0,660289000.0,567962000.0,92327000.0,25866924535.0,352026000.0,-120625000.0,21391000.0,-229000.0,-270454000.0,-231311000.0,-85591000.0,215556000.0,668635000.0,291000.0,728089000.0,728089000.0,728089000.0,0.0,0.0,0.283,465777000.0,792946000.0,236044000.0,0.371,13.03,35.527,35.43,358578000.0,0.0,119.4,10.047,10.053,520538000.0,1863867000.0,2574522000.0,2574522000.0,143073000.0,0.323,0.407,0.705,0.322,12365000.0,322704000.0,1.0,216640909.0,216773000,,11.877,2481825000.0,57700000.0,101631000.0,36252000.0,11.449,1289970000.0
56,GRMN,MRT,2007-06-30,2007-06-30,2007-06-30,2021-07-28,-14532000.0,2444601000.0,2039581500.0,1688309000.0,756292000.0,1.105,8.896,-178238000.0,669229000.0,669229000.0,1138114000.0,657560000.0,3.943,0.27,0.0,0.0,0.0,0.0,0.0,46544000.0,0.0,0.007,0.5,752691000.0,799235000.0,0.355,799235000.0,752691000.0,752630000.0,3.05,3.01,3.05,1924969000.0,1629980500.0,1924969000.0,15518800441.0,21.0,19.417,473380000.0,2.188,1.0,1115732000.0,0.495,145990000.0,61000.0,1201230000.0,1116959250.0,290682000.0,405880000.0,147435000.0,258445000.0,519632000.0,428152000.0,91480000.0,15999476441.0,293727000.0,-105401000.0,-36321000.0,-259000.0,-107923000.0,-134471000.0,-223065000.0,64565000.0,651618000.0,-355000.0,657560000.0,657560000.0,657560000.0,0.0,0.0,0.292,415971000.0,699761000.0,167339000.0,0.164,8.312,24.332,24.252,350299000.0,0.0,73.97,7.099,7.101,506483000.0,1832891000.0,2253846000.0,2253846000.0,132838000.0,0.322,0.403,0.674,0.334,14350000.0,283133000.0,1.0,216296829.0,216380000,,10.416,2298611000.0,56934000.0,95070000.0,17985000.0,10.623,1260157000.0
57,GRMN,MRT,2007-03-31,2007-03-31,2007-03-31,2021-07-28,-16339000.0,2017168000.0,1843895500.0,1270538000.0,746630000.0,1.054,7.843,-90361000.0,480909000.0,480909000.0,986499000.0,566469000.0,5.22,0.19,233000.0,0.0,233000.0,233000.0,0.0,46588000.0,0.0,0.009,0.5,651959000.0,698547000.0,0.359,698547000.0,651959000.0,651893000.0,2.63,2.59,2.63,1695682000.0,1467955000.0,1695682000.0,11370083816.0,17.0,16.277,383948000.0,1.776,1.0,957349000.0,0.493,149396000.0,66000.0,1143676000.0,1036603500.0,283200000.0,431444000.0,93674000.0,337770000.0,321486000.0,243420000.0,78066000.0,11708681816.0,164757000.0,-105401000.0,-38205000.0,-25000.0,-107923000.0,-138674000.0,-170355000.0,29562000.0,474309000.0,-523000.0,566469000.0,566469000.0,566469000.0,0.0,0.0,0.291,364579000.0,592770000.0,110119000.0,0.19,6.905,20.67,20.589,257935000.0,0.0,54.15,6.023,6.023,334010000.0,1618515000.0,1943848000.0,1943848000.0,121904000.0,0.307,0.386,0.629,0.335,13368000.0,242675000.0,1.0,216226811.0,216215000,,8.99,1867772000.0,55138000.0,85424000.0,13277000.0,8.638,1027118000.0
58,GRMN,MRT,2006-12-31,2006-12-30,2006-12-30,2021-07-28,-5275000.0,1897020000.0,1707478250.0,1169084000.0,727936000.0,1.039,7.218,-92830000.0,338846000.0,338846000.0,891614000.0,514123000.0,3.462,0.218,248000.0,0.0,248000.0,248000.0,0.0,44475000.0,0.0,0.009,0.5,594595000.0,639070000.0,0.36,639070000.0,594595000.0,594554000.0,2.38,2.35,2.38,1557899000.0,1360206000.0,1557899000.0,11660150021.0,20.0,18.245,269025000.0,1.246,1.0,882386000.0,0.497,67580000.0,41000.0,1153160000.0,981682250.0,271008000.0,480876000.0,73033000.0,407843000.0,339121000.0,337682000.0,1439000.0,12013334021.0,2969000.0,-36499000.0,-34376000.0,-11000.0,-107923000.0,-132650000.0,-226385000.0,-93772000.0,361855000.0,149000.0,514123000.0,514123000.0,514123000.0,0.0,0.0,0.29,327827000.0,554559000.0,88375000.0,0.21,7.711,23.367,23.387,250988000.0,0.0,55.66,6.772,6.772,403524000.0,1478654000.0,1774000000.0,1774000000.0,113314000.0,0.301,0.378,0.606,0.335,11913000.0,214513000.0,1.0,215834244.0,215834244,,8.219,1829440000.0,55996000.0,80431000.0,95859000.0,8.476,831402000.0
59,GRMN,MRT,2006-09-30,2006-09-30,2006-09-30,2021-07-28,-29217000.0,1799537000.0,1573782000.0,1132345000.0,667192000.0,0.942,6.201,-52096000.0,353184000.0,353184000.0,741699000.0,420914000.0,2.544,0.342,0.0,0.0,0.0,0.0,0.0,44749000.0,0.0,0.005,0.25,490632000.0,535381000.0,0.361,535381000.0,490632000.0,490615000.0,1.94,1.92,1.94,1341372000.0,1260047250.0,1341372000.0,10205960307.0,21.0,19.063,268692000.0,1.242,1.0,740373000.0,0.5,31417000.0,17000.0,969771000.0,892186250.0,333471000.0,534788000.0,109609000.0,425179000.0,458165000.0,445165000.0,13000000.0,10581353307.0,20478000.0,-1483000.0,-34956000.0,0.0,-53974000.0,-81477000.0,-218854000.0,-160633000.0,320788000.0,22000.0,420914000.0,420914000.0,420914000.0,0.0,0.0,0.284,286521000.0,453852000.0,125236000.0,0.129,7.888,25.139,25.144,209135000.0,0.0,48.78,7.14,7.12,249849000.0,1297843000.0,1482072000.0,1482072000.0,102122000.0,0.267,0.334,0.55,0.331,8940000.0,184399000.0,1.0,216919912.0,216317000,,6.851,1768120000.0,62659000.0,69701000.0,99020000.0,8.174,687180000.0
60,GRMN,MRT,2006-06-30,2006-07-01,2006-07-01,2021-07-28,-16549000.0,1661857000.0,1450079250.0,1023863000.0,637994000.0,0.914,5.889,-37963000.0,375393000.0,375393000.0,654439000.0,400426000.0,2.74,0.302,0.0,0.0,0.0,0.0,0.0,45917000.0,0.0,0.005,0.25,471224000.0,517141000.0,0.39,517141000.0,471224000.0,471206000.0,1.85,1.83,1.85,1276867000.0,1191812250.0,1276867000.0,11112563299.0,24.0,21.488,252011000.0,1.162,1.0,670965000.0,0.506,33017000.0,18000.0,879807000.0,837213250.0,227912000.0,454950000.0,46805000.0,408145000.0,384990000.0,373640000.0,11350000.0,11428556299.0,73711000.0,-1483000.0,2019000.0,0.0,-53974000.0,-44967000.0,-170580000.0,-126668000.0,289974000.0,-716000.0,400426000.0,400426000.0,400426000.0,0.0,0.0,0.302,252929000.0,418036000.0,89635000.0,0.135,8.95,28.541,28.497,195383000.0,0.0,52.72,8.623,8.624,295795000.0,1174866000.0,1325404000.0,1325404000.0,91839000.0,0.276,0.336,0.563,0.356,5684000.0,161090000.0,1.0,216778382.0,216818000,,6.113,1628840000.0,45049000.0,70780000.0,74648000.0,7.512,650223000.0
61,GRMN,MRT,2006-03-31,2006-04-01,2006-04-01,2021-07-28,-6149000.0,1471499000.0,1341920750.0,844460000.0,627039000.0,0.863,5.845,-30221000.0,315993000.0,315993000.0,562771000.0,351334000.0,4.285,0.164,0.0,0.0,0.0,0.0,0.0,48126000.0,0.0,0.006,0.25,417412000.0,465538000.0,0.402,465538000.0,417412000.0,417358000.0,1.62,1.61,1.62,1264686000.0,1140053500.0,1264686000.0,8259307452.0,20.0,17.741,230153000.0,1.064,1.0,594662000.0,0.514,34432000.0,54000.0,923991000.0,810576500.0,200253000.0,448666000.0,46249000.0,402417000.0,206813000.0,197083000.0,9730000.0,8595015452.0,65430000.0,-1483000.0,-11396000.0,0.0,-53974000.0,-60999000.0,-133215000.0,-97551000.0,260374000.0,-730000.0,351334000.0,351334000.0,351334000.0,0.0,0.0,0.304,222132000.0,372530000.0,68809000.0,0.154,6.796,24.464,24.515,188820000.0,0.0,39.715,7.426,7.424,200251000.0,1159970000.0,1157433000.0,1157433000.0,82864000.0,0.262,0.308,0.515,0.361,3425000.0,139268000.0,1.0,216417360.0,216370000,,5.349,1437067000.0,36723000.0,66024000.0,78609000.0,6.642,647377000.0
62,GRMN,MRT,2005-12-31,2005-12-31,2005-12-31,2021-07-28,-12513000.0,1362235000.0,1262353750.0,801167000.0,561068000.0,0.814,5.361,-27130000.0,335708000.0,335708000.0,492703000.0,311219000.0,4.098,0.177,0.0,0.0,0.0,0.0,0.0,43596000.0,0.0,0.008,0.25,372648000.0,416244000.0,0.405,416244000.0,372648000.0,372600000.0,1.44,1.43,1.44,1157264000.0,1073968750.0,1157264000.0,6828969590.0,18.0,16.406,219875000.0,1.019,1.0,535070000.0,0.521,35866000.0,48000.0,795176000.0,768330250.0,199841000.0,376723000.0,32050000.0,344673000.0,204971000.0,195485000.0,9486000.0,7161625590.0,84443000.0,-1483000.0,-16963000.0,0.0,-53974000.0,-70937000.0,-91181000.0,-59106000.0,247005000.0,-444000.0,311219000.0,311219000.0,311219000.0,0.0,0.0,0.303,196900000.0,338170000.0,76516000.0,0.174,6.188,23.012,23.038,179173000.0,0.0,33.175,6.968,6.968,170997000.0,1072454000.0,1027773000.0,1027773000.0,74879000.0,0.247,0.29,0.485,0.363,925000.0,122021000.0,1.0,215874170.0,215874170,,4.761,1326369000.0,29615000.0,61381000.0,72640000.0,6.144,605682000.0
63,GRMN,MRT,2005-09-30,2005-09-24,2005-09-24,2021-07-28,-6889000.0,1304726000.0,1201142750.0,757723000.0,547003000.0,0.774,4.954,-40849000.0,332656000.0,332656000.0,435996000.0,271686000.0,3.41,0.221,0.0,0.0,0.0,0.0,0.0,42971000.0,0.0,0.008,0.25,334636000.0,377607000.0,0.406,377607000.0,334636000.0,334578000.0,1.26,1.24,1.26,1068432000.0,1018617000.0,1068432000.0,6408160380.0,19.0,16.97,164029000.0,0.76,1.0,493429000.0,0.531,0.0,58000.0,749879000.0,729604500.0,173198000.0,369657000.0,36048000.0,333609000.0,236294000.0,222191000.0,14103000.0,6709833380.0,33741000.0,0.0,-17273000.0,0.0,-54095000.0,-71368000.0,-102333000.0,-72220000.0,204878000.0,2563000.0,271686000.0,271686000.0,271686000.0,0.0,0.0,0.292,173697000.0,319732000.0,50210000.0,0.198,6.28,24.697,24.694,177064000.0,0.0,31.115,7.219,7.221,151777000.0,985293000.0,929425000.0,929425000.0,72817000.0,0.226,0.267,0.459,0.36,363000.0,100880000.0,1.0,215646260.0,215690000,,4.309,1304726000.0,47621000.0,62892000.0,77847000.0,6.049,535532000.0
64,GRMN,MRT,2005-06-30,2005-06-25,2005-06-25,2021-07-28,31621000.0,1229223000.0,1139474000.0,719310000.0,509913000.0,0.765,4.936,-52230000.0,301673000.0,301673000.0,396064000.0,236324000.0,4.662,0.149,0.0,0.0,0.0,0.0,0.0,44025000.0,0.0,0.012,0.25,292426000.0,336451000.0,0.386,336451000.0,292426000.0,292361000.0,1.09,1.08,1.09,1069832000.0,965409250.0,1069832000.0,4234100645.0,14.0,12.585,145760000.0,0.673,1.0,475648000.0,0.546,0.0,65000.0,773260000.0,682884250.0,160328000.0,334462000.0,42470000.0,291992000.0,159391000.0,154290000.0,5101000.0,4484775645.0,57517000.0,0.0,-4098000.0,0.0,-54095000.0,-58193000.0,-85401000.0,-53432000.0,197990000.0,3121000.0,236324000.0,236324000.0,236324000.0,0.0,0.0,0.271,163955000.0,311693000.0,51119000.0,0.229,4.192,18.977,18.972,179766000.0,0.0,20.68,5.145,5.142,154697000.0,936804000.0,871712000.0,871712000.0,67396000.0,0.207,0.245,0.428,0.335,0.0,96559000.0,1.0,216865360.0,216736000,,4.022,1229223000.0,42312000.0,56037000.0,60064000.0,5.672,565020000.0
65,GRMN,MRT,2005-03-31,2005-03-26,2005-03-26,2021-07-28,25799000.0,1153231000.0,1074409750.0,623565000.0,529666000.0,0.742,4.614,-72143000.0,250675000.0,250675000.0,362884000.0,218445000.0,4.226,0.153,0.0,0.0,0.0,0.0,0.0,38585000.0,0.0,0.011,0.25,270184000.0,308769000.0,0.387,308769000.0,270184000.0,270154000.0,1.01,1.0,1.01,1000347000.0,908917500.0,1000347000.0,4886738837.0,18.0,15.827,127365000.0,0.587,1.0,433986000.0,0.545,0.0,30000.0,755006000.0,639609500.0,166429000.0,352120000.0,52270000.0,299850000.0,152884000.0,147550000.0,5334000.0,5138104837.0,-33173000.0,0.0,3373000.0,0.0,-54095000.0,-50722000.0,-184357000.0,-110706000.0,199508000.0,2398000.0,218445000.0,218445000.0,218445000.0,0.0,0.0,0.274,147155000.0,286831000.0,40321000.0,0.248,5.136,23.521,23.46,180342000.0,0.0,23.695,6.448,6.447,101720000.0,862610000.0,796870000.0,796870000.0,64288000.0,0.203,0.24,0.422,0.339,0.0,82867000.0,1.0,216843420.0,216816000,,3.675,1153231000.0,36962000.0,51709000.0,71309000.0,5.319,476015000.0
66,GRMN,MRT,2004-12-31,2004-12-25,2004-12-25,2021-07-28,10615000.0,1117391000.0,1010827000.0,636971000.0,480420000.0,0.754,4.327,-78120000.0,251366000.0,251366000.0,351310000.0,205700000.0,3.614,0.194,0.0,0.0,0.0,0.0,0.0,34599000.0,0.0,0.008,0.25,255249000.0,289848000.0,0.38,289848000.0,255249000.0,255211000.0,0.95,0.94,0.95,935857000.0,857983000.0,935857000.0,6282515200.0,25.0,21.675,130816000.0,0.605,1.0,411239000.0,0.539,49485000.0,38000.0,640273000.0,579759250.0,154980000.0,322215000.0,64367000.0,257848000.0,181534000.0,176267000.0,5267000.0,6581621200.0,-24420000.0,0.0,2949000.0,0.0,-54095000.0,-51146000.0,-184317000.0,-104559000.0,208936000.0,2107000.0,205700000.0,205700000.0,205700000.0,0.0,0.0,0.27,140571000.0,270668000.0,53673000.0,0.263,7.033,31.996,32.032,171630000.0,0.0,30.43,8.631,8.631,110119000.0,815209000.0,762549000.0,762549000.0,61580000.0,0.203,0.24,0.44,0.335,0.0,78991000.0,1.0,216287256.0,216287256,,3.526,1067906000.0,38527000.0,49511000.0,76200000.0,4.937,460704000.0
67,GRMN,MRT,2004-09-30,2004-09-25,2004-09-25,2021-07-28,-15494000.0,1058051000.0,945715500.0,621622000.0,436429000.0,0.753,3.957,-72666000.0,299106000.0,299106000.0,325784000.0,212684000.0,3.172,0.237,0.0,0.0,0.0,0.0,0.0,31246000.0,0.0,0.013,0.25,266753000.0,297999000.0,0.419,297999000.0,266753000.0,266718000.0,0.98,0.98,0.98,855601000.0,811441250.0,855601000.0,4028585099.0,15.0,13.519,154156000.0,0.713,1.0,385960000.0,0.542,0.0,35000.0,562998000.0,528258250.0,119784000.0,301656000.0,69046000.0,232610000.0,202450000.0,195947000.0,6503000.0,4272904099.0,52831000.0,0.0,268000.0,0.0,-54040000.0,-53772000.0,-119523000.0,-34579000.0,226822000.0,-696000.0,212684000.0,212684000.0,212684000.0,0.0,0.0,0.299,132381000.0,253579000.0,47288000.0,0.255,4.994,20.09,20.163,153458000.0,0.0,19.76,6.003,6.003,85868000.0,767644000.0,711744000.0,711744000.0,57196000.0,0.225,0.262,0.505,0.375,0.0,75185000.0,1.0,216240086.0,216238000,,3.291,1058051000.0,24602000.0,54034000.0,60675000.0,4.893,425675000.0
68,GRMN,MRT,2004-06-30,2004-06-26,2004-06-26,2021-07-28,-13759000.0,968966000.0,887449500.0,542697000.0,426269000.0,0.737,3.901,-66325000.0,244319000.0,244319000.0,302692000.0,180864000.0,4.36,0.148,0.0,0.0,0.0,0.0,0.0,29207000.0,0.0,0.014,0.25,227542000.0,256749000.0,0.393,256749000.0,227542000.0,227502000.0,0.835,0.83,0.835,843865000.0,769888000.0,843865000.0,3466455892.0,15.0,13.501,119017000.0,0.55,1.0,350998000.0,0.537,0.0,40000.0,600161000.0,498977500.0,89866000.0,284025000.0,62610000.0,221415000.0,125101000.0,124486000.0,615000.0,3750426892.0,-23763000.0,-38177000.0,102000.0,0.0,-54040000.0,-53938000.0,-155696000.0,-29228000.0,185342000.0,529000.0,180864000.0,180864000.0,180864000.0,0.0,0.0,0.277,122582000.0,228416000.0,40587000.0,0.299,4.444,20.736,20.754,141074000.0,0.0,17.33,5.737,5.735,98638000.0,754574000.0,653690000.0,653690000.0,54233000.0,0.204,0.235,0.456,0.348,0.0,68349000.0,1.0,216412400.0,216322000,,3.022,968966000.0,27699000.0,46638000.0,50803000.0,4.479,418211000.0
69,GRMN,MRT,2004-03-31,2004-03-27,2004-03-27,2021-07-28,-7811000.0,898900000.0,838608500.0,545413000.0,353487000.0,0.724,3.681,-45872000.0,283971000.0,283971000.0,271194000.0,171795000.0,5.491,0.128,0.0,0.0,0.0,0.0,0.0,21018000.0,0.0,0.012,0.25,216985000.0,238003000.0,0.392,238003000.0,216985000.0,216715000.0,0.795,0.785,0.795,796609000.0,733172000.0,796609000.0,4410279257.0,20.0,18.53,137495000.0,0.635,1.0,336336000.0,0.554,0.0,270000.0,515605000.0,456652750.0,93652000.0,248259000.0,58898000.0,189361000.0,102291000.0,99324000.0,2967000.0,4686210257.0,31218000.0,-38177000.0,4256000.0,-20000000.0,-54040000.0,-69784000.0,-84621000.0,113000.0,183367000.0,2256000.0,171795000.0,171795000.0,171795000.0,0.0,0.0,0.283,112013000.0,224323000.0,28654000.0,0.314,5.883,27.278,27.239,120403000.0,0.0,21.655,7.714,7.713,76790000.0,698260000.0,607530000.0,607530000.0,49130000.0,0.205,0.234,0.475,0.357,0.0,62883000.0,1.0,216403152.0,216394000,,2.808,898900000.0,26820000.0,44920000.0,49739000.0,4.154,446089000.0
70,GRMN,MRT,2003-12-31,2003-12-27,2003-12-27,2021-07-28,-19018000.0,856945000.0,798608250.0,539928000.0,317017000.0,0.717,3.469,-32756000.0,275931000.0,275931000.0,242448000.0,178634000.0,5.17,0.143,0.0,0.0,0.0,0.0,0.0,20104000.0,0.0,0.009,0.25,226477000.0,246581000.0,0.43,246581000.0,226477000.0,225943000.0,0.825,0.82,0.825,749690000.0,695468000.0,749690000.0,5590336092.0,25.0,22.671,140700000.0,0.651,1.0,330541000.0,0.577,42311000.0,534000.0,434269000.0,436582500.0,96794000.0,221447000.0,53127000.0,168320000.0,107255000.0,104434000.0,2821000.0,5836612092.0,57561000.0,-38177000.0,4261000.0,-20000000.0,-54040000.0,-69779000.0,-48708000.0,22870000.0,173456000.0,2592000.0,178634000.0,178634000.0,178634000.0,0.0,0.0,0.312,103541000.0,227000000.0,40671000.0,0.303,7.785,32.674,32.733,104784000.0,0.0,27.005,10.186,10.186,82718000.0,663604000.0,572989000.0,572989000.0,43706000.0,0.224,0.257,0.519,0.395,0.0,59835000.0,1.0,216130794.0,216130794,,2.651,814634000.0,26812000.0,47309000.0,41767000.0,3.769,435494000.0
71,GRMN,MRT,2003-09-30,2003-09-27,2003-09-27,2021-07-28,-20875000.0,824987000.0,760844000.0,503541000.0,321446000.0,0.705,3.191,-23360000.0,246276000.0,246276000.0,227667000.0,169510000.0,3.791,0.197,0.0,0.0,0.0,0.0,0.0,21072000.0,0.0,0.0,0.0,212163000.0,233235000.0,0.435,233235000.0,212163000.0,211360000.0,0.785,0.775,0.785,689388000.0,658670250.0,689388000.0,4296491038.0,20.0,18.421,134675000.0,0.623,1.0,308872000.0,0.576,0.0,803000.0,445875000.0,428481500.0,84905000.0,269938000.0,86526000.0,183412000.0,135599000.0,132836000.0,2763000.0,4564569038.0,50229000.0,-38177000.0,3486000.0,-20048000.0,0.0,-16562000.0,-92939000.0,-43099000.0,158035000.0,1695000.0,169510000.0,169510000.0,169510000.0,0.0,0.0,0.316,91506000.0,217366000.0,30880000.0,0.0,6.621,26.928,26.911,93135000.0,0.0,21.125,8.507,8.507,64119000.0,577953000.0,536539000.0,536539000.0,38895000.0,0.223,0.257,0.495,0.395,0.0,52611000.0,1.0,216074274.0,216074000,,2.483,824987000.0,17659000.0,41850000.0,27400000.0,3.818,370705000.0
72,GRMN,MRT,2003-06-30,2003-06-28,2003-06-28,2021-07-28,-31838000.0,773602000.0,711806750.0,488976000.0,284626000.0,0.715,3.227,-15058000.0,268078000.0,268078000.0,217519000.0,172630000.0,6.549,0.11,0.0,0.0,0.0,0.0,0.0,16208000.0,0.0,0.0,0.0,218552000.0,234760000.0,0.461,234760000.0,218552000.0,217430000.0,0.8,0.795,0.8,697001000.0,626573250.0,697001000.0,3950806016.0,18.0,16.829,156646000.0,0.725,1.0,291214000.0,0.572,0.0,1122000.0,430862000.0,418222500.0,66846000.0,258334000.0,75016000.0,183318000.0,76601000.0,74662000.0,1939000.0,4183553016.0,119904000.0,0.0,3778000.0,-20005000.0,0.0,-16227000.0,-28461000.0,-25648000.0,171704000.0,-7112000.0,172630000.0,172630000.0,172630000.0,0.0,0.0,0.339,85760000.0,205454000.0,27873000.0,0.0,6.002,24.234,24.212,78013000.0,0.0,19.37,8.223,8.224,60720000.0,596625000.0,508733000.0,508733000.0,35117000.0,0.243,0.276,0.523,0.43,0.0,50643000.0,1.0,215981054.0,215990000,,2.355,773602000.0,15150000.0,44800000.0,25857000.0,3.582,414314000.0
73,GRMN,MRT,2003-03-31,2003-03-29,2003-03-29,2021-07-28,-34777000.0,738899000.0,667583250.0,465909000.0,272990000.0,0.731,2.991,-13401000.0,252747000.0,252747000.0,212857000.0,157530000.0,6.578,0.144,20000000.0,0.0,20000000.0,20000000.0,0.0,17744000.0,0.0,0.0,0.0,201190000.0,218934000.0,0.449,218934000.0,201190000.0,199958000.0,0.73,0.73,0.73,645793000.0,584340000.0,645793000.0,3634191528.0,18.0,16.599,142520000.0,0.66,1.0,275219000.0,0.564,0.0,1232000.0,435324000.0,415571750.0,62846000.0,249319000.0,79311000.0,170008000.0,93106000.0,70828000.0,22278000.0,3832557528.0,25269000.0,0.0,2760000.0,-9385000.0,0.0,-6625000.0,-123758000.0,-110423000.0,155921000.0,-269000.0,157530000.0,157530000.0,157530000.0,0.0,0.0,0.323,80793000.0,194426000.0,24670000.0,0.0,5.935,24.329,24.315,76785000.0,0.0,17.75,7.852,7.852,52108000.0,549378000.0,488076000.0,488076000.0,32986000.0,0.236,0.27,0.484,0.412,0.0,47807000.0,1.0,215918734.0,215896000,,2.261,738899000.0,14847000.0,42428000.0,28875000.0,3.422,395081000.0
74,GRMN,MRT,2002-12-31,2002-12-28,2002-12-28,2021-07-28,-35896000.0,705888000.0,625228250.0,472999000.0,232889000.0,0.744,2.794,-12406000.0,218366000.0,218366000.0,210088000.0,142797000.0,5.827,0.172,20000000.0,0.0,20000000.0,20000000.0,0.0,16131000.0,0.0,0.0,0.0,184063000.0,200194000.0,0.43,200194000.0,184063000.0,182734000.0,0.66,0.66,0.66,602499000.0,543305500.0,602499000.0,3034531704.0,16.0,15.158,149477000.0,0.693,1.0,255056000.0,0.548,24479000.0,1329000.0,401865000.0,385031250.0,57507000.0,245708000.0,113336000.0,132372000.0,103389000.0,81178000.0,22211000.0,3210433704.0,23926000.0,0.0,2075000.0,-12236000.0,0.0,-10161000.0,-127547000.0,-115114000.0,161883000.0,-249000.0,142797000.0,142797000.0,142797000.0,0.0,0.0,0.307,77616000.0,177440000.0,32446000.0,0.0,5.329,22.483,22.561,74440000.0,0.0,14.89,6.902,6.902,58278000.0,507884000.0,465144000.0,465144000.0,32163000.0,0.228,0.263,0.478,0.396,0.0,45453000.0,1.0,215610054.0,215610054,,2.157,681409000.0,22620000.0,39937000.0,28064000.0,3.16,391821000.0
75,GRMN,MRT,2002-09-30,2002-09-28,2002-09-28,2021-07-28,-29849000.0,628838000.0,583502250.0,379122000.0,249716000.0,0.727,2.602,-22766000.0,195902000.0,195902000.0,193804000.0,125380000.0,7.882,0.121,20000000.0,1334000.0,18666000.0,20000000.0,0.0,13758000.0,0.0,0.0,0.0,167264000.0,181022000.0,0.426,181022000.0,167264000.0,165788000.0,0.585,0.585,0.585,561000000.0,506173000.0,561000000.0,1891973912.0,11.0,10.452,141490000.0,0.656,1.0,230667000.0,0.543,0.0,1476000.0,404839000.0,360537000.0,50109000.0,228575000.0,77555000.0,151020000.0,67838000.0,48097000.0,19741000.0,2020148912.0,-118825000.0,-3625000.0,-7761000.0,-15371000.0,0.0,-23132000.0,-258110000.0,-228575000.0,164256000.0,-1839000.0,125380000.0,125380000.0,125380000.0,0.0,0.0,0.295,74579000.0,156088000.0,22069000.0,0.0,3.601,16.112,16.017,71644000.0,0.0,9.37,4.759,4.759,44916000.0,462422000.0,424471000.0,424471000.0,31200000.0,0.215,0.248,0.464,0.394,0.0,43379000.0,1.0,215597536.0,215596000,,1.969,628838000.0,6963000.0,40408000.0,8565000.0,2.917,331025000.0
76,GRMN,MRT,2002-06-30,2002-06-29,2002-06-29,2021-07-28,-24298000.0,596708000.0,557117500.0,416145000.0,180563000.0,0.725,2.45,-23278000.0,148175000.0,148175000.0,184300000.0,111953000.0,8.62,0.13,20000000.0,1334000.0,18666000.0,20000000.0,0.0,12169000.0,0.0,0.0,0.0,150190000.0,162359000.0,0.402,162359000.0,150190000.0,148526000.0,0.52,0.52,0.52,528068000.0,476242250.0,528068000.0,2178687714.0,15.0,13.419,137304000.0,0.637,1.0,219345000.0,0.543,0.0,1664000.0,420259000.0,311410500.0,46371000.0,234165000.0,156752000.0,77413000.0,68640000.0,48274000.0,20366000.0,2376821714.0,-132202000.0,-3625000.0,-8299000.0,-17803000.0,0.0,-26102000.0,-272943000.0,-234165000.0,160582000.0,6261000.0,111953000.0,111953000.0,111953000.0,0.0,0.0,0.277,72539000.0,146806000.0,18000000.0,0.0,4.501,21.231,21.202,73102000.0,0.0,11.025,5.888,5.888,53169000.0,423994000.0,403645000.0,403645000.0,30552000.0,0.201,0.235,0.482,0.372,0.0,41987000.0,1.0,215584736.0,215576000,,1.872,596708000.0,8535000.0,36573000.0,12764000.0,2.768,367871000.0
77,GRMN,MRT,2002-03-31,2002-03-30,2002-03-30,2021-07-28,-38402000.0,569479000.0,532566500.0,367065000.0,202414000.0,0.722,2.234,-25606000.0,227479000.0,227479000.0,177708000.0,116410000.0,6.309,0.182,29345000.0,1334000.0,28011000.0,29345000.0,0.0,11413000.0,0.0,0.0,0.0,157783000.0,169196000.0,0.44,169196000.0,157783000.0,156006000.0,0.54,0.54,0.54,481655000.0,447725000.0,481655000.0,2308053699.0,15.0,13.641,145266000.0,0.674,1.0,206733000.0,0.538,0.0,1777000.0,313162000.0,261283750.0,53725000.0,140536000.0,28216000.0,112320000.0,87824000.0,58183000.0,29641000.0,2470307699.0,-27139000.0,-3625000.0,-8299000.0,-14556000.0,0.0,-22855000.0,-168552000.0,-140533000.0,170872000.0,-6604000.0,116410000.0,116410000.0,116410000.0,0.0,0.0,0.303,70530000.0,136203000.0,19225000.0,0.0,5.129,21.221,21.222,72106000.0,0.0,11.46,6.426,6.426,48296000.0,391848000.0,384441000.0,384441000.0,29841000.0,0.219,0.26,0.604,0.41,0.0,40689000.0,1.0,215559136.0,215554000,,1.784,569479000.0,7289000.0,39596000.0,21755000.0,2.642,308882000.0
78,GRMN,MRT,2001-12-31,2001-12-29,2001-12-29,2021-07-28,-39327000.0,538984000.0,509918000.0,359564000.0,179420000.0,0.724,2.109,-26672000.0,194442000.0,194442000.0,170960000.0,113448000.0,6.437,0.187,32188000.0,4177000.0,28011000.0,32188000.0,0.0,10868000.0,0.0,0.0,0.0,154209000.0,165077000.0,0.447,165077000.0,154209000.0,152035000.0,0.525,0.525,0.525,453969000.0,424805750.0,453969000.0,2017307143.0,13.0,12.22,103319000.0,0.48,1.0,198159000.0,0.537,16985000.0,2174000.0,303888000.0,241383750.0,61132000.0,131584000.0,40835000.0,90749000.0,85015000.0,55857000.0,29158000.0,2295032143.0,-58889000.0,-3625000.0,-8299000.0,-14189000.0,0.0,-22488000.0,-158390000.0,-131584000.0,129991000.0,-8002000.0,113448000.0,113448000.0,113448000.0,0.0,0.0,0.307,66873000.0,131286000.0,18837000.0,0.0,5.055,20.23,20.305,70086000.0,0.0,10.66,6.218,6.218,47998000.0,365087000.0,369119000.0,369119000.0,28164000.0,0.222,0.267,0.639,0.418,0.0,38709000.0,1.0,215293822.0,215293822,,1.714,521999000.0,13836000.0,38587000.0,20420000.0,2.425,303707000.0
79,GRMN,MRT,2001-09-30,2001-09-29,2001-09-29,2021-07-28,-32125000.0,523299000.0,491008750.0,439465000.0,83834000.0,0.737,2.038,-13317000.0,313269000.0,313269000.0,170306000.0,113014000.0,11.801,0.186,35544000.0,0.0,35544000.0,35544000.0,0.0,9153000.0,0.0,0.0,0.0,154934000.0,164087000.0,0.454,164087000.0,154934000.0,153223000.0,0.53,0.53,0.53,441277000.0,402623250.0,441277000.0,1502870408.0,10.0,9.159,104128000.0,0.481,1.0,191454000.0,0.529,0.0,1711000.0,208333000.0,214904000.0,65840000.0,0.0,0.0,0.0,82022000.0,37241000.0,44781000.0,1743780408.0,177301000.0,0.0,104264000.0,-11006000.0,0.0,93258000.0,-22893000.0,0.0,117445000.0,-10509000.0,113014000.0,113014000.0,113014000.0,0.0,0.0,0.312,64371000.0,127083000.0,14662000.0,0.0,3.952,15.43,15.198,68790000.0,0.0,8.055,4.82,4.82,43190000.0,338395000.0,361760000.0,361760000.0,26657000.0,0.23,0.281,0.721,0.428,0.0,37714000.0,1.0,216484222.0,216484000,,1.671,523299000.0,11719000.0,40209000.0,16583000.0,2.417,402224000.0
80,GRMN,MRT,2001-06-30,2001-06-30,2001-06-30,2021-07-28,-34550000.0,498504000.0,445210000.0,423349000.0,75155000.0,0.818,1.912,-14788000.0,278777000.0,278777000.0,171613000.0,116305000.0,11.187,0.204,37867000.0,0.0,37867000.0,37867000.0,0.0,9225000.0,0.0,0.0,0.0,158806000.0,168031000.0,0.461,168031000.0,158806000.0,156754000.0,0.555,0.555,0.555,413999000.0,353777750.0,413999000.0,2264296236.0,14.0,13.475,81432000.0,0.376,1.0,192756000.0,0.529,0.0,2052000.0,219752000.0,211088000.0,73347000.0,0.0,0.0,0.0,84505000.0,37842000.0,46663000.0,2473332236.0,154986000.0,0.0,104414000.0,-8622000.0,-17352000.0,78440000.0,-9003000.0,0.0,96220000.0,-10671000.0,116305000.0,116305000.0,116305000.0,0.0,0.0,0.319,61760000.0,130996000.0,13466000.0,0.0,5.974,21.266,20.586,68541000.0,0.0,11.425,6.788,6.788,54444000.0,313542000.0,364369000.0,364369000.0,25106000.0,0.261,0.329,0.752,0.436,0.0,36654000.0,1.0,216484222.0,216484000,,1.683,498504000.0,11722000.0,40449000.0,18486000.0,2.303,385507000.0
81,GRMN,MRT,2001-03-31,2001-03-31,2001-03-31,2021-07-28,-21968000.0,478885000.0,,402846000.0,76039000.0,,1.801,-15289000.0,253019000.0,253019000.0,166968000.0,108863000.0,11.102,0.228,43983000.0,0.0,43983000.0,43983000.0,0.0,8519000.0,0.0,0.0,0.0,148431000.0,156950000.0,0.442,156950000.0,148431000.0,145859000.0,0.53,0.53,0.53,389978000.0,,389978000.0,1941220167.0,13.0,12.368,67742000.0,0.313,1.0,187731000.0,0.529,0.0,2572000.0,233562000.0,,85756000.0,0.0,0.0,0.0,88907000.0,36287000.0,52620000.0,2151853167.0,143654000.0,0.0,104414000.0,-2489000.0,-17352000.0,84573000.0,-23404000.0,0.0,83031000.0,-8944000.0,108863000.0,108863000.0,108863000.0,0.0,0.0,0.307,58191000.0,129540000.0,15209000.0,0.0,5.518,19.767,18.755,68083000.0,0.0,9.94,6.067,6.067,48575000.0,276939000.0,354699000.0,354699000.0,23354000.0,,,,0.418,0.0,34837000.0,1.0,216484222.0,216484000,,1.638,478885000.0,11988000.0,36996000.0,17208000.0,2.212,366559000.0
82,GRMN,MRT,2000-12-31,2000-12-30,2000-12-30,2021-07-28,-22908000.0,463347000.0,356718500.0,388021000.0,75326000.0,0.969,1.693,-18902000.0,257579000.0,257579000.0,162015000.0,105663000.0,7.765,0.269,46946000.0,587000.0,46359000.0,46946000.0,0.0,7569000.0,0.0,0.0,0.0,143209000.0,150778000.0,0.436,150778000.0,143209000.0,140922000.0,0.525,0.525,0.525,365239000.0,279919000.0,365239000.0,2033385250.0,14.0,13.486,64591000.0,0.299,1.0,183726000.0,0.531,4774000.0,2287000.0,197969000.0,171638500.0,89855000.0,0.0,0.0,0.0,98108000.0,49971000.0,48137000.0,2130531250.0,147652000.0,0.0,104414000.0,19995000.0,-28954000.0,95455000.0,-28914000.0,0.0,83493000.0,-2382000.0,105663000.0,105663000.0,105663000.0,0.0,0.0,0.306,54433000.0,129293000.0,22496000.0,0.0,5.833,20.163,18.81,64704000.0,0.0,9.875,6.162,6.162,32719000.0,253140000.0,345741000.0,345741000.0,21764000.0,0.296,0.377,0.834,0.414,0.0,32669000.0,1.0,215750000.0,215750000,,1.603,458573000.0,12293000.0,35259000.0,15411000.0,2.125,338050000.0
83,GRMN,MRT,2000-09-30,2000-09-23,2000-09-23,2021-07-28,-10227000.0,340104000.0,,266407000.0,73697000.0,,1.229,-37550000.0,145053000.0,145053000.0,148334000.0,98644000.0,5.766,0.383,47907000.0,0.0,47907000.0,47907000.0,0.0,6746000.0,0.0,,0.0,131638000.0,138384000.0,0.422,138384000.0,131638000.0,129167000.0,0.49,0.49,0.49,245895000.0,,245895000.0,,,,38545000.0,0.193,1.0,179795000.0,0.548,3684000.0,2471000.0,193069000.0,,79578000.0,0.0,0.0,0.0,94209000.0,46205000.0,48004000.0,,41324000.0,0.0,0.0,18012000.0,-17352000.0,660000.0,-44951000.0,0.0,76095000.0,1122000.0,98644000.0,98644000.0,98644000.0,0.0,0.0,0.301,51883000.0,127912000.0,23014000.0,0.0,,,,60871000.0,0.0,,,,41742000.0,225529000.0,328129000.0,328129000.0,20337000.0,,,,0.401,0.0,31546000.0,1.0,215750000.0,200000000,200000000.0,1.641,336420000.0,6925000.0,30523000.0,9433000.0,1.682,220202000.0
84,GRMN,MRT,2000-06-30,2000-06-24,2000-06-24,2021-07-28,,,,,,,,,,,,,,,,,,,,,,,0.0,,,,,,,,,,,,,,,,,,1.0,,,,,,,,,,,,,,,,,,,,,,,,,,,,,,,,,,,,,,,,,,,,,,,,,,,,,,1.0,,200000000,,,,,,,,
85,GRMN,MRT,2000-03-31,2000-03-25,2000-03-25,2021-07-28,,,,,,,,,,,,,,,,,,,,,,,0.0,,,,,,,,,,,,,,,,,,1.0,,,,,,,,,,,,,,,,,,,,,,,,,,,,,,,,,,,,,,,,,,,,,,,,,,,,,,1.0,,200000000,,,,,,,,
86,GRMN,MRT,1999-12-31,1999-12-25,1999-12-25,2021-07-28,-12425000.0,250090000.0,212311000.0,193427000.0,56663000.0,1.095,0.973,-32126000.0,104079000.0,104079000.0,105654000.0,64167000.0,6.986,0.285,27720000.0,5000.0,27715000.0,27720000.0,0.0,5572000.0,0.0,,0.0,84709000.0,90281000.0,0.388,90281000.0,84709000.0,84132000.0,0.32,0.32,0.32,194599000.0,165269500.0,194599000.0,,,,16344000.0,0.082,1.0,126932000.0,0.546,737000.0,577000.0,145308000.0,109863500.0,51248000.0,0.0,0.0,0.0,55491000.0,27686000.0,27805000.0,,23719000.0,0.0,0.0,17683000.0,-7530000.0,10153000.0,-32302000.0,0.0,48470000.0,-2602000.0,64167000.0,64167000.0,64167000.0,0.0,0.0,0.276,44402000.0,82530000.0,15402000.0,0.0,,,,55851000.0,0.0,,,,31353000.0,176431000.0,232586000.0,232586000.0,17339000.0,0.302,0.388,0.771,0.364,0.0,27063000.0,1.0,,200000000,200000000.0,1.163,249353000.0,5958000.0,19965000.0,25000.0,1.247,165741000.0
87,GRMN,MRT,1998-12-31,1998-12-26,1998-12-26,2021-07-28,-14447000.0,174532000.0,,145344000.0,29188000.0,,0.682,-8236000.0,80360000.0,80360000.0,82787000.0,35166000.0,4.97,0.284,9708000.0,363000.0,9345000.0,9708000.0,0.0,4338000.0,0.0,,0.0,48065000.0,52403000.0,0.31,52403000.0,48065000.0,47520000.0,0.175,0.175,0.175,135940000.0,,135940000.0,,,,28312000.0,0.142,1.0,86243000.0,0.51,214000.0,545000.0,74419000.0,,37974000.0,2176000.0,2176000.0,0.0,38592000.0,29247000.0,9345000.0,,16117000.0,0.0,309000.0,-6435000.0,-6000000.0,-12126000.0,-9339000.0,0.0,36548000.0,1034000.0,35166000.0,35166000.0,35166000.0,0.0,0.0,0.208,39556000.0,46687000.0,9334000.0,0.0,,,,28751000.0,0.0,,,,17560000.0,132247000.0,169030000.0,169030000.0,14876000.0,,,,0.284,0.0,24680000.0,1.0,,199248000,199248000.0,0.848,174318000.0,6793000.0,12354000.0,8498000.0,0.875,116097000.0
88,GRMN,MRT,1997-12-31,1997-12-31,1997-12-31,2021-07-28,,,,,,,,-2666000.0,,,93620000.0,36092000.0,,,,,,,,3278000.0,,,0.0,49769000.0,53047000.0,0.331,53047000.0,49769000.0,48872000.0,0.185,0.185,0.185,,,,,,,37202000.0,0.188,1.0,66660000.0,0.416,,897000.0,,,,,,,,,,,27170000.0,0.0,0.0,221000.0,-3629000.0,-3408000.0,-2615000.0,0.0,39868000.0,-6675000.0,36092000.0,36092000.0,36092000.0,0.0,0.0,0.225,29759000.0,36901000.0,,0.0,,,,,0.0,,,,,,160280000.0,160280000.0,12657000.0,,,,0.311,0.0,17102000.0,1.0,,197752000,197752000.0,0.811,,,12780000.0,,,
