None,ticker,dimension,calendardate,datekey,reportperiod,lastupdated,accoci,assets,assetsavg,assetsc,assetsnc,assetturnover,bvps,capex,cashneq,cashnequsd,cor,consolinc,currentratio,de,debt,debtc,debtnc,debtusd,deferredrev,depamor,deposits,divyield,dps,ebit,ebitda,ebitdamargin,ebitdausd,ebitusd,ebt,eps,epsdil,epsusd,equity,equityavg,equityusd,ev,evebit,evebitda,fcf,fcfps,fxusd,gp,grossmargin,intangibles,intexp,invcap,invcapavg,inventory,investments,investmentsc,investmentsnc,liabilities,liabilitiesc,liabilitiesnc,marketcap,ncf,ncfbus,ncfcommon,ncfdebt,ncfdiv,ncff,ncfi,ncfinv,ncfo,ncfx,netinc,netinccmn,netinccmnusd,netincdis,netincnci,netmargin,opex,opinc,payables,payoutratio,pb,pe,pe1,ppnenet,prefdivis,price,ps,ps1,receivables,retearn,revenue,revenueusd,rnd,roa,roe,roic,ros,sbcomp,sgna,sharefactor,sharesbas,shareswa,shareswadil,sps,tangibles,taxassets,taxexp,taxliabilities,tbvps,workingcapital
0,CHRW,MRY,2020-12-31,2020-12-31,2020-12-31,2021-08-02,-45998000.0,5144258000.0,4973276250.0,2941701000.0,2202557000.0,3.259,13.871,-54009000.0,243796000.0,243796000.0,13794849000.0,506421000.0,1.599,1.736,1516312000.0,154439000.0,1361873000.0,1516312000.0,0.0,101727000.0,0.0,0.022,2.04,673268000.0,774995000.0,0.048,774995000.0,673268000.0,628331000.0,3.74,3.72,3.74,1879933000.0,1761184500.0,1879933000.0,14079771941.0,21.0,18.168,445182000.0,3.285,1.0,2412257000.0,0.149,1601097000.0,44937000.0,2975945000.0,2920277000.0,0.0,0.0,0.0,0.0,3264325000.0,1839732000.0,1424593000.0,12761262941.0,-204062000.0,-223230000.0,-69857000.0,-143000000.0,-209956000.0,-440667000.0,-271714000.0,0.0,499191000.0,9128000.0,506421000.0,506421000.0,506421000.0,0.0,0.0,0.031,1738989000.0,673268000.0,1195099000.0,0.545,6.788,25.199,25.099,498734000.0,0.0,93.87,0.787,0.785,2646753000.0,4372833000.0,16207106000.0,16207106000.0,0.0,0.102,0.288,0.231,0.042,26414000.0,1738989000.0,1.0,135946127.0,135532000,136173000.0,119.581,3543161000.0,18640000.0,121910000.0,91897000.0,26.143,1101969000.0
1,CHRW,MRY,2019-12-31,2019-12-31,2019-12-31,2021-08-02,-76149000.0,4641060000.0,4664790500.0,2640118000.0,2000942000.0,3.282,12.199,-70465000.0,447858000.0,447858000.0,12723198000.0,576968000.0,1.697,1.778,1634288000.0,282396000.0,1351892000.0,1634288000.0,0.0,100449000.0,0.0,0.026,2.01,789976000.0,890425000.0,0.058,890425000.0,789976000.0,742257000.0,4.21,4.19,4.21,1670730000.0,1663924500.0,1670730000.0,11775024000.0,15.0,13.224,764954000.0,5.585,1.0,2586310000.0,0.169,1382691000.0,47719000.0,2888761000.0,3002359250.0,0.0,0.0,0.0,0.0,2970330000.0,1556038000.0,1414292000.0,10576583000.0,69243000.0,-59200000.0,-246352000.0,-112000000.0,-277786000.0,-651253000.0,-113029000.0,0.0,835419000.0,-1894000.0,576968000.0,576968000.0,576968000.0,0.0,0.0,0.038,1796334000.0,789976000.0,984604000.0,0.477,6.331,18.331,18.575,519283000.0,0.0,78.2,0.691,0.7,2107255000.0,4144834000.0,15309508000.0,15309508000.0,0.0,0.124,0.347,0.263,0.052,30591000.0,1796334000.0,1.0,135250422.0,136955000,137735000.0,111.785,3258369000.0,13485000.0,165289000.0,74484000.0,23.792,1084080000.0
2,CHRW,MRY,2018-12-31,2018-12-31,2018-12-31,2021-08-02,-71935000.0,4427412000.0,4420298500.0,2753074000.0,1674338000.0,3.762,11.475,-63871000.0,378615000.0,378615000.0,13925937000.0,664505000.0,1.921,1.776,1438436000.0,97084000.0,1341352000.0,1438436000.0,0.0,96729000.0,0.0,0.022,1.88,912083000.0,1008812000.0,0.061,1008812000.0,912083000.0,880273000.0,4.78,4.73,4.78,1595087000.0,1541130250.0,1595087000.0,12681099407.0,14.0,12.57,729025000.0,5.244,1.0,2705235000.0,0.163,1367744000.0,31810000.0,2686166000.0,2531099250.0,0.0,0.0,0.0,0.0,2832325000.0,1433323000.0,1399002000.0,11562744407.0,44725000.0,-5315000.0,-249706000.0,-118988000.0,-265219000.0,-655177000.0,-72808000.0,0.0,792896000.0,-20186000.0,664505000.0,664505000.0,664505000.0,0.0,0.0,0.04,1793152000.0,912083000.0,971023000.0,0.393,7.249,17.401,17.592,228301000.0,0.0,84.09,0.695,0.703,2162438000.0,3845593000.0,16631172000.0,16631172000.0,0.0,0.15,0.431,0.36,0.055,77403000.0,1793152000.0,1.0,137504393.0,139010000,140405000.0,119.64,3059668000.0,9993000.0,215768000.0,85580000.0,22.01,1319751000.0
3,CHRW,MRY,2017-12-31,2017-12-31,2017-12-31,2021-08-02,-18460000.0,4235834000.0,4038263750.0,2510936000.0,1724898000.0,3.682,10.14,-57945000.0,333890000.0,333890000.0,12501330000.0,504893000.0,1.263,1.971,1561359000.0,811359000.0,750000000.0,1561359000.0,0.0,92977000.0,0.0,0.02,1.81,775119000.0,868096000.0,0.058,868096000.0,775119000.0,728463000.0,3.59,3.57,3.59,1425745000.0,1358425500.0,1425745000.0,13661644999.0,18.0,15.737,326056000.0,2.319,1.0,2368050000.0,0.159,1427401000.0,46656000.0,2048453000.0,1884841000.0,0.0,0.0,0.0,0.0,2810089000.0,1987449000.0,822640000.0,12419617999.0,86224000.0,-49068000.0,-147355000.0,225000000.0,-258222000.0,-202134000.0,-107534000.0,0.0,384001000.0,11891000.0,504893000.0,504893000.0,504893000.0,0.0,0.0,0.034,1592931000.0,775119000.0,1000305000.0,0.504,8.711,24.599,24.816,230326000.0,0.0,89.09,0.835,0.842,2113930000.0,3437093000.0,14869380000.0,14869380000.0,0.0,0.125,0.372,0.411,0.052,28148000.0,1592931000.0,1.0,139405298.0,140610000,141382000.0,105.749,2808433000.0,6870000.0,223570000.0,84279000.0,19.973,523487000.0
4,CHRW,MRY,2016-12-31,2016-12-31,2016-12-31,2021-08-02,-61442000.0,3687758000.0,3465783750.0,2008102000.0,1679656000.0,3.793,8.814,-91437000.0,247666000.0,247666000.0,10866885000.0,513384000.0,1.088,1.932,1322052000.0,822052000.0,500000000.0,1322052000.0,0.0,74669000.0,0.0,0.024,1.74,837531000.0,912200000.0,0.069,912200000.0,837531000.0,811950000.0,3.6,3.59,3.6,1257847000.0,1245540250.0,1257847000.0,11452255432.0,14.0,12.555,437971000.0,3.069,1.0,2277528000.0,0.173,1400321000.0,25581000.0,1516105000.0,1484531750.0,0.0,0.0,0.0,0.0,2429911000.0,1845718000.0,584193000.0,10374310432.0,79437000.0,-220203000.0,-153654000.0,290000000.0,-245430000.0,-127300000.0,-312988000.0,0.0,529408000.0,-9683000.0,513384000.0,513384000.0,513384000.0,0.0,0.0,0.039,1439997000.0,837531000.0,839736000.0,0.483,8.248,20.208,20.35,232953000.0,0.0,73.26,0.789,0.795,1711191000.0,3190578000.0,13144413000.0,13144413000.0,0.0,0.148,0.412,0.564,0.064,19103000.0,1439997000.0,1.0,141609479.0,142706000,142991000.0,92.108,2287437000.0,2250000.0,298566000.0,99443000.0,16.029,162384000.0
5,CHRW,MRY,2015-12-31,2015-12-31,2015-12-31,2021-08-02,-37946000.0,3184358000.0,3302540250.0,1730698000.0,1453660000.0,4.081,7.936,-44642000.0,168229000.0,168229000.0,11207604000.0,509699000.0,1.195,1.768,1036298000.0,536298000.0,500000000.0,1036298000.0,0.0,66409000.0,0.0,0.025,1.57,858310000.0,924719000.0,0.069,924719000.0,858310000.0,822781000.0,3.52,3.51,3.52,1150450000.0,1112921000.0,1150450000.0,9855411631.0,11.0,10.658,673694000.0,4.647,1.0,2268480000.0,0.168,1228579000.0,35529000.0,1375251000.0,1453058750.0,0.0,0.0,0.0,0.0,2033908000.0,1448597000.0,585311000.0,8907613631.0,39289000.0,-369833000.0,-214306000.0,-155000000.0,-235615000.0,-607741000.0,-54446000.0,0.0,718336000.0,-16860000.0,509699000.0,509699000.0,509699000.0,0.0,0.0,0.038,1410170000.0,858310000.0,697585000.0,0.446,7.743,17.476,17.619,190874000.0,0.0,62.02,0.661,0.667,1505620000.0,2922620000.0,13476084000.0,13476084000.0,0.0,0.154,0.458,0.591,0.064,49113000.0,1410170000.0,1.0,143624857.0,144967000,145349000.0,92.96,1955779000.0,16788000.0,313082000.0,97667000.0,13.491,282101000.0
6,CHRW,MRY,2014-12-31,2014-12-31,2014-12-31,2021-08-02,-28610000.0,3214338000.0,3038349000.0,2105459000.0,1108879000.0,4.433,7.113,-29502000.0,488328000.0,488328000.0,11462415000.0,449711000.0,1.336,2.07,1183601000.0,683601000.0,500000000.0,1183601000.0,0.0,57009000.0,0.0,0.019,1.43,748418000.0,805427000.0,0.06,805427000.0,748418000.0,723431000.0,3.06,3.05,3.06,1047015000.0,1014357500.0,1047015000.0,11727546205.0,16.0,14.561,483924000.0,3.287,1.0,2007652000.0,0.149,923368000.0,24987000.0,1410383000.0,1454426750.0,0.0,0.0,0.0,0.0,2167323000.0,1575860000.0,591463000.0,10955297205.0,-33107000.0,0.0,-152099000.0,228516000.0,-215008000.0,-143637000.0,-388896000.0,0.0,513426000.0,-14000000.0,449711000.0,449711000.0,449711000.0,0.0,0.0,0.033,1259234000.0,748418000.0,716654000.0,0.467,10.463,24.361,24.474,152471000.0,0.0,74.89,0.813,0.818,1571591000.0,2648539000.0,13470067000.0,13470067000.0,0.0,0.148,0.443,0.515,0.056,47861000.0,1259234000.0,1.0,146285181.0,147202000,147542000.0,91.507,2290970000.0,7746000.0,273720000.0,95856000.0,15.563,529599000.0
7,CHRW,MRY,2013-12-31,2013-12-31,2013-12-31,2021-08-02,-10620000.0,2802818000.0,2861622750.0,1664485000.0,1138333000.0,4.456,5.989,-48206000.0,162047000.0,162047000.0,10915981000.0,415904000.0,1.311,1.983,944117000.0,444117000.0,500000000.0,944117000.0,0.0,56882000.0,0.0,0.024,1.4,682650000.0,739532000.0,0.058,739532000.0,682650000.0,673361000.0,2.65,2.65,2.65,939724000.0,1229259250.0,939724000.0,9621366576.0,14.0,13.01,299571000.0,1.909,1.0,1836095000.0,0.144,946540000.0,9289000.0,1368367000.0,1150396000.0,0.0,0.0,0.0,0.0,1863094000.0,1269981000.0,593113000.0,8847905576.0,-47972000.0,19126000.0,-742139000.0,621354000.0,-220257000.0,-364904000.0,-28859000.0,0.0,347777000.0,-1986000.0,415904000.0,415904000.0,415904000.0,0.0,0.0,0.033,1153445000.0,682650000.0,685890000.0,0.528,9.415,21.274,22.019,160703000.0,0.0,58.35,0.694,0.718,1449581000.0,2413833000.0,12752076000.0,12752076000.0,0.0,0.145,0.338,0.593,0.054,9094000.0,1153445000.0,1.0,151635057.0,156915000,157080000.0,81.267,1856278000.0,8286000.0,257457000.0,103883000.0,11.83,394504000.0
8,CHRW,MRY,2012-12-31,2012-12-31,2012-12-31,2021-08-02,-9345000.0,2804225000.0,2355444000.0,1672290000.0,1131935000.0,4.822,9.312,-50656000.0,210019000.0,210019000.0,9641542000.0,593804000.0,1.357,0.864,321662000.0,321662000.0,0.0,321662000.0,0.0,38090000.0,0.0,0.021,1.34,675320000.0,713410000.0,0.063,713410000.0,675320000.0,958462000.0,3.68,3.67,3.68,1504372000.0,1330387500.0,1504372000.0,9917633775.0,15.0,13.902,409686000.0,2.536,1.0,1717571000.0,0.151,959626000.0,-283142000.0,724025000.0,643041500.0,0.0,0.0,0.0,0.0,1299853000.0,1232217000.0,67636000.0,10190588775.0,-163650000.0,-308829000.0,-226199000.0,248363000.0,-275353000.0,-264338000.0,-359066000.0,0.0,460342000.0,-588000.0,593804000.0,593804000.0,593804000.0,0.0,0.0,0.052,1042251000.0,675320000.0,639460000.0,0.364,6.774,17.162,17.179,149851000.0,0.0,63.22,0.897,0.899,1412136000.0,2218229000.0,11359113000.0,11359113000.0,0.0,0.252,0.446,1.05,0.059,59381000.0,1042251000.0,1.0,161192483.0,161557000,161946000.0,70.31,1844599000.0,11780000.0,364658000.0,187284000.0,11.418,440073000.0
9,CHRW,MRY,2011-12-31,2011-12-31,2011-12-31,2021-08-02,-9115000.0,2138041000.0,2151902500.0,1611543000.0,526498000.0,4.803,7.607,-52806000.0,373669000.0,373669000.0,8703688000.0,431612000.0,1.838,0.713,62062000.0,62062000.0,0.0,62062000.0,0.0,32498000.0,0.0,0.017,1.2,694704000.0,727202000.0,0.07,727202000.0,694704000.0,694704000.0,2.63,2.62,2.63,1248474000.0,1258162500.0,1248474000.0,11073583255.0,16.0,15.228,376906000.0,2.297,1.0,1632658000.0,0.158,369717000.0,0.0,580085000.0,541608000.0,0.0,0.0,0.0,0.0,889567000.0,876632000.0,12935000.0,11456320255.0,-24938000.0,0.0,-221998000.0,0.0,-194697000.0,-415098000.0,-38313000.0,9311000.0,429712000.0,-1239000.0,431612000.0,431612000.0,431612000.0,0.0,0.0,0.042,939928000.0,692730000.0,642672000.0,0.456,9.176,26.543,26.532,126830000.0,0.0,69.78,1.108,1.108,1189637000.0,1845032000.0,10336346000.0,10336346000.0,0.0,0.201,0.343,1.283,0.067,38601000.0,939928000.0,1.0,164177705.0,164114000,164741000.0,62.983,1768324000.0,8382000.0,263092000.0,15799000.0,10.775,734911000.0
10,CHRW,MRY,2010-12-31,2010-12-31,2010-12-31,2021-08-02,-6425000.0,1995699000.0,1935471000.0,1481768000.0,513931000.0,4.792,7.301,-28677000.0,398607000.0,398607000.0,7806327000.0,387026000.0,1.92,0.657,59600000.0,59600000.0,0.0,59600000.0,0.0,29369000.0,0.0,0.017,1.33,624102000.0,653471000.0,0.07,653471000.0,624102000.0,624102000.0,2.35,2.33,2.35,1204068000.0,1135653750.0,1204068000.0,13063366625.0,21.0,19.991,316102000.0,1.917,1.0,1467978000.0,0.158,372611000.0,0.0,512474000.0,527036500.0,0.0,9290000.0,9290000.0,0.0,791631000.0,771607000.0,20024000.0,13312799625.0,61299000.0,0.0,-127000000.0,0.0,-168902000.0,-289134000.0,8598000.0,42359000.0,344779000.0,-2944000.0,387026000.0,387026000.0,387026000.0,0.0,0.0,0.042,845118000.0,622860000.0,567961000.0,0.566,11.057,34.398,34.123,114333000.0,0.0,80.19,1.435,1.426,1036070000.0,1613912000.0,9274305000.0,9274305000.0,0.0,0.2,0.341,1.184,0.067,37047000.0,845118000.0,1.0,166015708.0,164909000,165972000.0,56.239,1623088000.0,13302000.0,237076000.0,57722000.0,9.842,710161000.0
11,CHRW,MRY,2009-12-31,2009-12-31,2009-12-31,2021-08-02,-1636000.0,1834248000.0,1807343000.0,1307269000.0,526979000.0,4.192,6.44,-34466000.0,337308000.0,337308000.0,6195230000.0,360830000.0,1.786,0.699,77258000.0,77258000.0,0.0,77258000.0,0.0,30514000.0,0.0,0.017,0.97,587061000.0,617575000.0,0.082,617575000.0,587061000.0,587061000.0,2.15,2.13,2.15,1079900000.0,1100663750.0,1079900000.0,9475181006.0,16.0,15.343,338105000.0,2.016,1.0,1381959000.0,0.182,380037000.0,0.0,462354000.0,387940000.0,0.0,48310000.0,48310000.0,0.0,754348000.0,731807000.0,22541000.0,9851455006.0,-157435000.0,-41145000.0,-249165000.0,0.0,-162865000.0,-402064000.0,-123888000.0,-48462000.0,372571000.0,-4054000.0,360830000.0,360830000.0,360830000.0,0.0,0.0,0.048,797148000.0,584811000.0,529256000.0,0.451,9.123,27.302,27.316,117699000.0,0.0,58.73,1.3,1.3,885543000.0,1402306000.0,7577189000.0,7577189000.0,0.0,0.2,0.328,1.513,0.077,21267000.0,797148000.0,1.0,167741444.0,167695000,169194000.0,45.184,1454211000.0,20876000.0,226231000.0,44984000.0,8.672,575462000.0
12,CHRW,MRY,2008-12-31,2008-12-31,2008-12-31,2021-08-02,2165000.0,1815721000.0,1892063750.0,1347871000.0,467850000.0,4.534,6.549,-23748000.0,494743000.0,494743000.0,7203651000.0,359177000.0,1.932,0.64,83591000.0,83591000.0,0.0,83591000.0,0.0,31164000.0,0.0,0.016,0.9,578387000.0,609551000.0,0.071,609551000.0,578387000.0,578387000.0,2.12,2.08,2.12,1107221000.0,1095341750.0,1107221000.0,8999388420.0,16.0,14.764,423831000.0,2.507,1.0,1374963000.0,0.16,339604000.0,0.0,367312000.0,414551500.0,0.0,2644000.0,2644000.0,0.0,708500000.0,697653000.0,10847000.0,9311305420.0,155858000.0,-59661000.0,-177519000.0,-9383000.0,-151195000.0,-326040000.0,31480000.0,114120000.0,447579000.0,2839000.0,359177000.0,359177000.0,359177000.0,0.0,0.0,0.042,803377000.0,571586000.0,485167000.0,0.425,8.41,25.924,25.958,104088000.0,0.0,55.03,1.085,1.084,828884000.0,1207428000.0,8578614000.0,8578614000.0,0.0,0.19,0.328,1.395,0.067,20804000.0,803377000.0,1.0,169204169.0,169056000,172733000.0,50.744,1476117000.0,20246000.0,219210000.0,45351000.0,8.732,650218000.0
13,CHRW,MRY,2007-12-31,2007-12-31,2007-12-31,2021-08-02,263000.0,1811307000.0,1752374500.0,1389156000.0,422151000.0,4.175,6.113,-43713000.0,338885000.0,338885000.0,6072445000.0,324261000.0,1.834,0.738,87443000.0,87443000.0,0.0,87443000.0,0.0,27366000.0,0.0,0.014,0.76,523514000.0,550880000.0,0.075,550880000.0,523514000.0,523514000.0,1.9,1.86,1.9,1042249000.0,1016040750.0,1042249000.0,8905188768.0,17.0,16.165,264717000.0,1.553,1.0,1243778000.0,0.17,293209000.0,0.0,509037000.0,429699750.0,0.0,115842000.0,115842000.0,0.0,769058000.0,757619000.0,11439000.0,9186945768.0,-9707000.0,-22220000.0,-153583000.0,0.0,-125183000.0,-262098000.0,-55722000.0,10279000.0,308430000.0,-317000.0,324261000.0,324261000.0,324261000.0,0.0,0.0,0.044,734094000.0,509684000.0,530752000.0,0.4,8.815,28.332,28.484,101665000.0,0.0,54.12,1.256,1.261,911780000.0,1002964000.0,7316223000.0,7316223000.0,0.0,0.185,0.319,1.218,0.072,38002000.0,734094000.0,1.0,169751400.0,170493000,174040000.0,42.912,1518098000.0,23197000.0,199253000.0,47721000.0,8.904,631537000.0
14,CHRW,MRY,2006-12-31,2006-12-31,2006-12-31,2021-08-02,-202000.0,1631693000.0,1543320750.0,1256148000.0,375545000.0,4.248,5.522,-41543000.0,348592000.0,348592000.0,5473650000.0,266925000.0,1.829,0.729,71630000.0,71630000.0,0.0,71630000.0,0.0,23932000.0,0.0,0.014,0.57,429688000.0,453620000.0,0.069,453620000.0,429688000.0,429688000.0,1.56,1.53,1.56,943722000.0,894877500.0,943722000.0,6836047439.0,16.0,15.07,301834000.0,1.766,1.0,1082544000.0,0.165,277723000.0,0.0,390059000.0,354026750.0,0.0,124767000.0,124767000.0,0.0,687971000.0,686949000.0,1022000.0,7121435439.0,117964000.0,-39724000.0,-67086000.0,0.0,-90837000.0,-145845000.0,-81237000.0,-1026000.0,343377000.0,1669000.0,266925000.0,266925000.0,266925000.0,0.0,0.0,0.041,664699000.0,417845000.0,468499000.0,0.365,7.546,26.68,26.212,82071000.0,0.0,40.89,1.086,1.066,764995000.0,807983000.0,6556194000.0,6556194000.0,0.0,0.173,0.298,1.214,0.066,47292000.0,664699000.0,1.0,174160808.0,170888000,174787000.0,38.365,1353970000.0,14282000.0,162763000.0,48412000.0,7.923,569199000.0
15,CHRW,MRY,2005-12-31,2005-12-31,2005-12-31,2021-08-02,-1901000.0,1395068000.0,1287039500.0,1084781000.0,310287000.0,4.42,4.587,-21824000.0,230628000.0,230628000.0,4809198000.0,203358000.0,1.771,0.788,63138000.0,63138000.0,0.0,63138000.0,0.0,18500000.0,0.0,0.01,0.355,332753000.0,351253000.0,0.062,351253000.0,332753000.0,332753000.0,1.2,1.16,1.2,780037000.0,726401500.0,780037000.0,6140165301.0,18.0,17.481,202281000.0,1.19,1.0,879750000.0,0.155,241657000.0,0.0,373438000.0,333109250.0,0.0,122551000.0,122551000.0,0.0,615031000.0,612483000.0,2548000.0,6332107301.0,64152000.0,-60153000.0,-23293000.0,0.0,-51458000.0,-69768000.0,-86674000.0,-949000.0,224105000.0,-3511000.0,203358000.0,203358000.0,203358000.0,0.0,0.0,0.036,553389000.0,326361000.0,410744000.0,0.296,8.118,31.138,30.858,60721000.0,0.0,37.03,1.113,1.107,716725000.0,640551000.0,5688948000.0,5688948000.0,0.0,0.158,0.28,0.999,0.058,28436000.0,553389000.0,1.0,170999387.0,170052000,174698000.0,33.454,1153411000.0,5999000.0,129395000.0,44268000.0,6.783,472298000.0
16,CHRW,MRY,2004-12-31,2004-12-31,2004-12-31,2021-08-02,1608000.0,1080696000.0,998087500.0,845987000.0,234709000.0,4.35,3.669,-34741000.0,166476000.0,166476000.0,3680547000.0,137254000.0,1.868,0.741,55847000.0,55847000.0,0.0,55847000.0,0.0,11814000.0,0.0,0.009,0.255,226038000.0,237852000.0,0.055,237852000.0,226038000.0,226038000.0,0.81,0.79,0.81,620856000.0,579296500.0,620856000.0,4549255066.0,20.0,19.126,118632000.0,0.701,1.0,660991000.0,0.152,176887000.0,0.0,340361000.0,248690500.0,0.0,121600000.0,121600000.0,0.0,459840000.0,452819000.0,7021000.0,4736880066.0,43063000.0,-19112000.0,-19120000.0,0.0,-40902000.0,-57454000.0,-54816000.0,-773000.0,153373000.0,1960000.0,137254000.0,137254000.0,137254000.0,0.0,0.0,0.032,438223000.0,222768000.0,303082000.0,0.315,7.63,34.512,34.272,51122000.0,0.0,27.76,1.091,1.082,544274000.0,498406000.0,4341538000.0,4341538000.0,0.0,0.138,0.237,0.909,0.052,22356000.0,438223000.0,1.0,170636890.0,169228000,173144000.0,25.655,903809000.0,8180000.0,88784000.0,33629000.0,5.341,393168000.0
17,CHRW,MRY,2003-12-31,2003-12-31,2003-12-31,2021-08-02,-363000.0,908149000.0,854952750.0,717329000.0,190820000.0,4.227,3.074,-8265000.0,123413000.0,123413000.0,3068797000.0,107369000.0,1.882,0.751,50721000.0,50721000.0,0.0,50721000.0,0.0,10992000.0,0.0,0.009,0.18,178634000.0,189626000.0,0.052,189626000.0,178634000.0,178634000.0,0.64,0.62,0.64,518747000.0,480580000.0,518747000.0,3022468962.0,17.0,15.939,101233000.0,0.6,1.0,544848000.0,0.151,158871000.0,0.0,295385000.0,192224750.0,0.0,120836000.0,120836000.0,0.0,389402000.0,381201000.0,8201000.0,3201369962.0,40414000.0,-2089000.0,-5953000.0,0.0,-27046000.0,-32999000.0,-38173000.0,-25621000.0,109498000.0,2088000.0,107369000.0,107369000.0,107369000.0,0.0,0.0,0.03,368802000.0,176046000.0,261206000.0,0.281,6.171,29.817,29.617,25625000.0,0.0,18.955,0.886,0.885,457455000.0,404750000.0,3613645000.0,3613645000.0,0.0,0.126,0.223,0.929,0.049,24318000.0,368802000.0,1.0,168893166.0,168774000,172138000.0,21.411,749278000.0,9535000.0,71265000.0,22692000.0,4.44,336128000.0
18,CHRW,MRY,2002-12-31,2002-12-31,2002-12-31,2021-08-02,-2439000.0,777151000.0,739550750.0,588572000.0,188579000.0,4.455,2.524,-7325000.0,132999000.0,132999000.0,2810695000.0,89798000.0,1.714,0.825,52762000.0,52762000.0,0.0,52762000.0,0.0,14029000.0,0.0,0.008,0.13,150266000.0,164295000.0,0.05,164295000.0,150266000.0,150266000.0,0.53,0.525,0.53,425830000.0,399290000.0,425830000.0,2514360385.0,17.0,15.304,106814000.0,0.633,1.0,483778000.0,0.147,157297000.0,0.0,196143000.0,133701000.0,0.0,45227000.0,45227000.0,0.0,351321000.0,343474000.0,7847000.0,2635984385.0,-3792000.0,-15995000.0,-5513000.0,0.0,-20266000.0,-25779000.0,-91293000.0,-66259000.0,114139000.0,-859000.0,89798000.0,89798000.0,89798000.0,0.0,0.0,0.027,334846000.0,148932000.0,222395000.0,0.245,6.19,29.355,29.434,26476000.0,0.0,15.6,0.8,0.799,391670000.0,345080000.0,3294473000.0,3294473000.0,0.0,0.121,0.225,1.124,0.046,8072000.0,334846000.0,1.0,168973358.0,168736000,171514000.0,19.524,619854000.0,14579000.0,60468000.0,28784000.0,3.674,245098000.0
19,CHRW,MRY,2001-12-31,2001-12-31,2001-12-31,2021-08-02,-1592000.0,683490000.0,662775500.0,503215000.0,180275000.0,4.662,2.109,-12101000.0,115741000.0,115741000.0,2633500000.0,83992000.0,1.555,0.921,0.0,0.0,0.0,0.0,0.0,19136000.0,0.0,0.007,0.105,138373000.0,157509000.0,0.051,157509000.0,138373000.0,138373000.0,0.5,0.49,0.5,355815000.0,333492500.0,355815000.0,2357235920.0,17.0,14.966,62351000.0,0.369,1.0,456572000.0,0.148,144858000.0,0.0,99363000.0,98822000.0,0.0,0.0,0.0,0.0,327675000.0,323528000.0,4147000.0,2443787920.0,35829000.0,0.0,-8506000.0,0.0,-16900000.0,-25406000.0,-12674000.0,0.0,74452000.0,-543000.0,83992000.0,83992000.0,83992000.0,0.0,0.0,0.027,322298000.0,134274000.0,267708000.0,0.21,6.868,29.095,28.92,30920000.0,0.0,14.46,0.791,0.79,370378000.0,270711000.0,3090072000.0,3090072000.0,0.0,0.127,0.252,1.4,0.045,733000.0,322298000.0,1.0,169003314.0,168748000,171548000.0,18.312,538632000.0,12164000.0,54381000.0,23722000.0,3.192,179687000.0
20,CHRW,MRY,2000-12-31,2000-12-31,2000-12-31,2021-08-02,-1049000.0,644207000.0,613239250.0,460239000.0,183968000.0,4.7,1.757,-15131000.0,79912000.0,79912000.0,2462832000.0,71242000.0,1.329,1.169,0.0,0.0,0.0,0.0,0.0,17318000.0,0.0,0.005,0.085,117758000.0,135076000.0,0.047,135076000.0,117758000.0,117758000.0,0.42,0.415,0.42,297016000.0,278537000.0,297016000.0,2601062009.0,22.0,19.256,59359000.0,0.351,1.0,419343000.0,0.145,154174000.0,0.0,63870000.0,74557500.0,1859000.0,0.0,0.0,0.0,347191000.0,346251000.0,940000.0,2655792009.0,30275000.0,-5898000.0,-6685000.0,0.0,-13438000.0,-20123000.0,-24095000.0,0.0,74490000.0,3000.0,71242000.0,71242000.0,71242000.0,0.0,0.0,0.025,302335000.0,117008000.0,285932000.0,0.202,8.942,37.278,37.429,29402000.0,0.0,15.72,0.921,0.922,354953000.0,204463000.0,2882175000.0,2882175000.0,0.0,0.116,0.256,1.579,0.041,20000.0,302335000.0,1.0,168943512.0,169058000,171434000.0,17.048,490033000.0,21219000.0,46516000.0,26863000.0,2.899,113988000.0
21,CHRW,MRY,1999-12-31,1999-12-31,1999-12-31,2021-08-02,-1053000.0,522661000.0,477418250.0,343052000.0,179609000.0,4.736,1.496,-9003000.0,49637000.0,49637000.0,1967744000.0,53349000.0,1.243,1.118,0.0,0.0,0.0,0.0,0.0,10133000.0,0.0,0.007,0.073,88477000.0,98610000.0,0.044,98610000.0,88477000.0,88477000.0,0.325,0.32,0.325,246767000.0,202815250.0,246767000.0,1536869515.0,17.0,15.585,42875000.0,0.26,1.0,293283000.0,0.13,153576000.0,0.0,43554000.0,62568250.0,1785000.0,0.0,0.0,0.0,275894000.0,275894000.0,0.0,1636689515.0,-49704000.0,-112216000.0,-2745000.0,0.0,-11529000.0,-12745000.0,-88837000.0,31829000.0,51878000.0,0.0,53349000.0,53349000.0,53349000.0,0.0,0.0,0.024,209455000.0,83828000.0,231592000.0,0.225,6.633,30.679,30.577,24747000.0,0.0,9.938,0.724,0.725,270296000.0,147586000.0,2261027000.0,2261027000.0,0.0,0.112,0.263,1.414,0.039,0.0,209455000.0,1.0,164698316.0,164912000,166012000.0,13.711,369085000.0,18480000.0,35128000.0,16187000.0,2.238,67158000.0
22,CHRW,MRY,1998-12-31,1998-12-31,1998-12-31,2021-08-02,-1145000.0,409116000.0,388208500.0,374843000.0,34273000.0,5.25,1.028,-3090000.0,99341000.0,99341000.0,1792473000.0,43015000.0,1.564,1.413,0.0,0.0,0.0,0.0,0.0,8521000.0,0.0,0.01,0.062,71287000.0,79808000.0,0.039,79808000.0,71287000.0,71287000.0,0.26,0.26,0.26,169518000.0,156919500.0,169518000.0,967491245.0,14.0,12.123,74558000.0,0.452,1.0,245666000.0,0.121,12613000.0,0.0,57564000.0,60535000.0,3488000.0,30730000.0,30730000.0,0.0,239598000.0,239598000.0,0.0,1068749245.0,36844000.0,-6799000.0,-3131000.0,0.0,-7419000.0,-9229000.0,-31575000.0,-20306000.0,77648000.0,0.0,43015000.0,43015000.0,43015000.0,0.0,0.0,0.021,177223000.0,68443000.0,192908000.0,0.238,6.305,24.846,24.942,19484000.0,0.0,6.485,0.524,0.525,221021000.0,106178000.0,2038139000.0,2038139000.0,0.0,0.111,0.274,1.178,0.035,0.0,177223000.0,1.0,164803276.0,164864000,165236000.0,12.363,396503000.0,12821000.0,28272000.0,19209000.0,2.405,135245000.0
23,CHRW,MRY,1997-12-31,1997-12-31,1997-12-31,2021-08-02,-718000.0,340628000.0,330704000.0,310689000.0,29939000.0,5.415,0.842,-4859000.0,62497000.0,62497000.0,1584765000.0,27587000.0,1.541,1.451,0.0,0.0,0.0,0.0,0.0,8684000.0,0.0,0.003,0.015,51101000.0,59785000.0,0.033,59785000.0,51101000.0,51101000.0,0.168,0.168,0.168,138981000.0,146704500.0,138981000.0,,,,65519000.0,0.397,1.0,206020000.0,0.115,6674000.0,0.0,69810000.0,86930000.0,3109000.0,10428000.0,10428000.0,0.0,201647000.0,201647000.0,0.0,923502218.0,19930000.0,0.0,-1340000.0,0.0,-104400000.0,-105740000.0,55292000.0,37819000.0,70378000.0,0.0,27587000.0,27587000.0,27587000.0,-1589000.0,0.0,0.015,173941000.0,32079000.0,166789000.0,0.089,6.645,33.476,33.304,22226000.0,0.0,5.595,0.516,0.516,206743000.0,73465000.0,1790785000.0,1790785000.0,0.0,0.083,0.188,0.588,0.029,0.0,149285000.0,1.0,165058484.0,165140000,165208000.0,10.844,333954000.0,22115000.0,23514000.0,12751000.0,2.022,109042000.0
24,CHRW,MRY,1996-12-31,1996-12-31,1996-12-31,2021-08-02,-346000.0,320780000.0,,280422000.0,40358000.0,,0.924,-4704000.0,42567000.0,42567000.0,1426836000.0,34600000.0,1.686,1.077,0.0,0.0,0.0,0.0,0.0,7604000.0,0.0,,0.0,55282000.0,62886000.0,0.039,62886000.0,55282000.0,55282000.0,0.207,0.207,0.207,154428000.0,,154428000.0,,,,30646000.0,0.183,1.0,179069000.0,0.112,7811000.0,0.0,104050000.0,,5276000.0,42711000.0,42711000.0,0.0,166352000.0,166352000.0,0.0,,8115000.0,0.0,-6866000.0,0.0,-7655000.0,-14521000.0,-12714000.0,-10751000.0,35350000.0,0.0,34600000.0,34600000.0,34600000.0,-2158000.0,0.0,0.022,129040000.0,50029000.0,140376000.0,0.0,,,,23047000.0,0.0,,,,170935000.0,150637000.0,1605905000.0,1605905000.0,0.0,,,,0.034,943000.0,129040000.0,1.0,,167196000,167196000.0,9.605,312969000.0,6698000.0,20682000.0,7985000.0,1.872,114070000.0
25,CHRW,MRY,1995-12-31,1995-12-31,1995-12-31,2021-08-02,,,,,,,,-11962000.0,,,1285881000.0,31541000.0,,,,,,,,5998000.0,,,0.0,49991000.0,55989000.0,0.039,55989000.0,49991000.0,49991000.0,0.18,0.18,0.18,,,,,,,26254000.0,0.149,1.0,160094000.0,0.111,,0.0,,,,,,,,,,,-10840000.0,-2908000.0,-7869000.0,0.0,-5644000.0,-13513000.0,-35543000.0,-17381000.0,38216000.0,0.0,31541000.0,31541000.0,31541000.0,-2086000.0,0.0,0.022,115114000.0,44980000.0,,0.0,,,,,0.0,,,,,,1445975000.0,1445975000.0,0.0,,,,0.035,1051000.0,115114000.0,1.0,,175736000,175736000.0,8.228,,,18450000.0,,,
0,CHRW,MRQ,2021-06-30,2021-06-30,2021-06-30,2021-08-02,-53446000.0,5906564000.0,,3722562000.0,2184002000.0,,14.303,-16331000.0,172803000.0,172803000.0,4783550000.0,193789000.0,1.439,2.099,1748361000.0,403495000.0,1344866000.0,1748361000.0,0.0,22937000.0,0.0,0.022,0.51,260604000.0,283541000.0,0.051,283541000.0,260604000.0,247107000.0,1.45,1.44,1.45,1906170000.0,,1906170000.0,13987942719.0,16.0,14.62,132959000.0,0.998,1.0,749176000.0,0.135,1597351000.0,13497000.0,3298392000.0,,0.0,0.0,0.0,0.0,4000394000.0,2586379000.0,1414015000.0,12457048719.0,-44808000.0,-14749000.0,-113735000.0,20962000.0,-69726000.0,-164870000.0,-31080000.0,0.0,149290000.0,1852000.0,193789000.0,193789000.0,193789000.0,0.0,0.0,0.035,488572000.0,260604000.0,1622947000.0,0.352,6.535,19.123,19.353,473507000.0,0.0,93.67,0.652,0.653,3459529000.0,4601227000.0,5532726000.0,5532726000.0,0.0,,,,,27647000.0,488572000.0,1.0,132988670.0,133275000,134856000.0,41.514,4309213000.0,26057000.0,53318000.0,84321000.0,32.333,1136183000.0
1,CHRW,MRQ,2021-03-31,2021-03-31,2021-03-31,2021-08-02,-53284000.0,5596623000.0,,3410109000.0,2186514000.0,,13.889,-13506000.0,217611000.0,217611000.0,4101489000.0,173305000.0,1.482,1.996,1748505000.0,392429000.0,1356076000.0,1748505000.0,0.0,23278000.0,0.0,0.021,0.51,223329000.0,246607000.0,0.051,246607000.0,223329000.0,212069000.0,1.29,1.28,1.29,1868187000.0,,1868187000.0,14042524871.0,18.0,15.818,-70198000.0,-0.522,1.0,702380000.0,0.146,1589529000.0,11260000.0,3237081000.0,,0.0,0.0,0.0,0.0,3728436000.0,2300907000.0,1427529000.0,12770008871.0,-26185000.0,0.0,-112495000.0,250000000.0,-70030000.0,46763000.0,-13506000.0,0.0,-56692000.0,-2750000.0,173305000.0,173305000.0,173305000.0,0.0,0.0,0.036,479051000.0,223329000.0,1399464000.0,0.395,6.836,21.227,21.397,487582000.0,0.0,95.43,0.742,0.746,3114951000.0,4476532000.0,4803869000.0,4803869000.0,0.0,,,,,16136000.0,479051000.0,1.0,133815455.0,134508000,135745000.0,35.714,4007094000.0,24572000.0,38764000.0,127974000.0,29.791,1109202000.0
2,CHRW,MRQ,2020-12-31,2020-12-31,2020-12-31,2021-08-02,-45998000.0,5144258000.0,,2941701000.0,2202557000.0,,13.826,-13748000.0,243796000.0,243796000.0,3908874000.0,147807000.0,1.599,1.736,1516312000.0,154439000.0,1361873000.0,1516312000.0,0.0,24660000.0,0.0,0.022,0.51,206802000.0,231462000.0,0.051,231462000.0,206802000.0,194769000.0,1.09,1.09,1.09,1879933000.0,,1879933000.0,14079771941.0,21.0,18.168,148394000.0,1.091,1.0,640578000.0,0.141,1601097000.0,12033000.0,2975945000.0,,0.0,0.0,0.0,0.0,3264325000.0,1839732000.0,1424593000.0,12761262941.0,-8773000.0,0.0,-101836000.0,-60000000.0,-2528000.0,-165683000.0,-13748000.0,0.0,162142000.0,8516000.0,147807000.0,147807000.0,147807000.0,0.0,0.0,0.032,433776000.0,206802000.0,1195099000.0,0.468,6.788,25.199,25.099,498734000.0,0.0,93.87,0.787,0.785,2646753000.0,4372833000.0,4549452000.0,4549452000.0,0.0,,,,,10414000.0,433776000.0,1.0,135946127.0,135973000,136281000.0,33.458,3543161000.0,18640000.0,46962000.0,91897000.0,26.058,1101969000.0
3,CHRW,MRQ,2020-09-30,2020-09-30,2020-09-30,2021-08-02,-70855000.0,5074838000.0,,2852699000.0,2222139000.0,,13.808,-15222000.0,252569000.0,252569000.0,3635527000.0,136529000.0,1.62,1.709,1571078000.0,198779000.0,1372299000.0,1571078000.0,0.0,26916000.0,0.0,0.02,0.51,168239000.0,195155000.0,0.046,195155000.0,168239000.0,160774000.0,1.01,1.0,1.01,1873359000.0,,1873359000.0,14894744553.0,25.0,21.107,-183816000.0,-1.355,1.0,589273000.0,0.139,1592181000.0,7465000.0,3040187000.0,,0.0,0.0,0.0,0.0,3201479000.0,1760979000.0,1440500000.0,13777603553.0,-109667000.0,0.0,80247000.0,60000000.0,-70324000.0,68354000.0,-15222000.0,0.0,-168594000.0,5795000.0,136529000.0,136529000.0,136529000.0,0.0,0.0,0.032,421034000.0,168239000.0,1196797000.0,0.505,7.354,30.101,30.145,523063000.0,0.0,102.19,0.892,0.897,2534357000.0,4293598000.0,4224800000.0,4224800000.0,0.0,,,,,5648000.0,421034000.0,1.0,134823403.0,135671000,137128000.0,31.14,3482657000.0,16631000.0,24245000.0,79997000.0,25.67,1091720000.0
4,CHRW,MRQ,2020-06-30,2020-06-30,2020-06-30,2021-08-02,-84091000.0,4825689000.0,,2603926000.0,2221763000.0,,12.624,-10336000.0,362236000.0,362236000.0,3013393000.0,143939000.0,1.556,1.831,1479377000.0,106056000.0,1373321000.0,1479377000.0,0.0,25758000.0,0.0,0.026,0.51,188787000.0,214545000.0,0.059,214545000.0,188787000.0,178576000.0,1.07,1.06,1.07,1704328000.0,,1704328000.0,12169551861.0,19.0,16.511,436808000.0,3.235,1.0,614453000.0,0.169,1592344000.0,10211000.0,2677106000.0,,0.0,0.0,0.0,0.0,3121361000.0,1673380000.0,1447981000.0,10642264861.0,67664000.0,387000.0,9026000.0,-321000000.0,-67233000.0,-380378000.0,-4424000.0,0.0,447144000.0,5322000.0,143939000.0,143939000.0,143939000.0,0.0,0.0,0.04,425666000.0,188787000.0,1246675000.0,0.477,6.244,22.736,22.85,527747000.0,0.0,79.06,0.706,0.708,2172606000.0,4227257000.0,3627846000.0,3627846000.0,0.0,,,,,2692000.0,425666000.0,1.0,134609978.0,135010000,135610000.0,26.871,3233345000.0,14492000.0,34637000.0,89227000.0,23.949,930546000.0
5,CHRW,MRQ,2020-03-31,2020-03-31,2020-03-31,2021-08-02,-108344000.0,4848320000.0,,2606639000.0,2241681000.0,,11.715,-14703000.0,294572000.0,294572000.0,3237055000.0,78146000.0,1.444,2.055,1821859000.0,442989000.0,1378870000.0,1821859000.0,0.0,24393000.0,0.0,0.031,0.51,109440000.0,133833000.0,0.035,133833000.0,109440000.0,94212000.0,0.58,0.57,0.58,1587118000.0,,1587118000.0,10116334022.0,15.0,13.051,43796000.0,0.323,1.0,567953000.0,0.149,1583012000.0,15228000.0,2987870000.0,,0.0,0.0,0.0,0.0,3261202000.0,1804725000.0,1456477000.0,8929904022.0,-153286000.0,-223617000.0,-57294000.0,178000000.0,-69871000.0,37040000.0,-238320000.0,0.0,58499000.0,-10505000.0,78146000.0,78146000.0,78146000.0,0.0,0.0,0.021,458513000.0,109440000.0,1098905000.0,0.879,5.626,18.101,18.287,557707000.0,0.0,66.2,0.581,0.584,2216171000.0,4153109000.0,3805008000.0,3805008000.0,0.0,,,,,7660000.0,458513000.0,1.0,134892810.0,135474000,135969000.0,28.087,3265308000.0,14605000.0,16066000.0,91815000.0,24.103,801914000.0
6,CHRW,MRQ,2019-12-31,2019-12-31,2019-12-31,2021-08-02,-76149000.0,4641060000.0,,2640118000.0,2000942000.0,,12.285,-19522000.0,447858000.0,447858000.0,3214463000.0,99106000.0,1.697,1.778,1634288000.0,282396000.0,1351892000.0,1634288000.0,0.0,25327000.0,0.0,0.026,0.51,136806000.0,162133000.0,0.043,162133000.0,136806000.0,126022000.0,0.73,0.74,0.73,1670730000.0,,1670730000.0,11775024000.0,15.0,13.224,192039000.0,1.412,1.0,578863000.0,0.153,1382691000.0,10784000.0,2888761000.0,,0.0,0.0,0.0,0.0,2970330000.0,1556038000.0,1414292000.0,10576583000.0,63434000.0,-12000.0,-45491000.0,-18000000.0,-69921000.0,-134175000.0,-19523000.0,0.0,211561000.0,5571000.0,99106000.0,99106000.0,99106000.0,0.0,0.0,0.026,442057000.0,136806000.0,984604000.0,0.699,6.331,18.331,18.575,519283000.0,0.0,78.2,0.691,0.7,2107255000.0,4144834000.0,3793326000.0,3793326000.0,0.0,,,,,-3158000.0,442057000.0,1.0,135250422.0,135998000,135821000.0,27.893,3258369000.0,13485000.0,26916000.0,74484000.0,23.959,1084080000.0
7,CHRW,MRQ,2019-09-30,2019-09-30,2019-09-30,2021-08-02,-90902000.0,4636549000.0,,2683166000.0,1953383000.0,,12.268,-19379000.0,384424000.0,384424000.0,3222701000.0,146894000.0,1.871,1.771,1582865000.0,113164000.0,1469701000.0,1582865000.0,0.0,25480000.0,0.0,0.024,0.5,201085000.0,226565000.0,0.059,226565000.0,201085000.0,187905000.0,1.08,1.07,1.08,1673096000.0,,1673096000.0,12704714006.0,14.0,12.602,147953000.0,1.085,1.0,633431000.0,0.164,1384574000.0,13180000.0,3016276000.0,,0.0,0.0,0.0,0.0,2963453000.0,1434140000.0,1529313000.0,11477337006.0,29117000.0,-809000.0,-55191000.0,-1000000.0,-68855000.0,-126718000.0,-3571000.0,0.0,167332000.0,-7926000.0,146894000.0,146894000.0,146894000.0,0.0,0.0,0.038,432346000.0,201085000.0,1019280000.0,0.463,6.86,17.259,17.517,473354000.0,0.0,84.78,0.733,0.739,2074449000.0,4115649000.0,3856132000.0,3856132000.0,0.0,,,,,7295000.0,432346000.0,1.0,135377884.0,136380000,137476000.0,28.275,3251975000.0,11563000.0,41011000.0,78825000.0,23.845,1249026000.0
8,CHRW,MRQ,2019-06-30,2019-06-30,2019-06-30,2021-08-02,-72326000.0,4684109000.0,,2706573000.0,1977536000.0,,12.095,-17699000.0,355307000.0,355307000.0,3213624000.0,169180000.0,1.809,1.823,1582684000.0,113005000.0,1469679000.0,1582684000.0,0.0,25082000.0,0.0,0.023,0.5,227535000.0,252617000.0,0.065,252617000.0,227535000.0,220920000.0,1.23,1.22,1.23,1659311000.0,,1659311000.0,12743455406.0,13.0,12.12,181896000.0,1.326,1.0,695216000.0,0.178,1402584000.0,6615000.0,3012562000.0,,0.0,0.0,0.0,0.0,3024798000.0,1496340000.0,1528458000.0,11519049406.0,-90166000.0,-14236000.0,-97661000.0,-88000000.0,-69268000.0,-255567000.0,-31935000.0,0.0,199595000.0,-2259000.0,169180000.0,169180000.0,169180000.0,0.0,0.0,0.043,467681000.0,227535000.0,1064432000.0,0.407,6.942,16.598,16.769,484745000.0,0.0,84.35,0.716,0.719,2100246000.0,4037610000.0,3908840000.0,3908840000.0,0.0,,,,,13789000.0,467681000.0,1.0,136562530.0,137185000,138256000.0,28.493,3281525000.0,12957000.0,51740000.0,83716000.0,23.92,1210233000.0
9,CHRW,MRQ,2019-03-31,2019-03-31,2019-03-31,2021-08-02,-66638000.0,4697444000.0,,2728354000.0,1969090000.0,,11.988,-13865000.0,445473000.0,445473000.0,3072410000.0,161788000.0,1.908,1.843,1669879000.0,117205000.0,1552674000.0,1669879000.0,0.0,24560000.0,0.0,0.022,0.5,224550000.0,249110000.0,0.066,249110000.0,224550000.0,207410000.0,1.17,1.16,1.17,1652561000.0,,1652561000.0,12964725233.0,14.0,12.441,243066000.0,1.763,1.0,678800000.0,0.181,1400348000.0,17140000.0,3091838000.0,,0.0,0.0,0.0,0.0,3044883000.0,1429664000.0,1615219000.0,11904904233.0,66858000.0,-44143000.0,-48009000.0,-5000000.0,-69742000.0,-134793000.0,-58000000.0,0.0,256931000.0,2720000.0,161788000.0,161788000.0,161788000.0,0.0,0.0,0.043,454250000.0,224550000.0,995971000.0,0.427,7.204,17.405,17.609,482703000.0,0.0,86.99,0.723,0.729,2057931000.0,3937698000.0,3751210000.0,3751210000.0,0.0,,,,,12665000.0,454250000.0,1.0,136853710.0,137854000,138955000.0,27.211,3297096000.0,13495000.0,45622000.0,130224000.0,23.917,1298690000.0
10,CHRW,MRQ,2018-12-31,2018-12-31,2018-12-31,2021-08-02,-71935000.0,4427412000.0,,2753074000.0,1674338000.0,,11.578,-14284000.0,378615000.0,378615000.0,3424125000.0,187150000.0,1.921,1.776,1438436000.0,97084000.0,1341352000.0,1438436000.0,0.0,24327000.0,0.0,0.022,0.5,255517000.0,279844000.0,0.068,279844000.0,255517000.0,246061000.0,1.36,1.34,1.36,1595087000.0,,1595087000.0,12681099407.0,14.0,12.57,249729000.0,1.813,1.0,713783000.0,0.172,1367744000.0,9456000.0,2686166000.0,,0.0,0.0,0.0,0.0,2832325000.0,1433323000.0,1399002000.0,11562744407.0,80814000.0,-4000000.0,-94036000.0,5000000.0,-70061000.0,-159758000.0,-20301000.0,0.0,264013000.0,-3140000.0,187150000.0,187150000.0,187150000.0,0.0,0.0,0.045,458266000.0,255517000.0,971023000.0,0.368,7.249,17.401,17.592,228301000.0,0.0,84.09,0.695,0.703,2162438000.0,3845593000.0,4137908000.0,4137908000.0,0.0,,,,,18273000.0,458266000.0,1.0,137504393.0,137765000,139460000.0,30.036,3059668000.0,9993000.0,58911000.0,85580000.0,22.209,1319751000.0
11,CHRW,MRQ,2018-09-30,2018-09-30,2018-09-30,2021-08-02,-57414000.0,4492722000.0,,2805065000.0,1687657000.0,,11.287,-19504000.0,297801000.0,297801000.0,3597856000.0,175895000.0,1.851,1.868,1416156000.0,74853000.0,1341303000.0,1416156000.0,0.0,23923000.0,0.0,0.019,0.46,245973000.0,269896000.0,0.063,269896000.0,245973000.0,239447000.0,1.27,1.25,1.27,1566603000.0,,1566603000.0,14736924342.0,17.0,15.296,200909000.0,1.448,1.0,694044000.0,0.162,1385442000.0,6526000.0,2710303000.0,,0.0,0.0,0.0,0.0,2926119000.0,1515332000.0,1410787000.0,13566277342.0,-12774000.0,0.0,-72019000.0,-66000000.0,-64599000.0,-204328000.0,-19563000.0,0.0,220413000.0,-9296000.0,175895000.0,175895000.0,175895000.0,0.0,0.0,0.041,448071000.0,245973000.0,1077780000.0,0.362,8.66,21.537,21.664,231962000.0,0.0,97.92,0.825,0.826,2251944000.0,3728503000.0,4291900000.0,4291900000.0,0.0,,,,,21928000.0,448071000.0,1.0,138544499.0,138797000,140160000.0,30.922,3107280000.0,9270000.0,63552000.0,83671000.0,22.387,1289733000.0
12,CHRW,MRQ,2018-06-30,2018-06-30,2018-06-30,2021-08-02,-46537000.0,4453284000.0,,2758656000.0,1694628000.0,,10.886,-14620000.0,310575000.0,310575000.0,3604554000.0,159163000.0,1.809,1.933,1481222000.0,140168000.0,1341054000.0,1481222000.0,0.0,24238000.0,0.0,0.022,0.46,219008000.0,243246000.0,0.057,243246000.0,219008000.0,213880000.0,1.14,1.13,1.14,1518159000.0,,1518159000.0,12774818790.0,16.0,14.007,93280000.0,0.669,1.0,671483000.0,0.157,1396032000.0,5128000.0,2703172000.0,,0.0,0.0,0.0,0.0,2935125000.0,1524727000.0,1410398000.0,11648704790.0,-39207000.0,-1315000.0,-60448000.0,6012000.0,-65177000.0,-120415000.0,-16755000.0,0.0,107900000.0,-9937000.0,159163000.0,159163000.0,159163000.0,0.0,0.0,0.037,452475000.0,219008000.0,1059669000.0,0.404,7.673,20.322,20.405,228325000.0,0.0,83.66,0.731,0.732,2202460000.0,3617324000.0,4276037000.0,4276037000.0,0.0,,,,,25292000.0,452475000.0,1.0,139238642.0,139464000,140611000.0,30.661,3057252000.0,10714000.0,54717000.0,86536000.0,21.921,1233929000.0
13,CHRW,MRQ,2018-03-31,2018-03-31,2018-03-31,2021-08-02,-19025000.0,4307776000.0,,2591013000.0,1716763000.0,,10.602,-15463000.0,349782000.0,349782000.0,3299402000.0,142297000.0,1.299,1.902,1475896000.0,725896000.0,750000000.0,1475896000.0,0.0,24241000.0,0.0,0.019,0.46,191585000.0,215826000.0,0.055,215826000.0,191585000.0,180885000.0,1.02,1.01,1.02,1484672000.0,,1484672000.0,14323328486.0,18.0,16.397,185107000.0,1.322,1.0,625925000.0,0.159,1414724000.0,10700000.0,2024756000.0,,0.0,0.0,0.0,0.0,2823104000.0,1994410000.0,828694000.0,13095859486.0,15892000.0,0.0,-23203000.0,-64000000.0,-65382000.0,-170676000.0,-16189000.0,0.0,200570000.0,2187000.0,142297000.0,142297000.0,142297000.0,0.0,0.0,0.036,434340000.0,191585000.0,990065000.0,0.451,8.821,24.939,24.989,230609000.0,0.0,93.71,0.852,0.853,2019333000.0,3523245000.0,3925327000.0,3925327000.0,0.0,,,,,11910000.0,434340000.0,1.0,139748794.0,140032000,141270000.0,28.032,2893052000.0,11126000.0,38588000.0,120879000.0,20.66,596603000.0
14,CHRW,MRQ,2017-12-31,2017-12-31,2017-12-31,2021-08-02,-18460000.0,4235834000.0,,2510936000.0,1724898000.0,,10.216,-11527000.0,333890000.0,333890000.0,3327937000.0,152556000.0,1.263,1.971,1561359000.0,811359000.0,750000000.0,1561359000.0,0.0,23637000.0,0.0,0.02,0.46,210876000.0,234513000.0,0.059,234513000.0,210876000.0,193374000.0,1.09,1.08,1.09,1425745000.0,,1425745000.0,13661644999.0,18.0,15.737,154125000.0,1.104,1.0,631849000.0,0.16,1427401000.0,17502000.0,2048453000.0,,0.0,0.0,0.0,0.0,2810089000.0,1987449000.0,822640000.0,12419617999.0,36583000.0,-622000.0,-40634000.0,-4000000.0,-65457000.0,-110902000.0,-12874000.0,0.0,165652000.0,-5293000.0,152556000.0,152556000.0,152556000.0,0.0,0.0,0.039,420973000.0,210876000.0,1000305000.0,0.422,8.711,24.599,24.816,230326000.0,0.0,89.09,0.835,0.842,2113930000.0,3437093000.0,3959786000.0,3959786000.0,0.0,,,,,15547000.0,420973000.0,1.0,139405298.0,139554000,141319000.0,28.375,2808433000.0,6870000.0,40818000.0,84279000.0,20.124,523487000.0
15,CHRW,MRQ,2017-09-30,2017-09-30,2017-09-30,2021-08-02,-22880000.0,4175588000.0,,2454846000.0,1720742000.0,,9.649,-13448000.0,297307000.0,297307000.0,3190605000.0,119186000.0,1.236,2.082,1539334000.0,789334000.0,750000000.0,1539334000.0,0.0,23963000.0,0.0,0.024,0.45,194465000.0,218428000.0,0.058,218428000.0,194465000.0,183981000.0,0.85,0.85,0.85,1354875000.0,,1354875000.0,11829061775.0,16.0,13.931,54890000.0,0.391,1.0,593846000.0,0.157,1436145000.0,10484000.0,1995168000.0,,0.0,0.0,0.0,0.0,2820713000.0,1986302000.0,834411000.0,10683379775.0,24125000.0,-46666000.0,-56041000.0,127000000.0,-63959000.0,5880000.0,-58815000.0,0.0,68338000.0,8722000.0,119186000.0,119186000.0,119186000.0,0.0,0.0,0.031,399381000.0,194465000.0,1033726000.0,0.529,7.885,22.508,22.582,232905000.0,0.0,76.1,0.746,0.746,2104314000.0,3349994000.0,3784451000.0,3784451000.0,0.0,,,,,6342000.0,399381000.0,1.0,140386068.0,140422000,141022000.0,26.951,2739443000.0,5917000.0,64795000.0,95647000.0,19.509,468544000.0
16,CHRW,MRQ,2017-06-30,2017-06-30,2017-06-30,2021-08-02,-37306000.0,3965889000.0,,2285022000.0,1680867000.0,,9.48,-16250000.0,273182000.0,273182000.0,3136229000.0,111071000.0,1.271,1.966,1418864000.0,668864000.0,750000000.0,1418864000.0,0.0,22946000.0,0.0,0.026,0.45,181820000.0,204766000.0,0.055,204766000.0,181820000.0,172452000.0,0.79,0.78,0.79,1337208000.0,,1337208000.0,10763216946.0,14.0,12.521,41065000.0,0.291,1.0,573789000.0,0.155,1397042000.0,9368000.0,1917035000.0,,0.0,0.0,0.0,0.0,2628681000.0,1797494000.0,831187000.0,9678990946.0,43388000.0,0.0,-37504000.0,102000000.0,-64209000.0,-384000.0,-17401000.0,0.0,57315000.0,3858000.0,111071000.0,111071000.0,111071000.0,0.0,0.0,0.03,391969000.0,181820000.0,978431000.0,0.57,7.238,19.978,20.082,234312000.0,0.0,68.68,0.697,0.697,1948204000.0,3294767000.0,3710018000.0,3710018000.0,0.0,,,,,3285000.0,391969000.0,1.0,140928814.0,141061000,141587000.0,26.301,2568847000.0,5142000.0,61381000.0,96949000.0,18.211,487528000.0
17,CHRW,MRQ,2017-03-31,2017-03-31,2017-03-31,2021-08-02,-44037000.0,3775744000.0,,2092610000.0,1683134000.0,,9.301,-16720000.0,229794000.0,229794000.0,2846559000.0,122080000.0,1.115,1.869,1314020000.0,814020000.0,500000000.0,1314020000.0,0.0,22431000.0,0.0,0.023,0.45,187958000.0,210389000.0,0.062,210389000.0,187958000.0,178656000.0,0.86,0.86,0.86,1315874000.0,,1315874000.0,12000067861.0,15.0,13.234,75976000.0,0.537,1.0,568566000.0,0.166,1403895000.0,9302000.0,1578708000.0,,0.0,0.0,0.0,0.0,2459870000.0,1877367000.0,582503000.0,10925681861.0,-17872000.0,-1780000.0,-13176000.0,0.0,-64597000.0,-96728000.0,-18444000.0,0.0,92696000.0,4604000.0,122080000.0,122080000.0,122080000.0,0.0,0.0,0.036,380608000.0,187958000.0,893237000.0,0.523,8.303,21.153,21.292,235059000.0,0.0,77.29,0.81,0.811,1802777000.0,3248014000.0,3415125000.0,3415125000.0,0.0,,,,,2974000.0,380608000.0,1.0,141359579.0,141484000,141858000.0,24.138,2371849000.0,3527000.0,56576000.0,141277000.0,16.764,215243000.0
18,CHRW,MRQ,2016-12-31,2016-12-31,2016-12-31,2021-08-02,-61442000.0,3687758000.0,,2008102000.0,1679656000.0,,8.877,-20326000.0,247666000.0,247666000.0,2853459000.0,122303000.0,1.088,1.932,1322052000.0,822052000.0,500000000.0,1322052000.0,0.0,21953000.0,0.0,0.024,0.45,193565000.0,215518000.0,0.063,215518000.0,193565000.0,190447000.0,0.87,0.86,0.87,1257847000.0,,1257847000.0,11452255432.0,14.0,12.555,132254000.0,0.933,1.0,561516000.0,0.164,1400321000.0,3118000.0,1516105000.0,,0.0,0.0,0.0,0.0,2429911000.0,1845718000.0,584193000.0,10374310432.0,23217000.0,0.0,-60572000.0,15000000.0,-54301000.0,-99076000.0,-20939000.0,0.0,152580000.0,-9348000.0,122303000.0,122303000.0,122303000.0,0.0,0.0,0.036,367951000.0,193565000.0,839736000.0,0.517,8.248,20.208,20.35,232953000.0,0.0,73.26,0.789,0.795,1711191000.0,3190578000.0,3414975000.0,3414975000.0,0.0,,,,,5684000.0,367951000.0,1.0,141609479.0,141704000,142229000.0,24.099,2287437000.0,2250000.0,68144000.0,99443000.0,16.142,162384000.0
19,CHRW,MRQ,2016-09-30,2016-09-30,2016-09-30,2021-08-02,-37455000.0,3664062000.0,,1967549000.0,1696513000.0,,8.903,-27135000.0,224449000.0,224449000.0,2797292000.0,129028000.0,1.093,1.886,1302394000.0,802394000.0,500000000.0,1302394000.0,0.0,17657000.0,0.0,0.024,0.43,211267000.0,228924000.0,0.068,228924000.0,211267000.0,203841000.0,0.9,0.9,0.9,1269668000.0,,1269668000.0,10892014829.0,13.0,11.735,102432000.0,0.718,1.0,558462000.0,0.166,1425417000.0,7426000.0,1516793000.0,,0.0,0.0,0.0,0.0,2394394000.0,1799797000.0,594597000.0,10055168829.0,17366000.0,-220203000.0,-59966000.0,260000000.0,-63609000.0,135441000.0,-247668000.0,0.0,129567000.0,26000.0,129028000.0,129028000.0,129028000.0,0.0,0.0,0.038,347195000.0,211267000.0,820299000.0,0.478,7.92,19.424,19.464,226470000.0,0.0,70.46,0.777,0.777,1682686000.0,3122577000.0,3355754000.0,3355754000.0,0.0,,,,,2738000.0,347195000.0,1.0,142707477.0,142611000,142883000.0,23.531,2238645000.0,5755000.0,74813000.0,105127000.0,15.698,167752000.0
20,CHRW,MRQ,2016-06-30,2016-06-30,2016-06-30,2021-08-02,-37973000.0,3349070000.0,,1879102000.0,1469968000.0,,8.831,-26151000.0,207083000.0,207083000.0,2705526000.0,143090000.0,1.26,1.652,1043929000.0,543929000.0,500000000.0,1043929000.0,0.0,18184000.0,0.0,0.022,0.43,233747000.0,251931000.0,0.076,251931000.0,233747000.0,227482000.0,1.0,1.0,1.0,1262840000.0,,1262840000.0,11461409723.0,13.0,12.08,116960000.0,0.818,1.0,594215000.0,0.18,1216833000.0,6265000.0,1477626000.0,,0.0,0.0,0.0,0.0,2086230000.0,1491457000.0,594773000.0,10600422723.0,27677000.0,0.0,-18857000.0,-5000000.0,-63632000.0,-87075000.0,-25786000.0,0.0,143111000.0,-2573000.0,143090000.0,143090000.0,143090000.0,0.0,0.0,0.043,360468000.0,233747000.0,757792000.0,0.43,8.394,20.074,20.177,211905000.0,0.0,74.25,0.815,0.817,1602631000.0,3057158000.0,3299741000.0,3299741000.0,0.0,,,,,9329000.0,360468000.0,1.0,142766636.0,142998000,143216000.0,23.075,2132237000.0,10261000.0,84392000.0,136646000.0,14.911,387645000.0
21,CHRW,MRQ,2016-03-31,2016-03-31,2016-03-31,2021-08-02,-34396000.0,3162245000.0,,1705716000.0,1456529000.0,,8.304,-17825000.0,179406000.0,179406000.0,2510608000.0,118963000.0,1.243,1.653,1040393000.0,540393000.0,500000000.0,1040393000.0,0.0,16875000.0,0.0,0.022,0.43,198952000.0,215827000.0,0.07,215827000.0,198952000.0,190180000.0,0.83,0.83,0.83,1191806000.0,,1191806000.0,11500973211.0,13.0,12.204,86325000.0,0.601,1.0,563335000.0,0.183,1223574000.0,8772000.0,1427603000.0,,0.0,0.0,0.0,0.0,1970439000.0,1372055000.0,598384000.0,10632904211.0,11177000.0,0.0,-14259000.0,20000000.0,-63888000.0,-76590000.0,-18595000.0,0.0,104150000.0,2212000.0,118963000.0,118963000.0,118963000.0,0.0,0.0,0.039,364383000.0,198952000.0,690692000.0,0.518,8.922,20.362,20.506,195920000.0,0.0,74.23,0.803,0.804,1463240000.0,2977710000.0,3073943000.0,3073943000.0,0.0,,,,,1352000.0,364383000.0,1.0,143242681.0,143525000,143658000.0,21.417,1938671000.0,15631000.0,71217000.0,130765000.0,13.508,333661000.0
22,CHRW,MRQ,2015-12-31,2015-12-31,2015-12-31,2021-08-02,-37946000.0,3184358000.0,,1730698000.0,1453660000.0,,8.012,-11831000.0,168229000.0,168229000.0,2640076000.0,126583000.0,1.195,1.768,1036298000.0,536298000.0,500000000.0,1036298000.0,0.0,16896000.0,0.0,0.025,0.43,214579000.0,231475000.0,0.072,231475000.0,214579000.0,201108000.0,0.89,0.88,0.89,1150450000.0,,1150450000.0,9855411631.0,11.0,10.658,242062000.0,1.686,1.0,570777000.0,0.178,1228579000.0,13471000.0,1375251000.0,,0.0,0.0,0.0,0.0,2033908000.0,1448597000.0,585311000.0,8907613631.0,25142000.0,-2725000.0,-66227000.0,-80000000.0,-64167000.0,-209532000.0,-14450000.0,0.0,253893000.0,-4769000.0,126583000.0,126583000.0,126583000.0,0.0,0.0,0.039,356198000.0,214579000.0,697585000.0,0.483,7.743,17.476,17.619,190874000.0,0.0,62.02,0.661,0.667,1505620000.0,2922620000.0,3210853000.0,3210853000.0,0.0,,,,,5601000.0,356198000.0,1.0,143624857.0,143599000,144593000.0,22.36,1955779000.0,16788000.0,74525000.0,97667000.0,13.62,282101000.0
23,CHRW,MRQ,2015-09-30,2015-09-30,2015-09-30,2021-08-02,-44073000.0,3312565000.0,,1856211000.0,1456354000.0,,7.825,-13206000.0,143087000.0,143087000.0,2830678000.0,139432000.0,1.174,1.928,1090885000.0,590885000.0,500000000.0,1090885000.0,0.0,16831000.0,0.0,0.022,0.38,232711000.0,249542000.0,0.073,249542000.0,232711000.0,226152000.0,0.96,0.96,0.96,1131363000.0,,1131363000.0,10623918101.0,13.0,11.876,200041000.0,1.384,1.0,588575000.0,0.172,1224093000.0,6559000.0,1455011000.0,,0.0,0.0,0.0,0.0,2181202000.0,1581259000.0,599943000.0,9604184101.0,-28364000.0,2035000.0,-68014000.0,-100000000.0,-56931000.0,-224477000.0,-10997000.0,0.0,213247000.0,-6137000.0,139432000.0,139432000.0,139432000.0,0.0,0.0,0.041,355864000.0,232711000.0,799307000.0,0.396,8.489,19.361,19.862,190244000.0,0.0,67.73,0.705,0.719,1651794000.0,2860204000.0,3419253000.0,3419253000.0,0.0,,,,,12493000.0,355864000.0,1.0,141801035.0,144578000,144782000.0,23.65,2088472000.0,16057000.0,86720000.0,120947000.0,14.445,274952000.0
24,CHRW,MRQ,2015-06-30,2015-06-30,2015-06-30,2021-08-02,-37678000.0,3404014000.0,,1944339000.0,1459675000.0,,7.641,-12939000.0,171451000.0,171451000.0,2961070000.0,137208000.0,1.147,2.062,1191185000.0,691185000.0,500000000.0,1191185000.0,0.0,16439000.0,0.0,0.024,0.38,229095000.0,245534000.0,0.069,245534000.0,229095000.0,223201000.0,0.94,0.94,0.94,1111851000.0,,1111851000.0,10159536405.0,13.0,11.78,137862000.0,0.947,1.0,584018000.0,0.165,1230029000.0,5894000.0,1498901000.0,,0.0,0.0,0.0,0.0,2292163000.0,1694818000.0,597345000.0,9098784405.0,35668000.0,0.0,-49049000.0,0.0,-57182000.0,-105899000.0,-13040000.0,0.0,150801000.0,3806000.0,137208000.0,137208000.0,137208000.0,0.0,0.0,0.039,354923000.0,229095000.0,832861000.0,0.404,8.183,18.892,18.906,190849000.0,0.0,62.39,0.666,0.664,1706429000.0,2777703000.0,3545088000.0,3545088000.0,0.0,,,,,15683000.0,354923000.0,1.0,145837224.0,145515000,145679000.0,24.362,2173985000.0,7731000.0,85993000.0,122653000.0,14.94,249521000.0
25,CHRW,MRQ,2015-03-31,2015-03-31,2015-03-31,2021-08-02,-41808000.0,3309224000.0,,1846915000.0,1462309000.0,,7.237,-6666000.0,135783000.0,135783000.0,2775780000.0,106476000.0,1.119,2.128,1196535000.0,696535000.0,500000000.0,1196535000.0,0.0,16243000.0,0.0,0.02,0.38,181925000.0,198168000.0,0.06,198168000.0,181925000.0,172320000.0,0.73,0.73,0.73,1058020000.0,,1058020000.0,11409463123.0,15.0,13.712,93729000.0,0.641,1.0,525110000.0,0.159,1235808000.0,9605000.0,1483072000.0,,0.0,0.0,0.0,0.0,2251204000.0,1651096000.0,600108000.0,10714190123.0,6843000.0,-369143000.0,-31016000.0,25000000.0,-57335000.0,-67833000.0,-15959000.0,0.0,100395000.0,-9760000.0,106476000.0,106476000.0,106476000.0,0.0,0.0,0.032,343185000.0,181925000.0,791722000.0,0.521,10.127,23.141,23.171,191141000.0,0.0,73.22,0.786,0.785,1651427000.0,2697680000.0,3300890000.0,3300890000.0,0.0,,,,,15336000.0,343185000.0,1.0,146328737.0,146204000,146383000.0,22.577,2073416000.0,8387000.0,65844000.0,152675000.0,14.182,195819000.0
26,CHRW,MRQ,2014-12-31,2014-12-31,2014-12-31,2021-08-02,-28610000.0,3214338000.0,,2105459000.0,1108879000.0,,7.18,-4366000.0,488328000.0,488328000.0,2855386000.0,112947000.0,1.336,2.07,1183601000.0,683601000.0,500000000.0,1183601000.0,0.0,13567000.0,0.0,0.019,0.38,187728000.0,201295000.0,0.06,201295000.0,187728000.0,181328000.0,0.78,0.77,0.78,1047015000.0,,1047015000.0,11727546205.0,16.0,14.561,203738000.0,1.397,1.0,501816000.0,0.149,923368000.0,6400000.0,1410383000.0,,0.0,0.0,0.0,0.0,2167323000.0,1575860000.0,591463000.0,10955297205.0,1224000.0,0.0,-36749000.0,258516000.0,-57418000.0,164857000.0,-364188000.0,0.0,208104000.0,-7549000.0,112947000.0,112947000.0,112947000.0,0.0,0.0,0.034,314088000.0,187728000.0,716654000.0,0.487,10.463,24.361,24.474,152471000.0,0.0,74.89,0.813,0.818,1571591000.0,2648539000.0,3357202000.0,3357202000.0,0.0,,,,,14300000.0,314088000.0,1.0,146285181.0,145825000,146711000.0,23.022,2290970000.0,7746000.0,68381000.0,95856000.0,15.71,529599000.0
27,CHRW,MRQ,2014-09-30,2014-09-30,2014-09-30,2021-08-02,-20623000.0,2941784000.0,,1824716000.0,1117068000.0,,6.947,-6312000.0,127716000.0,127716000.0,2939798000.0,124981000.0,1.373,1.888,899965000.0,399965000.0,500000000.0,899965000.0,0.0,14093000.0,0.0,0.021,0.35,203337000.0,217430000.0,0.063,217430000.0,203337000.0,197133000.0,0.85,0.85,0.85,1018717000.0,,1018717000.0,10576137252.0,15.0,13.663,170642000.0,1.164,1.0,527564000.0,0.152,929212000.0,6204000.0,1455619000.0,,0.0,0.0,0.0,0.0,1923067000.0,1329202000.0,593865000.0,9759488252.0,-16499000.0,0.0,-73898000.0,-55000000.0,-52681000.0,-181043000.0,-6152000.0,0.0,176954000.0,-6258000.0,124981000.0,124981000.0,124981000.0,0.0,0.0,0.036,324227000.0,203337000.0,767164000.0,0.412,9.58,22.711,22.869,156936000.0,0.0,66.32,0.736,0.733,1640634000.0,2593010000.0,3467362000.0,3467362000.0,0.0,,,,,17138000.0,324227000.0,1.0,147157543.0,146646000,146856000.0,23.644,2012572000.0,8301000.0,72152000.0,107608000.0,13.724,495514000.0
28,CHRW,MRQ,2014-06-30,2014-06-30,2014-06-30,2021-08-02,-11699000.0,3037106000.0,,1909201000.0,1127905000.0,,6.833,-6229000.0,144215000.0,144215000.0,2981881000.0,118596000.0,1.334,2.007,960864000.0,460864000.0,500000000.0,960864000.0,0.0,14800000.0,0.0,0.022,0.35,200382000.0,215182000.0,0.061,215182000.0,200382000.0,194130000.0,0.8,0.8,0.8,1010101000.0,,1010101000.0,10295688846.0,15.0,13.781,107699000.0,0.729,1.0,521037000.0,0.149,936385000.0,6252000.0,1486372000.0,,0.0,0.0,0.0,0.0,2027005000.0,1430998000.0,596007000.0,9468353846.0,1402000.0,0.0,-44138000.0,-10000000.0,-52489000.0,-106020000.0,-6229000.0,0.0,113928000.0,-277000.0,118596000.0,118596000.0,118596000.0,0.0,0.0,0.034,320655000.0,200382000.0,815249000.0,0.438,9.374,22.955,23.281,160268000.0,0.0,63.79,0.722,0.719,1699787000.0,2520710000.0,3502918000.0,3502918000.0,0.0,,,,,11630000.0,320655000.0,1.0,148430065.0,147826000,147974000.0,23.696,2100721000.0,7156000.0,75534000.0,121465000.0,14.211,478203000.0
29,CHRW,MRQ,2014-03-31,2014-03-31,2014-03-31,2021-08-02,-10957000.0,2960168000.0,,1823082000.0,1137086000.0,,6.609,-12595000.0,142813000.0,142813000.0,2685350000.0,93187000.0,1.321,2.016,970148000.0,470148000.0,500000000.0,970148000.0,0.0,14549000.0,0.0,0.027,0.35,156971000.0,171520000.0,0.055,171520000.0,156971000.0,150840000.0,0.63,0.63,0.63,981597000.0,,981597000.0,8559746637.0,13.0,11.749,1845000.0,0.012,1.0,457235000.0,0.145,941681000.0,6131000.0,1465333000.0,,0.0,0.0,0.0,0.0,1978571000.0,1380489000.0,598082000.0,7777676637.0,-19234000.0,0.0,2686000.0,35000000.0,-52420000.0,-21431000.0,-12327000.0,0.0,14440000.0,84000.0,93187000.0,93187000.0,93187000.0,0.0,0.0,0.03,300264000.0,156971000.0,782913000.0,0.556,7.923,19.169,19.845,163957000.0,0.0,52.39,0.603,0.603,1612034000.0,2454598000.0,3142585000.0,3142585000.0,0.0,,,,,4793000.0,300264000.0,1.0,148457275.0,148517000,149008000.0,21.16,2018487000.0,7378000.0,57653000.0,142075000.0,13.591,442593000.0
30,CHRW,MRQ,2013-12-31,2013-12-31,2013-12-31,2021-08-02,-10620000.0,2802818000.0,,1664485000.0,1138333000.0,,6.215,-13970000.0,162047000.0,162047000.0,2708417000.0,92952000.0,1.311,1.983,944117000.0,444117000.0,500000000.0,944117000.0,0.0,14830000.0,0.0,0.024,0.35,155113000.0,169943000.0,0.054,169943000.0,155113000.0,149108000.0,0.62,0.62,0.62,939724000.0,,939724000.0,9621366576.0,14.0,13.01,150878000.0,0.998,1.0,444465000.0,0.141,946540000.0,6005000.0,1368367000.0,,0.0,0.0,0.0,0.0,1863094000.0,1269981000.0,593113000.0,8847905576.0,32324000.0,0.0,-91666000.0,25000000.0,-53127000.0,-118750000.0,-13970000.0,0.0,164848000.0,196000.0,92952000.0,92952000.0,92952000.0,0.0,0.0,0.029,289352000.0,155113000.0,685890000.0,0.565,9.415,21.274,22.019,160703000.0,0.0,58.35,0.694,0.718,1449581000.0,2413833000.0,3152882000.0,3152882000.0,0.0,,,,,-1762000.0,289352000.0,1.0,151635057.0,151200000,151668000.0,20.852,1856278000.0,8286000.0,56156000.0,103883000.0,12.277,394504000.0
31,CHRW,MRQ,2013-09-30,2013-09-30,2013-09-30,2021-08-02,-11895000.0,2891568000.0,,1753441000.0,1138127000.0,,6.3,-11659000.0,129723000.0,129723000.0,2853359000.0,107737000.0,1.342,1.925,903184000.0,403184000.0,500000000.0,903184000.0,0.0,14100000.0,0.0,0.023,0.35,176355000.0,190455000.0,0.057,190455000.0,176355000.0,173720000.0,0.69,0.69,0.69,988563000.0,,988563000.0,9771887346.0,15.0,13.683,112999000.0,0.72,1.0,463306000.0,0.14,950554000.0,2635000.0,1408244000.0,,0.0,0.0,0.0,0.0,1903005000.0,1306231000.0,596774000.0,9495302346.0,-20294000.0,0.0,-564339000.0,484348000.0,-54099000.0,-134914000.0,-11545000.0,0.0,124658000.0,1507000.0,107737000.0,107737000.0,107737000.0,0.0,0.0,0.032,286951000.0,176355000.0,757558000.0,0.507,9.605,16.39,16.461,155693000.0,0.0,59.59,0.755,0.744,1564997000.0,2374011000.0,3316665000.0,3316665000.0,0.0,,,,,971000.0,286951000.0,1.0,159343889.0,156924000,157044000.0,21.135,1941014000.0,8889000.0,65983000.0,119786000.0,12.369,447210000.0
32,CHRW,MRQ,2013-06-30,2013-06-30,2013-06-30,2021-08-02,-14979000.0,2921545000.0,,1782968000.0,1138577000.0,,9.38,-12400000.0,150017000.0,150017000.0,2815660000.0,111872000.0,1.34,0.949,426602000.0,426602000.0,0.0,426602000.0,0.0,14145000.0,0.0,0.025,0.35,182476000.0,196621000.0,0.06,196621000.0,182476000.0,181887000.0,0.7,0.7,0.7,1499065000.0,,1499065000.0,9328787701.0,14.0,12.958,103921000.0,0.65,1.0,472602000.0,0.144,953542000.0,589000.0,913601000.0,,0.0,0.0,0.0,0.0,1422480000.0,1330987000.0,91493000.0,9041099701.0,-9883000.0,19126000.0,-48557000.0,-24977000.0,-56558000.0,-129867000.0,6790000.0,0.0,116321000.0,-3127000.0,111872000.0,111872000.0,111872000.0,0.0,0.0,0.034,290126000.0,182476000.0,747022000.0,0.5,6.031,15.378,15.427,153327000.0,0.0,56.31,0.745,0.742,1570886000.0,2320398000.0,3288262000.0,3288262000.0,0.0,,,,,4770000.0,290126000.0,1.0,160559398.0,159818000,159917000.0,20.575,1968003000.0,10602000.0,70015000.0,142468000.0,12.314,451981000.0
33,CHRW,MRQ,2013-03-31,2013-03-31,2013-03-31,2021-08-02,-11574000.0,2830560000.0,,1690579000.0,1139981000.0,,9.274,-10177000.0,159900000.0,159900000.0,2538545000.0,103343000.0,1.353,0.9,447588000.0,447588000.0,0.0,447588000.0,0.0,13807000.0,0.0,0.023,0.35,168646000.0,182453000.0,0.061,182453000.0,168646000.0,168646000.0,0.64,0.64,0.64,1489685000.0,,1489685000.0,9687910391.0,14.0,13.499,-68227000.0,-0.425,1.0,455722000.0,0.152,957449000.0,0.0,911372000.0,,0.0,0.0,0.0,0.0,1340875000.0,1249427000.0,91448000.0,9576267391.0,-50119000.0,0.0,-37577000.0,136983000.0,-56473000.0,18627000.0,-10134000.0,0.0,-58050000.0,-562000.0,103343000.0,103343000.0,103343000.0,0.0,0.0,0.035,287016000.0,168706000.0,701770000.0,0.547,6.428,16.213,16.246,150896000.0,0.0,59.46,0.811,0.809,1469826000.0,2265084000.0,2994267000.0,2994267000.0,0.0,,,,,5115000.0,287016000.0,1.0,161053942.0,160637000,160690000.0,18.64,1873111000.0,9465000.0,65303000.0,100467000.0,11.661,441152000.0
34,CHRW,MRQ,2012-12-31,2012-12-31,2012-12-31,2021-08-02,-9345000.0,2804225000.0,,1672290000.0,1131935000.0,,9.351,-11765000.0,210019000.0,210019000.0,2526244000.0,256392000.0,1.357,0.864,321662000.0,321662000.0,0.0,321662000.0,0.0,12009000.0,0.0,0.021,0.35,132628000.0,144637000.0,0.049,144637000.0,132628000.0,415770000.0,1.59,1.59,1.59,1504372000.0,,1504372000.0,9917633775.0,15.0,13.902,181421000.0,1.128,1.0,444632000.0,0.15,959626000.0,-283142000.0,724025000.0,,0.0,0.0,0.0,0.0,1299853000.0,1232217000.0,67636000.0,10190588775.0,-62936000.0,-308829000.0,-72935000.0,248363000.0,-112080000.0,64129000.0,-320381000.0,0.0,193186000.0,130000.0,256392000.0,256392000.0,256392000.0,0.0,0.0,0.086,311028000.0,133604000.0,639460000.0,0.22,6.774,17.162,17.179,149851000.0,0.0,63.22,0.897,0.899,1412136000.0,2218229000.0,2970876000.0,2970876000.0,0.0,,,,,38304000.0,311028000.0,1.0,161192483.0,160876000,161658000.0,18.467,1844599000.0,11780000.0,159378000.0,187284000.0,11.466,440073000.0
35,CHRW,MRQ,2012-09-30,2012-09-30,2012-09-30,2021-08-02,-9878000.0,2243267000.0,,1726166000.0,517101000.0,,8.029,-13921000.0,272955000.0,272955000.0,2447739000.0,116330000.0,1.84,0.738,0.0,0.0,0.0,0.0,0.0,8873000.0,0.0,0.023,0.33,187333000.0,196206000.0,0.068,196206000.0,187333000.0,187333000.0,0.72,0.72,0.72,1290875000.0,,1290875000.0,9218549503.0,13.0,12.277,143207000.0,0.891,1.0,432670000.0,0.15,382664000.0,0.0,649593000.0,,0.0,0.0,0.0,0.0,952392000.0,938055000.0,14337000.0,9459176503.0,32328000.0,0.0,-58517000.0,0.0,-54122000.0,-112590000.0,-13907000.0,0.0,157128000.0,1697000.0,116330000.0,116330000.0,116330000.0,0.0,0.0,0.04,245413000.0,187257000.0,729744000.0,0.458,7.328,21.179,21.302,134437000.0,0.0,58.58,0.863,0.86,1334577000.0,2020112000.0,2880409000.0,2880409000.0,0.0,,,,,4518000.0,245413000.0,1.0,161474505.0,160782000,161003000.0,17.915,1860603000.0,6639000.0,71003000.0,47925000.0,11.572,788111000.0
36,CHRW,MRQ,2012-06-30,2012-06-30,2012-06-30,2021-08-02,-11745000.0,2239999000.0,,1707601000.0,532398000.0,,7.896,-11150000.0,240627000.0,240627000.0,2530191000.0,114582000.0,1.799,0.752,0.0,0.0,0.0,0.0,0.0,8791000.0,0.0,0.022,0.33,185600000.0,194391000.0,0.066,194391000.0,185600000.0,185600000.0,0.71,0.71,0.71,1278190000.0,,1278190000.0,9208942186.0,13.0,12.326,21794000.0,0.135,1.0,425523000.0,0.144,400143000.0,0.0,649888000.0,,0.0,0.0,0.0,0.0,961809000.0,949341000.0,12468000.0,9520307186.0,-70738000.0,0.0,-36885000.0,0.0,-54426000.0,-90547000.0,-10962000.0,0.0,32944000.0,-2173000.0,114582000.0,114582000.0,114582000.0,0.0,0.0,0.039,240609000.0,184914000.0,834692000.0,0.465,7.448,21.411,21.44,132255000.0,0.0,58.53,0.884,0.88,1415390000.0,1957462000.0,2955714000.0,2955714000.0,0.0,,,,,6793000.0,240609000.0,1.0,162656880.0,161887000,162200000.0,18.258,1839856000.0,6743000.0,71018000.0,60890000.0,11.365,758260000.0
37,CHRW,MRQ,2012-03-31,2012-03-31,2012-03-31,2021-08-02,-8888000.0,2134285000.0,,1601131000.0,533154000.0,,7.672,-13820000.0,311365000.0,311365000.0,2137368000.0,106500000.0,1.836,0.71,0.0,0.0,0.0,0.0,0.0,8417000.0,0.0,0.019,0.33,169759000.0,178176000.0,0.07,178176000.0,169759000.0,169759000.0,0.65,0.65,0.65,1248113000.0,,1248113000.0,10385892153.0,15.0,14.01,63264000.0,0.389,1.0,414746000.0,0.163,402393000.0,0.0,548660000.0,,0.0,0.0,0.0,0.0,886172000.0,871867000.0,14305000.0,10697499153.0,-62304000.0,0.0,-57862000.0,0.0,-54725000.0,-125330000.0,-13816000.0,0.0,77084000.0,-242000.0,106500000.0,106500000.0,106500000.0,0.0,0.0,0.042,245201000.0,169545000.0,747638000.0,0.508,8.571,24.253,24.346,130761000.0,0.0,65.49,1.017,1.013,1245379000.0,1897041000.0,2552114000.0,2552114000.0,0.0,,,,,9766000.0,245201000.0,1.0,163345536.0,162693000,163023000.0,15.687,1731892000.0,6134000.0,63259000.0,90817000.0,10.645,729264000.0
38,CHRW,MRQ,2011-12-31,2011-12-31,2011-12-31,2021-08-02,-9115000.0,2138041000.0,,1611543000.0,526498000.0,,7.663,-23725000.0,373669000.0,373669000.0,2166899000.0,109214000.0,1.838,0.713,62062000.0,62062000.0,0.0,62062000.0,0.0,8784000.0,0.0,0.017,0.33,173328000.0,182112000.0,0.071,182112000.0,173328000.0,173328000.0,0.67,0.67,0.67,1248474000.0,,1248474000.0,11073583255.0,16.0,15.228,112432000.0,0.69,1.0,401385000.0,0.156,369717000.0,0.0,580085000.0,,0.0,0.0,0.0,0.0,889567000.0,876632000.0,12935000.0,11456320255.0,-9068000.0,0.0,-75627000.0,0.0,-48379000.0,-122447000.0,-23704000.0,0.0,136157000.0,926000.0,109214000.0,109214000.0,109214000.0,0.0,0.0,0.043,229430000.0,171955000.0,642672000.0,0.493,9.176,26.543,26.532,126830000.0,0.0,69.78,1.108,1.108,1189637000.0,1845032000.0,2568284000.0,2568284000.0,0.0,,,,,6527000.0,229430000.0,1.0,164177705.0,162920000,163682000.0,15.764,1768324000.0,8382000.0,64114000.0,15799000.0,10.854,734911000.0
39,CHRW,MRQ,2011-09-30,2011-09-30,2011-09-30,2021-08-02,-9063000.0,2179438000.0,,1656748000.0,522690000.0,,7.736,-9296000.0,382737000.0,382737000.0,2271862000.0,114347000.0,1.848,0.718,0.0,0.0,0.0,0.0,0.0,8415000.0,0.0,0.021,0.29,184015000.0,192430000.0,0.071,192430000.0,184015000.0,184015000.0,0.7,0.7,0.7,1268224000.0,,1268224000.0,11003278359.0,16.0,15.353,205405000.0,1.253,1.0,423066000.0,0.157,398038000.0,0.0,501954000.0,,0.0,0.0,0.0,0.0,911214000.0,896709000.0,14505000.0,11319175359.0,66840000.0,0.0,-93652000.0,0.0,-48756000.0,-142241000.0,-4140000.0,0.0,214701000.0,-1480000.0,114347000.0,114347000.0,114347000.0,0.0,0.0,0.042,239101000.0,183965000.0,740977000.0,0.414,8.925,26.598,26.436,114806000.0,0.0,68.47,1.121,1.112,1238079000.0,1790600000.0,2694928000.0,2694928000.0,0.0,,,,,9465000.0,239101000.0,1.0,165315837.0,163948000,164471000.0,16.438,1781400000.0,15093000.0,69668000.0,62554000.0,10.866,760039000.0
40,CHRW,MRQ,2011-06-30,2011-06-30,2011-06-30,2021-08-02,-6890000.0,2193797000.0,,1676081000.0,517716000.0,,7.827,-10155000.0,315897000.0,315897000.0,2289796000.0,111023000.0,1.883,0.703,0.0,0.0,0.0,0.0,0.0,8160000.0,0.0,0.018,0.29,180421000.0,188581000.0,0.07,188581000.0,180421000.0,180421000.0,0.67,0.67,0.67,1288426000.0,,1288426000.0,12693697174.0,19.0,18.182,16086000.0,0.098,1.0,417866000.0,0.154,395348000.0,0.0,592665000.0,,0.0,0.0,0.0,0.0,905371000.0,889887000.0,15484000.0,13053032174.0,-43438000.0,0.0,-14412000.0,0.0,-48711000.0,-60934000.0,-9184000.0,984000.0,26241000.0,439000.0,111023000.0,111023000.0,111023000.0,0.0,0.0,0.041,237771000.0,180095000.0,758023000.0,0.433,10.131,31.541,31.41,114872000.0,0.0,78.84,1.329,1.322,1311192000.0,1724632000.0,2707662000.0,2707662000.0,0.0,,,,,10099000.0,237771000.0,1.0,165563574.0,164607000,165194000.0,16.449,1798449000.0,15350000.0,69398000.0,65936000.0,10.926,786194000.0
41,CHRW,MRQ,2011-03-31,2011-03-31,2011-03-31,2021-08-02,-7525000.0,2096334000.0,,1582071000.0,514263000.0,,7.434,-9630000.0,359335000.0,359335000.0,1975131000.0,97028000.0,1.857,0.708,0.0,0.0,0.0,0.0,0.0,7139000.0,0.0,0.018,0.29,156940000.0,164079000.0,0.069,164079000.0,156940000.0,156940000.0,0.59,0.59,0.59,1227526000.0,,1227526000.0,11970830138.0,19.0,17.774,42983000.0,0.26,1.0,390341000.0,0.165,393512000.0,0.0,491728000.0,,0.0,982000.0,982000.0,0.0,868808000.0,851759000.0,17049000.0,12309837138.0,-39272000.0,0.0,-38307000.0,0.0,-48851000.0,-89476000.0,-1285000.0,8327000.0,52613000.0,-1124000.0,97028000.0,97028000.0,97028000.0,0.0,0.0,0.041,233626000.0,156715000.0,709124000.0,0.492,10.028,30.771,30.506,114779000.0,0.0,74.13,1.287,1.28,1175775000.0,1662227000.0,2365472000.0,2365472000.0,0.0,,,,,12510000.0,233626000.0,1.0,166057428.0,165124000,165764000.0,14.325,1702822000.0,15358000.0,59912000.0,104306000.0,10.312,730312000.0
42,CHRW,MRQ,2010-12-31,2010-12-31,2010-12-31,2021-08-02,-6425000.0,1995699000.0,,1481768000.0,513931000.0,,7.309,-6962000.0,398607000.0,398607000.0,1937185000.0,103161000.0,1.92,0.657,59600000.0,59600000.0,0.0,59600000.0,0.0,7256000.0,0.0,0.017,0.58,164321000.0,171577000.0,0.074,171577000.0,164321000.0,164321000.0,0.63,0.62,0.63,1204068000.0,,1204068000.0,13063366625.0,21.0,19.991,200681000.0,1.218,1.0,388164000.0,0.167,372611000.0,0.0,512474000.0,,0.0,9290000.0,9290000.0,0.0,791631000.0,771607000.0,20024000.0,13312799625.0,149174000.0,0.0,-30178000.0,0.0,-42193000.0,-75100000.0,17847000.0,24881000.0,207643000.0,-1216000.0,103161000.0,103161000.0,103161000.0,0.0,0.0,0.044,224099000.0,164065000.0,567961000.0,0.921,11.057,34.398,34.123,114333000.0,0.0,80.19,1.435,1.426,1036070000.0,1613912000.0,2325349000.0,2325349000.0,0.0,,,,,14479000.0,224099000.0,1.0,166015708.0,164732000,165933000.0,14.116,1623088000.0,13302000.0,61160000.0,57722000.0,9.853,710161000.0
43,CHRW,MRQ,2010-09-30,2010-09-30,2010-09-30,2021-08-02,-4551000.0,1982084000.0,,1466940000.0,515144000.0,,7.108,-8970000.0,249433000.0,249433000.0,2037777000.0,102627000.0,1.858,0.693,0.0,0.0,0.0,0.0,0.0,7412000.0,0.0,0.014,0.25,166482000.0,173894000.0,0.072,173894000.0,166482000.0,166482000.0,0.62,0.62,0.62,1170580000.0,,1170580000.0,11431082104.0,19.0,18.043,118293000.0,0.718,1.0,382580000.0,0.158,391010000.0,0.0,552156000.0,,0.0,34123000.0,34123000.0,0.0,811504000.0,789485000.0,22019000.0,11597207104.0,83308000.0,0.0,-16590000.0,0.0,-42073000.0,-53463000.0,6285000.0,15240000.0,127263000.0,3223000.0,102627000.0,102627000.0,102627000.0,0.0,0.0,0.042,216247000.0,166333000.0,670910000.0,0.403,9.907,31.209,31.076,116259000.0,0.0,69.92,1.295,1.286,1142457000.0,1559738000.0,2420357000.0,2420357000.0,0.0,,,,,10187000.0,216247000.0,1.0,165863946.0,164691000,165576000.0,14.696,1591074000.0,12017000.0,63855000.0,13286000.0,9.661,677455000.0
44,CHRW,MRQ,2010-06-30,2010-06-30,2010-06-30,2021-08-02,-11032000.0,1921894000.0,,1410856000.0,511038000.0,,6.706,-8377000.0,166125000.0,166125000.0,2089349000.0,97226000.0,1.781,0.739,0.0,0.0,0.0,0.0,0.0,7142000.0,0.0,0.018,0.25,156818000.0,163960000.0,0.067,163960000.0,156818000.0,156818000.0,0.59,0.59,0.59,1104872000.0,,1104872000.0,9003811324.0,15.0,14.465,-2429000.0,-0.015,1.0,364633000.0,0.149,387138000.0,0.0,576458000.0,,0.0,49397000.0,49397000.0,0.0,817022000.0,792173000.0,24849000.0,9233456324.0,-63520000.0,0.0,-17385000.0,0.0,-42227000.0,-57706000.0,-9081000.0,4298000.0,5948000.0,-2681000.0,97226000.0,97226000.0,97226000.0,0.0,0.0,0.04,208178000.0,156455000.0,697375000.0,0.424,8.357,25.337,25.3,115438000.0,0.0,55.66,1.087,1.08,1150283000.0,1499271000.0,2453982000.0,2453982000.0,0.0,,,,,7717000.0,208178000.0,1.0,165890340.0,164749000,165765000.0,14.895,1534756000.0,11613000.0,59592000.0,12195000.0,9.316,618683000.0
45,CHRW,MRQ,2010-03-31,2010-03-31,2010-03-31,2021-08-02,-5764000.0,1842207000.0,,1323438000.0,518769000.0,,6.426,-4368000.0,229645000.0,229645000.0,1742016000.0,84012000.0,1.75,0.733,0.0,0.0,0.0,0.0,0.0,7559000.0,0.0,0.018,0.25,136481000.0,144040000.0,0.069,144040000.0,136481000.0,136481000.0,0.51,0.5,0.51,1063095000.0,,1063095000.0,9042738676.0,15.0,14.673,-443000.0,-0.003,1.0,332601000.0,0.16,389444000.0,0.0,467058000.0,,0.0,52716000.0,52716000.0,0.0,779112000.0,756060000.0,23052000.0,9302788676.0,-107663000.0,0.0,-62847000.0,0.0,-42409000.0,-102865000.0,-6453000.0,-2060000.0,3925000.0,-2270000.0,84012000.0,84012000.0,84012000.0,0.0,0.0,0.04,196594000.0,136007000.0,643235000.0,0.49,8.751,25.88,25.856,115543000.0,0.0,55.85,1.168,1.16,1002807000.0,1444152000.0,2074617000.0,2074617000.0,0.0,,,,,4664000.0,196594000.0,1.0,166567389.0,165440000,166575000.0,12.54,1452763000.0,18567000.0,52469000.0,11539000.0,8.781,567378000.0
46,CHRW,MRQ,2009-12-31,2009-12-31,2009-12-31,2021-08-02,-1636000.0,1834248000.0,,1307269000.0,526979000.0,,6.495,-5473000.0,337308000.0,337308000.0,1669280000.0,87734000.0,1.786,0.699,77258000.0,77258000.0,0.0,77258000.0,0.0,8319000.0,0.0,0.017,0.25,143350000.0,151669000.0,0.076,151669000.0,143350000.0,143350000.0,0.53,0.52,0.53,1079900000.0,,1079900000.0,9475181006.0,16.0,15.343,124727000.0,0.75,1.0,339086000.0,0.169,380037000.0,0.0,462354000.0,,0.0,48310000.0,48310000.0,0.0,754348000.0,731807000.0,22541000.0,9851455006.0,-38966000.0,2392000.0,-86442000.0,0.0,-40842000.0,-125370000.0,-42419000.0,-39310000.0,130200000.0,-1377000.0,87734000.0,87734000.0,87734000.0,0.0,0.0,0.044,196328000.0,142758000.0,529256000.0,0.472,9.123,27.302,27.316,117699000.0,0.0,58.73,1.3,1.3,885543000.0,1402306000.0,2008366000.0,2008366000.0,0.0,,,,,4080000.0,196328000.0,1.0,167741444.0,166276000,167538000.0,12.079,1454211000.0,20876000.0,55616000.0,44984000.0,8.746,575462000.0
47,CHRW,MRQ,2009-09-30,2009-09-30,2009-09-30,2021-08-02,202000.0,1842033000.0,,1312280000.0,529753000.0,,6.688,-8968000.0,376274000.0,376274000.0,1602237000.0,95460000.0,1.88,0.647,0.0,0.0,0.0,0.0,0.0,7541000.0,0.0,0.017,0.24,155240000.0,162781000.0,0.083,162781000.0,155240000.0,155240000.0,0.57,0.57,0.57,1118243000.0,,1118243000.0,9367072036.0,16.0,15.175,147066000.0,0.88,1.0,352566000.0,0.18,395467000.0,0.0,372271000.0,,0.0,11918000.0,11918000.0,0.0,723790000.0,698021000.0,25769000.0,9723943036.0,19403000.0,-31125000.0,-48912000.0,0.0,-41175000.0,-86261000.0,-51217000.0,-11298000.0,156034000.0,847000.0,95460000.0,95460000.0,95460000.0,0.0,0.0,0.049,197765000.0,154801000.0,590798000.0,0.421,8.696,26.863,26.986,118785000.0,0.0,57.75,1.292,1.283,884565000.0,1357134000.0,1954803000.0,1954803000.0,0.0,,,,,5520000.0,197765000.0,1.0,168379966.0,167191000,168648000.0,11.692,1446566000.0,22547000.0,59780000.0,10843000.0,8.652,614259000.0
48,CHRW,MRQ,2009-06-30,2009-06-30,2009-06-30,2021-08-02,-1548000.0,1803671000.0,,1316875000.0,486796000.0,,6.557,-8412000.0,356871000.0,356871000.0,1574316000.0,92253000.0,1.908,0.638,0.0,0.0,0.0,0.0,0.0,7173000.0,0.0,0.018,0.24,150613000.0,157786000.0,0.082,157786000.0,150613000.0,150613000.0,0.55,0.54,0.55,1101309000.0,,1101309000.0,8392435809.0,14.0,13.701,19242000.0,0.115,1.0,351704000.0,0.183,358145000.0,0.0,398602000.0,,0.0,592000.0,592000.0,0.0,702362000.0,690053000.0,12309000.0,8842135809.0,-92829000.0,-12412000.0,-64533000.0,0.0,-41275000.0,-103565000.0,-19389000.0,1396000.0,27654000.0,2471000.0,92253000.0,92253000.0,92253000.0,0.0,0.0,0.048,201820000.0,149884000.0,595440000.0,0.436,8.029,24.556,24.599,111795000.0,0.0,52.15,1.121,1.111,920686000.0,1302555000.0,1926020000.0,1926020000.0,0.0,,,,,6040000.0,201820000.0,1.0,169551981.0,167972000,169584000.0,11.466,1445526000.0,24980000.0,58360000.0,11324000.0,8.606,626822000.0
49,CHRW,MRQ,2009-03-31,2009-03-31,2009-03-31,2021-08-02,-4955000.0,1749420000.0,,1279007000.0,470413000.0,,6.522,-11613000.0,449700000.0,449700000.0,1349397000.0,85383000.0,2.016,0.586,0.0,0.0,0.0,0.0,0.0,7481000.0,0.0,0.02,0.24,137858000.0,145339000.0,0.086,145339000.0,137858000.0,137858000.0,0.5,0.5,0.5,1103203000.0,,1103203000.0,7352109635.0,13.0,12.079,47070000.0,0.278,1.0,338603000.0,0.201,346713000.0,0.0,318533000.0,,0.0,1988000.0,1988000.0,0.0,646217000.0,634474000.0,11743000.0,7763261635.0,-45043000.0,0.0,-49278000.0,0.0,-39573000.0,-86868000.0,-10863000.0,750000.0,58683000.0,-5995000.0,85383000.0,85383000.0,85383000.0,0.0,0.0,0.051,201235000.0,137368000.0,523051000.0,0.48,7.037,21.67,21.719,108547000.0,0.0,45.61,0.937,0.932,798804000.0,1251477000.0,1688000000.0,1688000000.0,0.0,,,,,5627000.0,201235000.0,1.0,170209639.0,169140000,170825000.0,9.98,1402707000.0,21504000.0,52475000.0,85336000.0,8.293,644533000.0
50,CHRW,MRQ,2008-12-31,2008-12-31,2008-12-31,2021-08-02,2165000.0,1815721000.0,,1347871000.0,467850000.0,,6.593,-7640000.0,494743000.0,494743000.0,1610943000.0,88881000.0,1.932,0.64,83591000.0,83591000.0,0.0,83591000.0,0.0,7966000.0,0.0,0.016,0.24,143407000.0,151373000.0,0.077,151373000.0,143407000.0,143407000.0,0.52,0.52,0.52,1107221000.0,,1107221000.0,8999388420.0,16.0,14.764,264608000.0,1.576,1.0,344160000.0,0.176,339604000.0,0.0,367312000.0,,0.0,2644000.0,2644000.0,0.0,708500000.0,697653000.0,10847000.0,9311305420.0,182826000.0,35000.0,-47042000.0,0.0,-37718000.0,-82505000.0,-6928000.0,585000.0,272248000.0,11000.0,88881000.0,88881000.0,88881000.0,0.0,0.0,0.045,201776000.0,142384000.0,485167000.0,0.462,8.41,25.924,25.958,104088000.0,0.0,55.03,1.085,1.084,828884000.0,1207428000.0,1955103000.0,1955103000.0,0.0,,,,,4242000.0,201776000.0,1.0,169204169.0,167928000,171224000.0,11.643,1476117000.0,20246000.0,54526000.0,45351000.0,8.79,650218000.0
51,CHRW,MRQ,2008-09-30,2008-09-30,2008-09-30,2021-08-02,2106000.0,1922624000.0,,1456645000.0,465979000.0,,6.518,-5055000.0,311917000.0,311917000.0,1965005000.0,93560000.0,1.798,0.747,0.0,0.0,0.0,0.0,0.0,7828000.0,0.0,0.017,0.22,150214000.0,158042000.0,0.068,158042000.0,150214000.0,150214000.0,0.55,0.54,0.55,1100711000.0,,1100711000.0,8345224238.0,15.0,13.87,107091000.0,0.634,1.0,351588000.0,0.152,364227000.0,0.0,436398000.0,,0.0,2990000.0,2990000.0,0.0,821913000.0,810082000.0,11831000.0,8663937238.0,-6796000.0,-49781000.0,-52129000.0,-9383000.0,-37674000.0,-97890000.0,-18735000.0,36075000.0,112146000.0,-2317000.0,93560000.0,93560000.0,93560000.0,0.0,0.0,0.04,202969000.0,148619000.0,695700000.0,0.4,7.871,24.368,24.383,101752000.0,0.0,50.96,1.01,1.003,1117965000.0,1160068000.0,2316593000.0,2316593000.0,0.0,,,,,3966000.0,202969000.0,1.0,170014467.0,168864000,172446000.0,13.719,1558397000.0,4345000.0,56654000.0,46062000.0,9.229,646563000.0
52,CHRW,MRQ,2008-06-30,2008-06-30,2008-06-30,2021-08-02,6248000.0,1956124000.0,,1529896000.0,426228000.0,,6.448,-5125000.0,318713000.0,318713000.0,1980520000.0,90418000.0,1.801,0.787,0.0,0.0,0.0,0.0,0.0,7707000.0,0.0,0.015,0.22,146215000.0,153922000.0,0.066,153922000.0,146215000.0,146215000.0,0.53,0.52,0.53,1094497000.0,,1094497000.0,8979599569.0,16.0,15.328,32328000.0,0.19,1.0,341186000.0,0.147,324708000.0,0.0,463048000.0,,0.0,38738000.0,38738000.0,0.0,861627000.0,849655000.0,11972000.0,9359445569.0,-61133000.0,-9915000.0,-46501000.0,0.0,-37807000.0,-83513000.0,-18739000.0,-3850000.0,37453000.0,3666000.0,90418000.0,90418000.0,90418000.0,0.0,0.0,0.039,196680000.0,144506000.0,758009000.0,0.415,8.551,27.071,27.015,101520000.0,0.0,54.84,1.152,1.146,1148727000.0,1104182000.0,2321706000.0,2321706000.0,0.0,,,,,4341000.0,196680000.0,1.0,170668227.0,169731000,173483000.0,13.679,1631416000.0,3292000.0,55797000.0,44021000.0,9.612,680241000.0
53,CHRW,MRQ,2008-03-31,2008-03-31,2008-03-31,2021-08-02,2602000.0,1873786000.0,,1451868000.0,421918000.0,,6.352,-5928000.0,379846000.0,379846000.0,1647183000.0,86318000.0,1.855,0.737,0.0,0.0,0.0,0.0,0.0,7663000.0,0.0,0.015,0.22,138551000.0,146214000.0,0.074,146214000.0,138551000.0,138551000.0,0.51,0.5,0.51,1078938000.0,,1078938000.0,9070076064.0,17.0,15.864,19804000.0,0.117,1.0,338029000.0,0.17,319754000.0,0.0,391448000.0,,0.0,34888000.0,34888000.0,0.0,794848000.0,782738000.0,12110000.0,9321518064.0,40961000.0,0.0,-31847000.0,0.0,-37996000.0,-62132000.0,75882000.0,81310000.0,25732000.0,1479000.0,86318000.0,86318000.0,86318000.0,0.0,0.0,0.043,201952000.0,136077000.0,672623000.0,0.431,8.64,27.61,27.475,102164000.0,0.0,54.4,1.213,1.203,1006355000.0,1051639000.0,1985212000.0,1985212000.0,0.0,,,,,8255000.0,201952000.0,1.0,171351435.0,169858000,174028000.0,11.687,1554032000.0,5098000.0,52233000.0,79901000.0,9.149,669130000.0
54,CHRW,MRQ,2007-12-31,2007-12-31,2007-12-31,2021-08-02,263000.0,1811307000.0,,1389156000.0,422151000.0,,6.146,-11785000.0,338885000.0,338885000.0,1629268000.0,85254000.0,1.834,0.738,87443000.0,87443000.0,0.0,87443000.0,0.0,7301000.0,0.0,0.014,0.22,136210000.0,143511000.0,0.074,143511000.0,136210000.0,136210000.0,0.5,0.49,0.5,1042249000.0,,1042249000.0,8905188768.0,17.0,16.165,116967000.0,0.69,1.0,322754000.0,0.165,293209000.0,0.0,509037000.0,,0.0,115842000.0,115842000.0,0.0,769058000.0,757619000.0,11439000.0,9186945768.0,57128000.0,0.0,-46011000.0,0.0,-31167000.0,-73106000.0,1540000.0,13345000.0,128752000.0,-58000.0,85254000.0,85254000.0,85254000.0,0.0,0.0,0.044,189881000.0,132873000.0,530752000.0,0.44,8.815,28.332,28.484,101665000.0,0.0,54.12,1.256,1.261,911780000.0,1002964000.0,1952022000.0,1952022000.0,0.0,,,,,5679000.0,189881000.0,1.0,169751400.0,169578000,174100000.0,11.511,1518098000.0,23197000.0,50956000.0,47721000.0,8.952,631537000.0
55,CHRW,MRQ,2007-09-30,2007-09-30,2007-09-30,2021-08-02,565000.0,1785048000.0,,1368972000.0,416076000.0,,6.028,-8427000.0,281757000.0,281757000.0,1551954000.0,83743000.0,1.829,0.739,0.0,0.0,0.0,0.0,0.0,6903000.0,0.0,0.013,0.18,135295000.0,142198000.0,0.076,142198000.0,135295000.0,135295000.0,0.49,0.48,0.49,1026460000.0,,1026460000.0,9080364521.0,18.0,17.222,75598000.0,0.444,1.0,313196000.0,0.168,319377000.0,0.0,435242000.0,,0.0,129076000.0,129076000.0,0.0,758588000.0,748672000.0,9916000.0,9369056521.0,-6935000.0,-12959000.0,-41907000.0,0.0,-31292000.0,-70939000.0,-17853000.0,3528000.0,84025000.0,-2168000.0,83743000.0,83743000.0,83743000.0,0.0,0.0,0.045,181368000.0,131828000.0,624526000.0,0.367,9.128,30.142,29.83,96699000.0,0.0,54.29,1.337,1.319,937984000.0,955711000.0,1865150000.0,1865150000.0,0.0,,,,,8335000.0,181368000.0,1.0,172574259.0,170274000,173349000.0,10.954,1465671000.0,5645000.0,51552000.0,8678000.0,8.608,620300000.0
56,CHRW,MRQ,2007-06-30,2007-06-30,2007-06-30,2021-08-02,1708000.0,1728942000.0,,1326371000.0,402571000.0,,5.901,-13463000.0,288692000.0,288692000.0,1568828000.0,82299000.0,1.867,0.714,0.0,0.0,0.0,0.0,0.0,6610000.0,0.0,0.013,0.18,133224000.0,139834000.0,0.074,139834000.0,133224000.0,133224000.0,0.48,0.47,0.48,1008751000.0,,1008751000.0,8653507409.0,18.0,17.124,27011000.0,0.158,1.0,310898000.0,0.165,308795000.0,0.0,420938000.0,,0.0,131652000.0,131652000.0,0.0,720191000.0,710517000.0,9674000.0,8989497409.0,-47298000.0,0.0,-43019000.0,0.0,-31376000.0,-69689000.0,-18888000.0,-5205000.0,40474000.0,805000.0,82299000.0,82299000.0,82299000.0,0.0,0.0,0.044,181104000.0,129794000.0,614781000.0,0.375,8.912,30.219,30.184,93776000.0,0.0,52.52,1.311,1.31,880595000.0,903137000.0,1879726000.0,1879726000.0,0.0,,,,,11791000.0,181104000.0,1.0,171163317.0,170942000,174200000.0,10.996,1420147000.0,7225000.0,50925000.0,8442000.0,8.308,615854000.0
57,CHRW,MRQ,2007-03-31,2007-03-31,2007-03-31,2021-08-02,902000.0,1684201000.0,,1291583000.0,392618000.0,,5.764,-10038000.0,335990000.0,335990000.0,1322395000.0,72965000.0,1.876,0.707,0.0,0.0,0.0,0.0,0.0,6552000.0,0.0,0.013,0.18,118785000.0,125337000.0,0.077,125337000.0,118785000.0,118785000.0,0.43,0.42,0.43,986703000.0,,986703000.0,8040316753.0,18.0,16.811,45141000.0,0.264,1.0,296930000.0,0.183,306249000.0,0.0,353582000.0,,0.0,126824000.0,126824000.0,0.0,697498000.0,688380000.0,9118000.0,8317278753.0,-12602000.0,-9261000.0,-22646000.0,0.0,-31348000.0,-48364000.0,-20521000.0,-1389000.0,55179000.0,1104000.0,72965000.0,72965000.0,72965000.0,0.0,0.0,0.045,181741000.0,115189000.0,583892000.0,0.419,8.429,29.517,29.121,86369000.0,0.0,48.05,1.246,1.232,801239000.0,852130000.0,1619325000.0,1619325000.0,0.0,,,,,12197000.0,181741000.0,1.0,173096332.0,171183000,174888000.0,9.46,1377952000.0,8774000.0,45820000.0,7929000.0,8.05,603203000.0
58,CHRW,MRQ,2006-12-31,2006-12-31,2006-12-31,2021-08-02,-202000.0,1631693000.0,,1256148000.0,375545000.0,,5.533,-8592000.0,348592000.0,348592000.0,1364069000.0,71827000.0,1.829,0.729,71630000.0,71630000.0,0.0,71630000.0,0.0,6190000.0,0.0,0.014,0.18,113705000.0,119895000.0,0.073,119895000.0,113705000.0,113705000.0,0.42,0.42,0.42,943722000.0,,943722000.0,6836047439.0,16.0,15.07,103874000.0,0.609,1.0,278522000.0,0.17,277723000.0,0.0,390059000.0,,0.0,124767000.0,124767000.0,0.0,687971000.0,686949000.0,1022000.0,7121435439.0,63204000.0,-3550000.0,-23464000.0,0.0,-22791000.0,-45555000.0,-4342000.0,4727000.0,112466000.0,635000.0,71827000.0,71827000.0,71827000.0,0.0,0.0,0.044,168147000.0,110375000.0,468499000.0,0.429,7.546,26.68,26.212,82071000.0,0.0,40.89,1.086,1.066,764995000.0,807983000.0,1642591000.0,1642591000.0,0.0,,,,,9244000.0,168147000.0,1.0,174160808.0,170549000,174181000.0,9.631,1353970000.0,14282000.0,41878000.0,48412000.0,7.939,569199000.0
59,CHRW,MRQ,2006-09-30,2006-09-30,2006-09-30,2021-08-02,-737000.0,1587701000.0,,1219375000.0,368326000.0,,5.365,-17149000.0,285388000.0,285388000.0,1435145000.0,70390000.0,1.821,0.731,0.0,0.0,0.0,0.0,0.0,6195000.0,0.0,0.012,0.13,114089000.0,120284000.0,0.07,120284000.0,114089000.0,114089000.0,0.41,0.4,0.41,916973000.0,,916973000.0,7490671178.0,18.0,17.274,98079000.0,0.574,1.0,278346000.0,0.162,289402000.0,0.0,343414000.0,,0.0,129031000.0,129031000.0,0.0,670728000.0,669497000.0,1231000.0,7730077178.0,45982000.0,-2200000.0,-22062000.0,0.0,-22676000.0,-42727000.0,-25587000.0,-5149000.0,115228000.0,-932000.0,70390000.0,70390000.0,70390000.0,0.0,0.0,0.041,167228000.0,111118000.0,542594000.0,0.317,8.43,30.524,29.919,78924000.0,0.0,44.58,1.19,1.173,786405000.0,767504000.0,1713491000.0,1713491000.0,0.0,,,,,11192000.0,167228000.0,1.0,173397873.0,170925000,174776000.0,10.025,1298299000.0,7946000.0,43699000.0,49346000.0,7.596,549878000.0
60,CHRW,MRQ,2006-06-30,2006-06-30,2006-06-30,2021-08-02,163000.0,1527450000.0,,1173678000.0,353772000.0,,5.128,-9325000.0,239406000.0,239406000.0,1430378000.0,66594000.0,1.81,0.74,0.0,0.0,0.0,0.0,0.0,5980000.0,0.0,0.009,0.13,106795000.0,112775000.0,0.066,112775000.0,106795000.0,106795000.0,0.39,0.38,0.39,877906000.0,,877906000.0,9001938103.0,23.0,22.197,50264000.0,0.294,1.0,270619000.0,0.159,287664000.0,0.0,352079000.0,,0.0,123155000.0,123155000.0,0.0,649544000.0,648301000.0,1243000.0,9258365103.0,-17021000.0,-26000000.0,-21317000.0,0.0,-22781000.0,-41439000.0,-36933000.0,1070000.0,59589000.0,1762000.0,66594000.0,66594000.0,66594000.0,0.0,0.0,0.039,166701000.0,103918000.0,539188000.0,0.333,10.546,39.074,38.071,66108000.0,0.0,53.3,1.477,1.456,788467000.0,719807000.0,1700997000.0,1700997000.0,0.0,,,,,12327000.0,166701000.0,1.0,173702910.0,171215000,175198000.0,9.935,1239786000.0,8275000.0,40201000.0,51181000.0,7.241,525377000.0
61,CHRW,MRQ,2006-03-31,2006-03-31,2006-03-31,2021-08-02,-1600000.0,1426439000.0,,1108777000.0,317662000.0,,4.911,-6477000.0,256427000.0,256427000.0,1244058000.0,58114000.0,1.898,0.696,0.0,0.0,0.0,0.0,0.0,5567000.0,0.0,0.008,0.13,95099000.0,100666000.0,0.067,100666000.0,95099000.0,95099000.0,0.34,0.33,0.34,840909000.0,,840909000.0,8342464094.0,23.0,22.005,49617000.0,0.29,1.0,255057000.0,0.17,255165000.0,0.0,330555000.0,,0.0,124225000.0,124225000.0,0.0,585530000.0,584292000.0,1238000.0,8509954094.0,25799000.0,-7974000.0,-243000.0,0.0,-22589000.0,-16124000.0,-14375000.0,-1674000.0,56094000.0,204000.0,58114000.0,58114000.0,58114000.0,0.0,0.0,0.039,162623000.0,92434000.0,487674000.0,0.382,10.12,38.735,37.762,62497000.0,0.0,49.09,1.425,1.407,706968000.0,599109000.0,1499115000.0,1499115000.0,0.0,,,,,14529000.0,162623000.0,1.0,173354127.0,171219000,175267000.0,8.756,1171274000.0,7866000.0,36985000.0,64856000.0,6.841,524485000.0
62,CHRW,MRQ,2005-12-31,2005-12-31,2005-12-31,2021-08-02,-1901000.0,1395068000.0,,1084781000.0,310287000.0,,4.589,-5673000.0,230628000.0,230628000.0,1347415000.0,58146000.0,1.771,0.788,63138000.0,63138000.0,0.0,63138000.0,0.0,5174000.0,0.0,0.01,0.13,94731000.0,99905000.0,0.063,99905000.0,94731000.0,94731000.0,0.35,0.33,0.35,780037000.0,,780037000.0,6140165301.0,18.0,17.481,64535000.0,0.38,1.0,236082000.0,0.149,241657000.0,0.0,373438000.0,,0.0,122551000.0,122551000.0,0.0,615031000.0,612483000.0,2548000.0,6332107301.0,38686000.0,-29000.0,-10573000.0,0.0,-12880000.0,-21204000.0,-6942000.0,617000.0,70208000.0,-3376000.0,58146000.0,58146000.0,58146000.0,0.0,0.0,0.037,143460000.0,92622000.0,410744000.0,0.371,8.118,31.138,30.858,60721000.0,0.0,37.03,1.113,1.107,716725000.0,640551000.0,1583497000.0,1583497000.0,0.0,,,,,112000.0,143460000.0,1.0,170999387.0,169992000,175721000.0,9.315,1153411000.0,5999000.0,36585000.0,44268000.0,6.785,472298000.0
63,CHRW,MRQ,2005-09-30,2005-09-30,2005-09-30,2021-08-02,1486000.0,1336949000.0,,1029043000.0,307906000.0,,4.407,-3696000.0,191942000.0,191942000.0,1256495000.0,54089000.0,1.776,0.783,0.0,0.0,0.0,0.0,0.0,4713000.0,0.0,0.009,0.075,87483000.0,92196000.0,0.062,92196000.0,87483000.0,87483000.0,0.32,0.31,0.32,749694000.0,,749694000.0,5332094638.0,18.0,16.762,72626000.0,0.427,1.0,228874000.0,0.154,249311000.0,0.0,316342000.0,,0.0,123181000.0,123181000.0,0.0,587255000.0,579354000.0,7901000.0,5489041638.0,34995000.0,-16534000.0,-8160000.0,0.0,-12875000.0,-20574000.0,-21282000.0,-770000.0,76322000.0,529000.0,54089000.0,54089000.0,54089000.0,0.0,0.0,0.036,143256000.0,85618000.0,469132000.0,0.234,7.322,29.87,29.417,58595000.0,0.0,32.065,1.036,1.029,698254000.0,604994000.0,1485369000.0,1485369000.0,0.0,,,,,9342000.0,143256000.0,1.0,171184832.0,170105000,174533000.0,8.732,1087638000.0,6596000.0,33394000.0,38253000.0,6.394,449689000.0
64,CHRW,MRQ,2005-06-30,2005-06-30,2005-06-30,2021-08-02,958000.0,1259437000.0,,968260000.0,291177000.0,,4.155,-3950000.0,156947000.0,156947000.0,1189730000.0,49347000.0,1.777,0.781,0.0,0.0,0.0,0.0,0.0,4730000.0,0.0,0.01,0.075,81616000.0,86346000.0,0.061,86346000.0,81616000.0,81616000.0,0.29,0.28,0.29,707308000.0,,707308000.0,4858183057.0,18.0,16.72,50011000.0,0.294,1.0,215412000.0,0.153,233237000.0,0.0,324424000.0,,0.0,122411000.0,122411000.0,0.0,552129000.0,544829000.0,7300000.0,4983419057.0,31711000.0,0.0,-6255000.0,0.0,-12871000.0,-17753000.0,-4603000.0,-229000.0,53961000.0,106000.0,49347000.0,49347000.0,49347000.0,0.0,0.0,0.035,135083000.0,80329000.0,458098000.0,0.259,7.046,29.836,29.394,57940000.0,0.0,29.1,1.009,1.003,667499000.0,563785000.0,1405142000.0,1405142000.0,0.0,,,,,9659000.0,135083000.0,1.0,171251514.0,170236000,174394000.0,8.254,1026200000.0,11515000.0,32269000.0,33435000.0,6.028,423431000.0
65,CHRW,MRQ,2005-03-31,2005-03-31,2005-03-31,2021-08-02,845000.0,1156704000.0,,865091000.0,291613000.0,,3.936,-8505000.0,125236000.0,125236000.0,1015558000.0,41776000.0,1.807,0.73,0.0,0.0,0.0,0.0,0.0,3883000.0,0.0,0.01,0.075,68923000.0,72806000.0,0.06,72806000.0,68923000.0,68923000.0,0.25,0.24,0.25,668567000.0,,668567000.0,4297412817.0,17.0,16.516,15109000.0,0.089,1.0,199382000.0,0.164,234435000.0,0.0,318233000.0,,0.0,122174000.0,122174000.0,0.0,488137000.0,478800000.0,9337000.0,4408041817.0,-41240000.0,-43590000.0,1695000.0,0.0,-12832000.0,-10237000.0,-53847000.0,-567000.0,23614000.0,-770000.0,41776000.0,41776000.0,41776000.0,0.0,0.0,0.034,131590000.0,67792000.0,399391000.0,0.3,6.593,29.395,28.949,57178000.0,0.0,25.765,0.956,0.949,599784000.0,527313000.0,1214940000.0,1214940000.0,0.0,,,,,9323000.0,131590000.0,1.0,171086428.0,169876000,174132000.0,7.152,922269000.0,9068000.0,27147000.0,50015000.0,5.429,386291000.0
66,CHRW,MRQ,2004-12-31,2004-12-31,2004-12-31,2021-08-02,1608000.0,1080696000.0,,845987000.0,234709000.0,,3.672,-12166000.0,166476000.0,166476000.0,1012842000.0,38555000.0,1.868,0.741,55847000.0,55847000.0,0.0,55847000.0,0.0,3353000.0,0.0,0.009,0.075,63407000.0,66760000.0,0.056,66760000.0,63407000.0,63407000.0,0.23,0.22,0.23,620856000.0,,620856000.0,4549255066.0,20.0,19.126,78225000.0,0.463,1.0,181179000.0,0.152,176887000.0,0.0,340361000.0,,0.0,121600000.0,121600000.0,0.0,459840000.0,452819000.0,7021000.0,4736880066.0,54051000.0,-10000000.0,-8426000.0,0.0,-10254000.0,-16112000.0,-23188000.0,-292000.0,90391000.0,2960000.0,38555000.0,38555000.0,38555000.0,0.0,0.0,0.032,119110000.0,62069000.0,303082000.0,0.326,7.63,34.512,34.272,51122000.0,0.0,27.76,1.091,1.082,544274000.0,498406000.0,1194021000.0,1194021000.0,0.0,,,,,8148000.0,119110000.0,1.0,170636890.0,169084000,173525000.0,7.062,903809000.0,8180000.0,24852000.0,33629000.0,5.345,393168000.0
67,CHRW,MRQ,2004-09-30,2004-09-30,2004-09-30,2021-08-02,-1348000.0,1012079000.0,,796340000.0,215739000.0,,3.49,-6878000.0,187625000.0,187625000.0,951633000.0,37349000.0,1.93,0.713,0.0,0.0,0.0,0.0,0.0,3087000.0,0.0,0.01,0.06,61568000.0,64655000.0,0.058,64655000.0,61568000.0,61568000.0,0.22,0.22,0.22,590683000.0,,590683000.0,3784558926.0,18.0,17.187,25420000.0,0.15,1.0,172173000.0,0.153,174003000.0,0.0,237823000.0,,0.0,46111000.0,46111000.0,0.0,421396000.0,412628000.0,8768000.0,3961627926.0,10556000.0,0.0,-6728000.0,0.0,-10149000.0,-16877000.0,-5644000.0,-143000.0,32298000.0,779000.0,37349000.0,37349000.0,37349000.0,0.0,0.0,0.033,111162000.0,61011000.0,336511000.0,0.273,6.707,31.318,30.927,41736000.0,0.0,23.195,0.969,0.96,548459000.0,472683000.0,1123806000.0,1123806000.0,0.0,,,,,5472000.0,111162000.0,1.0,170796634.0,169232000,173096000.0,6.641,838076000.0,8543000.0,24219000.0,28214000.0,4.952,383712000.0
68,CHRW,MRQ,2004-06-30,2004-06-30,2004-06-30,2021-08-02,-2127000.0,972340000.0,,760427000.0,211913000.0,,3.329,-4072000.0,177069000.0,177069000.0,919046000.0,32278000.0,1.905,0.724,0.0,0.0,0.0,0.0,0.0,2740000.0,0.0,0.01,0.06,53235000.0,55975000.0,0.052,55975000.0,53235000.0,53235000.0,0.19,0.185,0.19,563862000.0,,563862000.0,3732597525.0,19.0,18.347,12138000.0,0.072,1.0,158055000.0,0.147,174498000.0,0.0,221538000.0,,0.0,45969000.0,45969000.0,0.0,408478000.0,399235000.0,9243000.0,3916225525.0,-6659000.0,-1810000.0,-4600000.0,0.0,-10252000.0,-14852000.0,-6963000.0,-220000.0,16210000.0,-1054000.0,32278000.0,32278000.0,32278000.0,0.0,0.0,0.03,105538000.0,52517000.0,335352000.0,0.316,6.945,33.657,33.217,37415000.0,0.0,22.92,1.008,0.999,519852000.0,445588000.0,1077101000.0,1077101000.0,0.0,,,,,4111000.0,105538000.0,1.0,170864988.0,169354000,173126000.0,6.36,797842000.0,9311000.0,20957000.0,27003000.0,4.711,361192000.0
69,CHRW,MRQ,2004-03-31,2004-03-31,2004-03-31,2021-08-02,-1062000.0,927235000.0,,719273000.0,207962000.0,,3.201,-11625000.0,183628000.0,183628000.0,797026000.0,29072000.0,1.913,0.711,0.0,0.0,0.0,0.0,0.0,2634000.0,0.0,0.01,0.06,47828000.0,50462000.0,0.053,50462000.0,47828000.0,47828000.0,0.17,0.17,0.17,541785000.0,,541785000.0,3396218484.0,18.0,17.374,2849000.0,0.017,1.0,149584000.0,0.158,172621000.0,0.0,195040000.0,,0.0,45857000.0,45857000.0,0.0,385450000.0,375946000.0,9504000.0,3544010484.0,-14885000.0,-7302000.0,634000.0,0.0,-10247000.0,-9613000.0,-19021000.0,-118000.0,14474000.0,-725000.0,29072000.0,29072000.0,29072000.0,0.0,0.0,0.031,102413000.0,47171000.0,317557000.0,0.353,6.541,31.842,31.439,35341000.0,0.0,20.75,0.947,0.938,470923000.0,423570000.0,946610000.0,946610000.0,0.0,,,,,4625000.0,102413000.0,1.0,170795686.0,169242000,172828000.0,5.593,754614000.0,9439000.0,18756000.0,37946000.0,4.459,343327000.0
70,CHRW,MRQ,2003-12-31,2003-12-31,2003-12-31,2021-08-02,-363000.0,908149000.0,,717329000.0,190820000.0,,3.072,-3974000.0,123413000.0,123413000.0,802446000.0,27796000.0,1.882,0.751,50721000.0,50721000.0,0.0,50721000.0,0.0,2850000.0,0.0,0.009,0.06,46251000.0,49101000.0,0.052,49101000.0,46251000.0,46251000.0,0.17,0.155,0.17,518747000.0,,518747000.0,3022468962.0,17.0,15.939,30390000.0,0.18,1.0,139911000.0,0.148,158871000.0,0.0,295385000.0,,0.0,120836000.0,120836000.0,0.0,389402000.0,381201000.0,8201000.0,3201369962.0,-5488000.0,-1589000.0,-2711000.0,0.0,-6769000.0,-9480000.0,-31247000.0,-25218000.0,34364000.0,875000.0,27796000.0,27796000.0,27796000.0,0.0,0.0,0.029,94510000.0,45401000.0,261206000.0,0.353,6.171,29.817,29.617,25625000.0,0.0,18.955,0.886,0.885,457455000.0,404750000.0,942357000.0,942357000.0,0.0,,,,,24318000.0,94510000.0,1.0,168893166.0,168846000,172594000.0,5.581,749278000.0,9535000.0,18455000.0,22692000.0,4.438,336128000.0
71,CHRW,MRQ,2003-09-30,2003-09-30,2003-09-30,2021-08-02,-1236000.0,867105000.0,,679689000.0,187416000.0,,2.896,-1441000.0,178901000.0,178901000.0,783517000.0,27212000.0,1.857,0.774,0.0,0.0,0.0,0.0,0.0,2676000.0,0.0,0.009,0.04,45232000.0,47908000.0,0.052,47908000.0,45232000.0,45232000.0,0.16,0.16,0.16,488902000.0,,488902000.0,2982947939.0,18.0,16.936,19158000.0,0.113,1.0,135821000.0,0.148,163514000.0,0.0,158752000.0,,0.0,45620000.0,45620000.0,0.0,378203000.0,365938000.0,12265000.0,3151170939.0,10678000.0,-500000.0,-1153000.0,0.0,-6765000.0,-7918000.0,-2214000.0,-112000.0,20599000.0,211000.0,27212000.0,27212000.0,27212000.0,0.0,0.0,0.03,90933000.0,44888000.0,299585000.0,0.25,6.445,32.362,32.391,23902000.0,0.0,18.625,0.898,0.896,438453000.0,409487000.0,919338000.0,919338000.0,0.0,,,,,0.0,90933000.0,1.0,169190386.0,168802000,172456000.0,5.446,703591000.0,11383000.0,18020000.0,24208000.0,4.168,313751000.0
72,CHRW,MRQ,2003-06-30,2003-06-30,2003-06-30,2021-08-02,-1439000.0,838083000.0,,650051000.0,188032000.0,,2.77,-1545000.0,168223000.0,168223000.0,799181000.0,27221000.0,1.812,0.793,0.0,0.0,0.0,0.0,0.0,2686000.0,0.0,0.008,0.04,45320000.0,48006000.0,0.051,48006000.0,45320000.0,45320000.0,0.16,0.16,0.16,467477000.0,,467477000.0,2853113770.0,18.0,16.369,41182000.0,0.244,1.0,136025000.0,0.145,152970000.0,0.0,158172000.0,,0.0,45516000.0,45516000.0,0.0,370606000.0,358718000.0,11888000.0,2990279770.0,31057000.0,0.0,-2811000.0,0.0,-6758000.0,-9569000.0,-2773000.0,-138000.0,42727000.0,672000.0,27221000.0,27221000.0,27221000.0,0.0,0.0,0.029,91755000.0,44270000.0,296451000.0,0.25,6.397,31.113,31.088,24589000.0,0.0,17.72,0.863,0.863,415742000.0,387348000.0,935206000.0,935206000.0,0.0,,,,,0.0,91755000.0,1.0,168751680.0,168782000,172252000.0,5.541,685113000.0,14410000.0,18099000.0,26331000.0,4.059,291333000.0
73,CHRW,MRQ,2003-03-31,2003-03-31,2003-03-31,2021-08-02,-2109000.0,806474000.0,,618577000.0,187897000.0,,2.651,-1305000.0,137166000.0,137166000.0,683653000.0,25140000.0,1.767,0.803,0.0,0.0,0.0,0.0,0.0,2780000.0,0.0,0.009,0.04,41831000.0,44611000.0,0.055,44611000.0,41831000.0,41831000.0,0.15,0.145,0.15,447194000.0,,447194000.0,2632500070.0,17.0,15.377,10503000.0,0.062,1.0,133091000.0,0.163,162601000.0,0.0,156590000.0,,0.0,45380000.0,45380000.0,0.0,359280000.0,350117000.0,9163000.0,2765499070.0,4167000.0,0.0,722000.0,0.0,-6754000.0,-6032000.0,-1939000.0,-153000.0,11808000.0,330000.0,25140000.0,25140000.0,25140000.0,0.0,0.0,0.031,91604000.0,41487000.0,289639000.0,0.267,6.184,29.39,29.196,25296000.0,0.0,16.35,0.82,0.818,416436000.0,365158000.0,816744000.0,816744000.0,0.0,,,,,0.0,91604000.0,1.0,169143674.0,168664000,171246000.0,4.842,643873000.0,13561000.0,16691000.0,38105000.0,3.817,268460000.0
74,CHRW,MRQ,2002-12-31,2002-12-31,2002-12-31,2021-08-02,-2439000.0,777151000.0,,588572000.0,188579000.0,,2.518,-1401000.0,132999000.0,132999000.0,713950000.0,17799000.0,1.714,0.825,52762000.0,52762000.0,0.0,52762000.0,0.0,3368000.0,0.0,0.008,0.04,32233000.0,35601000.0,0.042,35601000.0,32233000.0,32233000.0,0.105,0.105,0.105,425830000.0,,425830000.0,2514360385.0,17.0,15.304,39049000.0,0.231,1.0,125527000.0,0.15,157297000.0,0.0,196143000.0,,0.0,45227000.0,45227000.0,0.0,351321000.0,343474000.0,7847000.0,2635984385.0,-9675000.0,-279000.0,4095000.0,0.0,-5065000.0,-7027000.0,-43253000.0,-41161000.0,40450000.0,155000.0,17799000.0,17799000.0,17799000.0,0.0,0.0,0.021,93768000.0,31759000.0,222395000.0,0.381,6.19,29.355,29.434,26476000.0,0.0,15.6,0.8,0.799,391670000.0,345080000.0,839477000.0,839477000.0,0.0,,,,,7384000.0,93768000.0,1.0,168973358.0,169132000,171670000.0,4.963,619854000.0,14579000.0,14434000.0,28784000.0,3.665,245098000.0
75,CHRW,MRQ,2002-09-30,2002-09-30,2002-09-30,2021-08-02,-2606000.0,752228000.0,,562464000.0,189764000.0,,2.425,-1470000.0,121624000.0,121624000.0,749161000.0,25951000.0,1.669,0.84,0.0,0.0,0.0,0.0,0.0,3540000.0,0.0,0.009,0.03,42544000.0,46084000.0,0.053,46084000.0,42544000.0,42544000.0,0.155,0.15,0.155,408733000.0,,408733000.0,2160623105.0,14.0,12.912,30100000.0,0.179,1.0,123084000.0,0.141,161916000.0,0.0,131666000.0,,0.0,25098000.0,25098000.0,0.0,343495000.0,337022000.0,6473000.0,2285281105.0,-3034000.0,0.0,-8408000.0,0.0,-5069000.0,-7420000.0,-27061000.0,-25098000.0,31570000.0,-123000.0,25951000.0,25951000.0,25951000.0,0.0,0.0,0.03,80720000.0,42364000.0,283780000.0,0.194,5.591,24.683,24.342,27848000.0,0.0,13.51,0.707,0.705,398036000.0,327507000.0,872245000.0,872245000.0,0.0,,,,,234000.0,80720000.0,1.0,169154782.0,168584000,171000000.0,5.174,590312000.0,13024000.0,16593000.0,23810000.0,3.502,225442000.0
76,CHRW,MRQ,2002-06-30,2002-06-30,2002-06-30,2021-08-02,-2483000.0,742862000.0,,551111000.0,191751000.0,,2.313,-2878000.0,124658000.0,124658000.0,721150000.0,25206000.0,1.591,0.904,0.0,0.0,0.0,0.0,0.0,3579000.0,0.0,0.007,0.03,41323000.0,44902000.0,0.053,44902000.0,41323000.0,41323000.0,0.15,0.145,0.15,390087000.0,,390087000.0,2716914709.0,19.0,16.633,14856000.0,0.088,1.0,121570000.0,0.144,162303000.0,0.0,109536000.0,,0.0,0.0,0.0,0.0,352775000.0,346365000.0,6410000.0,2834951709.0,6621000.0,0.0,-1560000.0,0.0,-5068000.0,-6628000.0,-3255000.0,0.0,17734000.0,-1230000.0,25206000.0,25206000.0,25206000.0,0.0,0.0,0.03,80599000.0,40971000.0,299878000.0,0.2,7.267,31.759,31.336,29448000.0,0.0,16.765,0.902,0.9,409056000.0,306622000.0,842720000.0,842720000.0,0.0,,,,,232000.0,80599000.0,1.0,169099416.0,168678000,171960000.0,4.996,580559000.0,12313000.0,16117000.0,23999000.0,3.442,204746000.0
77,CHRW,MRQ,2002-03-31,2002-03-31,2002-03-31,2021-08-02,-1253000.0,685962000.0,,493355000.0,192607000.0,,2.202,-1576000.0,118037000.0,118037000.0,626434000.0,20842000.0,1.604,0.841,0.0,0.0,0.0,0.0,0.0,3542000.0,0.0,0.007,0.03,34166000.0,37708000.0,0.051,37708000.0,34166000.0,34166000.0,0.125,0.12,0.125,372510000.0,,372510000.0,2723609158.0,19.0,16.97,22809000.0,0.135,1.0,113597000.0,0.154,162808000.0,0.0,97459000.0,,0.0,0.0,0.0,0.0,313452000.0,307658000.0,5794000.0,2839350158.0,2296000.0,-15716000.0,360000.0,0.0,-5064000.0,-4704000.0,-17724000.0,0.0,24385000.0,339000.0,20842000.0,20842000.0,20842000.0,0.0,0.0,0.028,79759000.0,33838000.0,267455000.0,0.24,7.622,32.749,32.308,29799000.0,0.0,16.8,0.917,0.917,360063000.0,286485000.0,740031000.0,740031000.0,0.0,,,,,222000.0,79759000.0,1.0,169008938.0,169134000,171956000.0,4.375,523154000.0,11104000.0,13324000.0,28447000.0,3.093,185697000.0
78,CHRW,MRQ,2001-12-31,2001-12-31,2001-12-31,2021-08-02,-1592000.0,683490000.0,,503215000.0,180275000.0,,2.106,-1805000.0,115741000.0,115741000.0,664309000.0,20588000.0,1.555,0.921,0.0,0.0,0.0,0.0,0.0,4719000.0,0.0,0.007,0.03,33919000.0,38638000.0,0.05,38638000.0,33919000.0,33919000.0,0.125,0.12,0.125,355815000.0,,355815000.0,2357235920.0,17.0,14.966,35990000.0,0.213,1.0,112068000.0,0.144,144858000.0,0.0,99363000.0,,0.0,0.0,0.0,0.0,327675000.0,323528000.0,4147000.0,2443787920.0,29189000.0,0.0,1472000.0,0.0,-4222000.0,-6821000.0,-1242000.0,0.0,37795000.0,-543000.0,20588000.0,20588000.0,20588000.0,0.0,0.0,0.027,78495000.0,33573000.0,267708000.0,0.24,6.868,29.095,28.92,30920000.0,0.0,14.46,0.791,0.79,370378000.0,270711000.0,776377000.0,776377000.0,0.0,,,,,184000.0,78495000.0,1.0,169003314.0,168958000,171536000.0,4.595,538632000.0,12164000.0,13331000.0,23722000.0,3.188,179687000.0
79,CHRW,MRQ,2001-09-30,2001-09-30,2001-09-30,2021-08-02,-1310000.0,673854000.0,,491366000.0,182488000.0,,2.029,-5865000.0,86552000.0,86552000.0,671325000.0,22628000.0,1.492,0.97,0.0,0.0,0.0,0.0,0.0,4817000.0,0.0,0.007,0.025,37278000.0,42095000.0,0.054,42095000.0,37278000.0,37278000.0,0.135,0.13,0.135,342121000.0,,342121000.0,2376997828.0,18.0,15.411,22316000.0,0.132,1.0,113192000.0,0.144,150628000.0,0.0,107351000.0,,0.0,0.0,0.0,0.0,331733000.0,329323000.0,2410000.0,2448582828.0,14967000.0,0.0,-6422000.0,0.0,-4228000.0,-6579000.0,-6635000.0,0.0,28181000.0,0.0,22628000.0,22628000.0,22628000.0,0.0,0.0,0.029,78422000.0,34770000.0,280925000.0,0.185,7.157,29.849,29.856,31860000.0,0.0,14.48,0.804,0.801,386880000.0,255187000.0,784517000.0,784517000.0,0.0,,,,,183000.0,78422000.0,1.0,169101024.0,168588000,171388000.0,4.653,523226000.0,12466000.0,14650000.0,23756000.0,3.104,162043000.0
80,CHRW,MRQ,2001-06-30,2001-06-30,2001-06-30,2021-08-02,-1224000.0,653299000.0,,472910000.0,180389000.0,,1.932,-2012000.0,71585000.0,71585000.0,678691000.0,22642000.0,1.449,1.004,0.0,0.0,0.0,0.0,0.0,4762000.0,0.0,0.007,0.025,37296000.0,42058000.0,0.053,42058000.0,37296000.0,37296000.0,0.135,0.13,0.135,325969000.0,,325969000.0,2288379105.0,18.0,15.561,5619000.0,0.033,1.0,118003000.0,0.148,152594000.0,0.0,102656000.0,,0.0,0.0,0.0,0.0,327330000.0,326464000.0,866000.0,2359948105.0,16000.0,0.0,-2555000.0,0.0,-4230000.0,-6785000.0,-830000.0,0.0,7631000.0,0.0,22642000.0,22642000.0,22642000.0,0.0,0.0,0.028,81446000.0,36557000.0,274628000.0,0.185,7.24,30.308,30.315,27795000.0,0.0,13.945,0.784,0.782,378948000.0,236781000.0,796694000.0,796694000.0,0.0,,,,,183000.0,81446000.0,1.0,169232564.0,168706000,171764000.0,4.722,500705000.0,16174000.0,14654000.0,30020000.0,2.968,146446000.0
81,CHRW,MRQ,2001-03-31,2001-03-31,2001-03-31,2021-08-02,-1087000.0,640459000.0,,456647000.0,183812000.0,,1.837,-2419000.0,71569000.0,71569000.0,619175000.0,18134000.0,1.392,1.066,0.0,0.0,0.0,0.0,0.0,4838000.0,0.0,0.007,0.025,29880000.0,34718000.0,0.047,34718000.0,29880000.0,29880000.0,0.105,0.105,0.105,310065000.0,,310065000.0,2235653042.0,18.0,15.918,-1574000.0,-0.009,1.0,113309000.0,0.155,154931000.0,0.0,85918000.0,,0.0,0.0,0.0,0.0,330394000.0,328041000.0,2353000.0,2315565042.0,-8343000.0,0.0,-1001000.0,0.0,-4220000.0,-5221000.0,-3967000.0,0.0,845000.0,0.0,18134000.0,18134000.0,18134000.0,0.0,0.0,0.025,83935000.0,29374000.0,276875000.0,0.238,7.468,31.221,31.471,28881000.0,0.0,13.69,0.781,0.779,361214000.0,218367000.0,732484000.0,732484000.0,0.0,,,,,183000.0,83935000.0,1.0,169142808.0,168744000,171510000.0,4.341,485528000.0,18648000.0,11746000.0,37159000.0,2.877,128606000.0
82,CHRW,MRQ,2000-12-31,2000-12-31,2000-12-31,2021-08-02,-1049000.0,644207000.0,,460239000.0,183968000.0,,1.758,-2241000.0,79912000.0,79912000.0,626059000.0,18629000.0,1.329,1.169,0.0,0.0,0.0,0.0,0.0,4574000.0,0.0,0.005,0.025,30795000.0,35369000.0,0.048,35369000.0,30795000.0,30795000.0,0.11,0.11,0.11,297016000.0,,297016000.0,2601062009.0,22.0,19.256,31784000.0,0.188,1.0,107416000.0,0.146,154174000.0,0.0,63870000.0,,1859000.0,0.0,0.0,0.0,347191000.0,346251000.0,940000.0,2655792009.0,25182000.0,0.0,-375000.0,0.0,-3380000.0,-6255000.0,-2591000.0,0.0,34025000.0,3000.0,18629000.0,18629000.0,18629000.0,0.0,0.0,0.025,77083000.0,30333000.0,285932000.0,0.227,8.942,37.278,37.429,29402000.0,0.0,15.72,0.921,0.922,354953000.0,204463000.0,733475000.0,733475000.0,0.0,,,,,20000.0,77083000.0,1.0,168943512.0,168914000,171692000.0,4.342,490033000.0,21219000.0,12166000.0,26863000.0,2.901,113988000.0
83,CHRW,MRQ,2000-09-30,2000-09-30,2000-09-30,2021-08-02,-1297000.0,637860000.0,,451930000.0,185930000.0,,1.687,-2969000.0,54730000.0,54730000.0,640461000.0,18460000.0,1.281,1.237,0.0,0.0,0.0,0.0,0.0,4398000.0,0.0,0.006,0.02,30511000.0,34909000.0,0.047,34909000.0,30511000.0,30511000.0,0.11,0.105,0.11,285182000.0,,285182000.0,2342853853.0,21.0,18.454,29676000.0,0.176,1.0,107154000.0,0.143,156065000.0,0.0,74387000.0,,1872000.0,0.0,0.0,0.0,352678000.0,352678000.0,0.0,2382421853.0,15162000.0,-5898000.0,-5462000.0,0.0,-3383000.0,-6345000.0,-11138000.0,0.0,32645000.0,0.0,18460000.0,18460000.0,18460000.0,0.0,0.0,0.025,77004000.0,30150000.0,297031000.0,0.182,8.354,35.471,35.225,29865000.0,0.0,14.09,0.873,0.873,370725000.0,190054000.0,747615000.0,747615000.0,0.0,,,,,0.0,77004000.0,1.0,169086008.0,169036000,171844000.0,4.423,481795000.0,20416000.0,12051000.0,23706000.0,2.85,99252000.0
84,CHRW,MRQ,2000-06-30,2000-06-30,2000-06-30,2021-08-02,-1125000.0,614540000.0,,433657000.0,180883000.0,,1.615,-4576000.0,39568000.0,39568000.0,644596000.0,18944000.0,1.271,1.249,0.0,0.0,0.0,0.0,0.0,4142000.0,0.0,0.006,0.02,31313000.0,35455000.0,0.047,35455000.0,31313000.0,31313000.0,0.11,0.11,0.11,273236000.0,,273236000.0,2066649375.0,20.0,17.565,16509000.0,0.098,1.0,106398000.0,0.142,151674000.0,0.0,81994000.0,,3422000.0,0.0,0.0,0.0,341304000.0,341304000.0,0.0,2093862375.0,12355000.0,0.0,-1070000.0,0.0,-3382000.0,-4452000.0,-4278000.0,0.0,21085000.0,0.0,18944000.0,18944000.0,18944000.0,0.0,0.0,0.025,74962000.0,31436000.0,294480000.0,0.182,7.663,33.369,33.0,29209000.0,0.0,12.375,0.814,0.813,367657000.0,174974000.0,750994000.0,750994000.0,0.0,,,,,0.0,74962000.0,1.0,169201000.0,169164000,171252000.0,4.439,462866000.0,19438000.0,12369000.0,24441000.0,2.736,92353000.0
85,CHRW,MRQ,2000-03-31,2000-03-31,2000-03-31,2021-08-02,-1155000.0,556350000.0,,375251000.0,181099000.0,,1.53,-5345000.0,27213000.0,27213000.0,551716000.0,15209000.0,1.261,1.15,0.0,0.0,0.0,0.0,0.0,4204000.0,0.0,0.008,0.02,25139000.0,29343000.0,0.045,29343000.0,25139000.0,25139000.0,0.09,0.09,0.09,258714000.0,,258714000.0,1525178605.0,16.0,14.154,-18610000.0,-0.11,1.0,98375000.0,0.151,153522000.0,0.0,77979000.0,,3168000.0,0.0,0.0,0.0,297636000.0,297636000.0,0.0,1574815605.0,-22424000.0,0.0,222000.0,0.0,-3293000.0,-3071000.0,-6088000.0,0.0,-13265000.0,0.0,15209000.0,15209000.0,15209000.0,0.0,0.0,0.023,73286000.0,25089000.0,257320000.0,0.222,6.087,27.253,26.607,27577000.0,0.0,9.312,0.656,0.656,323208000.0,159413000.0,650091000.0,650091000.0,0.0,,,,,0.0,73286000.0,1.0,169107716.0,169124000,170948000.0,3.844,402828000.0,18493000.0,9930000.0,21673000.0,2.382,77615000.0
86,CHRW,MRQ,1999-12-31,1999-12-31,1999-12-31,2021-08-02,-1053000.0,522661000.0,,343052000.0,179609000.0,,1.492,-4101000.0,49637000.0,49637000.0,501110000.0,14553000.0,1.243,1.118,0.0,0.0,0.0,0.0,0.0,3113000.0,0.0,0.007,0.02,24138000.0,27251000.0,0.047,27251000.0,24138000.0,24138000.0,0.09,0.085,0.09,246767000.0,,246767000.0,1536869515.0,17.0,15.585,20773000.0,0.126,1.0,77865000.0,0.134,153576000.0,0.0,43554000.0,,1785000.0,0.0,0.0,0.0,275894000.0,275894000.0,0.0,1636689515.0,-50183000.0,-112216000.0,-2001000.0,0.0,-2880000.0,-3352000.0,-71705000.0,31994000.0,24874000.0,0.0,14553000.0,14553000.0,14553000.0,0.0,0.0,0.025,55201000.0,22664000.0,231592000.0,0.222,6.633,30.679,30.577,24747000.0,0.0,9.938,0.724,0.725,270296000.0,147586000.0,578975000.0,578975000.0,0.0,,,,,0.0,55201000.0,1.0,164698316.0,165404000,166720000.0,3.5,369085000.0,18480000.0,9585000.0,16187000.0,2.231,67158000.0
87,CHRW,MRQ,1999-09-30,1999-09-30,1999-09-30,2021-08-02,-1177000.0,480548000.0,,436180000.0,44368000.0,,1.207,-2229000.0,99820000.0,99820000.0,518351000.0,14042000.0,1.549,1.416,0.0,0.0,0.0,0.0,0.0,2317000.0,0.0,0.008,0.018,23288000.0,25605000.0,0.043,25605000.0,23288000.0,23288000.0,0.085,0.085,0.085,198889000.0,,198889000.0,1286478674.0,16.0,13.98,8837000.0,0.054,1.0,75003000.0,0.126,25223000.0,0.0,73846000.0,,3218000.0,30895000.0,30895000.0,0.0,281659000.0,281659000.0,0.0,1387603674.0,-1305000.0,0.0,-514000.0,0.0,-2883000.0,-3397000.0,-8974000.0,716000.0,11066000.0,0.0,14042000.0,14042000.0,14042000.0,0.0,0.0,0.024,52810000.0,22193000.0,232316000.0,0.212,6.977,27.8,27.889,19145000.0,0.0,8.422,0.634,0.634,279804000.0,136326000.0,593354000.0,593354000.0,0.0,,,,,0.0,52810000.0,1.0,164749620.0,164724000,166048000.0,3.602,455325000.0,18781000.0,9246000.0,24725000.0,2.764,154521000.0
88,CHRW,MRQ,1999-06-30,1999-06-30,1999-06-30,2021-08-02,-1251000.0,468950000.0,,432552000.0,36398000.0,,1.142,-1288000.0,101125000.0,101125000.0,506027000.0,13982000.0,1.541,1.492,0.0,0.0,0.0,0.0,0.0,2361000.0,0.0,0.007,0.018,23193000.0,25554000.0,0.044,25554000.0,23193000.0,23193000.0,0.085,0.085,0.085,188169000.0,,188169000.0,1420186874.0,18.0,16.08,12479000.0,0.076,1.0,73396000.0,0.127,17921000.0,0.0,69123000.0,,4711000.0,31611000.0,31611000.0,0.0,280781000.0,280781000.0,0.0,1514139874.0,7172000.0,0.0,-388000.0,0.0,-2883000.0,-3271000.0,-3324000.0,-2415000.0,13767000.0,0.0,13982000.0,13982000.0,13982000.0,0.0,0.0,0.024,51336000.0,22060000.0,230160000.0,0.212,8.047,31.688,31.681,18477000.0,0.0,9.188,0.717,0.717,273351000.0,125166000.0,579423000.0,579423000.0,0.0,,,,,0.0,51336000.0,1.0,164804340.0,164780000,165912000.0,3.516,451029000.0,16930000.0,9211000.0,32181000.0,2.737,151771000.0
89,CHRW,MRQ,1999-03-31,1999-03-31,1999-03-31,2021-08-02,-1274000.0,437514000.0,,398356000.0,39158000.0,,1.077,-1385000.0,93953000.0,93953000.0,442256000.0,10772000.0,1.532,1.466,0.0,0.0,0.0,0.0,0.0,2342000.0,0.0,0.01,0.018,17858000.0,20200000.0,0.04,20200000.0,17858000.0,17858000.0,0.065,0.065,0.065,177436000.0,,177436000.0,948456280.0,13.0,11.261,786000.0,0.005,1.0,67019000.0,0.132,19733000.0,0.0,63750000.0,,5544000.0,29196000.0,29196000.0,0.0,260078000.0,260078000.0,0.0,1047797280.0,-5388000.0,0.0,158000.0,0.0,-2883000.0,-2725000.0,-4834000.0,1534000.0,2171000.0,0.0,10772000.0,10772000.0,10772000.0,0.0,0.0,0.021,50108000.0,16911000.0,217038000.0,0.277,5.905,23.073,23.127,19425000.0,0.0,6.36,0.504,0.504,249528000.0,114067000.0,509275000.0,509275000.0,0.0,,,,,0.0,50108000.0,1.0,164748000.0,164744000,165372000.0,3.091,417781000.0,15399000.0,7086000.0,30654000.0,2.536,138278000.0
90,CHRW,MRQ,1998-12-31,1998-12-31,1998-12-31,2021-08-02,-1145000.0,409116000.0,,374843000.0,34273000.0,,1.029,-940000.0,99341000.0,99341000.0,443703000.0,11118000.0,1.564,1.413,0.0,0.0,0.0,0.0,0.0,2247000.0,0.0,0.01,0.018,18418000.0,20665000.0,0.041,20665000.0,18418000.0,18418000.0,0.068,0.068,0.068,169518000.0,,169518000.0,967491245.0,14.0,12.123,15506000.0,0.094,1.0,63394000.0,0.125,12613000.0,0.0,57564000.0,,3488000.0,30730000.0,30730000.0,0.0,239598000.0,239598000.0,0.0,1068749245.0,-1917000.0,-6799000.0,-1618000.0,0.0,-2472000.0,-2769000.0,-15594000.0,-10013000.0,16446000.0,0.0,11118000.0,11118000.0,11118000.0,0.0,0.0,0.022,45859000.0,17535000.0,192908000.0,0.265,6.305,24.846,24.942,19484000.0,0.0,6.485,0.524,0.525,221021000.0,106178000.0,507097000.0,507097000.0,0.0,,,,,0.0,45859000.0,1.0,164803276.0,164780000,165104000.0,3.077,396503000.0,12821000.0,7300000.0,19209000.0,2.406,135245000.0
91,CHRW,MRQ,1998-09-30,1998-09-30,1998-09-30,2021-08-02,-1052000.0,406084000.0,,375311000.0,30773000.0,,0.981,619000.0,101258000.0,101258000.0,452422000.0,11911000.0,1.536,1.512,0.0,0.0,0.0,0.0,0.0,2137000.0,0.0,0.012,0.015,19764000.0,21901000.0,0.042,21901000.0,19764000.0,19764000.0,0.072,0.072,0.072,161685000.0,,161685000.0,748138895.0,13.0,11.274,17810000.0,0.108,1.0,63759000.0,0.124,10550000.0,0.0,49877000.0,,3302000.0,20723000.0,20723000.0,0.0,244399000.0,244399000.0,0.0,829534895.0,19862000.0,0.0,-262000.0,0.0,0.0,-262000.0,2933000.0,4816000.0,17191000.0,0.0,11911000.0,11911000.0,11911000.0,0.0,0.0,0.023,44826000.0,18933000.0,202084000.0,0.208,5.131,26.832,26.769,20223000.0,0.0,5.032,0.415,0.415,237805000.0,97988000.0,516181000.0,516181000.0,0.0,,,,,0.0,44826000.0,1.0,164835548.0,164812000,165168000.0,3.132,395534000.0,6761000.0,7853000.0,21384000.0,2.4,130912000.0
92,CHRW,MRQ,1998-06-30,1998-06-30,1998-06-30,2021-08-02,-965000.0,398253000.0,,368322000.0,29931000.0,,0.925,-1170000.0,81396000.0,81396000.0,483380000.0,11612000.0,1.499,1.61,0.0,0.0,0.0,0.0,0.0,2199000.0,0.0,0.007,0.015,19260000.0,21459000.0,0.039,21459000.0,19260000.0,19260000.0,0.07,0.07,0.07,152567000.0,,152567000.0,963144770.0,18.0,15.172,31167000.0,0.189,1.0,63292000.0,0.116,8083000.0,0.0,63088000.0,,4060000.0,25539000.0,25539000.0,0.0,245686000.0,245686000.0,0.0,1026663770.0,17877000.0,0.0,319000.0,0.0,-2473000.0,-2154000.0,-12306000.0,-11068000.0,32337000.0,0.0,11612000.0,11612000.0,11612000.0,0.0,0.0,0.021,44671000.0,18621000.0,208444000.0,0.214,6.729,34.873,34.944,21848000.0,0.0,6.22,0.526,0.526,248537000.0,88549000.0,546672000.0,546672000.0,0.0,,,,,0.0,44671000.0,1.0,165058484.0,164860000,165260000.0,3.316,390170000.0,3710000.0,7648000.0,22424000.0,2.367,122636000.0
93,CHRW,MRQ,1998-03-31,1998-03-31,1998-03-31,2021-08-02,-763000.0,339381000.0,,308186000.0,31195000.0,,0.872,-1599000.0,63519000.0,63519000.0,412968000.0,8374000.0,1.577,1.358,0.0,0.0,0.0,0.0,0.0,1938000.0,0.0,0.005,0.015,13845000.0,15783000.0,0.034,15783000.0,13845000.0,13845000.0,0.05,0.05,0.05,143908000.0,,143908000.0,1010383146.0,19.0,16.57,10075000.0,0.061,1.0,55221000.0,0.118,8778000.0,0.0,71611000.0,,3355000.0,14219000.0,14219000.0,0.0,195473000.0,195473000.0,0.0,1072880146.0,1022000.0,0.0,-1570000.0,0.0,-2474000.0,-4044000.0,-6608000.0,-4041000.0,11674000.0,0.0,8374000.0,8374000.0,8374000.0,0.0,0.0,0.018,41867000.0,13354000.0,176346000.0,0.3,7.455,38.186,38.235,22417000.0,0.0,6.5,0.578,0.578,212219000.0,79410000.0,468189000.0,468189000.0,0.0,,,,,0.0,41867000.0,1.0,165058484.0,165004000,165408000.0,2.837,330603000.0,11381000.0,5471000.0,11932000.0,2.004,112713000.0
94,CHRW,MRQ,1997-12-31,1997-12-31,1997-12-31,2021-08-02,-718000.0,340628000.0,,310689000.0,29939000.0,,0.842,-2092000.0,62497000.0,62497000.0,415825000.0,-981000.0,1.541,1.451,0.0,0.0,0.0,0.0,0.0,2391000.0,0.0,0.003,0.015,4825000.0,7216000.0,0.015,7216000.0,4825000.0,4825000.0,-0.005,-0.005,-0.005,138981000.0,,138981000.0,,,,32021000.0,0.194,1.0,53400000.0,0.114,6674000.0,0.0,69810000.0,,3109000.0,10428000.0,10428000.0,0.0,201647000.0,201647000.0,0.0,923502218.0,-42188000.0,0.0,-27000.0,0.0,-103575000.0,-103602000.0,27301000.0,3703000.0,34113000.0,0.0,-981000.0,-981000.0,-981000.0,-139000.0,0.0,-0.002,63330000.0,-9930000.0,166789000.0,-3.0,6.645,33.476,33.304,22226000.0,0.0,5.595,0.516,0.516,206743000.0,73465000.0,469225000.0,469225000.0,0.0,,,,,0.0,38674000.0,1.0,165058484.0,165056000,165328000.0,2.843,333954000.0,22115000.0,5806000.0,12751000.0,2.023,109042000.0
95,CHRW,MRQ,1997-09-30,1997-09-30,1997-09-30,2021-08-02,,,,,,,,14000.0,,,412944000.0,10435000.0,,,,,,,,2220000.0,,,0.0,16804000.0,19024000.0,0.041,19024000.0,16804000.0,16804000.0,0.062,0.062,0.062,,,,,,,23969000.0,0.145,1.0,53464000.0,0.115,,0.0,,,,,,,,,,,64397000.0,0.0,0.0,0.0,0.0,0.0,40442000.0,41630000.0,23955000.0,0.0,10435000.0,10435000.0,10435000.0,-550000.0,0.0,0.022,38146000.0,15318000.0,,0.0,,,,,0.0,,,,,,466408000.0,466408000.0,0.0,,,,,0.0,38146000.0,1.0,,165060000,165060000.0,2.826,,,6369000.0,,,
96,CHRW,MRQ,1997-06-30,1997-06-30,1997-06-30,2021-08-02,,,,,,,,-1451000.0,,,399177000.0,10268000.0,,,,,,,,2188000.0,,,0.0,16767000.0,18955000.0,0.042,18955000.0,16767000.0,16767000.0,0.062,0.062,0.062,,,,,,,8354000.0,0.051,1.0,52270000.0,0.116,,0.0,,,,,,,,,,,-6171000.0,0.0,-855000.0,0.0,-423000.0,-1278000.0,-14698000.0,-14006000.0,9805000.0,0.0,10268000.0,10268000.0,10268000.0,-461000.0,0.0,0.023,36994000.0,15276000.0,,0.0,,,,,0.0,,,,,,451447000.0,451447000.0,0.0,,,,,0.0,36994000.0,1.0,,165012000,165012000.0,2.736,,,6499000.0,,,
97,CHRW,MRQ,1997-03-31,1997-03-31,1997-03-31,2021-08-02,,,,,,,,-1330000.0,,,356819000.0,7865000.0,,,,,,,,1885000.0,,,0.0,12705000.0,14590000.0,0.036,14590000.0,12705000.0,12705000.0,0.048,0.048,0.048,,,,,,,1175000.0,0.007,1.0,46886000.0,0.116,,0.0,,,,,,,,,,,3892000.0,0.0,-458000.0,0.0,-402000.0,-860000.0,2247000.0,6492000.0,2505000.0,0.0,7865000.0,7865000.0,7865000.0,-439000.0,0.0,0.019,35471000.0,11415000.0,,0.0,,,,,0.0,,,,,,403705000.0,403705000.0,0.0,,,,,0.0,35471000.0,1.0,,165436000,165436000.0,2.44,,,4840000.0,,,
98,CHRW,MRQ,1996-12-31,1996-12-31,1996-12-31,2021-08-02,-346000.0,320780000.0,,280422000.0,40358000.0,,0.924,,42567000.0,42567000.0,,,1.686,1.077,0.0,0.0,0.0,0.0,0.0,,0.0,,0.0,,,,,,,,,,154428000.0,,154428000.0,,,,,,1.0,,,7811000.0,,104050000.0,,5276000.0,42711000.0,42711000.0,0.0,166352000.0,166352000.0,0.0,,,,,,,,,,,,,,,,,,,,140376000.0,,,,,23047000.0,,,,,170935000.0,150637000.0,,,,,,,,,,1.0,,167196000,,,312969000.0,6698000.0,,7985000.0,1.872,114070000.0
0,CHRW,MRT,2021-06-30,2021-06-30,2021-06-30,2021-08-02,-53446000.0,5906564000.0,5430570750.0,3722562000.0,2184002000.0,3.519,14.303,-58807000.0,172803000.0,172803000.0,16429440000.0,651430000.0,1.439,2.099,1748361000.0,403495000.0,1344866000.0,1748361000.0,0.0,97791000.0,0.0,0.022,2.04,858974000.0,956765000.0,0.05,956765000.0,858974000.0,814719000.0,4.84,4.81,4.84,1906170000.0,1881912250.0,1906170000.0,13987942719.0,16.0,14.62,27339000.0,0.205,1.0,2681407000.0,0.14,1597351000.0,44255000.0,3298392000.0,3137901250.0,0.0,0.0,0.0,0.0,4000394000.0,2586379000.0,1414015000.0,12457048719.0,-189433000.0,-14749000.0,-247819000.0,270962000.0,-212608000.0,-215436000.0,-73556000.0,0.0,86146000.0,13413000.0,651430000.0,651430000.0,651430000.0,0.0,0.0,0.034,1822433000.0,858974000.0,1622947000.0,0.421,6.535,19.123,19.353,473507000.0,0.0,93.67,0.652,0.653,3459529000.0,4601227000.0,19110847000.0,19110847000.0,0.0,0.12,0.346,0.274,0.045,59845000.0,1822433000.0,1.0,132988670.0,133275000,134856000.0,143.394,4309213000.0,26057000.0,163289000.0,84321000.0,32.333,1136183000.0
1,CHRW,MRT,2021-03-31,2021-03-31,2021-03-31,2021-08-02,-53284000.0,5596623000.0,5160352000.0,3410109000.0,2186514000.0,3.334,13.889,-52812000.0,217611000.0,217611000.0,14659283000.0,601580000.0,1.482,1.996,1748505000.0,392429000.0,1356076000.0,1748505000.0,0.0,100612000.0,0.0,0.021,2.04,787157000.0,887769000.0,0.052,887769000.0,787157000.0,746188000.0,4.46,4.43,4.46,1868187000.0,1831451750.0,1868187000.0,14042524871.0,18.0,15.818,331188000.0,2.462,1.0,2546684000.0,0.148,1589529000.0,40969000.0,3237081000.0,2982579750.0,0.0,0.0,0.0,0.0,3728436000.0,2300907000.0,1427529000.0,12770008871.0,-76961000.0,387000.0,-125058000.0,-71000000.0,-210115000.0,-430944000.0,-46900000.0,0.0,384000000.0,16883000.0,601580000.0,601580000.0,601580000.0,0.0,0.0,0.035,1759527000.0,787157000.0,1399464000.0,0.457,6.836,21.227,21.397,487582000.0,0.0,95.43,0.742,0.746,3114951000.0,4476532000.0,17205967000.0,17205967000.0,0.0,0.117,0.328,0.264,0.046,34890000.0,1759527000.0,1.0,133815455.0,134508000,135745000.0,127.918,4007094000.0,24572000.0,144608000.0,127974000.0,29.791,1109202000.0
2,CHRW,MRT,2020-12-31,2020-12-31,2020-12-31,2021-08-02,-45998000.0,5144258000.0,4973276250.0,2941701000.0,2202557000.0,3.259,13.871,-54009000.0,243796000.0,243796000.0,13794849000.0,506421000.0,1.599,1.736,1516312000.0,154439000.0,1361873000.0,1516312000.0,0.0,101727000.0,0.0,0.022,2.04,673268000.0,774995000.0,0.048,774995000.0,673268000.0,628331000.0,3.74,3.72,3.74,1879933000.0,1761184500.0,1879933000.0,14079771941.0,21.0,18.168,445182000.0,3.285,1.0,2412257000.0,0.149,1601097000.0,44937000.0,2975945000.0,2920277000.0,0.0,0.0,0.0,0.0,3264325000.0,1839732000.0,1424593000.0,12761262941.0,-204062000.0,-223230000.0,-69857000.0,-143000000.0,-209956000.0,-440667000.0,-271714000.0,0.0,499191000.0,9128000.0,506421000.0,506421000.0,506421000.0,0.0,0.0,0.031,1738989000.0,673268000.0,1195099000.0,0.545,6.788,25.199,25.099,498734000.0,0.0,93.87,0.787,0.785,2646753000.0,4372833000.0,16207106000.0,16207106000.0,0.0,0.102,0.288,0.231,0.042,26414000.0,1738989000.0,1.0,135946127.0,135532000,136173000.0,119.581,3543161000.0,18640000.0,121910000.0,91897000.0,26.143,1101969000.0
3,CHRW,MRT,2020-09-30,2020-09-30,2020-09-30,2021-08-02,-70855000.0,5074838000.0,4847476750.0,2852699000.0,2222139000.0,3.187,13.808,-59783000.0,252569000.0,252569000.0,13100438000.0,457720000.0,1.62,1.709,1571078000.0,198779000.0,1372299000.0,1571078000.0,0.0,102394000.0,0.0,0.02,2.04,603272000.0,705666000.0,0.046,705666000.0,603272000.0,559584000.0,3.39,3.37,3.39,1873359000.0,1708883750.0,1873359000.0,14894744553.0,25.0,21.107,488827000.0,3.603,1.0,2350542000.0,0.152,1592181000.0,43688000.0,3040187000.0,2898481000.0,0.0,0.0,0.0,0.0,3201479000.0,1760979000.0,1440500000.0,13777603553.0,-131855000.0,-223242000.0,-13512000.0,-101000000.0,-277349000.0,-409159000.0,-277489000.0,0.0,548610000.0,6183000.0,457720000.0,457720000.0,457720000.0,0.0,0.0,0.03,1747270000.0,603272000.0,1196797000.0,0.602,7.354,30.101,30.145,523063000.0,0.0,102.19,0.892,0.897,2534357000.0,4293598000.0,15450980000.0,15450980000.0,0.0,0.094,0.268,0.208,0.039,12842000.0,1747270000.0,1.0,134823403.0,135671000,137128000.0,113.886,3482657000.0,16631000.0,101864000.0,79997000.0,25.67,1091720000.0
4,CHRW,MRT,2020-06-30,2020-06-30,2020-06-30,2021-08-02,-84091000.0,4825689000.0,4737904500.0,2603926000.0,2221763000.0,3.183,12.624,-63940000.0,362236000.0,362236000.0,12687612000.0,468085000.0,1.556,1.831,1479377000.0,106056000.0,1373321000.0,1479377000.0,0.0,100958000.0,0.0,0.026,2.03,636118000.0,737076000.0,0.049,737076000.0,636118000.0,586715000.0,3.46,3.44,3.46,1704328000.0,1658818000.0,1704328000.0,12169551861.0,19.0,16.511,820596000.0,6.078,1.0,2394700000.0,0.159,1592344000.0,49403000.0,2677106000.0,2892503250.0,0.0,0.0,0.0,0.0,3121361000.0,1673380000.0,1447981000.0,10642264861.0,6929000.0,-224051000.0,-148950000.0,-162000000.0,-275880000.0,-604231000.0,-265838000.0,0.0,884536000.0,-7538000.0,468085000.0,468085000.0,468085000.0,0.0,0.0,0.031,1758582000.0,636118000.0,1246675000.0,0.587,6.244,22.736,22.85,527747000.0,0.0,79.06,0.706,0.708,2172606000.0,4227257000.0,15082312000.0,15082312000.0,0.0,0.099,0.282,0.22,0.042,14489000.0,1758582000.0,1.0,134609978.0,135010000,135610000.0,111.713,3233345000.0,14492000.0,118630000.0,89227000.0,23.949,930546000.0
5,CHRW,MRT,2020-03-31,2020-03-31,2020-03-31,2021-08-02,-108344000.0,4848320000.0,4702509500.0,2606639000.0,2241681000.0,3.267,11.715,-71303000.0,294572000.0,294572000.0,12887843000.0,493326000.0,1.444,2.055,1821859000.0,442989000.0,1378870000.0,1821859000.0,0.0,100282000.0,0.0,0.031,2.02,674866000.0,775148000.0,0.05,775148000.0,674866000.0,629059000.0,3.62,3.6,3.62,1587118000.0,1647563750.0,1587118000.0,10116334022.0,15.0,13.051,565684000.0,4.176,1.0,2475463000.0,0.161,1583012000.0,45807000.0,2987870000.0,2976367250.0,0.0,0.0,0.0,0.0,3261202000.0,1804725000.0,1456477000.0,8929904022.0,-150901000.0,-238674000.0,-255637000.0,71000000.0,-277915000.0,-479420000.0,-293349000.0,0.0,636987000.0,-15119000.0,493326000.0,493326000.0,493326000.0,0.0,0.0,0.032,1800597000.0,674866000.0,1098905000.0,0.558,5.626,18.101,18.287,557707000.0,0.0,66.2,0.581,0.584,2216171000.0,4153109000.0,15363306000.0,15363306000.0,0.0,0.105,0.299,0.227,0.044,25586000.0,1800597000.0,1.0,134892810.0,135474000,135969000.0,113.404,3265308000.0,14605000.0,135733000.0,91815000.0,24.103,801914000.0
6,CHRW,MRT,2019-12-31,2019-12-31,2019-12-31,2021-08-02,-76149000.0,4641060000.0,4664790500.0,2640118000.0,2000942000.0,3.282,12.199,-70465000.0,447858000.0,447858000.0,12723198000.0,576968000.0,1.697,1.778,1634288000.0,282396000.0,1351892000.0,1634288000.0,0.0,100449000.0,0.0,0.026,2.01,789976000.0,890425000.0,0.058,890425000.0,789976000.0,742257000.0,4.21,4.19,4.21,1670730000.0,1663924500.0,1670730000.0,11775024000.0,15.0,13.224,764954000.0,5.585,1.0,2586310000.0,0.169,1382691000.0,47719000.0,2888761000.0,3002359250.0,0.0,0.0,0.0,0.0,2970330000.0,1556038000.0,1414292000.0,10576583000.0,69243000.0,-59200000.0,-246352000.0,-112000000.0,-277786000.0,-651253000.0,-113029000.0,0.0,835419000.0,-1894000.0,576968000.0,576968000.0,576968000.0,0.0,0.0,0.038,1796334000.0,789976000.0,984604000.0,0.477,6.331,18.331,18.575,519283000.0,0.0,78.2,0.691,0.7,2107255000.0,4144834000.0,15309508000.0,15309508000.0,0.0,0.124,0.347,0.263,0.052,30591000.0,1796334000.0,1.0,135250422.0,136955000,137735000.0,111.785,3258369000.0,13485000.0,165289000.0,74484000.0,23.792,1084080000.0
7,CHRW,MRT,2019-09-30,2019-09-30,2019-09-30,2021-08-02,-90902000.0,4636549000.0,4611378500.0,2683166000.0,1953383000.0,3.395,12.268,-65227000.0,384424000.0,384424000.0,12932860000.0,665012000.0,1.871,1.771,1582865000.0,113164000.0,1469701000.0,1582865000.0,0.0,99449000.0,0.0,0.024,2.0,908687000.0,1008136000.0,0.064,1008136000.0,908687000.0,862296000.0,4.84,4.79,4.84,1673096000.0,1645013750.0,1673096000.0,12704714006.0,14.0,12.602,822644000.0,6.032,1.0,2721230000.0,0.174,1384574000.0,46391000.0,3016276000.0,2951710500.0,0.0,0.0,0.0,0.0,2963453000.0,1434140000.0,1529313000.0,11477337006.0,86623000.0,-63188000.0,-294897000.0,-89000000.0,-277926000.0,-676836000.0,-113807000.0,0.0,887871000.0,-10605000.0,665012000.0,665012000.0,665012000.0,0.0,0.0,0.042,1812543000.0,908687000.0,1019280000.0,0.413,6.86,17.259,17.517,473354000.0,0.0,84.78,0.733,0.739,2074449000.0,4115649000.0,15654090000.0,15654090000.0,0.0,0.144,0.404,0.308,0.058,52022000.0,1812543000.0,1.0,135377884.0,136380000,137476000.0,114.783,3251975000.0,11563000.0,197284000.0,78825000.0,23.845,1249026000.0
8,CHRW,MRT,2019-06-30,2019-06-30,2019-06-30,2021-08-02,-72326000.0,4684109000.0,4575421750.0,2706573000.0,1977536000.0,3.517,12.095,-65352000.0,355307000.0,355307000.0,13308015000.0,694013000.0,1.809,1.823,1582684000.0,113005000.0,1469679000.0,1582684000.0,0.0,97892000.0,0.0,0.023,1.96,953575000.0,1051467000.0,0.065,1051467000.0,953575000.0,913838000.0,5.03,4.97,5.03,1659311000.0,1618390500.0,1659311000.0,12743455406.0,13.0,12.12,875600000.0,6.383,1.0,2781843000.0,0.173,1402584000.0,39737000.0,3012562000.0,2875217250.0,0.0,0.0,0.0,0.0,3024798000.0,1496340000.0,1528458000.0,11519049406.0,44732000.0,-62379000.0,-311725000.0,-154000000.0,-273670000.0,-754446000.0,-129799000.0,0.0,940952000.0,-11975000.0,694013000.0,694013000.0,694013000.0,0.0,0.0,0.043,1828268000.0,953575000.0,1064432000.0,0.39,6.942,16.598,16.769,484745000.0,0.0,84.35,0.716,0.719,2100246000.0,4037610000.0,16089858000.0,16089858000.0,0.0,0.152,0.429,0.332,0.059,66655000.0,1828268000.0,1.0,136562530.0,137185000,138256000.0,117.286,3281525000.0,12957000.0,219825000.0,83716000.0,23.92,1210233000.0
9,CHRW,MRT,2019-03-31,2019-03-31,2019-03-31,2021-08-02,-66638000.0,4697444000.0,4517715500.0,2728354000.0,1969090000.0,3.643,11.988,-62273000.0,445473000.0,445473000.0,13698945000.0,683996000.0,1.908,1.843,1669879000.0,117205000.0,1552674000.0,1669879000.0,0.0,97048000.0,0.0,0.022,1.92,945048000.0,1042096000.0,0.063,1042096000.0,945048000.0,906798000.0,4.94,4.88,4.94,1652561000.0,1583102500.0,1652561000.0,12964725233.0,14.0,12.441,786984000.0,5.709,1.0,2758110000.0,0.168,1400348000.0,38250000.0,3091838000.0,2797869750.0,0.0,0.0,0.0,0.0,3044883000.0,1429664000.0,1615219000.0,11904904233.0,95691000.0,-49458000.0,-274512000.0,-59988000.0,-269579000.0,-619294000.0,-114619000.0,0.0,849257000.0,-19653000.0,683996000.0,683996000.0,683996000.0,0.0,0.0,0.042,1813062000.0,945048000.0,995971000.0,0.389,7.204,17.405,17.609,482703000.0,0.0,86.99,0.723,0.729,2057931000.0,3937698000.0,16457055000.0,16457055000.0,0.0,0.151,0.432,0.338,0.057,78158000.0,1813062000.0,1.0,136853710.0,137854000,138955000.0,119.38,3297096000.0,13495000.0,222802000.0,130224000.0,23.917,1298690000.0
10,CHRW,MRT,2018-12-31,2018-12-31,2018-12-31,2021-08-02,-71935000.0,4427412000.0,4420298500.0,2753074000.0,1674338000.0,3.762,11.475,-63871000.0,378615000.0,378615000.0,13925937000.0,664505000.0,1.921,1.776,1438436000.0,97084000.0,1341352000.0,1438436000.0,0.0,96729000.0,0.0,0.022,1.88,912083000.0,1008812000.0,0.061,1008812000.0,912083000.0,880273000.0,4.78,4.73,4.78,1595087000.0,1541130250.0,1595087000.0,12681099407.0,14.0,12.57,729025000.0,5.244,1.0,2705235000.0,0.163,1367744000.0,31810000.0,2686166000.0,2531099250.0,0.0,0.0,0.0,0.0,2832325000.0,1433323000.0,1399002000.0,11562744407.0,44725000.0,-5315000.0,-249706000.0,-118988000.0,-265219000.0,-655177000.0,-72808000.0,0.0,792896000.0,-20186000.0,664505000.0,664505000.0,664505000.0,0.0,0.0,0.04,1793152000.0,912083000.0,971023000.0,0.393,7.249,17.401,17.592,228301000.0,0.0,84.09,0.695,0.703,2162438000.0,3845593000.0,16631172000.0,16631172000.0,0.0,0.15,0.431,0.36,0.055,77403000.0,1793152000.0,1.0,137504393.0,139010000,140405000.0,119.64,3059668000.0,9993000.0,215768000.0,85580000.0,22.01,1319751000.0
11,CHRW,MRT,2018-09-30,2018-09-30,2018-09-30,2021-08-02,-57414000.0,4492722000.0,4372404000.0,2805065000.0,1687657000.0,3.763,11.287,-61114000.0,297801000.0,297801000.0,13829749000.0,629911000.0,1.851,1.868,1416156000.0,74853000.0,1341303000.0,1416156000.0,0.0,96039000.0,0.0,0.019,1.84,867442000.0,963481000.0,0.059,963481000.0,867442000.0,827586000.0,4.52,4.47,4.52,1566603000.0,1498794750.0,1566603000.0,14736924342.0,17.0,15.296,633421000.0,4.564,1.0,2623301000.0,0.159,1385442000.0,39856000.0,2710303000.0,2371671000.0,0.0,0.0,0.0,0.0,2926119000.0,1515332000.0,1410787000.0,13566277342.0,494000.0,-1937000.0,-196304000.0,-127988000.0,-260615000.0,-606321000.0,-65381000.0,0.0,694535000.0,-22339000.0,629911000.0,629911000.0,629911000.0,0.0,0.0,0.038,1755859000.0,867442000.0,1077780000.0,0.407,8.66,21.537,21.664,231962000.0,0.0,97.92,0.825,0.826,2251944000.0,3728503000.0,16453050000.0,16453050000.0,0.0,0.144,0.42,0.366,0.053,74677000.0,1755859000.0,1.0,138544499.0,138797000,140160000.0,118.54,3107280000.0,9270000.0,197675000.0,83671000.0,22.387,1289733000.0
12,CHRW,MRT,2018-06-30,2018-06-30,2018-06-30,2021-08-02,-46537000.0,4453284000.0,4293120500.0,2758656000.0,1694628000.0,3.714,10.886,-55058000.0,310575000.0,310575000.0,13422498000.0,573202000.0,1.809,1.933,1481222000.0,140168000.0,1341054000.0,1481222000.0,0.0,96079000.0,0.0,0.022,1.83,815934000.0,912013000.0,0.057,912013000.0,815934000.0,772120000.0,4.1,4.07,4.1,1518159000.0,1445862750.0,1518159000.0,12774818790.0,16.0,14.007,487402000.0,3.495,1.0,2523103000.0,0.158,1396032000.0,43814000.0,2703172000.0,2192887250.0,0.0,0.0,0.0,0.0,2935125000.0,1524727000.0,1410398000.0,11648704790.0,37393000.0,-48603000.0,-180326000.0,65012000.0,-259975000.0,-396113000.0,-104633000.0,0.0,542460000.0,-4321000.0,573202000.0,573202000.0,573202000.0,0.0,0.0,0.036,1707169000.0,815934000.0,1059669000.0,0.446,7.673,20.322,20.405,228325000.0,0.0,83.66,0.731,0.732,2202460000.0,3617324000.0,15945601000.0,15945601000.0,0.0,0.134,0.396,0.372,0.051,59091000.0,1707169000.0,1.0,139238642.0,139464000,140611000.0,114.335,3057252000.0,10714000.0,198918000.0,86536000.0,21.921,1233929000.0
13,CHRW,MRT,2018-03-31,2018-03-31,2018-03-31,2021-08-02,-19025000.0,4307776000.0,4171271750.0,2591013000.0,1716763000.0,3.687,10.602,-56688000.0,349782000.0,349782000.0,12954173000.0,525110000.0,1.299,1.902,1475896000.0,725896000.0,750000000.0,1475896000.0,0.0,94787000.0,0.0,0.019,1.82,778746000.0,873533000.0,0.057,873533000.0,778746000.0,730692000.0,3.75,3.72,3.75,1484672000.0,1400625000.0,1484672000.0,14323328486.0,18.0,16.397,435187000.0,3.108,1.0,2425409000.0,0.158,1414724000.0,48054000.0,2024756000.0,1996353000.0,0.0,0.0,0.0,0.0,2823104000.0,1994410000.0,828694000.0,13095859486.0,119988000.0,-47288000.0,-157382000.0,161000000.0,-259007000.0,-276082000.0,-105279000.0,0.0,491875000.0,9474000.0,525110000.0,525110000.0,525110000.0,0.0,0.0,0.034,1646663000.0,778746000.0,990065000.0,0.485,8.821,24.939,24.989,230609000.0,0.0,93.71,0.852,0.853,2019333000.0,3523245000.0,15379582000.0,15379582000.0,0.0,0.126,0.375,0.39,0.051,37084000.0,1646663000.0,1.0,139748794.0,140032000,141270000.0,109.829,2893052000.0,11126000.0,205582000.0,120879000.0,20.66,596603000.0
14,CHRW,MRT,2017-12-31,2017-12-31,2017-12-31,2021-08-02,-18460000.0,4235834000.0,4038263750.0,2510936000.0,1724898000.0,3.682,10.14,-57945000.0,333890000.0,333890000.0,12501330000.0,504893000.0,1.263,1.971,1561359000.0,811359000.0,750000000.0,1561359000.0,0.0,92977000.0,0.0,0.02,1.81,775119000.0,868096000.0,0.058,868096000.0,775119000.0,728463000.0,3.59,3.57,3.59,1425745000.0,1358425500.0,1425745000.0,13661644999.0,18.0,15.737,326056000.0,2.319,1.0,2368050000.0,0.159,1427401000.0,46656000.0,2048453000.0,1884841000.0,0.0,0.0,0.0,0.0,2810089000.0,1987449000.0,822640000.0,12419617999.0,86224000.0,-49068000.0,-147355000.0,225000000.0,-258222000.0,-202134000.0,-107534000.0,0.0,384001000.0,11891000.0,504893000.0,504893000.0,504893000.0,0.0,0.0,0.034,1592931000.0,775119000.0,1000305000.0,0.504,8.711,24.599,24.816,230326000.0,0.0,89.09,0.835,0.842,2113930000.0,3437093000.0,14869380000.0,14869380000.0,0.0,0.125,0.372,0.411,0.052,28148000.0,1592931000.0,1.0,139405298.0,140610000,141382000.0,105.749,2808433000.0,6870000.0,223570000.0,84279000.0,19.973,523487000.0
15,CHRW,MRT,2017-09-30,2017-09-30,2017-09-30,2021-08-02,-22880000.0,4175588000.0,3901244750.0,2454846000.0,1720742000.0,3.672,9.649,-66744000.0,297307000.0,297307000.0,12026852000.0,474640000.0,1.236,2.082,1539334000.0,789334000.0,750000000.0,1539334000.0,0.0,91293000.0,0.0,0.024,1.8,757808000.0,849101000.0,0.059,849101000.0,757808000.0,725536000.0,3.37,3.35,3.37,1354875000.0,1316451000.0,1354875000.0,11829061775.0,16.0,13.931,304185000.0,2.166,1.0,2297717000.0,0.16,1436145000.0,32272000.0,1995168000.0,1751754000.0,0.0,0.0,0.0,0.0,2820713000.0,1986302000.0,834411000.0,10683379775.0,72858000.0,-48446000.0,-167293000.0,244000000.0,-247066000.0,-190308000.0,-115599000.0,0.0,370929000.0,7836000.0,474640000.0,474640000.0,474640000.0,0.0,0.0,0.033,1539909000.0,757808000.0,1033726000.0,0.534,7.885,22.508,22.582,232905000.0,0.0,76.1,0.746,0.746,2104314000.0,3349994000.0,14324569000.0,14324569000.0,0.0,0.122,0.361,0.433,0.053,18285000.0,1539909000.0,1.0,140386068.0,140422000,141022000.0,102.011,2739443000.0,5917000.0,250896000.0,95647000.0,19.509,468544000.0
16,CHRW,MRT,2017-06-30,2017-06-30,2017-06-30,2021-08-02,-37306000.0,3965889000.0,3773363250.0,2285022000.0,1680867000.0,3.683,9.48,-80431000.0,273182000.0,273182000.0,11633539000.0,484482000.0,1.271,1.966,1418864000.0,668864000.0,750000000.0,1418864000.0,0.0,84987000.0,0.0,0.026,1.78,774610000.0,859597000.0,0.062,859597000.0,774610000.0,745396000.0,3.42,3.4,3.42,1337208000.0,1295149250.0,1337208000.0,10763216946.0,14.0,12.521,351727000.0,2.493,1.0,2262333000.0,0.163,1397042000.0,29214000.0,1917035000.0,1632160250.0,0.0,0.0,0.0,0.0,2628681000.0,1797494000.0,831187000.0,9678990946.0,66099000.0,-221983000.0,-171218000.0,377000000.0,-246716000.0,-60747000.0,-304452000.0,0.0,432158000.0,-860000.0,484482000.0,484482000.0,484482000.0,0.0,0.0,0.035,1487723000.0,774610000.0,978431000.0,0.52,7.238,19.978,20.082,234312000.0,0.0,68.68,0.697,0.697,1948204000.0,3294767000.0,13895872000.0,13895872000.0,0.0,0.128,0.374,0.475,0.056,14681000.0,1487723000.0,1.0,140928814.0,141061000,141587000.0,98.51,2568847000.0,5142000.0,260914000.0,96949000.0,18.211,487528000.0
17,CHRW,MRT,2017-03-31,2017-03-31,2017-03-31,2021-08-02,-44037000.0,3775744000.0,3619158500.0,2092610000.0,1683134000.0,3.726,9.301,-90332000.0,229794000.0,229794000.0,11202836000.0,516501000.0,1.115,1.869,1314020000.0,814020000.0,500000000.0,1314020000.0,0.0,80225000.0,0.0,0.023,1.76,826537000.0,906762000.0,0.067,906762000.0,826537000.0,800426000.0,3.63,3.62,3.63,1315874000.0,1276557250.0,1315874000.0,12000067861.0,15.0,13.234,427622000.0,3.022,1.0,2282759000.0,0.169,1403895000.0,26111000.0,1578708000.0,1522308000.0,0.0,0.0,0.0,0.0,2459870000.0,1877367000.0,582503000.0,10925681861.0,50388000.0,-221983000.0,-152571000.0,270000000.0,-246139000.0,-147438000.0,-312837000.0,0.0,517954000.0,-7291000.0,516501000.0,516501000.0,516501000.0,0.0,0.0,0.038,1456222000.0,826537000.0,893237000.0,0.485,8.303,21.153,21.292,235059000.0,0.0,77.29,0.81,0.811,1802777000.0,3248014000.0,13485595000.0,13485595000.0,0.0,0.143,0.405,0.543,0.061,20725000.0,1456222000.0,1.0,141359579.0,141484000,141858000.0,95.315,2371849000.0,3527000.0,283925000.0,141277000.0,16.764,215243000.0
18,CHRW,MRT,2016-12-31,2016-12-31,2016-12-31,2021-08-02,-61442000.0,3687758000.0,3465783750.0,2008102000.0,1679656000.0,3.793,8.814,-91437000.0,247666000.0,247666000.0,10866885000.0,513384000.0,1.088,1.932,1322052000.0,822052000.0,500000000.0,1322052000.0,0.0,74669000.0,0.0,0.024,1.74,837531000.0,912200000.0,0.069,912200000.0,837531000.0,811950000.0,3.6,3.59,3.6,1257847000.0,1245540250.0,1257847000.0,11452255432.0,14.0,12.555,437971000.0,3.069,1.0,2277528000.0,0.173,1400321000.0,25581000.0,1516105000.0,1484531750.0,0.0,0.0,0.0,0.0,2429911000.0,1845718000.0,584193000.0,10374310432.0,79437000.0,-220203000.0,-153654000.0,290000000.0,-245430000.0,-127300000.0,-312988000.0,0.0,529408000.0,-9683000.0,513384000.0,513384000.0,513384000.0,0.0,0.0,0.039,1439997000.0,837531000.0,839736000.0,0.483,8.248,20.208,20.35,232953000.0,0.0,73.26,0.789,0.795,1711191000.0,3190578000.0,13144413000.0,13144413000.0,0.0,0.148,0.412,0.564,0.064,19103000.0,1439997000.0,1.0,141609479.0,142706000,142991000.0,92.108,2287437000.0,2250000.0,298566000.0,99443000.0,16.029,162384000.0
19,CHRW,MRT,2016-09-30,2016-09-30,2016-09-30,2021-08-02,-37455000.0,3664062000.0,3339933750.0,1967549000.0,1696513000.0,3.874,8.903,-82942000.0,224449000.0,224449000.0,10653502000.0,517664000.0,1.093,1.886,1302394000.0,802394000.0,500000000.0,1302394000.0,0.0,69612000.0,0.0,0.024,1.72,858545000.0,928157000.0,0.072,928157000.0,858545000.0,822611000.0,3.62,3.61,3.62,1269668000.0,1218691000.0,1269668000.0,10892014829.0,13.0,11.735,547779000.0,3.841,1.0,2286789000.0,0.177,1425417000.0,35934000.0,1516793000.0,1449318250.0,0.0,0.0,0.0,0.0,2394394000.0,1799797000.0,594597000.0,10055168829.0,81362000.0,-222928000.0,-159309000.0,195000000.0,-255296000.0,-237756000.0,-306499000.0,0.0,630721000.0,-5104000.0,517664000.0,517664000.0,517664000.0,0.0,0.0,0.04,1428244000.0,858545000.0,820299000.0,0.475,7.92,19.424,19.464,226470000.0,0.0,70.46,0.777,0.777,1682686000.0,3122577000.0,12940291000.0,12940291000.0,0.0,0.155,0.425,0.592,0.066,19020000.0,1428244000.0,1.0,142707477.0,142611000,142883000.0,90.738,2238645000.0,5755000.0,304947000.0,105127000.0,15.698,167752000.0
20,CHRW,MRT,2016-06-30,2016-06-30,2016-06-30,2021-08-02,-37973000.0,3349070000.0,3252059500.0,1879102000.0,1469968000.0,3.999,8.831,-69013000.0,207083000.0,207083000.0,10686888000.0,528068000.0,1.26,1.652,1043929000.0,543929000.0,500000000.0,1043929000.0,0.0,68786000.0,0.0,0.022,1.67,879989000.0,948775000.0,0.073,948775000.0,879989000.0,844922000.0,3.68,3.67,3.68,1262840000.0,1184114750.0,1262840000.0,11461409723.0,13.0,12.08,645388000.0,4.513,1.0,2316902000.0,0.178,1216833000.0,35067000.0,1477626000.0,1433872750.0,0.0,0.0,0.0,0.0,2086230000.0,1491457000.0,594773000.0,10600422723.0,35632000.0,-690000.0,-167357000.0,-165000000.0,-248618000.0,-597674000.0,-69828000.0,0.0,714401000.0,-11267000.0,528068000.0,528068000.0,528068000.0,0.0,0.0,0.041,1436913000.0,879989000.0,757792000.0,0.454,8.394,20.074,20.177,211905000.0,0.0,74.25,0.815,0.817,1602631000.0,3057158000.0,13003790000.0,13003790000.0,0.0,0.162,0.446,0.614,0.068,28775000.0,1436913000.0,1.0,142766636.0,142998000,143216000.0,90.937,2132237000.0,10261000.0,316854000.0,136646000.0,14.911,387645000.0
21,CHRW,MRT,2016-03-31,2016-03-31,2016-03-31,2021-08-02,-34396000.0,3162245000.0,3265795500.0,1705716000.0,1456529000.0,4.057,8.304,-55801000.0,179406000.0,179406000.0,10942432000.0,522186000.0,1.243,1.653,1040393000.0,540393000.0,500000000.0,1040393000.0,0.0,67041000.0,0.0,0.022,1.62,875337000.0,942378000.0,0.071,942378000.0,875337000.0,840641000.0,3.62,3.61,3.62,1191806000.0,1146367500.0,1191806000.0,11500973211.0,13.0,12.204,666290000.0,4.642,1.0,2306705000.0,0.174,1223574000.0,34696000.0,1427603000.0,1439191500.0,0.0,0.0,0.0,0.0,1970439000.0,1372055000.0,598384000.0,10632904211.0,43623000.0,-690000.0,-197549000.0,-160000000.0,-242168000.0,-616498000.0,-57082000.0,0.0,722091000.0,-4888000.0,522186000.0,522186000.0,522186000.0,0.0,0.0,0.039,1431368000.0,875337000.0,690692000.0,0.448,8.922,20.362,20.506,195920000.0,0.0,74.23,0.803,0.804,1463240000.0,2977710000.0,13249137000.0,13249137000.0,0.0,0.16,0.456,0.608,0.066,35129000.0,1431368000.0,1.0,143242681.0,143525000,143658000.0,92.312,1938671000.0,15631000.0,318455000.0,130765000.0,13.508,333661000.0
22,CHRW,MRT,2015-12-31,2015-12-31,2015-12-31,2021-08-02,-37946000.0,3184358000.0,3302540250.0,1730698000.0,1453660000.0,4.081,7.936,-44642000.0,168229000.0,168229000.0,11207604000.0,509699000.0,1.195,1.768,1036298000.0,536298000.0,500000000.0,1036298000.0,0.0,66409000.0,0.0,0.025,1.57,858310000.0,924719000.0,0.069,924719000.0,858310000.0,822781000.0,3.52,3.51,3.52,1150450000.0,1112921000.0,1150450000.0,9855411631.0,11.0,10.658,673694000.0,4.647,1.0,2268480000.0,0.168,1228579000.0,35529000.0,1375251000.0,1453058750.0,0.0,0.0,0.0,0.0,2033908000.0,1448597000.0,585311000.0,8907613631.0,39289000.0,-369833000.0,-214306000.0,-155000000.0,-235615000.0,-607741000.0,-54446000.0,0.0,718336000.0,-16860000.0,509699000.0,509699000.0,509699000.0,0.0,0.0,0.038,1410170000.0,858310000.0,697585000.0,0.446,7.743,17.476,17.619,190874000.0,0.0,62.02,0.661,0.667,1505620000.0,2922620000.0,13476084000.0,13476084000.0,0.0,0.154,0.458,0.591,0.064,49113000.0,1410170000.0,1.0,143624857.0,144967000,145349000.0,92.96,1955779000.0,16788000.0,313082000.0,97667000.0,13.491,282101000.0
23,CHRW,MRT,2015-09-30,2015-09-30,2015-09-30,2021-08-02,-44073000.0,3312565000.0,3310035250.0,1856211000.0,1456354000.0,4.115,7.825,-37177000.0,143087000.0,143087000.0,11422914000.0,496063000.0,1.174,1.928,1090885000.0,590885000.0,500000000.0,1090885000.0,0.0,63080000.0,0.0,0.022,1.52,831459000.0,894539000.0,0.066,894539000.0,831459000.0,803001000.0,3.41,3.4,3.41,1131363000.0,1087062250.0,1131363000.0,10623918101.0,13.0,11.876,635370000.0,4.395,1.0,2199519000.0,0.161,1224093000.0,28458000.0,1455011000.0,1461841750.0,0.0,0.0,0.0,0.0,2181202000.0,1581259000.0,599943000.0,9604184101.0,15371000.0,-367108000.0,-184828000.0,183516000.0,-228866000.0,-233352000.0,-404184000.0,0.0,672547000.0,-19640000.0,496063000.0,496063000.0,496063000.0,0.0,0.0,0.036,1368060000.0,831459000.0,799307000.0,0.446,8.489,19.361,19.862,190244000.0,0.0,67.73,0.705,0.719,1651794000.0,2860204000.0,13622433000.0,13622433000.0,0.0,0.15,0.456,0.569,0.061,57812000.0,1368060000.0,1.0,141801035.0,144578000,144782000.0,94.222,2088472000.0,16057000.0,306938000.0,120947000.0,14.445,274952000.0
24,CHRW,MRT,2015-06-30,2015-06-30,2015-06-30,2021-08-02,-37678000.0,3404014000.0,3217340000.0,1944339000.0,1459675000.0,4.249,7.641,-30283000.0,171451000.0,171451000.0,11532034000.0,481612000.0,1.147,2.062,1191185000.0,691185000.0,500000000.0,1191185000.0,0.0,60342000.0,0.0,0.024,1.49,802085000.0,862427000.0,0.063,862427000.0,802085000.0,773982000.0,3.3,3.29,3.3,1111851000.0,1058900750.0,1111851000.0,10159536405.0,13.0,11.78,605971000.0,4.164,1.0,2138508000.0,0.156,1230029000.0,28103000.0,1498901000.0,1461993750.0,0.0,0.0,0.0,0.0,2292163000.0,1694818000.0,597345000.0,9098784405.0,27236000.0,-369143000.0,-190712000.0,228516000.0,-224616000.0,-189918000.0,-399339000.0,0.0,636254000.0,-19761000.0,481612000.0,481612000.0,481612000.0,0.0,0.0,0.035,1336423000.0,802085000.0,832861000.0,0.452,8.183,18.892,18.906,190849000.0,0.0,62.39,0.666,0.664,1706429000.0,2777703000.0,13670542000.0,13670542000.0,0.0,0.15,0.455,0.549,0.059,62457000.0,1336423000.0,1.0,145837224.0,145515000,145679000.0,93.946,2173985000.0,7731000.0,292370000.0,122653000.0,14.94,249521000.0
25,CHRW,MRT,2015-03-31,2015-03-31,2015-03-31,2021-08-02,-41808000.0,3309224000.0,3125613000.0,1846915000.0,1462309000.0,4.36,7.237,-23573000.0,135783000.0,135783000.0,11552845000.0,463000000.0,1.119,2.128,1196535000.0,696535000.0,500000000.0,1196535000.0,0.0,58703000.0,0.0,0.02,1.46,773372000.0,832075000.0,0.061,832075000.0,773372000.0,744911000.0,3.16,3.15,3.16,1058020000.0,1033463250.0,1058020000.0,11409463123.0,15.0,13.712,575808000.0,3.938,1.0,2075527000.0,0.152,1235808000.0,28461000.0,1483072000.0,1458861500.0,0.0,0.0,0.0,0.0,2251204000.0,1651096000.0,600108000.0,10714190123.0,-7030000.0,-369143000.0,-185801000.0,218516000.0,-219923000.0,-190039000.0,-392528000.0,0.0,599381000.0,-23844000.0,463000000.0,463000000.0,463000000.0,0.0,0.0,0.034,1302155000.0,773372000.0,791722000.0,0.462,10.127,23.141,23.171,191141000.0,0.0,73.22,0.786,0.785,1651427000.0,2697680000.0,13628372000.0,13628372000.0,0.0,0.148,0.448,0.53,0.057,58404000.0,1302155000.0,1.0,146328737.0,146204000,146383000.0,93.215,2073416000.0,8387000.0,281911000.0,152675000.0,14.182,195819000.0
26,CHRW,MRT,2014-12-31,2014-12-31,2014-12-31,2021-08-02,-28610000.0,3214338000.0,3038349000.0,2105459000.0,1108879000.0,4.433,7.113,-29502000.0,488328000.0,488328000.0,11462415000.0,449711000.0,1.336,2.07,1183601000.0,683601000.0,500000000.0,1183601000.0,0.0,57009000.0,0.0,0.019,1.43,748418000.0,805427000.0,0.06,805427000.0,748418000.0,723431000.0,3.06,3.05,3.06,1047015000.0,1014357500.0,1047015000.0,11727546205.0,16.0,14.561,483924000.0,3.287,1.0,2007652000.0,0.149,923368000.0,24987000.0,1410383000.0,1454426750.0,0.0,0.0,0.0,0.0,2167323000.0,1575860000.0,591463000.0,10955297205.0,-33107000.0,0.0,-152099000.0,228516000.0,-215008000.0,-143637000.0,-388896000.0,0.0,513426000.0,-14000000.0,449711000.0,449711000.0,449711000.0,0.0,0.0,0.033,1259234000.0,748418000.0,716654000.0,0.467,10.463,24.361,24.474,152471000.0,0.0,74.89,0.813,0.818,1571591000.0,2648539000.0,13470067000.0,13470067000.0,0.0,0.148,0.443,0.515,0.056,47861000.0,1259234000.0,1.0,146285181.0,147202000,147542000.0,91.507,2290970000.0,7746000.0,273720000.0,95856000.0,15.563,529599000.0
27,CHRW,MRT,2014-09-30,2014-09-30,2014-09-30,2021-08-02,-20623000.0,2941784000.0,2935469000.0,1824716000.0,1117068000.0,4.519,6.947,-39106000.0,127716000.0,127716000.0,11315446000.0,429716000.0,1.373,1.888,899965000.0,399965000.0,500000000.0,899965000.0,0.0,58272000.0,0.0,0.021,1.4,715803000.0,774075000.0,0.058,774075000.0,715803000.0,691211000.0,2.9,2.9,2.9,1018717000.0,987534750.0,1018717000.0,10576137252.0,15.0,13.663,431064000.0,2.939,1.0,1950301000.0,0.147,929212000.0,24592000.0,1455619000.0,1443922750.0,0.0,0.0,0.0,0.0,1923067000.0,1329202000.0,593865000.0,9759488252.0,-2007000.0,0.0,-207016000.0,-5000000.0,-210717000.0,-427244000.0,-38678000.0,0.0,470170000.0,-6255000.0,429716000.0,429716000.0,429716000.0,0.0,0.0,0.032,1234498000.0,715803000.0,767164000.0,0.483,9.58,22.711,22.869,156936000.0,0.0,66.32,0.736,0.733,1640634000.0,2593010000.0,13265747000.0,13265747000.0,0.0,0.146,0.435,0.496,0.054,31799000.0,1234498000.0,1.0,147157543.0,146646000,146856000.0,90.461,2012572000.0,8301000.0,261495000.0,107608000.0,13.724,495514000.0
28,CHRW,MRT,2014-06-30,2014-06-30,2014-06-30,2021-08-02,-11699000.0,3037106000.0,2922915000.0,1909201000.0,1127905000.0,4.487,6.833,-44453000.0,144215000.0,144215000.0,11229007000.0,412472000.0,1.334,2.007,960864000.0,460864000.0,500000000.0,960864000.0,0.0,58279000.0,0.0,0.022,1.4,688821000.0,747100000.0,0.057,747100000.0,688821000.0,667798000.0,2.74,2.74,2.74,1010101000.0,979996250.0,1010101000.0,10295688846.0,15.0,13.781,373421000.0,2.526,1.0,1886043000.0,0.144,936385000.0,21023000.0,1486372000.0,1432079000.0,0.0,0.0,0.0,0.0,2027005000.0,1430998000.0,596007000.0,9468353846.0,-5802000.0,0.0,-697457000.0,534348000.0,-212135000.0,-381115000.0,-44071000.0,0.0,417874000.0,1510000.0,412472000.0,412472000.0,412472000.0,0.0,0.0,0.031,1197222000.0,688821000.0,815249000.0,0.511,9.374,22.955,23.281,160268000.0,0.0,63.79,0.722,0.719,1699787000.0,2520710000.0,13115050000.0,13115050000.0,0.0,0.141,0.421,0.481,0.053,15632000.0,1197222000.0,1.0,148430065.0,147826000,147974000.0,88.72,2100721000.0,7156000.0,255326000.0,121465000.0,14.211,478203000.0
29,CHRW,MRT,2014-03-31,2014-03-31,2014-03-31,2021-08-02,-10957000.0,2960168000.0,2894024750.0,1823082000.0,1137086000.0,4.458,6.609,-50624000.0,142813000.0,142813000.0,11062786000.0,405748000.0,1.321,2.016,970148000.0,470148000.0,500000000.0,970148000.0,0.0,57624000.0,0.0,0.027,1.4,670915000.0,728539000.0,0.056,728539000.0,670915000.0,655555000.0,2.64,2.64,2.64,981597000.0,1102237250.0,981597000.0,8559746637.0,13.0,11.749,369643000.0,2.489,1.0,1837608000.0,0.142,941681000.0,15360000.0,1465333000.0,1288886250.0,0.0,0.0,0.0,0.0,1978571000.0,1380489000.0,598082000.0,7777676637.0,-17087000.0,19126000.0,-701876000.0,519371000.0,-216204000.0,-404962000.0,-31052000.0,0.0,420267000.0,-1340000.0,405748000.0,405748000.0,405748000.0,0.0,0.0,0.031,1166693000.0,670915000.0,782913000.0,0.53,7.923,19.169,19.845,163957000.0,0.0,52.39,0.603,0.603,1612034000.0,2454598000.0,12900394000.0,12900394000.0,0.0,0.14,0.368,0.521,0.052,8772000.0,1166693000.0,1.0,148457275.0,148517000,149008000.0,86.861,2018487000.0,7378000.0,249807000.0,142075000.0,13.591,442593000.0
30,CHRW,MRT,2013-12-31,2013-12-31,2013-12-31,2021-08-02,-10620000.0,2802818000.0,2861622750.0,1664485000.0,1138333000.0,4.456,5.989,-48206000.0,162047000.0,162047000.0,10915981000.0,415904000.0,1.311,1.983,944117000.0,444117000.0,500000000.0,944117000.0,0.0,56882000.0,0.0,0.024,1.4,682650000.0,739532000.0,0.058,739532000.0,682650000.0,673361000.0,2.65,2.65,2.65,939724000.0,1229259250.0,939724000.0,9621366576.0,14.0,13.01,299571000.0,1.909,1.0,1836095000.0,0.144,946540000.0,9289000.0,1368367000.0,1150396000.0,0.0,0.0,0.0,0.0,1863094000.0,1269981000.0,593113000.0,8847905576.0,-47972000.0,19126000.0,-742139000.0,621354000.0,-220257000.0,-364904000.0,-28859000.0,0.0,347777000.0,-1986000.0,415904000.0,415904000.0,415904000.0,0.0,0.0,0.033,1153445000.0,682650000.0,685890000.0,0.528,9.415,21.274,22.019,160703000.0,0.0,58.35,0.694,0.718,1449581000.0,2413833000.0,12752076000.0,12752076000.0,0.0,0.145,0.338,0.593,0.054,9094000.0,1153445000.0,1.0,151635057.0,156915000,157080000.0,81.267,1856278000.0,8286000.0,257457000.0,103883000.0,11.83,394504000.0
31,CHRW,MRT,2013-09-30,2013-09-30,2013-09-30,2021-08-02,-11895000.0,2891568000.0,2861974500.0,1753441000.0,1138127000.0,4.392,6.3,-46001000.0,129723000.0,129723000.0,10733808000.0,579344000.0,1.342,1.925,903184000.0,403184000.0,500000000.0,903184000.0,0.0,54061000.0,0.0,0.023,1.4,660105000.0,714166000.0,0.057,714166000.0,660105000.0,940023000.0,3.62,3.62,3.62,988563000.0,1370421250.0,988563000.0,9771887346.0,15.0,13.683,330114000.0,2.104,1.0,1836262000.0,0.146,950554000.0,-279918000.0,1408244000.0,989310500.0,0.0,0.0,0.0,0.0,1903005000.0,1306231000.0,596774000.0,9495302346.0,-143232000.0,-289703000.0,-723408000.0,844717000.0,-279210000.0,-182025000.0,-335270000.0,0.0,376115000.0,-2052000.0,579344000.0,579344000.0,579344000.0,0.0,0.0,0.046,1175121000.0,661141000.0,757558000.0,0.387,9.605,16.39,16.461,155693000.0,0.0,59.59,0.755,0.744,1564997000.0,2374011000.0,12570070000.0,12570070000.0,0.0,0.202,0.423,0.667,0.053,49160000.0,1175121000.0,1.0,159343889.0,156924000,157044000.0,80.103,1941014000.0,8889000.0,360679000.0,119786000.0,12.369,447210000.0
32,CHRW,MRT,2013-06-30,2013-06-30,2013-06-30,2021-08-02,-14979000.0,2921545000.0,2699899250.0,1782968000.0,1138577000.0,4.494,9.38,-48263000.0,150017000.0,150017000.0,10328188000.0,587937000.0,1.34,0.949,426602000.0,426602000.0,0.0,426602000.0,0.0,48834000.0,0.0,0.025,1.38,671083000.0,719917000.0,0.059,719917000.0,671083000.0,953636000.0,3.65,3.65,3.65,1499065000.0,1445999250.0,1499065000.0,9328787701.0,14.0,12.958,360322000.0,2.255,1.0,1805626000.0,0.149,953542000.0,-282553000.0,913601000.0,799647750.0,0.0,0.0,0.0,0.0,1422480000.0,1330987000.0,91493000.0,9041099701.0,-90610000.0,-289703000.0,-217586000.0,360369000.0,-279233000.0,-159701000.0,-337632000.0,0.0,408585000.0,-1862000.0,587937000.0,587937000.0,587937000.0,0.0,0.0,0.048,1133583000.0,672043000.0,747022000.0,0.378,6.031,15.378,15.427,153327000.0,0.0,56.31,0.745,0.742,1570886000.0,2320398000.0,12133814000.0,12133814000.0,0.0,0.218,0.407,0.839,0.055,52707000.0,1133583000.0,1.0,160559398.0,159818000,159917000.0,75.923,1968003000.0,10602000.0,365699000.0,142468000.0,12.314,451981000.0
33,CHRW,MRT,2013-03-31,2013-03-31,2013-03-31,2021-08-02,-11574000.0,2830560000.0,2529512750.0,1690579000.0,1139981000.0,4.665,9.274,-47013000.0,159900000.0,159900000.0,10042719000.0,590647000.0,1.353,0.9,447588000.0,447588000.0,0.0,447588000.0,0.0,43480000.0,0.0,0.023,1.36,674207000.0,717687000.0,0.061,717687000.0,674207000.0,957349000.0,3.66,3.66,3.66,1489685000.0,1390780500.0,1489685000.0,9687910391.0,14.0,13.499,278195000.0,1.732,1.0,1758547000.0,0.149,957449000.0,-283142000.0,911372000.0,733719500.0,0.0,0.0,0.0,0.0,1340875000.0,1249427000.0,91448000.0,9576267391.0,-151465000.0,-308829000.0,-205914000.0,385346000.0,-277101000.0,-120381000.0,-355384000.0,0.0,325208000.0,-908000.0,590647000.0,590647000.0,590647000.0,0.0,0.0,0.05,1084066000.0,674481000.0,701770000.0,0.372,6.428,16.213,16.246,150896000.0,0.0,59.46,0.811,0.809,1469826000.0,2265084000.0,11801266000.0,11801266000.0,0.0,0.234,0.425,0.919,0.057,54730000.0,1084066000.0,1.0,161053942.0,160637000,160690000.0,73.465,1873111000.0,9465000.0,366702000.0,100467000.0,11.661,441152000.0
34,CHRW,MRT,2012-12-31,2012-12-31,2012-12-31,2021-08-02,-9345000.0,2804225000.0,2355444000.0,1672290000.0,1131935000.0,4.822,9.312,-50656000.0,210019000.0,210019000.0,9641542000.0,593804000.0,1.357,0.864,321662000.0,321662000.0,0.0,321662000.0,0.0,38090000.0,0.0,0.021,1.34,675320000.0,713410000.0,0.063,713410000.0,675320000.0,958462000.0,3.68,3.67,3.68,1504372000.0,1330387500.0,1504372000.0,9917633775.0,15.0,13.902,409686000.0,2.536,1.0,1717571000.0,0.151,959626000.0,-283142000.0,724025000.0,643041500.0,0.0,0.0,0.0,0.0,1299853000.0,1232217000.0,67636000.0,10190588775.0,-163650000.0,-308829000.0,-226199000.0,248363000.0,-275353000.0,-264338000.0,-359066000.0,0.0,460342000.0,-588000.0,593804000.0,593804000.0,593804000.0,0.0,0.0,0.052,1042251000.0,675320000.0,639460000.0,0.364,6.774,17.162,17.179,149851000.0,0.0,63.22,0.897,0.899,1412136000.0,2218229000.0,11359113000.0,11359113000.0,0.0,0.252,0.446,1.05,0.059,59381000.0,1042251000.0,1.0,161192483.0,161557000,161946000.0,70.31,1844599000.0,11780000.0,364658000.0,187284000.0,11.418,440073000.0
35,CHRW,MRT,2012-09-30,2012-09-30,2012-09-30,2021-08-02,-9878000.0,2243267000.0,2188898000.0,1726166000.0,517101000.0,5.005,8.029,-62616000.0,272955000.0,272955000.0,9282197000.0,446626000.0,1.84,0.738,0.0,0.0,0.0,0.0,0.0,34865000.0,0.0,0.023,1.32,716020000.0,750885000.0,0.069,750885000.0,716020000.0,716020000.0,2.75,2.75,2.75,1290875000.0,1266413000.0,1290875000.0,9218549503.0,13.0,12.277,340697000.0,2.119,1.0,1674324000.0,0.153,382664000.0,0.0,649593000.0,607056500.0,0.0,0.0,0.0,0.0,952392000.0,938055000.0,14337000.0,9459176503.0,-109782000.0,0.0,-228891000.0,0.0,-211652000.0,-450914000.0,-62389000.0,0.0,403313000.0,208000.0,446626000.0,446626000.0,446626000.0,0.0,0.0,0.041,960653000.0,713671000.0,729744000.0,0.48,7.328,21.179,21.302,134437000.0,0.0,58.58,0.863,0.86,1334577000.0,2020112000.0,10956521000.0,10956521000.0,0.0,0.204,0.353,1.179,0.065,27604000.0,960653000.0,1.0,161474505.0,160782000,161003000.0,68.145,1860603000.0,6639000.0,269394000.0,47925000.0,11.572,788111000.0
36,CHRW,MRT,2012-06-30,2012-06-30,2012-06-30,2021-08-02,-11745000.0,2239999000.0,2172940750.0,1707601000.0,532398000.0,4.957,7.896,-57991000.0,240627000.0,240627000.0,9106320000.0,444643000.0,1.799,0.752,0.0,0.0,0.0,0.0,0.0,34407000.0,0.0,0.022,1.28,712702000.0,747109000.0,0.069,747109000.0,712702000.0,712702000.0,2.73,2.73,2.73,1278190000.0,1260750250.0,1278190000.0,9208942186.0,13.0,12.326,402895000.0,2.489,1.0,1664720000.0,0.155,400143000.0,0.0,649888000.0,570146750.0,0.0,0.0,0.0,0.0,961809000.0,949341000.0,12468000.0,9520307186.0,-75270000.0,0.0,-264026000.0,0.0,-206286000.0,-480565000.0,-52622000.0,0.0,460886000.0,-2969000.0,444643000.0,444643000.0,444643000.0,0.0,0.0,0.041,954341000.0,710379000.0,834692000.0,0.469,7.448,21.411,21.44,132255000.0,0.0,58.53,0.884,0.88,1415390000.0,1957462000.0,10771040000.0,10771040000.0,0.0,0.205,0.353,1.25,0.066,32551000.0,954341000.0,1.0,162656880.0,161887000,162200000.0,66.534,1839856000.0,6743000.0,268059000.0,60890000.0,11.365,758260000.0
37,CHRW,MRT,2012-03-31,2012-03-31,2012-03-31,2021-08-02,-8888000.0,2134285000.0,2161390250.0,1601131000.0,533154000.0,4.869,7.672,-56996000.0,311365000.0,311365000.0,8865925000.0,441084000.0,1.836,0.71,0.0,0.0,0.0,0.0,0.0,33776000.0,0.0,0.019,1.24,707523000.0,741299000.0,0.07,741299000.0,707523000.0,707523000.0,2.69,2.69,2.69,1248113000.0,1263309250.0,1248113000.0,10385892153.0,15.0,14.01,397187000.0,2.441,1.0,1657063000.0,0.157,402393000.0,0.0,548660000.0,555841000.0,0.0,0.0,0.0,0.0,886172000.0,871867000.0,14305000.0,10697499153.0,-47970000.0,0.0,-241553000.0,0.0,-200571000.0,-450952000.0,-50844000.0,984000.0,454183000.0,-357000.0,441084000.0,441084000.0,441084000.0,0.0,0.0,0.042,951503000.0,705560000.0,747638000.0,0.461,8.571,24.253,24.346,130761000.0,0.0,65.49,1.017,1.013,1245379000.0,1897041000.0,10522988000.0,10522988000.0,0.0,0.204,0.349,1.273,0.067,35857000.0,951503000.0,1.0,163345536.0,162693000,163023000.0,64.68,1731892000.0,6134000.0,266439000.0,90817000.0,10.645,729264000.0
38,CHRW,MRT,2011-12-31,2011-12-31,2011-12-31,2021-08-02,-9115000.0,2138041000.0,2151902500.0,1611543000.0,526498000.0,4.803,7.607,-52806000.0,373669000.0,373669000.0,8703688000.0,431612000.0,1.838,0.713,62062000.0,62062000.0,0.0,62062000.0,0.0,32498000.0,0.0,0.017,1.2,694704000.0,727202000.0,0.07,727202000.0,694704000.0,694704000.0,2.63,2.62,2.63,1248474000.0,1258162500.0,1248474000.0,11073583255.0,16.0,15.228,376906000.0,2.297,1.0,1632658000.0,0.158,369717000.0,0.0,580085000.0,541608000.0,0.0,0.0,0.0,0.0,889567000.0,876632000.0,12935000.0,11456320255.0,-24938000.0,0.0,-221998000.0,0.0,-194697000.0,-415098000.0,-38313000.0,9311000.0,429712000.0,-1239000.0,431612000.0,431612000.0,431612000.0,0.0,0.0,0.042,939928000.0,692730000.0,642672000.0,0.456,9.176,26.543,26.532,126830000.0,0.0,69.78,1.108,1.108,1189637000.0,1845032000.0,10336346000.0,10336346000.0,0.0,0.201,0.343,1.283,0.067,38601000.0,939928000.0,1.0,164177705.0,164114000,164741000.0,62.983,1768324000.0,8382000.0,263092000.0,15799000.0,10.775,734911000.0
39,CHRW,MRT,2011-09-30,2011-09-30,2011-09-30,2021-08-02,-9063000.0,2179438000.0,2116317000.0,1656748000.0,522690000.0,4.769,7.736,-36043000.0,382737000.0,382737000.0,8473974000.0,425559000.0,1.848,0.718,0.0,0.0,0.0,0.0,0.0,30970000.0,0.0,0.021,1.45,685697000.0,716667000.0,0.071,716667000.0,685697000.0,685697000.0,2.59,2.58,2.59,1268224000.0,1247061000.0,1268224000.0,11003278359.0,16.0,15.353,465155000.0,2.837,1.0,1619437000.0,0.16,398038000.0,0.0,501954000.0,524705250.0,0.0,0.0,0.0,0.0,911214000.0,896709000.0,14505000.0,11319175359.0,133304000.0,0.0,-176549000.0,0.0,-188511000.0,-367751000.0,3238000.0,34192000.0,501198000.0,-3381000.0,425559000.0,425559000.0,425559000.0,0.0,0.0,0.042,934597000.0,684840000.0,740977000.0,0.56,8.925,26.598,26.436,114806000.0,0.0,68.47,1.121,1.112,1238079000.0,1790600000.0,10093411000.0,10093411000.0,0.0,0.201,0.341,1.307,0.068,46553000.0,934597000.0,1.0,165315837.0,163948000,164471000.0,61.565,1781400000.0,15093000.0,260138000.0,62554000.0,10.866,760039000.0
40,CHRW,MRT,2011-06-30,2011-06-30,2011-06-30,2021-08-02,-6890000.0,2193797000.0,2066978500.0,1676081000.0,517716000.0,4.75,7.827,-35717000.0,315897000.0,315897000.0,8239889000.0,413839000.0,1.883,0.703,0.0,0.0,0.0,0.0,0.0,29967000.0,0.0,0.018,1.41,668164000.0,698131000.0,0.071,698131000.0,668164000.0,668164000.0,2.51,2.5,2.51,1288426000.0,1222650000.0,1288426000.0,12693697174.0,19.0,18.182,378043000.0,2.297,1.0,1578951000.0,0.161,395348000.0,0.0,592665000.0,537255750.0,0.0,0.0,0.0,0.0,905371000.0,889887000.0,15484000.0,13053032174.0,149772000.0,0.0,-99487000.0,0.0,-181828000.0,-278973000.0,13663000.0,49432000.0,413760000.0,1322000.0,413839000.0,413839000.0,413839000.0,0.0,0.0,0.042,911743000.0,667208000.0,758023000.0,0.562,10.131,31.541,31.41,114872000.0,0.0,78.84,1.329,1.322,1311192000.0,1724632000.0,9818840000.0,9818840000.0,0.0,0.2,0.338,1.244,0.068,47275000.0,911743000.0,1.0,165563574.0,164607000,165194000.0,59.65,1798449000.0,15350000.0,254325000.0,65936000.0,10.926,786194000.0
41,CHRW,MRT,2011-03-31,2011-03-31,2011-03-31,2021-08-02,-7525000.0,2096334000.0,1999002750.0,1582071000.0,514263000.0,4.785,7.434,-33939000.0,359335000.0,359335000.0,8039442000.0,400042000.0,1.857,0.708,0.0,0.0,0.0,0.0,0.0,28949000.0,0.0,0.018,1.37,644561000.0,673510000.0,0.07,673510000.0,644561000.0,644561000.0,2.43,2.42,2.43,1227526000.0,1176761500.0,1227526000.0,11970830138.0,19.0,17.774,359528000.0,2.177,1.0,1525718000.0,0.16,393512000.0,0.0,491728000.0,533204000.0,0.0,982000.0,982000.0,0.0,868808000.0,851759000.0,17049000.0,12309837138.0,129690000.0,0.0,-102460000.0,0.0,-175344000.0,-275745000.0,13766000.0,52746000.0,393467000.0,-1798000.0,400042000.0,400042000.0,400042000.0,0.0,0.0,0.042,882150000.0,643568000.0,709124000.0,0.564,10.028,30.771,30.506,114779000.0,0.0,74.13,1.287,1.28,1175775000.0,1662227000.0,9565160000.0,9565160000.0,0.0,0.2,0.34,1.209,0.067,44893000.0,882150000.0,1.0,166057428.0,165124000,165764000.0,57.927,1702822000.0,15358000.0,244519000.0,104306000.0,10.312,730312000.0
42,CHRW,MRT,2010-12-31,2010-12-31,2010-12-31,2021-08-02,-6425000.0,1995699000.0,1935471000.0,1481768000.0,513931000.0,4.792,7.301,-28677000.0,398607000.0,398607000.0,7806327000.0,387026000.0,1.92,0.657,59600000.0,59600000.0,0.0,59600000.0,0.0,29369000.0,0.0,0.017,1.33,624102000.0,653471000.0,0.07,653471000.0,624102000.0,624102000.0,2.35,2.33,2.35,1204068000.0,1135653750.0,1204068000.0,13063366625.0,21.0,19.991,316102000.0,1.917,1.0,1467978000.0,0.158,372611000.0,0.0,512474000.0,527036500.0,0.0,9290000.0,9290000.0,0.0,791631000.0,771607000.0,20024000.0,13312799625.0,61299000.0,0.0,-127000000.0,0.0,-168902000.0,-289134000.0,8598000.0,42359000.0,344779000.0,-2944000.0,387026000.0,387026000.0,387026000.0,0.0,0.0,0.042,845118000.0,622860000.0,567961000.0,0.566,11.057,34.398,34.123,114333000.0,0.0,80.19,1.435,1.426,1036070000.0,1613912000.0,9274305000.0,9274305000.0,0.0,0.2,0.341,1.184,0.067,37047000.0,845118000.0,1.0,166015708.0,164909000,165972000.0,56.239,1623088000.0,13302000.0,237076000.0,57722000.0,9.842,710161000.0
43,CHRW,MRT,2010-09-30,2010-09-30,2010-09-30,2021-08-02,-4551000.0,1982084000.0,1895108250.0,1466940000.0,515144000.0,4.727,7.108,-27188000.0,249433000.0,249433000.0,7538422000.0,371599000.0,1.858,0.693,0.0,0.0,0.0,0.0,0.0,30432000.0,0.0,0.014,1.0,603131000.0,633563000.0,0.071,633563000.0,603131000.0,603131000.0,2.25,2.23,2.25,1170580000.0,1104611750.0,1170580000.0,11431082104.0,19.0,18.043,240148000.0,1.458,1.0,1418900000.0,0.158,391010000.0,0.0,552156000.0,514506500.0,0.0,34123000.0,34123000.0,0.0,811504000.0,789485000.0,22019000.0,11597207104.0,-126841000.0,2392000.0,-183264000.0,0.0,-167551000.0,-339404000.0,-51668000.0,-21832000.0,267336000.0,-3105000.0,371599000.0,371599000.0,371599000.0,0.0,0.0,0.041,817347000.0,601553000.0,670910000.0,0.444,9.907,31.209,31.076,116259000.0,0.0,69.92,1.295,1.286,1142457000.0,1559738000.0,8957322000.0,8957322000.0,0.0,0.196,0.336,1.172,0.067,26648000.0,817347000.0,1.0,165863946.0,164691000,165576000.0,54.389,1591074000.0,12017000.0,231532000.0,13286000.0,9.661,677455000.0
44,CHRW,MRT,2010-06-30,2010-06-30,2010-06-30,2021-08-02,-11032000.0,1921894000.0,1860095500.0,1410856000.0,511038000.0,4.565,6.706,-27186000.0,166125000.0,166125000.0,7102882000.0,364432000.0,1.781,0.739,0.0,0.0,0.0,0.0,0.0,30561000.0,0.0,0.018,0.99,591889000.0,622450000.0,0.073,622450000.0,591889000.0,591889000.0,2.2,2.18,2.2,1104872000.0,1091527500.0,1104872000.0,9003811324.0,15.0,14.465,268921000.0,1.632,1.0,1388886000.0,0.164,387138000.0,0.0,576458000.0,469535250.0,0.0,49397000.0,49397000.0,0.0,817022000.0,792173000.0,24849000.0,9233456324.0,-190746000.0,-28733000.0,-215586000.0,0.0,-166653000.0,-372202000.0,-109170000.0,-48370000.0,296107000.0,-5481000.0,364432000.0,364432000.0,364432000.0,0.0,0.0,0.043,798865000.0,590021000.0,697375000.0,0.45,8.357,25.337,25.3,115438000.0,0.0,55.66,1.087,1.08,1150283000.0,1499271000.0,8491768000.0,8491768000.0,0.0,0.196,0.334,1.261,0.07,21981000.0,798865000.0,1.0,165890340.0,164749000,165765000.0,51.544,1534756000.0,11613000.0,227457000.0,12195000.0,9.316,618683000.0
45,CHRW,MRT,2010-03-31,2010-03-31,2010-03-31,2021-08-02,-5764000.0,1842207000.0,1830539750.0,1323438000.0,518769000.0,4.351,6.426,-27221000.0,229645000.0,229645000.0,6587849000.0,359459000.0,1.75,0.733,0.0,0.0,0.0,0.0,0.0,30592000.0,0.0,0.018,0.98,585684000.0,616276000.0,0.077,616276000.0,585684000.0,585684000.0,2.16,2.13,2.16,1063095000.0,1090636750.0,1063095000.0,9042738676.0,15.0,14.673,290592000.0,1.756,1.0,1375957000.0,0.173,389444000.0,0.0,467058000.0,425071250.0,0.0,52716000.0,52716000.0,0.0,779112000.0,756060000.0,23052000.0,9302788676.0,-220055000.0,-41145000.0,-262734000.0,0.0,-165701000.0,-418061000.0,-119478000.0,-51272000.0,317813000.0,-329000.0,359459000.0,359459000.0,359459000.0,0.0,0.0,0.045,792507000.0,583450000.0,643235000.0,0.454,8.751,25.88,25.856,115543000.0,0.0,55.85,1.168,1.16,1002807000.0,1444152000.0,7963806000.0,7963806000.0,0.0,0.196,0.33,1.378,0.074,20304000.0,792507000.0,1.0,166567389.0,165440000,166575000.0,48.137,1452763000.0,18567000.0,226225000.0,11539000.0,8.781,567378000.0
46,CHRW,MRT,2009-12-31,2009-12-31,2009-12-31,2021-08-02,-1636000.0,1834248000.0,1807343000.0,1307269000.0,526979000.0,4.192,6.44,-34466000.0,337308000.0,337308000.0,6195230000.0,360830000.0,1.786,0.699,77258000.0,77258000.0,0.0,77258000.0,0.0,30514000.0,0.0,0.017,0.97,587061000.0,617575000.0,0.082,617575000.0,587061000.0,587061000.0,2.15,2.13,2.15,1079900000.0,1100663750.0,1079900000.0,9475181006.0,16.0,15.343,338105000.0,2.016,1.0,1381959000.0,0.182,380037000.0,0.0,462354000.0,387940000.0,0.0,48310000.0,48310000.0,0.0,754348000.0,731807000.0,22541000.0,9851455006.0,-157435000.0,-41145000.0,-249165000.0,0.0,-162865000.0,-402064000.0,-123888000.0,-48462000.0,372571000.0,-4054000.0,360830000.0,360830000.0,360830000.0,0.0,0.0,0.048,797148000.0,584811000.0,529256000.0,0.451,9.123,27.302,27.316,117699000.0,0.0,58.73,1.3,1.3,885543000.0,1402306000.0,7577189000.0,7577189000.0,0.0,0.2,0.328,1.513,0.077,21267000.0,797148000.0,1.0,167741444.0,167695000,169194000.0,45.184,1454211000.0,20876000.0,226231000.0,44984000.0,8.672,575462000.0
47,CHRW,MRT,2009-09-30,2009-09-30,2009-09-30,2021-08-02,202000.0,1842033000.0,1802711250.0,1312280000.0,529753000.0,4.174,6.688,-36633000.0,376274000.0,376274000.0,6136893000.0,361977000.0,1.88,0.647,0.0,0.0,0.0,0.0,0.0,30161000.0,0.0,0.017,0.96,587118000.0,617279000.0,0.082,617279000.0,587118000.0,587118000.0,2.14,2.13,2.14,1118243000.0,1107494000.0,1118243000.0,9367072036.0,16.0,15.175,477986000.0,2.859,1.0,1387033000.0,0.184,395467000.0,0.0,372271000.0,364179500.0,0.0,11918000.0,11918000.0,0.0,723790000.0,698021000.0,25769000.0,9723943036.0,64357000.0,-43502000.0,-209765000.0,0.0,-159741000.0,-359199000.0,-88397000.0,-8567000.0,514619000.0,-2666000.0,361977000.0,361977000.0,361977000.0,0.0,0.0,0.048,802596000.0,584437000.0,590798000.0,0.449,8.696,26.863,26.986,118785000.0,0.0,57.75,1.292,1.283,884565000.0,1357134000.0,7523926000.0,7523926000.0,0.0,0.201,0.327,1.612,0.078,21429000.0,802596000.0,1.0,168379966.0,167191000,168648000.0,45.002,1446566000.0,22547000.0,225141000.0,10843000.0,8.652,614259000.0
48,CHRW,MRT,2009-06-30,2009-06-30,2009-06-30,2021-08-02,-1548000.0,1803671000.0,1822859000.0,1316875000.0,486796000.0,4.326,6.557,-32720000.0,356871000.0,356871000.0,6499661000.0,360077000.0,1.908,0.638,0.0,0.0,0.0,0.0,0.0,30448000.0,0.0,0.018,0.94,582092000.0,612540000.0,0.078,612540000.0,582092000.0,582092000.0,2.12,2.1,2.12,1101309000.0,1103111000.0,1101309000.0,8392435809.0,14.0,13.701,438011000.0,2.608,1.0,1386055000.0,0.176,358145000.0,0.0,398602000.0,380211250.0,0.0,592000.0,592000.0,0.0,702362000.0,690053000.0,12309000.0,8842135809.0,38158000.0,-62158000.0,-212982000.0,-9383000.0,-156240000.0,-370828000.0,-55915000.0,38806000.0,470731000.0,-5830000.0,360077000.0,360077000.0,360077000.0,0.0,0.0,0.046,807800000.0,578255000.0,595440000.0,0.443,8.029,24.556,24.599,111795000.0,0.0,52.15,1.121,1.111,920686000.0,1302555000.0,7885716000.0,7885716000.0,0.0,0.198,0.326,1.531,0.074,19875000.0,807800000.0,1.0,169551981.0,167972000,169584000.0,46.947,1445526000.0,24980000.0,222015000.0,11324000.0,8.606,626822000.0
49,CHRW,MRT,2009-03-31,2009-03-31,2009-03-31,2021-08-02,-4955000.0,1749420000.0,1860972250.0,1279007000.0,470413000.0,4.45,6.522,-29433000.0,449700000.0,449700000.0,6905865000.0,358242000.0,2.016,0.586,0.0,0.0,0.0,0.0,0.0,30982000.0,0.0,0.02,0.92,577694000.0,608676000.0,0.073,608676000.0,577694000.0,577694000.0,2.1,2.08,2.1,1103203000.0,1101408000.0,1103203000.0,7352109635.0,13.0,12.079,451097000.0,2.667,1.0,1375537000.0,0.166,346713000.0,0.0,318533000.0,396322750.0,0.0,1988000.0,1988000.0,0.0,646217000.0,634474000.0,11743000.0,7763261635.0,69854000.0,-59661000.0,-194950000.0,-9383000.0,-152772000.0,-350776000.0,-55265000.0,33560000.0,480530000.0,-4635000.0,358242000.0,358242000.0,358242000.0,0.0,0.0,0.043,802660000.0,572877000.0,523051000.0,0.438,7.037,21.67,21.719,108547000.0,0.0,45.61,0.937,0.932,798804000.0,1251477000.0,8281402000.0,8281402000.0,0.0,0.193,0.325,1.458,0.07,18176000.0,802660000.0,1.0,170209639.0,169140000,170825000.0,48.962,1402707000.0,21504000.0,219452000.0,85336000.0,8.293,644533000.0
50,CHRW,MRT,2008-12-31,2008-12-31,2008-12-31,2021-08-02,2165000.0,1815721000.0,1892063750.0,1347871000.0,467850000.0,4.534,6.549,-23748000.0,494743000.0,494743000.0,7203651000.0,359177000.0,1.932,0.64,83591000.0,83591000.0,0.0,83591000.0,0.0,31164000.0,0.0,0.016,0.9,578387000.0,609551000.0,0.071,609551000.0,578387000.0,578387000.0,2.12,2.08,2.12,1107221000.0,1095341750.0,1107221000.0,8999388420.0,16.0,14.764,423831000.0,2.507,1.0,1374963000.0,0.16,339604000.0,0.0,367312000.0,414551500.0,0.0,2644000.0,2644000.0,0.0,708500000.0,697653000.0,10847000.0,9311305420.0,155858000.0,-59661000.0,-177519000.0,-9383000.0,-151195000.0,-326040000.0,31480000.0,114120000.0,447579000.0,2839000.0,359177000.0,359177000.0,359177000.0,0.0,0.0,0.042,803377000.0,571586000.0,485167000.0,0.425,8.41,25.924,25.958,104088000.0,0.0,55.03,1.085,1.084,828884000.0,1207428000.0,8578614000.0,8578614000.0,0.0,0.19,0.328,1.395,0.067,20804000.0,803377000.0,1.0,169204169.0,169056000,172733000.0,50.744,1476117000.0,20246000.0,219210000.0,45351000.0,8.732,650218000.0
51,CHRW,MRT,2008-09-30,2008-09-30,2008-09-30,2021-08-02,2106000.0,1922624000.0,1890960250.0,1456645000.0,465979000.0,4.535,6.518,-27893000.0,311917000.0,311917000.0,7221976000.0,355550000.0,1.798,0.747,0.0,0.0,0.0,0.0,0.0,30499000.0,0.0,0.017,0.88,571190000.0,601689000.0,0.07,601689000.0,571190000.0,571190000.0,2.09,2.05,2.09,1100711000.0,1079098750.0,1100711000.0,8345224238.0,15.0,13.87,276190000.0,1.636,1.0,1353557000.0,0.158,364227000.0,0.0,436398000.0,449982750.0,0.0,2990000.0,2990000.0,0.0,821913000.0,810082000.0,11831000.0,8663937238.0,30160000.0,-59696000.0,-176488000.0,-9383000.0,-144644000.0,-316641000.0,39948000.0,126880000.0,304083000.0,2770000.0,355550000.0,355550000.0,355550000.0,0.0,0.0,0.041,791482000.0,562075000.0,695700000.0,0.421,7.871,24.368,24.383,101752000.0,0.0,50.96,1.01,1.003,1117965000.0,1160068000.0,8575533000.0,8575533000.0,0.0,0.188,0.329,1.269,0.067,22241000.0,791482000.0,1.0,170014467.0,168864000,172446000.0,50.784,1558397000.0,4345000.0,215640000.0,46062000.0,9.229,646563000.0
52,CHRW,MRT,2008-06-30,2008-06-30,2008-06-30,2021-08-02,6248000.0,1956124000.0,1856566250.0,1529896000.0,426228000.0,4.376,6.448,-31265000.0,318713000.0,318713000.0,6808925000.0,345733000.0,1.801,0.787,0.0,0.0,0.0,0.0,0.0,29574000.0,0.0,0.015,0.84,556271000.0,585845000.0,0.072,585845000.0,556271000.0,556271000.0,2.03,1.99,2.03,1094497000.0,1060536000.0,1094497000.0,8979599569.0,16.0,15.328,244697000.0,1.442,1.0,1315165000.0,0.162,324708000.0,0.0,463048000.0,449693750.0,0.0,38738000.0,38738000.0,0.0,861627000.0,849655000.0,11972000.0,9359445569.0,30021000.0,-22874000.0,-166266000.0,0.0,-138262000.0,-289690000.0,40830000.0,94333000.0,275962000.0,2919000.0,345733000.0,345733000.0,345733000.0,0.0,0.0,0.043,769881000.0,545284000.0,758009000.0,0.414,8.551,27.071,27.015,101520000.0,0.0,54.84,1.152,1.146,1148727000.0,1104182000.0,8124090000.0,8124090000.0,0.0,0.186,0.326,1.237,0.068,26610000.0,769881000.0,1.0,170668227.0,169731000,173483000.0,47.865,1631416000.0,3292000.0,210538000.0,44021000.0,9.612,680241000.0
53,CHRW,MRT,2008-03-31,2008-03-31,2008-03-31,2021-08-02,2602000.0,1873786000.0,1799770750.0,1451868000.0,421918000.0,4.268,6.352,-39603000.0,379846000.0,379846000.0,6397233000.0,337614000.0,1.855,0.737,0.0,0.0,0.0,0.0,0.0,28477000.0,0.0,0.015,0.8,543280000.0,571757000.0,0.074,571757000.0,543280000.0,543280000.0,1.98,1.94,1.98,1078938000.0,1039099500.0,1078938000.0,9070076064.0,17.0,15.864,239380000.0,1.409,1.0,1284877000.0,0.167,319754000.0,0.0,391448000.0,439166250.0,0.0,34888000.0,34888000.0,0.0,794848000.0,782738000.0,12110000.0,9321518064.0,43856000.0,-12959000.0,-162784000.0,0.0,-131831000.0,-275866000.0,40681000.0,92978000.0,278983000.0,58000.0,337614000.0,337614000.0,337614000.0,0.0,0.0,0.044,754305000.0,530572000.0,672623000.0,0.404,8.64,27.61,27.475,102164000.0,0.0,54.4,1.213,1.203,1006355000.0,1051639000.0,7682110000.0,7682110000.0,0.0,0.188,0.325,1.237,0.071,34060000.0,754305000.0,1.0,171351435.0,169858000,174028000.0,45.227,1554032000.0,5098000.0,205666000.0,79901000.0,9.149,669130000.0
54,CHRW,MRT,2007-12-31,2007-12-31,2007-12-31,2021-08-02,263000.0,1811307000.0,1752374500.0,1389156000.0,422151000.0,4.175,6.113,-43713000.0,338885000.0,338885000.0,6072445000.0,324261000.0,1.834,0.738,87443000.0,87443000.0,0.0,87443000.0,0.0,27366000.0,0.0,0.014,0.76,523514000.0,550880000.0,0.075,550880000.0,523514000.0,523514000.0,1.9,1.86,1.9,1042249000.0,1016040750.0,1042249000.0,8905188768.0,17.0,16.165,264717000.0,1.553,1.0,1243778000.0,0.17,293209000.0,0.0,509037000.0,429699750.0,0.0,115842000.0,115842000.0,0.0,769058000.0,757619000.0,11439000.0,9186945768.0,-9707000.0,-22220000.0,-153583000.0,0.0,-125183000.0,-262098000.0,-55722000.0,10279000.0,308430000.0,-317000.0,324261000.0,324261000.0,324261000.0,0.0,0.0,0.044,734094000.0,509684000.0,530752000.0,0.4,8.815,28.332,28.484,101665000.0,0.0,54.12,1.256,1.261,911780000.0,1002964000.0,7316223000.0,7316223000.0,0.0,0.185,0.319,1.218,0.072,38002000.0,734094000.0,1.0,169751400.0,170493000,174040000.0,42.912,1518098000.0,23197000.0,199253000.0,47721000.0,8.904,631537000.0
55,CHRW,MRT,2007-09-30,2007-09-30,2007-09-30,2021-08-02,565000.0,1785048000.0,1707471000.0,1368972000.0,416076000.0,4.104,6.028,-40520000.0,281757000.0,281757000.0,5807246000.0,310834000.0,1.829,0.739,0.0,0.0,0.0,0.0,0.0,26255000.0,0.0,0.013,0.72,501009000.0,527264000.0,0.075,527264000.0,501009000.0,501009000.0,1.82,1.79,1.82,1026460000.0,991409000.0,1026460000.0,9080364521.0,18.0,17.222,251624000.0,1.478,1.0,1199546000.0,0.171,319377000.0,0.0,435242000.0,399955250.0,0.0,129076000.0,129076000.0,0.0,758588000.0,748672000.0,9916000.0,9369056521.0,-3631000.0,-25770000.0,-131036000.0,0.0,-116807000.0,-234547000.0,-61604000.0,1661000.0,292144000.0,376000.0,310834000.0,310834000.0,310834000.0,0.0,0.0,0.044,712360000.0,487186000.0,624526000.0,0.396,9.128,30.142,29.83,96699000.0,0.0,54.29,1.337,1.319,937984000.0,955711000.0,7006792000.0,7006792000.0,0.0,0.182,0.314,1.253,0.072,41567000.0,712360000.0,1.0,172574259.0,170274000,173349000.0,41.15,1465671000.0,5645000.0,190175000.0,8678000.0,8.608,620300000.0
56,CHRW,MRT,2007-06-30,2007-06-30,2007-06-30,2021-08-02,1708000.0,1728942000.0,1658134250.0,1326371000.0,402571000.0,4.134,5.901,-49242000.0,288692000.0,288692000.0,5690437000.0,297481000.0,1.867,0.714,0.0,0.0,0.0,0.0,0.0,25547000.0,0.0,0.013,0.67,479803000.0,505350000.0,0.074,505350000.0,479803000.0,479803000.0,1.74,1.71,1.74,1008751000.0,964037250.0,1008751000.0,8653507409.0,18.0,17.124,274105000.0,1.603,1.0,1164696000.0,0.17,308795000.0,0.0,420938000.0,376998250.0,0.0,131652000.0,131652000.0,0.0,720191000.0,710517000.0,9674000.0,8989497409.0,49286000.0,-15011000.0,-111191000.0,0.0,-108191000.0,-206335000.0,-69338000.0,-7016000.0,323347000.0,1612000.0,297481000.0,297481000.0,297481000.0,0.0,0.0,0.043,698220000.0,466476000.0,614781000.0,0.385,8.912,30.219,30.184,93776000.0,0.0,52.52,1.311,1.31,880595000.0,903137000.0,6855133000.0,6855133000.0,0.0,0.179,0.309,1.273,0.07,44424000.0,698220000.0,1.0,171163317.0,170942000,174200000.0,40.102,1420147000.0,7225000.0,182322000.0,8442000.0,8.308,615854000.0
57,CHRW,MRT,2007-03-31,2007-03-31,2007-03-31,2021-08-02,902000.0,1684201000.0,1607761250.0,1291583000.0,392618000.0,4.153,5.764,-45104000.0,335990000.0,335990000.0,5551987000.0,281776000.0,1.876,0.707,0.0,0.0,0.0,0.0,0.0,24917000.0,0.0,0.013,0.62,453374000.0,478291000.0,0.072,478291000.0,453374000.0,453374000.0,1.65,1.62,1.65,986703000.0,931326000.0,986703000.0,8040316753.0,18.0,16.811,297358000.0,1.737,1.0,1124417000.0,0.168,306249000.0,0.0,353582000.0,359783500.0,0.0,126824000.0,126824000.0,0.0,697498000.0,688380000.0,9118000.0,8317278753.0,79563000.0,-41011000.0,-89489000.0,0.0,-99596000.0,-178085000.0,-87383000.0,-741000.0,342462000.0,2569000.0,281776000.0,281776000.0,281776000.0,0.0,0.0,0.042,683817000.0,440600000.0,583892000.0,0.376,8.429,29.517,29.121,86369000.0,0.0,48.05,1.246,1.232,801239000.0,852130000.0,6676404000.0,6676404000.0,0.0,0.175,0.303,1.26,0.068,44960000.0,683817000.0,1.0,173096332.0,171183000,174888000.0,39.002,1377952000.0,8774000.0,171598000.0,7929000.0,8.05,603203000.0
58,CHRW,MRT,2006-12-31,2006-12-31,2006-12-31,2021-08-02,-202000.0,1631693000.0,1543320750.0,1256148000.0,375545000.0,4.248,5.522,-41543000.0,348592000.0,348592000.0,5473650000.0,266925000.0,1.829,0.729,71630000.0,71630000.0,0.0,71630000.0,0.0,23932000.0,0.0,0.014,0.57,429688000.0,453620000.0,0.069,453620000.0,429688000.0,429688000.0,1.56,1.53,1.56,943722000.0,894877500.0,943722000.0,6836047439.0,16.0,15.07,301834000.0,1.766,1.0,1082544000.0,0.165,277723000.0,0.0,390059000.0,354026750.0,0.0,124767000.0,124767000.0,0.0,687971000.0,686949000.0,1022000.0,7121435439.0,117964000.0,-39724000.0,-67086000.0,0.0,-90837000.0,-145845000.0,-81237000.0,-1026000.0,343377000.0,1669000.0,266925000.0,266925000.0,266925000.0,0.0,0.0,0.041,664699000.0,417845000.0,468499000.0,0.365,7.546,26.68,26.212,82071000.0,0.0,40.89,1.086,1.066,764995000.0,807983000.0,6556194000.0,6556194000.0,0.0,0.173,0.298,1.214,0.066,47292000.0,664699000.0,1.0,174160808.0,170888000,174787000.0,38.365,1353970000.0,14282000.0,162763000.0,48412000.0,7.923,569199000.0
59,CHRW,MRT,2006-09-30,2006-09-30,2006-09-30,2021-08-02,-737000.0,1587701000.0,1484164500.0,1219375000.0,368326000.0,4.378,5.365,-38624000.0,285388000.0,285388000.0,5456996000.0,253244000.0,1.821,0.731,0.0,0.0,0.0,0.0,0.0,22916000.0,0.0,0.012,0.52,410714000.0,433630000.0,0.067,433630000.0,410714000.0,410714000.0,1.49,1.44,1.49,916973000.0,853956250.0,916973000.0,7490671178.0,18.0,17.274,262495000.0,1.536,1.0,1040104000.0,0.16,289402000.0,0.0,343414000.0,349871500.0,0.0,129031000.0,129031000.0,0.0,670728000.0,669497000.0,1231000.0,7730077178.0,93446000.0,-36203000.0,-54195000.0,0.0,-80926000.0,-121494000.0,-83837000.0,-5136000.0,301119000.0,-2342000.0,253244000.0,253244000.0,253244000.0,0.0,0.0,0.039,640012000.0,400092000.0,542594000.0,0.349,8.43,30.524,29.919,78924000.0,0.0,44.58,1.19,1.173,786405000.0,767504000.0,6497100000.0,6497100000.0,0.0,0.171,0.297,1.174,0.063,38160000.0,640012000.0,1.0,173397873.0,170925000,174776000.0,38.011,1298299000.0,7946000.0,157470000.0,49346000.0,7.596,549878000.0
60,CHRW,MRT,2006-06-30,2006-06-30,2006-06-30,2021-08-02,163000.0,1527450000.0,1421476500.0,1173678000.0,353772000.0,4.41,5.128,-25171000.0,239406000.0,239406000.0,5278346000.0,236943000.0,1.81,0.74,0.0,0.0,0.0,0.0,0.0,21434000.0,0.0,0.009,0.465,384108000.0,405542000.0,0.065,405542000.0,384108000.0,384108000.0,1.4,1.35,1.4,877906000.0,812136500.0,877906000.0,9001938103.0,23.0,22.197,237042000.0,1.384,1.0,990632000.0,0.158,287664000.0,0.0,352079000.0,343103500.0,0.0,123155000.0,123155000.0,0.0,649544000.0,648301000.0,1243000.0,9258365103.0,82459000.0,-50537000.0,-40293000.0,0.0,-71125000.0,-99341000.0,-79532000.0,-757000.0,262213000.0,-881000.0,236943000.0,236943000.0,236943000.0,0.0,0.0,0.038,616040000.0,374592000.0,539188000.0,0.332,10.546,39.074,38.071,66108000.0,0.0,53.3,1.477,1.456,788467000.0,719807000.0,6268978000.0,6268978000.0,0.0,0.167,0.292,1.12,0.061,36310000.0,616040000.0,1.0,173702910.0,171215000,175198000.0,36.615,1239786000.0,8275000.0,147165000.0,51181000.0,7.241,525377000.0
61,CHRW,MRT,2006-03-31,2006-03-31,2006-03-31,2021-08-02,-1600000.0,1426439000.0,1354473250.0,1108777000.0,317662000.0,4.41,4.911,-19796000.0,256427000.0,256427000.0,5037698000.0,219696000.0,1.898,0.696,0.0,0.0,0.0,0.0,0.0,20184000.0,0.0,0.008,0.41,358929000.0,379113000.0,0.063,379113000.0,358929000.0,358929000.0,1.3,1.25,1.3,840909000.0,769487000.0,840909000.0,8342464094.0,23.0,22.005,236789000.0,1.383,1.0,935425000.0,0.157,255165000.0,0.0,330555000.0,336189750.0,0.0,124225000.0,124225000.0,0.0,585530000.0,584292000.0,1238000.0,8509954094.0,131191000.0,-24537000.0,-25231000.0,0.0,-61215000.0,-75655000.0,-47202000.0,-2056000.0,256585000.0,-2537000.0,219696000.0,219696000.0,219696000.0,0.0,0.0,0.037,584422000.0,351003000.0,487674000.0,0.315,10.12,38.735,37.762,62497000.0,0.0,49.09,1.425,1.407,706968000.0,599109000.0,5973123000.0,5973123000.0,0.0,0.162,0.286,1.068,0.06,33642000.0,584422000.0,1.0,173354127.0,171219000,175267000.0,34.886,1171274000.0,7866000.0,139233000.0,64856000.0,6.841,524485000.0
62,CHRW,MRT,2005-12-31,2005-12-31,2005-12-31,2021-08-02,-1901000.0,1395068000.0,1287039500.0,1084781000.0,310287000.0,4.42,4.587,-21824000.0,230628000.0,230628000.0,4809198000.0,203358000.0,1.771,0.788,63138000.0,63138000.0,0.0,63138000.0,0.0,18500000.0,0.0,0.01,0.355,332753000.0,351253000.0,0.062,351253000.0,332753000.0,332753000.0,1.2,1.16,1.2,780037000.0,726401500.0,780037000.0,6140165301.0,18.0,17.481,202281000.0,1.19,1.0,879750000.0,0.155,241657000.0,0.0,373438000.0,333109250.0,0.0,122551000.0,122551000.0,0.0,615031000.0,612483000.0,2548000.0,6332107301.0,64152000.0,-60153000.0,-23293000.0,0.0,-51458000.0,-69768000.0,-86674000.0,-949000.0,224105000.0,-3511000.0,203358000.0,203358000.0,203358000.0,0.0,0.0,0.036,553389000.0,326361000.0,410744000.0,0.296,8.118,31.138,30.858,60721000.0,0.0,37.03,1.113,1.107,716725000.0,640551000.0,5688948000.0,5688948000.0,0.0,0.158,0.28,0.999,0.058,28436000.0,553389000.0,1.0,170999387.0,170052000,174698000.0,33.454,1153411000.0,5999000.0,129395000.0,44268000.0,6.783,472298000.0
63,CHRW,MRT,2005-09-30,2005-09-30,2005-09-30,2021-08-02,1486000.0,1336949000.0,1208446500.0,1029043000.0,307906000.0,4.385,4.407,-28317000.0,191942000.0,191942000.0,4474625000.0,183767000.0,1.776,0.783,0.0,0.0,0.0,0.0,0.0,16679000.0,0.0,0.009,0.3,301429000.0,318108000.0,0.06,318108000.0,301429000.0,301429000.0,1.09,1.05,1.09,749694000.0,686606250.0,749694000.0,5332094638.0,18.0,16.762,215971000.0,1.27,1.0,824847000.0,0.156,249311000.0,0.0,316342000.0,324840000.0,0.0,123181000.0,123181000.0,0.0,587255000.0,579354000.0,7901000.0,5489041638.0,79517000.0,-70124000.0,-21146000.0,0.0,-48832000.0,-64676000.0,-102920000.0,-1858000.0,244288000.0,2825000.0,183767000.0,183767000.0,183767000.0,0.0,0.0,0.035,529039000.0,295808000.0,469132000.0,0.275,7.322,29.87,29.417,58595000.0,0.0,32.065,1.036,1.029,698254000.0,604994000.0,5299472000.0,5299472000.0,0.0,0.152,0.268,0.928,0.057,36472000.0,529039000.0,1.0,171184832.0,170105000,174533000.0,31.154,1087638000.0,6596000.0,117662000.0,38253000.0,6.394,449689000.0
64,CHRW,MRT,2005-06-30,2005-06-30,2005-06-30,2021-08-02,958000.0,1259437000.0,1127229000.0,968260000.0,291177000.0,4.381,4.155,-31499000.0,156947000.0,156947000.0,4169763000.0,167027000.0,1.777,0.781,0.0,0.0,0.0,0.0,0.0,15053000.0,0.0,0.01,0.285,275514000.0,290567000.0,0.059,290567000.0,275514000.0,275514000.0,0.99,0.96,0.99,707308000.0,646853500.0,707308000.0,4858183057.0,18.0,16.72,168765000.0,0.991,1.0,768146000.0,0.156,233237000.0,0.0,324424000.0,305210250.0,0.0,122411000.0,122411000.0,0.0,552129000.0,544829000.0,7300000.0,4983419057.0,55078000.0,-53590000.0,-19714000.0,0.0,-46106000.0,-60979000.0,-87282000.0,-1231000.0,200264000.0,3075000.0,167027000.0,167027000.0,167027000.0,0.0,0.0,0.034,496945000.0,271201000.0,458098000.0,0.288,7.046,29.836,29.394,57940000.0,0.0,29.1,1.009,1.003,667499000.0,563785000.0,4937909000.0,4937909000.0,0.0,0.148,0.258,0.903,0.056,32602000.0,496945000.0,1.0,171251514.0,170236000,174394000.0,29.006,1026200000.0,11515000.0,108487000.0,33435000.0,6.028,423431000.0
65,CHRW,MRT,2005-03-31,2005-03-31,2005-03-31,2021-08-02,845000.0,1156704000.0,1055454750.0,865091000.0,291613000.0,4.368,3.936,-31621000.0,125236000.0,125236000.0,3899079000.0,149958000.0,1.807,0.73,0.0,0.0,0.0,0.0,0.0,13063000.0,0.0,0.01,0.27,247133000.0,260196000.0,0.056,260196000.0,247133000.0,247133000.0,0.89,0.865,0.89,668567000.0,610992000.0,668567000.0,4297412817.0,17.0,16.516,130892000.0,0.771,1.0,710789000.0,0.154,234435000.0,0.0,318233000.0,279488750.0,0.0,122174000.0,122174000.0,0.0,488137000.0,478800000.0,9337000.0,4408041817.0,16708000.0,-55400000.0,-18059000.0,0.0,-43487000.0,-58078000.0,-89642000.0,-1222000.0,162513000.0,1915000.0,149958000.0,149958000.0,149958000.0,0.0,0.0,0.033,467400000.0,243389000.0,399391000.0,0.303,6.593,29.395,28.949,57178000.0,0.0,25.765,0.956,0.949,599784000.0,527313000.0,4609868000.0,4609868000.0,0.0,0.142,0.245,0.884,0.054,27054000.0,467400000.0,1.0,171086428.0,169876000,174132000.0,27.137,922269000.0,9068000.0,97175000.0,50015000.0,5.429,386291000.0
66,CHRW,MRT,2004-12-31,2004-12-31,2004-12-31,2021-08-02,1608000.0,1080696000.0,998087500.0,845987000.0,234709000.0,4.35,3.669,-34741000.0,166476000.0,166476000.0,3680547000.0,137254000.0,1.868,0.741,55847000.0,55847000.0,0.0,55847000.0,0.0,11814000.0,0.0,0.009,0.255,226038000.0,237852000.0,0.055,237852000.0,226038000.0,226038000.0,0.81,0.79,0.81,620856000.0,579296500.0,620856000.0,4549255066.0,20.0,19.126,118632000.0,0.701,1.0,660991000.0,0.152,176887000.0,0.0,340361000.0,248690500.0,0.0,121600000.0,121600000.0,0.0,459840000.0,452819000.0,7021000.0,4736880066.0,43063000.0,-19112000.0,-19120000.0,0.0,-40902000.0,-57454000.0,-54816000.0,-773000.0,153373000.0,1960000.0,137254000.0,137254000.0,137254000.0,0.0,0.0,0.032,438223000.0,222768000.0,303082000.0,0.315,7.63,34.512,34.272,51122000.0,0.0,27.76,1.091,1.082,544274000.0,498406000.0,4341538000.0,4341538000.0,0.0,0.138,0.237,0.909,0.052,22356000.0,438223000.0,1.0,170636890.0,169228000,173144000.0,25.655,903809000.0,8180000.0,88784000.0,33629000.0,5.341,393168000.0
67,CHRW,MRT,2004-09-30,2004-09-30,2004-09-30,2021-08-02,-1348000.0,1012079000.0,954950750.0,796340000.0,215739000.0,4.283,3.49,-26549000.0,187625000.0,187625000.0,3470151000.0,126495000.0,1.93,0.713,0.0,0.0,0.0,0.0,0.0,11311000.0,0.0,0.01,0.24,208882000.0,220193000.0,0.054,220193000.0,208882000.0,208882000.0,0.75,0.73,0.75,590683000.0,553769250.0,590683000.0,3784558926.0,18.0,17.187,70797000.0,0.418,1.0,619723000.0,0.152,174003000.0,0.0,237823000.0,237446500.0,0.0,46111000.0,46111000.0,0.0,421396000.0,412628000.0,8768000.0,3961627926.0,-16476000.0,-10701000.0,-13405000.0,0.0,-37417000.0,-50822000.0,-62875000.0,-25699000.0,97346000.0,-125000.0,126495000.0,126495000.0,126495000.0,0.0,0.0,0.031,413623000.0,206100000.0,336511000.0,0.32,6.707,31.318,30.927,41736000.0,0.0,23.195,0.969,0.96,548459000.0,472683000.0,4089874000.0,4089874000.0,0.0,0.132,0.228,0.88,0.051,38526000.0,413623000.0,1.0,170796634.0,169232000,173096000.0,24.167,838076000.0,8543000.0,82387000.0,28214000.0,4.952,383712000.0
68,CHRW,MRT,2004-06-30,2004-06-30,2004-06-30,2021-08-02,-2127000.0,972340000.0,918707250.0,760427000.0,211913000.0,4.229,3.329,-21112000.0,177069000.0,177069000.0,3302035000.0,116358000.0,1.905,0.724,0.0,0.0,0.0,0.0,0.0,10900000.0,0.0,0.01,0.22,192546000.0,203446000.0,0.052,203446000.0,192546000.0,192546000.0,0.69,0.67,0.69,563862000.0,528324000.0,563862000.0,3732597525.0,19.0,18.347,64535000.0,0.381,1.0,583371000.0,0.15,174498000.0,0.0,221538000.0,217678750.0,0.0,45969000.0,45969000.0,0.0,408478000.0,399235000.0,9243000.0,3916225525.0,-16354000.0,-11201000.0,-7830000.0,0.0,-34033000.0,-41863000.0,-59445000.0,-25668000.0,85647000.0,-693000.0,116358000.0,116358000.0,116358000.0,0.0,0.0,0.03,393394000.0,189977000.0,335352000.0,0.319,6.945,33.657,33.217,37415000.0,0.0,22.92,1.008,0.999,519852000.0,445588000.0,3885406000.0,3885406000.0,0.0,0.127,0.22,0.885,0.05,33054000.0,393394000.0,1.0,170864988.0,169354000,173126000.0,22.943,797842000.0,9311000.0,76188000.0,27003000.0,4.711,361192000.0
69,CHRW,MRT,2004-03-31,2004-03-31,2004-03-31,2021-08-02,-1062000.0,927235000.0,885143000.0,719273000.0,207962000.0,4.229,3.201,-18585000.0,183628000.0,183628000.0,3182170000.0,111301000.0,1.913,0.711,0.0,0.0,0.0,0.0,0.0,10846000.0,0.0,0.01,0.2,184631000.0,195477000.0,0.052,195477000.0,184631000.0,184631000.0,0.66,0.645,0.66,541785000.0,504227750.0,541785000.0,3396218484.0,18.0,17.374,93579000.0,0.553,1.0,561341000.0,0.15,172621000.0,0.0,195040000.0,201837250.0,0.0,45857000.0,45857000.0,0.0,385450000.0,375946000.0,9504000.0,3544010484.0,21362000.0,-9391000.0,-6041000.0,0.0,-30539000.0,-36580000.0,-55255000.0,-25586000.0,112164000.0,1033000.0,111301000.0,111301000.0,111301000.0,0.0,0.0,0.03,379611000.0,181730000.0,317557000.0,0.303,6.541,31.842,31.439,35341000.0,0.0,20.75,0.947,0.938,470923000.0,423570000.0,3743511000.0,3743511000.0,0.0,0.126,0.221,0.915,0.049,28943000.0,379611000.0,1.0,170795686.0,169242000,172828000.0,22.119,754614000.0,9439000.0,73330000.0,37946000.0,4.459,343327000.0
70,CHRW,MRT,2003-12-31,2003-12-31,2003-12-31,2021-08-02,-363000.0,908149000.0,854952750.0,717329000.0,190820000.0,4.227,3.074,-8265000.0,123413000.0,123413000.0,3068797000.0,107369000.0,1.882,0.751,50721000.0,50721000.0,0.0,50721000.0,0.0,10992000.0,0.0,0.009,0.18,178634000.0,189626000.0,0.052,189626000.0,178634000.0,178634000.0,0.64,0.62,0.64,518747000.0,480580000.0,518747000.0,3022468962.0,17.0,15.939,101233000.0,0.6,1.0,544848000.0,0.151,158871000.0,0.0,295385000.0,192224750.0,0.0,120836000.0,120836000.0,0.0,389402000.0,381201000.0,8201000.0,3201369962.0,40414000.0,-2089000.0,-5953000.0,0.0,-27046000.0,-32999000.0,-38173000.0,-25621000.0,109498000.0,2088000.0,107369000.0,107369000.0,107369000.0,0.0,0.0,0.03,368802000.0,176046000.0,261206000.0,0.281,6.171,29.817,29.617,25625000.0,0.0,18.955,0.886,0.885,457455000.0,404750000.0,3613645000.0,3613645000.0,0.0,0.126,0.223,0.929,0.049,24318000.0,368802000.0,1.0,168893166.0,168774000,172138000.0,21.411,749278000.0,9535000.0,71265000.0,22692000.0,4.44,336128000.0
71,CHRW,MRT,2003-09-30,2003-09-30,2003-09-30,2021-08-02,-1236000.0,867105000.0,822203250.0,679689000.0,187416000.0,4.27,2.896,-5692000.0,178901000.0,178901000.0,2980301000.0,97372000.0,1.857,0.774,0.0,0.0,0.0,0.0,0.0,11510000.0,0.0,0.009,0.16,164616000.0,176126000.0,0.05,176126000.0,164616000.0,164616000.0,0.575,0.57,0.575,488902000.0,457350750.0,488902000.0,2982947939.0,18.0,16.936,109892000.0,0.651,1.0,530464000.0,0.151,163514000.0,0.0,158752000.0,167414250.0,0.0,45620000.0,45620000.0,0.0,378203000.0,365938000.0,12265000.0,3151170939.0,36227000.0,-779000.0,853000.0,0.0,-25342000.0,-30546000.0,-50179000.0,-41564000.0,115584000.0,1368000.0,97372000.0,97372000.0,97372000.0,0.0,0.0,0.028,368060000.0,162404000.0,299585000.0,0.278,6.445,32.362,32.391,23902000.0,0.0,18.625,0.898,0.896,438453000.0,409487000.0,3510765000.0,3510765000.0,0.0,0.118,0.213,0.983,0.047,7384000.0,368060000.0,1.0,169190386.0,168802000,172456000.0,20.798,703591000.0,11383000.0,67244000.0,24208000.0,4.168,313751000.0
72,CHRW,MRT,2003-06-30,2003-06-30,2003-06-30,2021-08-02,-1439000.0,838083000.0,793484000.0,650051000.0,188032000.0,4.365,2.77,-5721000.0,168223000.0,168223000.0,2945945000.0,96111000.0,1.812,0.793,0.0,0.0,0.0,0.0,0.0,12374000.0,0.0,0.008,0.15,161928000.0,174302000.0,0.05,174302000.0,161928000.0,161928000.0,0.57,0.56,0.57,467477000.0,437308500.0,467477000.0,2853113770.0,18.0,16.369,120834000.0,0.716,1.0,517727000.0,0.149,152970000.0,0.0,158172000.0,160642750.0,0.0,45516000.0,45516000.0,0.0,370606000.0,358718000.0,11888000.0,2990279770.0,22515000.0,-279000.0,-6402000.0,0.0,-23646000.0,-30048000.0,-75026000.0,-66550000.0,126555000.0,1034000.0,96111000.0,96111000.0,96111000.0,0.0,0.0,0.028,357847000.0,159880000.0,296451000.0,0.263,6.397,31.113,31.088,24589000.0,0.0,17.72,0.863,0.863,415742000.0,387348000.0,3463672000.0,3463672000.0,0.0,0.121,0.22,1.008,0.047,7618000.0,357847000.0,1.0,168751680.0,168782000,172252000.0,20.522,685113000.0,14410000.0,65817000.0,26331000.0,4.059,291333000.0
73,CHRW,MRT,2003-03-31,2003-03-31,2003-03-31,2021-08-02,-2109000.0,806474000.0,769678750.0,618577000.0,187897000.0,4.38,2.651,-7054000.0,137166000.0,137166000.0,2867914000.0,94096000.0,1.767,0.803,0.0,0.0,0.0,0.0,0.0,13267000.0,0.0,0.009,0.14,157931000.0,171198000.0,0.051,171198000.0,157931000.0,157931000.0,0.56,0.545,0.56,447194000.0,417961000.0,447194000.0,2632500070.0,17.0,15.377,94508000.0,0.56,1.0,503272000.0,0.149,162601000.0,0.0,156590000.0,148483750.0,0.0,45380000.0,45380000.0,0.0,359280000.0,350117000.0,9163000.0,2765499070.0,-1921000.0,-279000.0,-5151000.0,0.0,-21956000.0,-27107000.0,-75508000.0,-66412000.0,101562000.0,-868000.0,94096000.0,94096000.0,94096000.0,0.0,0.0,0.028,346691000.0,156581000.0,289639000.0,0.25,6.184,29.39,29.196,25296000.0,0.0,16.35,0.82,0.818,416436000.0,365158000.0,3371186000.0,3371186000.0,0.0,0.122,0.225,1.064,0.047,7850000.0,346691000.0,1.0,169143674.0,168664000,171246000.0,19.988,643873000.0,13561000.0,63835000.0,38105000.0,3.817,268460000.0
74,CHRW,MRT,2002-12-31,2002-12-31,2002-12-31,2021-08-02,-2439000.0,777151000.0,739550750.0,588572000.0,188579000.0,4.455,2.524,-7325000.0,132999000.0,132999000.0,2810695000.0,89798000.0,1.714,0.825,52762000.0,52762000.0,0.0,52762000.0,0.0,14029000.0,0.0,0.008,0.13,150266000.0,164295000.0,0.05,164295000.0,150266000.0,150266000.0,0.53,0.525,0.53,425830000.0,399290000.0,425830000.0,2514360385.0,17.0,15.304,106814000.0,0.633,1.0,483778000.0,0.147,157297000.0,0.0,196143000.0,133701000.0,0.0,45227000.0,45227000.0,0.0,351321000.0,343474000.0,7847000.0,2635984385.0,-3792000.0,-15995000.0,-5513000.0,0.0,-20266000.0,-25779000.0,-91293000.0,-66259000.0,114139000.0,-859000.0,89798000.0,89798000.0,89798000.0,0.0,0.0,0.027,334846000.0,148932000.0,222395000.0,0.245,6.19,29.355,29.434,26476000.0,0.0,15.6,0.8,0.799,391670000.0,345080000.0,3294473000.0,3294473000.0,0.0,0.121,0.225,1.124,0.046,8072000.0,334846000.0,1.0,168973358.0,168736000,171514000.0,19.524,619854000.0,14579000.0,60468000.0,28784000.0,3.674,245098000.0
75,CHRW,MRT,2002-09-30,2002-09-30,2002-09-30,2021-08-02,-2606000.0,752228000.0,716135500.0,562464000.0,189764000.0,4.512,2.425,-7729000.0,121624000.0,121624000.0,2761054000.0,92587000.0,1.669,0.84,0.0,0.0,0.0,0.0,0.0,15380000.0,0.0,0.009,0.12,151952000.0,167332000.0,0.052,167332000.0,151952000.0,151952000.0,0.555,0.535,0.555,408733000.0,381786250.0,408733000.0,2160623105.0,14.0,12.912,103755000.0,0.615,1.0,470319000.0,0.146,161916000.0,0.0,131666000.0,109506000.0,0.0,25098000.0,25098000.0,0.0,343495000.0,337022000.0,6473000.0,2285281105.0,35072000.0,-15716000.0,-8136000.0,0.0,-19423000.0,-25573000.0,-49282000.0,-25098000.0,111484000.0,-1557000.0,92587000.0,92587000.0,92587000.0,0.0,0.0,0.029,319573000.0,150746000.0,283780000.0,0.216,5.591,24.683,24.342,27848000.0,0.0,13.51,0.707,0.705,398036000.0,327507000.0,3231373000.0,3231373000.0,0.0,0.129,0.243,1.388,0.047,872000.0,319573000.0,1.0,169154782.0,168584000,171000000.0,19.168,590312000.0,13024000.0,59365000.0,23810000.0,3.502,225442000.0
76,CHRW,MRT,2002-06-30,2002-06-30,2002-06-30,2021-08-02,-2483000.0,742862000.0,696542000.0,551111000.0,191751000.0,4.513,2.313,-12124000.0,124658000.0,124658000.0,2683218000.0,89264000.0,1.591,0.904,0.0,0.0,0.0,0.0,0.0,16657000.0,0.0,0.007,0.115,146686000.0,163343000.0,0.052,163343000.0,146686000.0,146686000.0,0.535,0.515,0.535,390087000.0,365133250.0,390087000.0,2716914709.0,19.0,16.633,95971000.0,0.569,1.0,460427000.0,0.146,162303000.0,0.0,109536000.0,103427250.0,0.0,0.0,0.0,0.0,352775000.0,346365000.0,6410000.0,2834951709.0,53073000.0,-15716000.0,-6150000.0,0.0,-18582000.0,-24732000.0,-28856000.0,0.0,108095000.0,-1434000.0,89264000.0,89264000.0,89264000.0,0.0,0.0,0.028,317275000.0,143152000.0,299878000.0,0.215,7.267,31.759,31.336,29448000.0,0.0,16.765,0.902,0.9,409056000.0,306622000.0,3143645000.0,3143645000.0,0.0,0.128,0.244,1.418,0.047,821000.0,317275000.0,1.0,169099416.0,168678000,171960000.0,18.637,580559000.0,12313000.0,57422000.0,23999000.0,3.442,204746000.0
77,CHRW,MRT,2002-03-31,2002-03-31,2002-03-31,2021-08-02,-1253000.0,685962000.0,674151250.0,493355000.0,192607000.0,4.595,2.202,-11258000.0,118037000.0,118037000.0,2640759000.0,86700000.0,1.604,0.841,0.0,0.0,0.0,0.0,0.0,17840000.0,0.0,0.007,0.11,142659000.0,160499000.0,0.052,160499000.0,142659000.0,142659000.0,0.52,0.5,0.52,372510000.0,349103750.0,372510000.0,2723609158.0,19.0,16.97,86734000.0,0.513,1.0,456860000.0,0.147,162808000.0,0.0,97459000.0,101707250.0,0.0,0.0,0.0,0.0,313452000.0,307658000.0,5794000.0,2839350158.0,46468000.0,-15716000.0,-7145000.0,0.0,-17744000.0,-24889000.0,-26431000.0,0.0,97992000.0,-204000.0,86700000.0,86700000.0,86700000.0,0.0,0.0,0.028,318122000.0,138738000.0,267455000.0,0.212,7.622,32.749,32.308,29799000.0,0.0,16.8,0.917,0.917,360063000.0,286485000.0,3097619000.0,3097619000.0,0.0,0.129,0.248,1.403,0.046,772000.0,318122000.0,1.0,169008938.0,169134000,171956000.0,18.315,523154000.0,11104000.0,55959000.0,28447000.0,3.093,185697000.0
78,CHRW,MRT,2001-12-31,2001-12-31,2001-12-31,2021-08-02,-1592000.0,683490000.0,662775500.0,503215000.0,180275000.0,4.662,2.109,-12101000.0,115741000.0,115741000.0,2633500000.0,83992000.0,1.555,0.921,0.0,0.0,0.0,0.0,0.0,19136000.0,0.0,0.007,0.105,138373000.0,157509000.0,0.051,157509000.0,138373000.0,138373000.0,0.5,0.49,0.5,355815000.0,333492500.0,355815000.0,2357235920.0,17.0,14.966,62351000.0,0.369,1.0,456572000.0,0.148,144858000.0,0.0,99363000.0,98822000.0,0.0,0.0,0.0,0.0,327675000.0,323528000.0,4147000.0,2443787920.0,35829000.0,0.0,-8506000.0,0.0,-16900000.0,-25406000.0,-12674000.0,0.0,74452000.0,-543000.0,83992000.0,83992000.0,83992000.0,0.0,0.0,0.027,322298000.0,134274000.0,267708000.0,0.21,6.868,29.095,28.92,30920000.0,0.0,14.46,0.791,0.79,370378000.0,270711000.0,3090072000.0,3090072000.0,0.0,0.127,0.252,1.4,0.045,733000.0,322298000.0,1.0,169003314.0,168748000,171548000.0,18.312,538632000.0,12164000.0,54381000.0,23722000.0,3.192,179687000.0
79,CHRW,MRT,2001-09-30,2001-09-30,2001-09-30,2021-08-02,-1310000.0,673854000.0,652954750.0,491366000.0,182488000.0,4.667,2.029,-12537000.0,86552000.0,86552000.0,2595250000.0,82033000.0,1.492,0.97,0.0,0.0,0.0,0.0,0.0,18991000.0,0.0,0.007,0.1,135249000.0,154240000.0,0.051,154240000.0,135249000.0,135249000.0,0.485,0.475,0.485,342121000.0,318792750.0,342121000.0,2376997828.0,18.0,15.411,58145000.0,0.345,1.0,451920000.0,0.148,150628000.0,0.0,107351000.0,89948750.0,0.0,0.0,0.0,0.0,331733000.0,329323000.0,2410000.0,2448582828.0,31822000.0,0.0,-10353000.0,0.0,-16058000.0,-24840000.0,-14023000.0,0.0,70682000.0,3000.0,82033000.0,82033000.0,82033000.0,0.0,0.0,0.027,320886000.0,131034000.0,280925000.0,0.206,7.157,29.849,29.856,31860000.0,0.0,14.48,0.804,0.801,386880000.0,255187000.0,3047170000.0,3047170000.0,0.0,0.126,0.257,1.504,0.044,569000.0,320886000.0,1.0,169101024.0,168588000,171388000.0,18.075,523226000.0,12466000.0,53216000.0,23756000.0,3.104,162043000.0
80,CHRW,MRT,2001-06-30,2001-06-30,2001-06-30,2021-08-02,-1224000.0,653299000.0,643956250.0,472910000.0,180389000.0,4.675,1.932,-9641000.0,71585000.0,71585000.0,2564386000.0,77865000.0,1.449,1.004,0.0,0.0,0.0,0.0,0.0,18572000.0,0.0,0.007,0.095,128482000.0,147054000.0,0.049,147054000.0,128482000.0,128482000.0,0.46,0.45,0.46,325969000.0,304558000.0,325969000.0,2288379105.0,18.0,15.561,65505000.0,0.388,1.0,445882000.0,0.148,152594000.0,0.0,102656000.0,81707750.0,0.0,0.0,0.0,0.0,327330000.0,326464000.0,866000.0,2359948105.0,32017000.0,-5898000.0,-9393000.0,0.0,-15213000.0,-24606000.0,-18526000.0,0.0,75146000.0,3000.0,77865000.0,77865000.0,77865000.0,0.0,0.0,0.026,319468000.0,126414000.0,274628000.0,0.207,7.24,30.308,30.315,27795000.0,0.0,13.945,0.784,0.782,378948000.0,236781000.0,3010268000.0,3010268000.0,0.0,0.121,0.256,1.572,0.043,386000.0,319468000.0,1.0,169232564.0,168706000,171764000.0,17.843,500705000.0,16174000.0,50617000.0,30020000.0,2.968,146446000.0
81,CHRW,MRT,2001-03-31,2001-03-31,2001-03-31,2021-08-02,-1087000.0,640459000.0,634266500.0,456647000.0,183812000.0,4.674,1.837,-12205000.0,71569000.0,71569000.0,2530291000.0,74167000.0,1.392,1.066,0.0,0.0,0.0,0.0,0.0,17952000.0,0.0,0.007,0.09,122499000.0,140451000.0,0.047,140451000.0,122499000.0,122499000.0,0.435,0.43,0.435,310065000.0,291374750.0,310065000.0,2235653042.0,18.0,15.918,76395000.0,0.453,1.0,434277000.0,0.146,154931000.0,0.0,85918000.0,76542250.0,0.0,0.0,0.0,0.0,330394000.0,328041000.0,2353000.0,2315565042.0,44356000.0,-5898000.0,-7908000.0,0.0,-14365000.0,-22273000.0,-21974000.0,0.0,88600000.0,3000.0,74167000.0,74167000.0,74167000.0,0.0,0.0,0.025,312984000.0,121293000.0,276875000.0,0.207,7.468,31.221,31.471,28881000.0,0.0,13.69,0.781,0.779,361214000.0,218367000.0,2964568000.0,2964568000.0,0.0,0.117,0.255,1.6,0.041,203000.0,312984000.0,1.0,169142808.0,168744000,171510000.0,17.568,485528000.0,18648000.0,48332000.0,37159000.0,2.877,128606000.0
82,CHRW,MRT,2000-12-31,2000-12-31,2000-12-31,2021-08-02,-1049000.0,644207000.0,613239250.0,460239000.0,183968000.0,4.7,1.757,-15131000.0,79912000.0,79912000.0,2462832000.0,71242000.0,1.329,1.169,0.0,0.0,0.0,0.0,0.0,17318000.0,0.0,0.005,0.085,117758000.0,135076000.0,0.047,135076000.0,117758000.0,117758000.0,0.42,0.415,0.42,297016000.0,278537000.0,297016000.0,2601062009.0,22.0,19.256,59359000.0,0.351,1.0,419343000.0,0.145,154174000.0,0.0,63870000.0,74557500.0,1859000.0,0.0,0.0,0.0,347191000.0,346251000.0,940000.0,2655792009.0,30275000.0,-5898000.0,-6685000.0,0.0,-13438000.0,-20123000.0,-24095000.0,0.0,74490000.0,3000.0,71242000.0,71242000.0,71242000.0,0.0,0.0,0.025,302335000.0,117008000.0,285932000.0,0.202,8.942,37.278,37.429,29402000.0,0.0,15.72,0.921,0.922,354953000.0,204463000.0,2882175000.0,2882175000.0,0.0,0.116,0.256,1.579,0.041,20000.0,302335000.0,1.0,168943512.0,169058000,171434000.0,17.048,490033000.0,21219000.0,46516000.0,26863000.0,2.899,113988000.0
83,CHRW,MRT,2000-09-30,2000-09-30,2000-09-30,2021-08-02,-1297000.0,637860000.0,582852750.0,451930000.0,185930000.0,4.68,1.687,-16991000.0,54730000.0,54730000.0,2337883000.0,67166000.0,1.281,1.237,0.0,0.0,0.0,0.0,0.0,15857000.0,0.0,0.006,0.08,111101000.0,126958000.0,0.047,126958000.0,111101000.0,111101000.0,0.4,0.39,0.4,285182000.0,265974750.0,285182000.0,2342853853.0,21.0,18.454,48348000.0,0.286,1.0,389792000.0,0.143,156065000.0,0.0,74387000.0,69478500.0,1872000.0,0.0,0.0,0.0,352678000.0,352678000.0,0.0,2382421853.0,-45090000.0,-118114000.0,-8311000.0,0.0,-12938000.0,-17220000.0,-93209000.0,31994000.0,65339000.0,0.0,67166000.0,67166000.0,67166000.0,0.0,0.0,0.025,280453000.0,109339000.0,297031000.0,0.2,8.354,35.471,35.225,29865000.0,0.0,14.09,0.873,0.873,370725000.0,190054000.0,2727675000.0,2727675000.0,0.0,0.115,0.253,1.599,0.041,0.0,280453000.0,1.0,169086008.0,169036000,171844000.0,16.137,481795000.0,20416000.0,43935000.0,23706000.0,2.85,99252000.0
84,CHRW,MRT,2000-06-30,2000-06-30,2000-06-30,2021-08-02,-1125000.0,614540000.0,543524750.0,433657000.0,180883000.0,4.735,1.615,-16251000.0,39568000.0,39568000.0,2215773000.0,62748000.0,1.271,1.249,0.0,0.0,0.0,0.0,0.0,13776000.0,0.0,0.006,0.077,103878000.0,117654000.0,0.046,117654000.0,103878000.0,103878000.0,0.375,0.37,0.375,273236000.0,244401500.0,273236000.0,2066649375.0,20.0,17.565,27509000.0,0.163,1.0,357641000.0,0.139,151674000.0,0.0,81994000.0,69343250.0,3422000.0,0.0,0.0,0.0,341304000.0,341304000.0,0.0,2093862375.0,-61557000.0,-112216000.0,-3363000.0,0.0,-12438000.0,-14272000.0,-91045000.0,32710000.0,43760000.0,0.0,62748000.0,62748000.0,62748000.0,0.0,0.0,0.024,256259000.0,101382000.0,294480000.0,0.205,7.663,33.369,33.0,29209000.0,0.0,12.375,0.814,0.813,367657000.0,174974000.0,2573414000.0,2573414000.0,0.0,0.115,0.257,1.498,0.04,0.0,256259000.0,1.0,169201000.0,169164000,171252000.0,15.213,462866000.0,19438000.0,41130000.0,24441000.0,2.736,92353000.0
85,CHRW,MRT,2000-03-31,2000-03-31,2000-03-31,2021-08-02,-1155000.0,556350000.0,507127250.0,375251000.0,181099000.0,4.736,1.53,-12963000.0,27213000.0,27213000.0,2077204000.0,57786000.0,1.261,1.15,0.0,0.0,0.0,0.0,0.0,11995000.0,0.0,0.008,0.075,95758000.0,107753000.0,0.045,107753000.0,95758000.0,95758000.0,0.35,0.345,0.35,258714000.0,223134750.0,258714000.0,1525178605.0,16.0,14.154,23479000.0,0.139,1.0,324639000.0,0.135,153522000.0,0.0,77979000.0,66125500.0,3168000.0,0.0,0.0,0.0,297636000.0,297636000.0,0.0,1574815605.0,-66740000.0,-112216000.0,-2681000.0,0.0,-11939000.0,-13091000.0,-90091000.0,30295000.0,36442000.0,0.0,57786000.0,57786000.0,57786000.0,0.0,0.0,0.024,232633000.0,92006000.0,257320000.0,0.214,6.087,27.253,26.607,27577000.0,0.0,9.312,0.656,0.656,323208000.0,159413000.0,2401843000.0,2401843000.0,0.0,0.114,0.259,1.448,0.04,0.0,232633000.0,1.0,169107716.0,169124000,170948000.0,14.202,402828000.0,18493000.0,37972000.0,21673000.0,2.382,77615000.0
86,CHRW,MRT,1999-12-31,1999-12-31,1999-12-31,2021-08-02,-1053000.0,522661000.0,477418250.0,343052000.0,179609000.0,4.736,1.496,-9003000.0,49637000.0,49637000.0,1967744000.0,53349000.0,1.243,1.118,0.0,0.0,0.0,0.0,0.0,10133000.0,0.0,0.007,0.073,88477000.0,98610000.0,0.044,98610000.0,88477000.0,88477000.0,0.325,0.32,0.325,246767000.0,202815250.0,246767000.0,1536869515.0,17.0,15.585,42875000.0,0.26,1.0,293283000.0,0.13,153576000.0,0.0,43554000.0,62568250.0,1785000.0,0.0,0.0,0.0,275894000.0,275894000.0,0.0,1636689515.0,-49704000.0,-112216000.0,-2745000.0,0.0,-11529000.0,-12745000.0,-88837000.0,31829000.0,51878000.0,0.0,53349000.0,53349000.0,53349000.0,0.0,0.0,0.024,209455000.0,83828000.0,231592000.0,0.225,6.633,30.679,30.577,24747000.0,0.0,9.938,0.724,0.725,270296000.0,147586000.0,2261027000.0,2261027000.0,0.0,0.112,0.263,1.414,0.039,0.0,209455000.0,1.0,164698316.0,164912000,166012000.0,13.711,369085000.0,18480000.0,35128000.0,16187000.0,2.238,67158000.0
87,CHRW,MRT,1999-09-30,1999-09-30,1999-09-30,2021-08-02,-1177000.0,480548000.0,449032000.0,436180000.0,44368000.0,4.875,1.207,-5842000.0,99820000.0,99820000.0,1910337000.0,49914000.0,1.549,1.416,0.0,0.0,0.0,0.0,0.0,9267000.0,0.0,0.008,0.07,82757000.0,92024000.0,0.042,92024000.0,82757000.0,82757000.0,0.302,0.302,0.302,198889000.0,183503000.0,198889000.0,1286478674.0,16.0,13.98,37608000.0,0.228,1.0,278812000.0,0.127,25223000.0,0.0,73846000.0,66070750.0,3218000.0,30895000.0,30895000.0,0.0,281659000.0,281659000.0,0.0,1387603674.0,-1438000.0,-6799000.0,-2362000.0,0.0,-11121000.0,-12162000.0,-32726000.0,-10178000.0,43450000.0,0.0,49914000.0,49914000.0,49914000.0,0.0,0.0,0.023,200113000.0,78699000.0,232316000.0,0.232,6.977,27.8,27.889,19145000.0,0.0,8.422,0.634,0.634,279804000.0,136326000.0,2189149000.0,2189149000.0,0.0,0.111,0.272,1.253,0.038,0.0,200113000.0,1.0,164749620.0,164724000,166048000.0,13.29,455325000.0,18781000.0,32843000.0,24725000.0,2.764,154521000.0
88,CHRW,MRT,1999-06-30,1999-06-30,1999-06-30,2021-08-02,-1251000.0,468950000.0,430416000.0,432552000.0,36398000.0,4.907,1.142,-2994000.0,101125000.0,101125000.0,1844408000.0,47783000.0,1.541,1.492,0.0,0.0,0.0,0.0,0.0,9087000.0,0.0,0.007,0.068,79233000.0,88320000.0,0.042,88320000.0,79233000.0,79233000.0,0.29,0.29,0.29,188169000.0,174202000.0,188169000.0,1420186874.0,18.0,16.08,46581000.0,0.283,1.0,267568000.0,0.127,17921000.0,0.0,69123000.0,60078500.0,4711000.0,31611000.0,31611000.0,0.0,280781000.0,280781000.0,0.0,1514139874.0,19729000.0,-6799000.0,-2110000.0,0.0,-8238000.0,-9027000.0,-20819000.0,-6078000.0,49575000.0,0.0,47783000.0,47783000.0,47783000.0,0.0,0.0,0.023,192129000.0,75439000.0,230160000.0,0.234,8.047,31.688,31.681,18477000.0,0.0,9.188,0.717,0.717,273351000.0,125166000.0,2111976000.0,2111976000.0,0.0,0.111,0.274,1.319,0.038,0.0,192129000.0,1.0,164804340.0,164780000,165912000.0,12.817,451029000.0,16930000.0,31450000.0,32181000.0,2.737,151771000.0
89,CHRW,MRT,1999-03-31,1999-03-31,1999-03-31,2021-08-02,-1274000.0,437514000.0,412741750.0,398356000.0,39158000.0,5.038,1.077,-2876000.0,93953000.0,93953000.0,1821761000.0,45413000.0,1.532,1.466,0.0,0.0,0.0,0.0,0.0,8925000.0,0.0,0.01,0.065,75300000.0,84225000.0,0.041,84225000.0,75300000.0,75300000.0,0.275,0.275,0.275,177436000.0,165301500.0,177436000.0,948456280.0,13.0,11.261,65269000.0,0.396,1.0,257464000.0,0.124,19733000.0,0.0,63750000.0,58569750.0,5544000.0,29196000.0,29196000.0,0.0,260078000.0,260078000.0,0.0,1047797280.0,30434000.0,-6799000.0,-1403000.0,0.0,-7828000.0,-7910000.0,-29801000.0,-14731000.0,68145000.0,0.0,45413000.0,45413000.0,45413000.0,0.0,0.0,0.022,185464000.0,72000000.0,217038000.0,0.236,5.905,23.073,23.127,19425000.0,0.0,6.36,0.504,0.504,249528000.0,114067000.0,2079225000.0,2079225000.0,0.0,0.11,0.275,1.286,0.036,0.0,185464000.0,1.0,164748000.0,164744000,165372000.0,12.621,417781000.0,15399000.0,29887000.0,30654000.0,2.536,138278000.0
90,CHRW,MRT,1998-12-31,1998-12-31,1998-12-31,2021-08-02,-1145000.0,409116000.0,388208500.0,374843000.0,34273000.0,5.25,1.028,-3090000.0,99341000.0,99341000.0,1792473000.0,43015000.0,1.564,1.413,0.0,0.0,0.0,0.0,0.0,8521000.0,0.0,0.01,0.062,71287000.0,79808000.0,0.039,79808000.0,71287000.0,71287000.0,0.26,0.26,0.26,169518000.0,156919500.0,169518000.0,967491245.0,14.0,12.123,74558000.0,0.452,1.0,245666000.0,0.121,12613000.0,0.0,57564000.0,60535000.0,3488000.0,30730000.0,30730000.0,0.0,239598000.0,239598000.0,0.0,1068749245.0,36844000.0,-6799000.0,-3131000.0,0.0,-7419000.0,-9229000.0,-31575000.0,-20306000.0,77648000.0,0.0,43015000.0,43015000.0,43015000.0,0.0,0.0,0.021,177223000.0,68443000.0,192908000.0,0.238,6.305,24.846,24.942,19484000.0,0.0,6.485,0.524,0.525,221021000.0,106178000.0,2038139000.0,2038139000.0,0.0,0.111,0.274,1.178,0.035,0.0,177223000.0,1.0,164803276.0,164864000,165236000.0,12.363,396503000.0,12821000.0,28272000.0,19209000.0,2.405,135245000.0
91,CHRW,MRT,1998-09-30,1998-09-30,1998-09-30,2021-08-02,-1052000.0,406084000.0,371086500.0,375311000.0,30773000.0,5.39,0.981,-4242000.0,101258000.0,101258000.0,1764595000.0,30916000.0,1.536,1.512,0.0,0.0,0.0,0.0,0.0,8665000.0,0.0,0.012,0.06,57694000.0,66359000.0,0.033,66359000.0,57694000.0,57694000.0,0.188,0.188,0.188,161685000.0,149285250.0,161685000.0,748138895.0,13.0,11.274,91073000.0,0.553,1.0,235672000.0,0.118,10550000.0,0.0,49877000.0,63596500.0,3302000.0,20723000.0,20723000.0,0.0,244399000.0,244399000.0,0.0,829534895.0,-3427000.0,0.0,-1540000.0,0.0,-108522000.0,-110062000.0,11320000.0,-6590000.0,95315000.0,0.0,30916000.0,30916000.0,30916000.0,-139000.0,0.0,0.015,194694000.0,40978000.0,202084000.0,0.319,5.131,26.832,26.769,20223000.0,0.0,5.032,0.415,0.415,237805000.0,97988000.0,2000267000.0,2000267000.0,0.0,0.083,0.207,0.907,0.029,0.0,170038000.0,1.0,164835548.0,164812000,165168000.0,12.137,395534000.0,6761000.0,26778000.0,21384000.0,2.4,130912000.0
92,CHRW,MRT,1998-06-30,1998-06-30,1998-06-30,2021-08-02,-965000.0,398253000.0,,368322000.0,29931000.0,,0.925,-4847000.0,81396000.0,81396000.0,1725117000.0,29440000.0,1.499,1.61,0.0,0.0,0.0,0.0,0.0,8748000.0,0.0,0.007,0.045,54734000.0,63482000.0,0.033,63482000.0,54734000.0,54734000.0,0.178,0.178,0.178,152567000.0,,152567000.0,963144770.0,18.0,15.172,97232000.0,0.59,1.0,225377000.0,0.116,8083000.0,0.0,63088000.0,,4060000.0,25539000.0,25539000.0,0.0,245686000.0,245686000.0,0.0,1026663770.0,41108000.0,0.0,-1278000.0,0.0,-108522000.0,-109800000.0,48829000.0,30224000.0,102079000.0,0.0,29440000.0,29440000.0,29440000.0,-689000.0,0.0,0.015,188014000.0,37363000.0,208444000.0,0.253,6.729,34.873,34.944,21848000.0,0.0,6.22,0.526,0.526,248537000.0,88549000.0,1950494000.0,1950494000.0,0.0,,,,0.028,0.0,163358000.0,1.0,165058484.0,164860000,165260000.0,11.831,390170000.0,3710000.0,25294000.0,22424000.0,2.367,122636000.0
93,CHRW,MRT,1998-03-31,1998-03-31,1998-03-31,2021-08-02,-763000.0,339381000.0,,308186000.0,31195000.0,,0.872,-5128000.0,63519000.0,63519000.0,1640914000.0,28096000.0,1.577,1.358,0.0,0.0,0.0,0.0,0.0,8737000.0,0.0,0.005,0.03,52241000.0,60978000.0,0.033,60978000.0,52241000.0,52241000.0,0.17,0.17,0.17,143908000.0,,143908000.0,1010383146.0,19.0,16.57,74419000.0,0.451,1.0,214355000.0,0.116,8778000.0,0.0,71611000.0,,3355000.0,14219000.0,14219000.0,0.0,195473000.0,195473000.0,0.0,1072880146.0,17060000.0,0.0,-2452000.0,0.0,-106472000.0,-108924000.0,46437000.0,27286000.0,79547000.0,0.0,28096000.0,28096000.0,28096000.0,-1150000.0,0.0,0.015,180337000.0,34018000.0,176346000.0,0.176,7.455,38.186,38.235,22417000.0,0.0,6.5,0.578,0.578,212219000.0,79410000.0,1855269000.0,1855269000.0,0.0,,,,0.028,0.0,155681000.0,1.0,165058484.0,165004000,165408000.0,11.244,330603000.0,11381000.0,24145000.0,11932000.0,2.004,112713000.0
94,CHRW,MRT,1997-12-31,1997-12-31,1997-12-31,2021-08-02,-718000.0,340628000.0,330704000.0,310689000.0,29939000.0,5.415,0.842,-4859000.0,62497000.0,62497000.0,1584765000.0,27587000.0,1.541,1.451,0.0,0.0,0.0,0.0,0.0,8684000.0,0.0,0.003,0.015,51101000.0,59785000.0,0.033,59785000.0,51101000.0,51101000.0,0.168,0.168,0.168,138981000.0,146704500.0,138981000.0,,,,65519000.0,0.397,1.0,206020000.0,0.115,6674000.0,0.0,69810000.0,86930000.0,3109000.0,10428000.0,10428000.0,0.0,201647000.0,201647000.0,0.0,923502218.0,19930000.0,0.0,-1340000.0,0.0,-104400000.0,-105740000.0,55292000.0,37819000.0,70378000.0,0.0,27587000.0,27587000.0,27587000.0,-1589000.0,0.0,0.015,173941000.0,32079000.0,166789000.0,0.089,6.645,33.476,33.304,22226000.0,0.0,5.595,0.516,0.516,206743000.0,73465000.0,1790785000.0,1790785000.0,0.0,0.083,0.188,0.588,0.029,0.0,149285000.0,1.0,165058484.0,165140000,165208000.0,10.844,333954000.0,22115000.0,23514000.0,12751000.0,2.022,109042000.0
95,CHRW,MRT,1997-09-30,1997-09-30,1997-09-30,2021-08-02,,,,,,,,,,,,,,,,,,,,,,,0.0,,,,,,,,,,,,,,,,,,1.0,,,,,,,,,,,,,,,,,,,,,,,,,,,,,,,,,,,,,,,,,,,,,,,,,,,,,,1.0,,165060000,,,,,,,,
96,CHRW,MRT,1997-06-30,1997-06-30,1997-06-30,2021-08-02,,,,,,,,,,,,,,,,,,,,,,,0.0,,,,,,,,,,,,,,,,,,1.0,,,,,,,,,,,,,,,,,,,,,,,,,,,,,,,,,,,,,,,,,,,,,,,,,,,,,,1.0,,165012000,,,,,,,,
97,CHRW,MRT,1997-03-31,1997-03-31,1997-03-31,2021-08-02,,,,,,,,,,,,,,,,,,,,,,,0.0,,,,,,,,,,,,,,,,,,1.0,,,,,,,,,,,,,,,,,,,,,,,,,,,,,,,,,,,,,,,,,,,,,,,,,,,,,,1.0,,165436000,,,,,,,,
98,CHRW,MRT,1996-12-31,1996-12-31,1996-12-31,2021-08-02,-346000.0,320780000.0,,280422000.0,40358000.0,,0.924,-4704000.0,42567000.0,42567000.0,1426836000.0,34600000.0,1.686,1.077,0.0,0.0,0.0,0.0,0.0,7604000.0,0.0,,0.0,55282000.0,62886000.0,0.039,62886000.0,55282000.0,55282000.0,0.207,0.207,0.207,154428000.0,,154428000.0,,,,30646000.0,0.183,1.0,179069000.0,0.112,7811000.0,0.0,104050000.0,,5276000.0,42711000.0,42711000.0,0.0,166352000.0,166352000.0,0.0,,8115000.0,0.0,-6866000.0,0.0,-7655000.0,-14521000.0,-12714000.0,-10751000.0,35350000.0,0.0,34600000.0,34600000.0,34600000.0,-2158000.0,0.0,0.022,129040000.0,50029000.0,140376000.0,0.0,,,,23047000.0,0.0,,,,170935000.0,150637000.0,1605905000.0,1605905000.0,0.0,,,,0.034,943000.0,129040000.0,1.0,,167196000,167196000.0,9.605,312969000.0,6698000.0,20682000.0,7985000.0,1.872,114070000.0
99,CHRW,MRT,1995-12-31,1995-12-31,1995-12-31,2021-08-02,,,,,,,,-11962000.0,,,1285881000.0,31541000.0,,,,,,,,5998000.0,,,0.0,49991000.0,55989000.0,0.039,55989000.0,49991000.0,49991000.0,0.18,0.18,0.18,,,,,,,26254000.0,0.149,1.0,160094000.0,0.111,,0.0,,,,,,,,,,,-10840000.0,-2908000.0,-7869000.0,0.0,-5644000.0,-13513000.0,-35543000.0,-17381000.0,38216000.0,0.0,31541000.0,31541000.0,31541000.0,-2086000.0,0.0,0.022,115114000.0,44980000.0,,0.0,,,,,0.0,,,,,,1445975000.0,1445975000.0,0.0,,,,0.035,1051000.0,115114000.0,1.0,,175736000,175736000.0,8.228,,,18450000.0,,,
