None,ticker,dimension,calendardate,datekey,reportperiod,lastupdated,accoci,assets,assetsavg,assetsc,assetsnc,assetturnover,bvps,capex,cashneq,cashnequsd,cor,consolinc,currentratio,de,debt,debtc,debtnc,debtusd,deferredrev,depamor,deposits,divyield,dps,ebit,ebitda,ebitdamargin,ebitdausd,ebitusd,ebt,eps,epsdil,epsusd,equity,equityavg,equityusd,ev,evebit,evebitda,fcf,fcfps,fxusd,gp,grossmargin,intangibles,intexp,invcap,invcapavg,inventory,investments,investmentsc,investmentsnc,liabilities,liabilitiesc,liabilitiesnc,marketcap,ncf,ncfbus,ncfcommon,ncfdebt,ncfdiv,ncff,ncfi,ncfinv,ncfo,ncfx,netinc,netinccmn,netinccmnusd,netincdis,netincnci,netmargin,opex,opinc,payables,payoutratio,pb,pe,pe1,ppnenet,prefdivis,price,ps,ps1,receivables,retearn,revenue,revenueusd,rnd,roa,roe,roic,ros,sbcomp,sgna,sharefactor,sharesbas,shareswa,shareswadil,sps,tangibles,taxassets,taxexp,taxliabilities,tbvps,workingcapital
0,PGR,MRY,2020-12-31,2020-12-31,2020-12-31,2021-09-09,931700000.0,64098300000.0,60669225000.0,,,0.703,29.131,-201600000.0,76500000.0,76500000.0,26199200000.0,5704600000.0,,2.762,5396100000.0,,,5396100000.0,13437500000.0,331800000.0,0.0,0.027,2.65,7390200000.0,7722000000.0,0.181,7722000000.0,7390200000.0,7173200000.0,9.71,9.66,9.71,17038600000.0,16536975000.0,17038600000.0,63208229053.0,9.0,8.185,6704000000.0,11.462,1.0,16458900000.0,0.386,624100000.0,217000000.0,68793800000.0,65257200000.0,0.0,47530300000.0,,,47059700000.0,,,57903929053.0,-150900000.0,0.0,-104300000.0,986300000.0,-1551000000.0,-938800000.0,-6117700000.0,-5999700000.0,6905600000.0,0.0,5704600000.0,5677700000.0,5677700000.0,0.0,0.0,0.133,9068700000.0,7390200000.0,7650300000.0,0.273,3.398,10.198,10.183,1106000000.0,26900000.0,98.88,1.357,1.356,12547600000.0,13354900000.0,42658100000.0,42658100000.0,0.0,0.094,0.343,0.113,0.173,89400000.0,8843200000.0,1.0,585597988.0,584900000.0,587600000.0,72.932,63474200000.0,0.0,1468600000.0,310000000.0,108.521,
1,PGR,MRY,2019-12-31,2019-12-31,2019-12-31,2021-09-09,341700000.0,54910500000.0,52273275000.0,,,0.747,23.421,-310200000.0,227400000.0,227400000.0,25470500000.0,3980000000.0,,2.999,4407100000.0,,,4407100000.0,12388800000.0,306100000.0,0.0,0.039,2.814,5340300000.0,5646400000.0,0.145,5646400000.0,5340300000.0,5150600000.0,6.75,6.72,6.75,13673200000.0,13309500000.0,13673200000.0,46681672143.0,9.0,8.268,5951400000.0,10.194,1.0,13551800000.0,0.347,681000000.0,189700000.0,58409200000.0,55843875000.0,0.0,39254300000.0,,,41011700000.0,,,42321372143.0,152400000.0,0.0,-89700000.0,0.0,-1643200000.0,-1770900000.0,-4338300000.0,-4034100000.0,6261600000.0,0.0,3970300000.0,3943400000.0,3943400000.0,0.0,9700000.0,0.101,8201800000.0,5350000000.0,5992400000.0,0.417,3.095,10.732,10.724,1213700000.0,26900000.0,72.39,1.085,1.083,11512700000.0,10679600000.0,39022300000.0,39022300000.0,0.0,0.075,0.296,0.096,0.137,90200000.0,7998300000.0,1.0,584630089.0,583800000.0,587200000.0,66.842,54229500000.0,0.0,1180300000.0,118000000.0,92.891,
2,PGR,MRY,2018-12-31,2018-12-31,2018-12-31,2021-09-09,-120900000.0,46575000000.0,44203275000.0,,,0.723,18.581,-256600000.0,75000000.0,75000000.0,21721000000.0,2621000000.0,,3.284,4404900000.0,,,4404900000.0,10686500000.0,262400000.0,0.0,0.019,1.125,3324400000.0,3586800000.0,0.112,3586800000.0,3324400000.0,3157900000.0,4.45,4.42,4.45,10821800000.0,11001150000.0,10821800000.0,38918322948.0,12.0,10.85,6028200000.0,10.351,1.0,10258000000.0,0.321,747300000.0,166500000.0,50157600000.0,47286850000.0,0.0,33567400000.0,,,35538700000.0,,,35181122948.0,-200300000.0,0.0,-75700000.0,1096900000.0,-654900000.0,549800000.0,-7034900000.0,-6790000000.0,6284800000.0,0.0,2615300000.0,2593900000.0,2593900000.0,0.0,5700000.0,0.081,6927900000.0,3330100000.0,5046500000.0,0.253,3.251,13.563,13.557,1131700000.0,21400000.0,60.33,1.1,1.099,9502900000.0,8386600000.0,31979000000.0,31979000000.0,0.0,0.059,0.236,0.07,0.104,77200000.0,6769500000.0,1.0,583144753.0,582400000.0,586700000.0,54.909,45827700000.0,43200000.0,542600000.0,0.0,78.688,
3,PGR,MRY,2017-12-31,2017-12-31,2017-12-31,2021-09-09,1282200000.0,38701200000.0,37283525000.0,,,0.72,15.986,-140400000.0,275300000.0,275300000.0,18808000000.0,1598100000.0,,3.114,3306300000.0,,,3306300000.0,8903500000.0,236100000.0,0.0,0.012,0.681,2286100000.0,2522200000.0,0.094,2522200000.0,2286100000.0,2133000000.0,2.74,2.72,2.74,9284800000.0,9022150000.0,9284800000.0,35813527387.0,16.0,14.199,3616400000.0,6.227,1.0,8031000000.0,0.299,819300000.0,153100000.0,40912900000.0,39490375000.0,0.0,27274700000.0,,,28912700000.0,,,32757627387.0,48900000.0,-18100000.0,-62000000.0,156500000.0,-395400000.0,-300900000.0,-3406700000.0,-3214600000.0,3756800000.0,-300000.0,1592200000.0,1592200000.0,1592200000.0,0.0,5900000.0,0.059,5739000000.0,2292000000.0,3481000000.0,0.249,3.528,20.574,20.555,1119600000.0,0.0,56.32,1.221,1.219,7899200000.0,6031700000.0,26839000000.0,26839000000.0,0.0,0.043,0.176,0.058,0.085,95400000.0,5605600000.0,1.0,581634009.0,580800000.0,585700000.0,46.21,37881900000.0,0.0,540800000.0,135000000.0,65.224,
4,PGR,MRY,2016-12-31,2016-12-31,2016-12-31,2021-09-09,933400000.0,33427500000.0,32432025000.0,,,0.723,13.679,-208800000.0,226400000.0,226400000.0,16879600000.0,1057200000.0,,3.14,3148200000.0,,,3148200000.0,7468300000.0,199500000.0,0.0,0.025,0.888,1585400000.0,1784900000.0,0.076,1784900000.0,1585400000.0,1444500000.0,1.77,1.76,1.77,7957100000.0,7861800000.0,7957100000.0,23605927098.0,15.0,13.225,2523900000.0,4.339,1.0,6561800000.0,0.28,882200000.0,140900000.0,35467100000.0,34259775000.0,0.0,23482600000.0,,,24986700000.0,,,20617727098.0,2000000.0,-7700000.0,-192500000.0,451900000.0,-519000000.0,-250400000.0,-2480700000.0,-2315100000.0,2732700000.0,400000.0,1031000000.0,1031000000.0,1031000000.0,0.0,26200000.0,0.044,4950200000.0,1611600000.0,2495500000.0,0.502,2.591,19.998,20.056,1177100000.0,0.0,35.5,0.88,0.881,4679700000.0,5140400000.0,23441400000.0,23441400000.0,0.0,0.032,0.131,0.046,0.068,85200000.0,4835800000.0,1.0,580781045.0,581700000.0,585000000.0,40.298,32545300000.0,0.0,413500000.0,111300000.0,55.949,
5,PGR,MRY,2015-12-31,2015-12-31,2015-12-31,2021-09-09,800400000.0,29819300000.0,28984800000.0,,,0.719,12.45,-120100000.0,224400000.0,224400000.0,14342000000.0,1300500000.0,,3.027,2707900000.0,,,2707900000.0,6621800000.0,150500000.0,0.0,0.022,0.686,2014700000.0,2165200000.0,0.104,2165200000.0,2014700000.0,1878700000.0,2.16,2.15,2.16,7289400000.0,7328275000.0,7289400000.0,21108306991.0,10.0,9.749,2172800000.0,3.711,1.0,6511800000.0,0.312,942500000.0,136000000.0,31360300000.0,30741275000.0,0.0,20937300000.0,,,22065000000.0,,,18588506991.0,116000000.0,-765300000.0,-208300000.0,342300000.0,-403600000.0,-252800000.0,-1923900000.0,-1030300000.0,2292900000.0,-200000.0,1267600000.0,1267600000.0,1267600000.0,0.0,32900000.0,0.061,4464200000.0,2047600000.0,2067800000.0,0.318,2.55,14.664,14.722,1037200000.0,0.0,31.8,0.891,0.893,4187000000.0,4686600000.0,20853800000.0,20853800000.0,0.0,0.044,0.173,0.066,0.097,66200000.0,4363900000.0,1.0,584544245.0,585500000.0,589200000.0,35.617,28876800000.0,0.0,611100000.0,109300000.0,49.32,
6,PGR,MRY,2014-12-31,2014-12-31,2014-12-31,2021-09-09,1023100000.0,25787600000.0,25370425000.0,,,0.764,11.731,-102200000.0,108400000.0,108400000.0,13306200000.0,1281000000.0,,2.722,2164700000.0,,,2164700000.0,5440100000.0,97100000.0,0.0,0.055,1.493,2024300000.0,2121400000.0,0.109,2121400000.0,2024300000.0,1907400000.0,2.17,2.15,2.17,6928600000.0,6772925000.0,6928600000.0,17976395796.0,9.0,8.474,1623400000.0,2.749,1.0,6085200000.0,0.314,12900000.0,116900000.0,27831000000.0,27354875000.0,0.0,19018000000.0,,,18859000000.0,,,15902695796.0,33300000.0,0.0,-271400000.0,295800000.0,-892600000.0,-855400000.0,-836900000.0,-704700000.0,1725600000.0,0.0,1281000000.0,1281000000.0,1281000000.0,0.0,0.0,0.066,4060900000.0,2024300000.0,1893800000.0,0.688,2.295,12.414,12.438,960600000.0,0.0,26.99,0.82,0.822,3622800000.0,4133400000.0,19391400000.0,19391400000.0,0.0,0.05,0.189,0.074,0.104,51400000.0,3991100000.0,1.0,589206958.0,590600000.0,594800000.0,32.833,25774700000.0,0.0,626400000.0,98900000.0,43.642,
7,PGR,MRY,2013-12-31,2013-12-31,2013-12-31,2021-09-09,951700000.0,24408200000.0,24075600000.0,,,0.755,10.331,-136700000.0,75100000.0,75100000.0,12472400000.0,1165400000.0,,2.943,1860900000.0,,,1860900000.0,5174500000.0,101300000.0,0.0,0.01,0.284,1838200000.0,1939500000.0,0.107,1939500000.0,1838200000.0,1720000000.0,1.95,1.93,1.95,6189500000.0,6473950000.0,6189500000.0,18271599210.0,10.0,9.421,1763200000.0,2.943,1.0,5698500000.0,0.314,0.0,118200000.0,26194000000.0,25979550000.0,0.0,18054700000.0,,,18218700000.0,,,16361899210.0,-104000000.0,0.0,-273400000.0,-208100000.0,-175600000.0,-646800000.0,-1356500000.0,-1372000000.0,1899900000.0,-600000.0,1165400000.0,1165400000.0,1165400000.0,0.0,0.0,0.064,3860300000.0,1838200000.0,1785000000.0,0.146,2.643,14.04,13.985,960900000.0,0.0,27.27,0.9,0.899,3385600000.0,3500000000.0,18170900000.0,18170900000.0,0.0,0.048,0.18,0.071,0.101,64900000.0,3802700000.0,1.0,599996304.0,599100000.0,603600000.0,30.33,24408200000.0,0.0,554600000.0,28400000.0,40.741,
8,PGR,MRY,2012-12-31,2012-12-31,2012-12-31,2021-09-09,871000000.0,22694700000.0,22812700000.0,,,0.749,9.957,-123900000.0,179100000.0,179100000.0,11948000000.0,902300000.0,,2.778,2063100000.0,,,2063100000.0,4930700000.0,94400000.0,0.0,0.067,1.407,1441500000.0,1535900000.0,0.09,1535900000.0,1441500000.0,1317700000.0,1.5,1.48,1.5,6007000000.0,6274650000.0,6007000000.0,14630698351.0,10.0,9.526,1567500000.0,2.598,1.0,5135900000.0,0.301,0.0,123800000.0,24578700000.0,24706650000.0,0.0,16475500000.0,,,16687700000.0,,,12760198351.0,23400000.0,0.0,-173700000.0,-382500000.0,-853700000.0,-1404100000.0,-264900000.0,-97000000.0,1691400000.0,1000000.0,902300000.0,902300000.0,902300000.0,0.0,0.0,0.053,3694400000.0,1441500000.0,1683500000.0,0.938,2.124,14.142,14.067,933700000.0,0.0,21.1,0.747,0.745,3250000000.0,3454400000.0,17083900000.0,17083900000.0,0.0,0.04,0.144,0.058,0.084,63400000.0,3642900000.0,1.0,604748737.0,603300000.0,607800000.0,28.317,22694700000.0,109400000.0,415400000.0,0.0,37.618,
9,PGR,MRY,2011-12-31,2011-12-31,2011-12-31,2021-09-09,692500000.0,21844800000.0,21830700000.0,,,0.723,9.183,-75900000.0,155700000.0,155700000.0,10634800000.0,1015500000.0,,2.762,2442100000.0,,,2442100000.0,4579400000.0,88500000.0,0.0,0.02,0.399,1619700000.0,1708200000.0,0.108,1708200000.0,1619700000.0,1487000000.0,1.61,1.59,1.61,5806700000.0,6073275000.0,5806700000.0,14382059986.0,9.0,8.419,1422000000.0,2.249,1.0,5139800000.0,0.326,0.0,132700000.0,24131200000.0,23873850000.0,0.0,15963000000.0,,,16038100000.0,,,12108459986.0,-3200000.0,0.0,-975400000.0,476900000.0,-263600000.0,-755700000.0,-744900000.0,-668400000.0,1497900000.0,-500000.0,1015500000.0,1015500000.0,1015500000.0,0.0,0.0,0.064,3520100000.0,1619700000.0,1770800000.0,0.248,2.085,11.924,12.118,911300000.0,0.0,19.51,0.768,0.782,2999600000.0,3495000000.0,15774600000.0,15774600000.0,0.0,0.047,0.167,0.068,0.103,50500000.0,3487200000.0,1.0,620628395.0,632300000.0,636900000.0,24.948,21844800000.0,196000000.0,471500000.0,0.0,34.548,
10,PGR,MRY,2010-12-31,2010-12-31,2010-12-31,2021-09-09,783700000.0,21150300000.0,21430100000.0,,,0.71,9.194,-56700000.0,158900000.0,158900000.0,10131300000.0,1068300000.0,,2.497,1958200000.0,,,1958200000.0,4353800000.0,83100000.0,0.0,0.058,1.161,1698700000.0,1781800000.0,0.117,1781800000.0,1698700000.0,1565200000.0,1.62,1.61,1.62,6048900000.0,6319550000.0,6048900000.0,14983566944.0,9.0,8.409,1622600000.0,2.466,1.0,5084200000.0,0.334,0.0,133500000.0,22949600000.0,23342350000.0,0.0,15523400000.0,,,15101400000.0,,,13180766944.0,-1800000.0,0.0,-231400000.0,-214300000.0,-763700000.0,-1195400000.0,-486500000.0,-375800000.0,1679300000.0,800000.0,1068300000.0,1068300000.0,1068300000.0,0.0,0.0,0.07,3385500000.0,1698700000.0,1718400000.0,0.717,2.179,12.338,12.265,932600000.0,0.0,19.87,0.866,0.859,2826500000.0,3595700000.0,15215500000.0,15215500000.0,0.0,0.05,0.169,0.073,0.112,45900000.0,3352200000.0,1.0,663350123.0,657900000.0,663300000.0,23.127,21150300000.0,189000000.0,496900000.0,0.0,32.148,
11,PGR,MRY,2009-12-31,2009-12-31,2009-12-31,2021-09-09,453200000.0,20049300000.0,19349850000.0,,,0.753,8.621,-64800000.0,160700000.0,160700000.0,9904900000.0,1057500000.0,,2.488,2177200000.0,,,2177200000.0,4172900000.0,87300000.0,0.0,0.0,0.0,1695900000.0,1783200000.0,0.122,1783200000.0,1695900000.0,1556900000.0,1.59,1.57,1.59,5748600000.0,5118325000.0,5748600000.0,14133669258.0,8.0,7.926,1422000000.0,2.133,1.0,4658700000.0,0.32,0.0,139000000.0,22065800000.0,21369325000.0,0.0,14713400000.0,,,14300700000.0,,,12129369258.0,157800000.0,0.0,-161800000.0,0.0,0.0,-152100000.0,-1178600000.0,-867300000.0,1486800000.0,1700000.0,1057500000.0,1057500000.0,1057500000.0,0.0,0.0,0.073,2962800000.0,1695900000.0,1297600000.0,0.0,2.11,11.47,11.314,961300000.0,0.0,17.99,0.833,0.824,2524100000.0,3683100000.0,14563600000.0,14563600000.0,0.0,0.055,0.207,0.079,0.116,40300000.0,2932300000.0,1.0,674228419.0,666800000.0,672200000.0,21.841,20049300000.0,416700000.0,499400000.0,0.0,30.068,
12,PGR,MRY,2008-12-31,2008-12-31,2008-12-31,2021-09-09,-51900000.0,18250500000.0,18630325000.0,,,0.689,6.31,-97400000.0,2900000.0,2900000.0,10015000000.0,-70000000.0,,3.33,2175500000.0,,,2175500000.0,4175900000.0,99100000.0,0.0,0.01,0.145,-85600000.0,13500000.0,0.001,13500000.0,-85600000.0,-222300000.0,-0.1,-0.1,-0.1,4215300000.0,4507750000.0,4215300000.0,12174583706.0,-142.0,901.821,1451800000.0,2.173,1.0,2825100000.0,0.22,0.0,136700000.0,20423100000.0,20798250000.0,0.0,12978100000.0,,,14035200000.0,,,10006083706.0,-2900000.0,0.0,-152400000.0,0.0,-98300000.0,-239600000.0,-1312500000.0,-1392300000.0,1549200000.0,0.0,-70000000.0,-70000000.0,-70000000.0,0.0,0.0,-0.005,2910700000.0,-85600000.0,1506400000.0,-1.45,2.374,-142.944,-148.1,997100000.0,0.0,14.81,0.779,0.77,2471000000.0,2697800000.0,12840100000.0,12840100000.0,0.0,-0.004,-0.016,-0.004,-0.007,34500000.0,2881500000.0,1.0,675630230.0,668000000.0,673900000.0,19.222,18250500000.0,821600000.0,-152300000.0,0.0,27.321,
13,PGR,MRY,2007-12-31,2007-12-31,2007-12-31,2021-09-09,492800000.0,18843100000.0,19898475000.0,,,0.738,6.947,-134300000.0,5800000.0,5800000.0,9926200000.0,1182500000.0,,2.818,2173900000.0,,,2173900000.0,4210400000.0,106900000.0,0.0,0.104,2.0,1801600000.0,1908500000.0,0.13,1908500000.0,1801600000.0,1693000000.0,1.66,1.65,1.66,4935500000.0,5678225000.0,4935500000.0,15541393912.0,9.0,8.143,1656700000.0,2.332,1.0,4760600000.0,0.324,0.0,108600000.0,21011200000.0,21815675000.0,0.0,14165100000.0,,,13907600000.0,,,13375593912.0,200000.0,0.0,-1517600000.0,1021700000.0,-1406500000.0,-1886900000.0,96100000.0,195300000.0,1791000000.0,0.0,1182500000.0,1182500000.0,1182500000.0,0.0,0.0,0.081,2959000000.0,1801600000.0,1580600000.0,1.205,2.71,11.311,11.542,1000400000.0,0.0,19.16,0.911,0.927,2464900000.0,2927700000.0,14686800000.0,14686800000.0,0.0,0.059,0.208,0.083,0.123,26500000.0,2926100000.0,1.0,698099891.0,710400000.0,718500000.0,20.674,18843100000.0,106000000.0,510500000.0,0.0,26.525,
14,PGR,MRY,2006-12-31,2006-12-31,2006-12-31,2021-09-09,604300000.0,19482100000.0,19547275000.0,,,0.756,8.842,-318900000.0,5600000.0,5600000.0,9394900000.0,1647500000.0,,1.846,1185500000.0,,,1185500000.0,4335000000.0,103400000.0,0.0,0.001,0.033,2510500000.0,2613900000.0,0.177,2613900000.0,2510500000.0,2433200000.0,2.13,2.1,2.13,6846600000.0,6576825000.0,6846600000.0,19618974810.0,8.0,7.506,1705700000.0,2.203,1.0,5391500000.0,0.365,0.0,77300000.0,20662000000.0,20745475000.0,0.0,14689200000.0,,,12635500000.0,,,18448074810.0,0.0,0.0,-1171200000.0,-100000000.0,-25000000.0,-1257400000.0,-767200000.0,-331700000.0,2024600000.0,0.0,1647500000.0,1647500000.0,1647500000.0,0.0,0.0,0.111,2881000000.0,2510500000.0,1390000000.0,0.015,2.694,11.198,11.371,973400000.0,0.0,24.22,1.248,1.268,2587700000.0,4646900000.0,14786400000.0,14786400000.0,0.0,0.084,0.251,0.121,0.17,27600000.0,2844700000.0,1.0,761687647.0,774300000.0,783800000.0,19.096,19482100000.0,16800000.0,785700000.0,0.0,25.161,
15,PGR,MRY,2005-12-31,2005-12-31,2005-12-31,2021-09-09,398700000.0,18898600000.0,18559025000.0,,,0.771,7.754,-183200000.0,5600000.0,5600000.0,9364800000.0,1393900000.0,,2.094,1284900000.0,,,1284900000.0,4335100000.0,92400000.0,0.0,0.001,0.03,2141500000.0,2233900000.0,0.156,2233900000.0,2141500000.0,2058900000.0,1.77,1.74,1.77,6107500000.0,5700825000.0,6107500000.0,24312810470.0,11.0,10.884,1810800000.0,2.299,1.0,4938600000.0,0.345,0.0,82600000.0,20177900000.0,19831450000.0,0.0,14274700000.0,,,12791100000.0,,,23034910470.0,-14400000.0,0.0,-438600000.0,0.0,-23700000.0,-462300000.0,-1546100000.0,-1489500000.0,1994000000.0,0.0,1393900000.0,1393900000.0,1393900000.0,0.0,0.0,0.097,2797100000.0,2141500000.0,1510800000.0,0.017,3.772,16.526,16.494,758700000.0,0.0,29.195,1.61,1.608,2604400000.0,4726000000.0,14303400000.0,14303400000.0,0.0,0.075,0.245,0.108,0.15,74900000.0,2760400000.0,1.0,789001900.0,787700000.0,799300000.0,18.158,18898600000.0,138300000.0,665000000.0,0.0,23.992,
16,PGR,MRY,2004-12-31,2004-12-31,2004-12-31,2021-09-09,444800000.0,17184300000.0,17639650000.0,,,0.781,6.054,-192000000.0,20000000.0,20000000.0,8555000000.0,1648700000.0,,2.333,1284300000.0,,,1284300000.0,4108000000.0,99400000.0,0.0,0.001,0.027,2531600000.0,2631000000.0,0.191,2631000000.0,2531600000.0,2450800000.0,1.94,1.91,1.94,5155400000.0,5637350000.0,5155400000.0,18241029334.0,7.0,6.933,2470500000.0,2.901,1.0,5227100000.0,0.379,0.0,80800000.0,18448600000.0,18903350000.0,0.0,13082000000.0,,,12028900000.0,,,16985329334.0,7900000.0,0.0,-1576800000.0,-206000000.0,-23300000.0,-1806100000.0,-848500000.0,-613300000.0,2662500000.0,0.0,1648700000.0,1648700000.0,1648700000.0,0.0,0.0,0.12,2695500000.0,2531600000.0,1325000000.0,0.014,3.295,10.302,10.933,666500000.0,0.0,21.21,1.232,1.31,2407000000.0,3812900000.0,13782100000.0,13782100000.0,0.0,0.093,0.292,0.134,0.184,68100000.0,2656600000.0,1.0,800817036.0,851500000.0,864800000.0,16.186,17184300000.0,0.0,802100000.0,26000000.0,20.181,
17,PGR,MRY,2003-12-31,2003-12-31,2003-12-31,2021-09-09,425000000.0,16281500000.0,15474350000.0,,,0.768,5.801,-171100000.0,12100000.0,12100000.0,7640400000.0,1255400000.0,,2.236,1489800000.0,,,1489800000.0,3894700000.0,89300000.0,0.0,0.001,0.025,1955200000.0,2044500000.0,0.172,2044500000.0,1955200000.0,1859700000.0,1.448,1.423,1.448,5030600000.0,4488825000.0,5030600000.0,19522956102.0,10.0,9.549,2265800000.0,2.613,1.0,4251600000.0,0.358,0.0,95500000.0,17759200000.0,16945050000.0,0.0,12532300000.0,,,11250900000.0,,,18055256102.0,-4800000.0,0.0,-266800000.0,0.0,-21700000.0,-288500000.0,-2153200000.0,-1945000000.0,2436900000.0,0.0,1255400000.0,1255400000.0,1255400000.0,0.0,0.0,0.106,2296400000.0,1955200000.0,1290100000.0,0.017,3.589,14.382,14.432,584700000.0,0.0,20.898,1.518,1.524,2194300000.0,3729800000.0,11892000000.0,11892000000.0,0.0,0.081,0.28,0.115,0.164,55000000.0,2259200000.0,1.0,863991200.0,867200000.0,882000000.0,13.713,16281500000.0,81600000.0,604300000.0,0.0,18.775,
18,PGR,MRY,2002-12-31,2002-12-31,2002-12-31,2021-09-09,169300000.0,13564400000.0,12697700000.0,,,0.732,4.301,-89900000.0,16900000.0,16900000.0,6299100000.0,667300000.0,,2.6,1489000000.0,,,1489000000.0,3304300000.0,83900000.0,0.0,0.002,0.024,1056000000.0,1139900000.0,0.123,1139900000.0,1056000000.0,981400000.0,0.762,0.748,0.762,3768000000.0,3513700000.0,3768000000.0,11886430555.0,11.0,10.428,1822100000.0,2.08,1.0,2995300000.0,0.322,0.0,74600000.0,15036500000.0,13875900000.0,0.0,10284300000.0,,,9796400000.0,,,10807830555.0,5700000.0,0.0,-191700000.0,397800000.0,-21100000.0,185000000.0,-2091300000.0,-2116700000.0,1912000000.0,0.0,667300000.0,667300000.0,667300000.0,0.0,0.0,0.072,1939300000.0,1056000000.0,1190100000.0,0.031,2.868,16.196,16.283,503100000.0,0.0,12.408,1.163,1.169,1839500000.0,2796000000.0,9294400000.0,9294400000.0,0.0,0.053,0.19,0.076,0.114,19300000.0,1905800000.0,1.0,871072380.0,876000000.0,892800000.0,10.61,13564400000.0,219200000.0,314100000.0,0.0,15.484,
19,PGR,MRY,2001-12-31,2001-12-31,2001-12-31,2021-09-09,116700000.0,11122400000.0,10660750000.0,,,0.702,3.677,-74900000.0,11200000.0,11200000.0,5264100000.0,411400000.0,,2.422,1095700000.0,,,1095700000.0,2716700000.0,81000000.0,0.0,0.001,0.017,639800000.0,720800000.0,0.096,720800000.0,639800000.0,587600000.0,0.465,0.458,0.465,3250700000.0,3076650000.0,3250700000.0,11670425097.0,18.0,16.191,1159700000.0,1.312,1.0,2224100000.0,0.297,0.0,52200000.0,12206900000.0,11472525000.0,0.0,8226300000.0,,,7871700000.0,,,10944725097.0,2300000.0,0.0,-94200000.0,364900000.0,-20600000.0,250100000.0,-1482400000.0,-1312200000.0,1234600000.0,0.0,411400000.0,411400000.0,411400000.0,0.0,0.0,0.055,1584300000.0,639800000.0,821300000.0,0.037,3.367,26.604,26.756,498000000.0,0.0,12.442,1.462,1.469,1574700000.0,2497400000.0,7488200000.0,7488200000.0,0.0,0.039,0.134,0.056,0.085,24400000.0,1551800000.0,1.0,879683196.0,884000000.0,900800000.0,8.471,11122400000.0,178100000.0,176200000.0,0.0,12.582,
20,PGR,MRY,2000-12-31,2000-12-31,2000-12-31,2021-09-09,64700000.0,10051600000.0,10268100000.0,,,0.659,3.267,-130300000.0,8900000.0,8900000.0,5279400000.0,46100000.0,,2.503,748800000.0,,,748800000.0,2636500000.0,77600000.0,0.0,0.003,0.023,109600000.0,187200000.0,0.028,187200000.0,109600000.0,31800000.0,0.052,0.052,0.052,2869800000.0,2779675000.0,2869800000.0,8639819456.0,79.0,46.153,692100000.0,0.788,1.0,1491600000.0,0.22,0.0,77800000.0,10791500000.0,11229975000.0,0.0,6983300000.0,,,7181800000.0,,,7609919456.0,-5300000.0,0.0,800000.0,-300400000.0,-19800000.0,-317000000.0,-510700000.0,-444700000.0,822400000.0,0.0,46100000.0,46100000.0,46100000.0,0.0,0.0,0.007,1382000000.0,109600000.0,810100000.0,0.442,2.652,165.074,166.026,504500000.0,0.0,8.633,1.124,1.12,1900400000.0,2220400000.0,6771000000.0,6771000000.0,0.0,0.004,0.017,0.01,0.016,11300000.0,1347300000.0,1.0,881457852.0,878400000.0,892000000.0,7.708,10051600000.0,241100000.0,-14300000.0,0.0,11.443,
21,PGR,MRY,1999-12-31,1999-12-31,1999-12-31,2021-09-09,-3400000.0,9704700000.0,9558775000.0,,,0.641,3.147,-135400000.0,14200000.0,14200000.0,4256400000.0,295200000.0,,2.525,1048600000.0,,,1048600000.0,2781400000.0,71800000.0,0.0,0.004,0.022,488600000.0,560400000.0,0.092,560400000.0,488600000.0,412200000.0,0.338,0.33,0.338,2752800000.0,2741150000.0,2752800000.0,6378898404.0,13.0,11.383,659200000.0,0.754,1.0,1867800000.0,0.305,0.0,76400000.0,10739100000.0,10591675000.0,0.0,6427700000.0,,,6951900000.0,,,5346698404.0,-4400000.0,-9900000.0,12000000.0,271400000.0,-19000000.0,265300000.0,-1064300000.0,-919000000.0,794600000.0,0.0,295200000.0,295200000.0,295200000.0,0.0,0.0,0.048,1379200000.0,488600000.0,705700000.0,0.065,1.942,18.112,18.03,447700000.0,0.0,6.094,0.873,0.871,2103800000.0,2210500000.0,6124200000.0,6124200000.0,0.0,0.031,0.108,0.046,0.08,20400000.0,1328800000.0,1.0,877346928.0,874800000.0,895200000.0,7.001,9704700000.0,273700000.0,117000000.0,0.0,11.094,
22,PGR,MRY,1998-12-31,1998-12-31,1998-12-31,2021-09-09,113300000.0,8463100000.0,8253900000.0,,,0.641,2.939,-174200000.0,18600000.0,18600000.0,3376300000.0,456700000.0,,2.31,776600000.0,,,776600000.0,2329700000.0,56100000.0,0.0,0.002,0.026,722200000.0,778300000.0,0.147,778300000.0,722200000.0,661100000.0,0.525,0.509,0.525,2557100000.0,2420550000.0,2557100000.0,13024257782.0,18.0,16.734,468000000.0,0.538,1.0,1916100000.0,0.362,0.0,61100000.0,9221100000.0,9008900000.0,0.0,5674300000.0,,,5906000000.0,,,12279957782.0,-4700000.0,0.0,-31100000.0,0.0,-18100000.0,-47800000.0,-599100000.0,-424900000.0,642200000.0,0.0,456700000.0,456700000.0,456700000.0,0.0,0.0,0.086,1193900000.0,722200000.0,582000000.0,0.05,4.802,26.888,26.889,376200000.0,0.0,14.117,2.32,2.321,1814900000.0,1932600000.0,5292400000.0,5292400000.0,0.0,0.055,0.189,0.08,0.136,25600000.0,1155700000.0,1.0,869890752.0,870000000.0,896400000.0,6.083,8463100000.0,192900000.0,204400000.0,0.0,9.728,
23,PGR,MRY,1997-12-31,1997-12-31,1997-12-31,2021-09-09,122300000.0,7559600000.0,7221725000.0,,,0.638,2.472,-121900000.0,23300000.0,23300000.0,2967500000.0,400000000.0,,2.539,775900000.0,,,775900000.0,1980100000.0,36600000.0,0.0,0.002,0.02,643100000.0,679700000.0,0.147,679700000.0,643100000.0,578500000.0,0.463,0.443,0.463,2135900000.0,1960700000.0,2135900000.0,9418029794.0,15.0,13.856,612800000.0,0.709,1.0,1640700000.0,0.356,0.0,64600000.0,8312200000.0,7974875000.0,0.0,5270400000.0,,,5423700000.0,,,8662829794.0,7900000.0,-48000000.0,11200000.0,-20400000.0,-17300000.0,-8900000.0,-717900000.0,-548000000.0,734700000.0,0.0,400000000.0,400000000.0,400000000.0,0.0,0.0,0.087,997600000.0,643100000.0,486400000.0,0.043,4.056,21.657,21.58,260400000.0,0.0,9.992,1.88,1.873,1558100000.0,1534800000.0,4608200000.0,4608200000.0,0.0,0.055,0.204,0.081,0.14,0.0,943800000.0,1.0,867005484.0,864000000.0,903600000.0,5.334,7559600000.0,116500000.0,178500000.0,0.0,8.75,
24,PGR,MRY,1996-12-31,1996-12-31,1996-12-31,2021-09-09,74000000.0,6183900000.0,5912875000.0,,,0.588,1.952,-35800000.0,15400000.0,15400000.0,2236100000.0,313700000.0,,2.688,775700000.0,,,775700000.0,1467300000.0,23800000.0,0.0,0.003,0.019,503200000.0,527000000.0,0.152,527000000.0,503200000.0,441700000.0,0.357,0.345,0.357,1676900000.0,1548200000.0,1676900000.0,,,,616400000.0,0.717,1.0,1242300000.0,0.357,0.0,61500000.0,6944200000.0,6651125000.0,0.0,4450600000.0,,,4507000000.0,,,4837574464.0,-800000.0,0.0,-41000000.0,99200000.0,-19600000.0,-36300000.0,-616700000.0,-580900000.0,652200000.0,0.0,313700000.0,307300000.0,307300000.0,0.0,0.0,0.088,739100000.0,503200000.0,420100000.0,0.053,2.885,15.742,15.726,169900000.0,6400000.0,5.614,1.391,1.387,1216600000.0,1149600000.0,3478400000.0,3478400000.0,0.0,0.052,0.198,0.076,0.145,0.0,691100000.0,1.0,861672756.0,859200000.0,890400000.0,4.048,6183900000.0,62100000.0,128000000.0,0.0,7.197,
25,PGR,MRY,1995-12-31,1995-12-31,1995-12-31,2021-09-09,51100000.0,5352500000.0,,,,,1.713,-38300000.0,16200000.0,16200000.0,1943800000.0,250500000.0,,2.627,675900000.0,,,675900000.0,1209600000.0,20400000.0,0.0,0.004,0.018,403000000.0,423400000.0,0.141,423400000.0,403000000.0,345900000.0,0.281,0.272,0.281,1475800000.0,,1475800000.0,,,,492300000.0,0.571,1.0,1068100000.0,0.355,0.0,57100000.0,6012200000.0,,0.0,3768000000.0,,,3876700000.0,,,,2800000.0,0.0,7800000.0,-400000.0,-24100000.0,-8200000.0,-519600000.0,-481300000.0,530600000.0,0.0,250500000.0,242100000.0,242100000.0,0.0,0.0,0.08,665100000.0,403000000.0,339900000.0,0.064,,,14.496,159200000.0,8400000.0,4.073,,1.165,1058500000.0,894200000.0,3011900000.0,3011900000.0,0.0,,,,0.134,0.0,626800000.0,1.0,,861600000.0,890400000.0,3.496,5352500000.0,58300000.0,95400000.0,0.0,6.212,
26,PGR,MRY,1994-12-31,1994-12-31,1994-12-31,2021-09-09,,,,,,,,-58200000.0,,,1397300000.0,274300000.0,,,,,,,,19300000.0,,0.006,0.017,435100000.0,454400000.0,0.188,454400000.0,435100000.0,379800000.0,0.299,0.299,0.299,,,,,,,393100000.0,,1.0,1018000000.0,0.421,,55300000.0,,,,,,,,,,,4700000.0,0.0,-33600000.0,198000000.0,-23400000.0,143400000.0,-590000000.0,-531800000.0,451300000.0,0.0,274300000.0,274300000.0,274300000.0,0.0,0.0,0.114,582900000.0,435100000.0,,0.057,,,10.0,,0.0,2.99,,,,,2415300000.0,2415300000.0,0.0,,,,0.18,0.0,542300000.0,1.0,,,,,,,105500000.0,,,
0,PGR,MRQ,2021-06-30,2021-06-30,2021-06-30,2021-09-09,483200000.0,69824300000.0,,,,,31.946,-44000000.0,114600000.0,114600000.0,8406400000.0,790100000.0,,2.739,5397500000.0,,,5397500000.0,15555900000.0,80800000.0,0.0,0.05,0.1,1055600000.0,1136400000.0,0.095,1136400000.0,1055600000.0,999200000.0,1.34,1.34,1.34,18675600000.0,,18675600000.0,62741503825.0,9.0,8.418,2279900000.0,3.9,1.0,3499100000.0,0.294,599200000.0,56400000.0,74508000000.0,,0.0,50942800000.0,,,51148700000.0,,,57467903825.0,-8600000.0,-313200000.0,-10600000.0,-20000000.0,-58500000.0,-89100000.0,-2243400000.0,-1935200000.0,2323900000.0,0.0,790100000.0,790100000.0,790100000.0,0.0,0.0,0.066,2443500000.0,1055600000.0,6080300000.0,0.075,3.077,10.516,10.526,1086400000.0,6700000.0,98.21,1.257,1.256,14765300000.0,15401000000.0,11905500000.0,11905500000.0,0.0,,,,,26900000.0,2369300000.0,1.0,585153282.0,584600000.0,586800000.0,20.365,69225100000.0,0.0,209100000.0,219400000.0,118.414,
1,PGR,MRQ,2021-03-31,2021-03-31,2021-03-31,2021-09-09,392300000.0,65413300000.0,,,,,30.495,-43000000.0,123200000.0,123200000.0,7110500000.0,1480000000.0,,2.667,5396800000.0,,,5396800000.0,15045900000.0,77100000.0,0.0,0.051,4.6,1924300000.0,2001400000.0,0.175,2001400000.0,1924300000.0,1867900000.0,2.52,2.51,2.52,17836500000.0,,17836500000.0,61322940274.0,7.0,7.03,2571500000.0,4.396,1.0,4334700000.0,0.379,609900000.0,56400000.0,70077000000.0,,0.0,47400600000.0,,,47576800000.0,,,56003340274.0,46700000.0,0.0,-84800000.0,0.0,-2694500000.0,-2792700000.0,224900000.0,300000.0,2614500000.0,0.0,1480000000.0,1473300000.0,1473300000.0,0.0,0.0,0.129,2410400000.0,1924300000.0,5828900000.0,1.825,3.14,8.662,8.66,1077400000.0,6700000.0,95.61,1.251,1.249,14029600000.0,14679600000.0,11445200000.0,11445200000.0,0.0,,,,,15800000.0,2355500000.0,1.0,585747728.0,584900000.0,586900000.0,19.568,64803400000.0,0.0,387900000.0,241500000.0,110.794,
2,PGR,MRQ,2020-12-31,2020-12-31,2020-12-31,2021-09-09,931700000.0,64098300000.0,,,,,29.131,-38700000.0,76500000.0,76500000.0,6947100000.0,1684300000.0,,2.762,5396100000.0,,,5396100000.0,13437500000.0,87800000.0,0.0,0.027,0.1,2162400000.0,2250200000.0,0.197,2250200000.0,2162400000.0,2106200000.0,2.87,2.85,2.87,17038600000.0,,17038600000.0,63208229053.0,9.0,8.185,1508600000.0,2.579,1.0,4468700000.0,0.391,624100000.0,56200000.0,68793800000.0,,0.0,47530300000.0,,,47059700000.0,,,57903929053.0,-14600000.0,0.0,-37100000.0,0.0,-58600000.0,-95700000.0,-1466200000.0,-1053800000.0,1547300000.0,0.0,1684300000.0,1677500000.0,1677500000.0,0.0,0.0,0.147,2306300000.0,2162400000.0,7650300000.0,0.035,3.398,10.198,10.183,1106000000.0,6800000.0,98.88,1.357,1.356,12547600000.0,13354900000.0,11415800000.0,11415800000.0,0.0,,,,,27500000.0,2250000000.0,1.0,585597988.0,584900000.0,587300000.0,19.518,63474200000.0,0.0,421900000.0,310000000.0,108.521,
3,PGR,MRQ,2020-09-30,2020-09-30,2020-09-30,2021-09-09,950600000.0,62890800000.0,,,,,30.913,-57000000.0,91100000.0,91100000.0,6742100000.0,1530800000.0,,2.477,5395400000.0,,,5395400000.0,14199300000.0,85100000.0,0.0,0.028,0.1,1979900000.0,2065000000.0,0.189,2065000000.0,1979900000.0,1923500000.0,2.6,2.59,2.6,18087200000.0,,18087200000.0,60705125091.0,9.0,8.758,1422700000.0,2.432,1.0,4205100000.0,0.384,638200000.0,56400000.0,67556900000.0,,0.0,45764300000.0,,,44803600000.0,,,55419525091.0,-18000000.0,0.0,-45400000.0,0.0,-58500000.0,-117300000.0,-1380400000.0,-1514700000.0,1479700000.0,0.0,1530800000.0,1524100000.0,1524100000.0,0.0,0.0,0.139,2225200000.0,1979900000.0,5405800000.0,0.038,3.064,10.943,10.957,1181600000.0,6700000.0,94.67,1.32,1.319,13025000000.0,14427700000.0,10947200000.0,10947200000.0,0.0,,,,,16700000.0,2166100000.0,1.0,585396906.0,585100000.0,587800000.0,18.71,62252600000.0,0.0,392700000.0,213900000.0,106.397,
4,PGR,MRQ,2020-06-30,2020-06-30,2020-06-30,2021-09-09,975000000.0,59421400000.0,,,,,28.506,-47000000.0,109100000.0,109100000.0,6354800000.0,1790400000.0,,2.564,5394700000.0,,,5394700000.0,13055600000.0,81800000.0,0.0,0.033,0.1,2325200000.0,2407000000.0,0.219,2407000000.0,2325200000.0,2268800000.0,3.05,3.04,3.05,16670600000.0,,16670600000.0,51911860111.0,9.0,8.66,2205800000.0,3.772,1.0,4616900000.0,0.421,652400000.0,56400000.0,64054600000.0,,0.0,43777900000.0,,,42750800000.0,,,46888260111.0,-261300000.0,0.0,4700000.0,0.0,-58500000.0,-296800000.0,-2217300000.0,-1850200000.0,2252800000.0,0.0,1790400000.0,1790400000.0,1790400000.0,0.0,0.0,0.163,2291700000.0,2325200000.0,5577300000.0,0.033,2.813,10.716,10.724,1189800000.0,6700000.0,80.11,1.156,1.155,11573000000.0,13001800000.0,10971700000.0,10971700000.0,0.0,,,,,21900000.0,2234400000.0,1.0,585298466.0,584800000.0,587200000.0,18.761,58769000000.0,0.0,478400000.0,211200000.0,100.494,
5,PGR,MRQ,2020-03-31,2020-03-31,2020-03-31,2021-09-09,404200000.0,56266400000.0,,,,,24.545,-58900000.0,370400000.0,370400000.0,6155200000.0,699100000.0,,2.905,5394000000.0,,,5394000000.0,12641100000.0,77100000.0,0.0,0.036,2.35,916300000.0,993400000.0,0.107,993400000.0,916300000.0,868300000.0,1.17,1.17,1.17,14351500000.0,,14351500000.0,47394830181.0,10.0,9.558,1566900000.0,2.68,1.0,3168200000.0,0.34,666500000.0,48000000.0,60623500000.0,,0.0,40342300000.0,,,41689300000.0,,,43215130181.0,143000000.0,0.0,-26500000.0,986300000.0,-1375400000.0,-429000000.0,-1053800000.0,-1581000000.0,1625800000.0,0.0,692700000.0,686000000.0,686000000.0,0.0,6400000.0,0.074,2245500000.0,922700000.0,5347700000.0,2.009,3.011,12.147,12.125,1215100000.0,6700000.0,73.84,1.107,1.106,11646100000.0,11266200000.0,9323400000.0,9323400000.0,0.0,,,,,23300000.0,2192700000.0,1.0,585253659.0,584700000.0,586900000.0,15.946,55599900000.0,20600000.0,175600000.0,0.0,95.091,
6,PGR,MRQ,2019-12-31,2019-12-31,2019-12-31,2021-09-09,341700000.0,54910500000.0,,,,,23.409,-68900000.0,227400000.0,227400000.0,7147100000.0,1074600000.0,,2.999,4407100000.0,,,4407100000.0,12388800000.0,83400000.0,0.0,0.039,0.1,1382500000.0,1465900000.0,0.136,1465900000.0,1382500000.0,1335100000.0,1.82,1.82,1.82,13673200000.0,,13673200000.0,46681672143.0,9.0,8.268,1059300000.0,1.814,1.0,3594000000.0,0.335,681000000.0,47400000.0,58409200000.0,,0.0,39254300000.0,,,41011700000.0,,,42321372143.0,181200000.0,0.0,-3200000.0,0.0,-58500000.0,-61700000.0,-885300000.0,-541800000.0,1128200000.0,0.0,1070800000.0,1064000000.0,1064000000.0,0.0,3800000.0,0.099,2207700000.0,1386300000.0,5992400000.0,0.055,3.095,10.732,10.724,1213700000.0,6800000.0,72.39,1.085,1.083,11512700000.0,10679600000.0,10741100000.0,10741100000.0,0.0,,,,,25500000.0,2154600000.0,1.0,584630089.0,584100000.0,586900000.0,18.389,54229500000.0,0.0,264300000.0,118000000.0,92.843,
7,PGR,MRQ,2019-09-30,2019-09-30,2019-09-30,2021-09-09,510500000.0,54008100000.0,,,,,24.18,-62700000.0,46200000.0,46200000.0,6426300000.0,843600000.0,,2.808,4406500000.0,,,4406500000.0,12526500000.0,72200000.0,0.0,0.035,0.1,1055900000.0,1128100000.0,0.118,1128100000.0,1055900000.0,1008400000.0,1.43,1.42,1.43,14123300000.0,,14123300000.0,49477121847.0,12.0,10.888,1696000000.0,2.904,1.0,3104200000.0,0.326,695600000.0,47500000.0,57672800000.0,,0.0,38573700000.0,,,39661900000.0,,,45164021847.0,-46700000.0,0.0,-59700000.0,0.0,-58400000.0,-131500000.0,-1673900000.0,-1594200000.0,1758700000.0,0.0,841700000.0,835000000.0,835000000.0,0.0,1900000.0,0.088,2046400000.0,1057800000.0,5222900000.0,0.07,3.198,14.396,14.359,1214200000.0,6700000.0,77.25,1.244,1.242,11444400000.0,10995200000.0,9530500000.0,9530500000.0,0.0,,,,,18700000.0,1991800000.0,1.0,584647532.0,584100000.0,587100000.0,16.317,53312500000.0,0.0,166700000.0,136000000.0,91.273,
8,PGR,MRQ,2019-06-30,2019-06-30,2019-06-30,2021-09-09,453100000.0,51324200000.0,,,,,22.842,-109000000.0,92900000.0,92900000.0,6138100000.0,979000000.0,,2.834,4406000000.0,,,4406000000.0,11796700000.0,80000000.0,0.0,0.033,0.1,1291400000.0,1371400000.0,0.145,1371400000.0,1291400000.0,1244000000.0,1.67,1.66,1.67,13330800000.0,,13330800000.0,50924685314.0,12.0,10.937,1397200000.0,2.394,1.0,3312600000.0,0.351,711400000.0,47400000.0,54925900000.0,,0.0,36814600000.0,,,37773300000.0,,,46677985314.0,-65800000.0,0.0,-700000.0,0.0,-58400000.0,-70300000.0,-1501700000.0,-1772700000.0,1506200000.0,0.0,979400000.0,972700000.0,972700000.0,0.0,-400000.0,0.103,2021600000.0,1291000000.0,4867500000.0,0.06,3.502,14.478,14.454,1174900000.0,6700000.0,79.93,1.323,1.322,10556600000.0,10276400000.0,9450700000.0,9450700000.0,0.0,,,,,26800000.0,1970100000.0,1.0,583985804.0,583600000.0,586900000.0,16.194,50612800000.0,0.0,264600000.0,134500000.0,86.725,
9,PGR,MRQ,2019-03-31,2019-03-31,2019-03-31,2021-09-09,178100000.0,48850300000.0,,,,,20.755,-69600000.0,158700000.0,158700000.0,5759000000.0,1082800000.0,,3.015,4405400000.0,,,4405400000.0,11603600000.0,70500000.0,0.0,0.035,2.514,1610500000.0,1681000000.0,0.181,1681000000.0,1610500000.0,1563100000.0,1.84,1.83,1.84,12110700000.0,,12110700000.0,46422979365.0,12.0,10.864,1798900000.0,3.083,1.0,3541000000.0,0.381,729400000.0,47400000.0,52367600000.0,,0.0,34512500000.0,,,36518400000.0,,,42093079365.0,83700000.0,0.0,-26100000.0,0.0,-1467900000.0,-1507400000.0,-277400000.0,-125400000.0,1868500000.0,0.0,1078400000.0,1071700000.0,1071700000.0,0.0,4400000.0,0.115,1926100000.0,1614900000.0,4594300000.0,1.366,3.476,14.275,14.247,1127300000.0,6700000.0,72.09,1.244,1.243,10479300000.0,9358100000.0,9300000000.0,9300000000.0,0.0,,,,,19200000.0,1881800000.0,1.0,583896232.0,583500000.0,586600000.0,15.938,48120900000.0,0.0,484700000.0,38500000.0,82.469,
10,PGR,MRQ,2018-12-31,2018-12-31,2018-12-31,2021-09-09,-120900000.0,46575000000.0,,,,,18.562,-99900000.0,75000000.0,75000000.0,5951800000.0,259800000.0,,3.284,4404900000.0,,,4404900000.0,10686500000.0,70600000.0,0.0,0.019,0.0,293100000.0,363700000.0,0.045,363700000.0,293100000.0,247100000.0,0.44,0.44,0.44,10821800000.0,,10821800000.0,38918322948.0,12.0,10.85,983400000.0,1.687,1.0,2083300000.0,0.259,747300000.0,46000000.0,50157600000.0,,0.0,33567400000.0,,,35538700000.0,,,35181122948.0,-47700000.0,296900000.0,-300000.0,544500000.0,0.0,247300000.0,-1378300000.0,-1576000000.0,1083300000.0,0.0,264700000.0,257900000.0,257900000.0,0.0,-4900000.0,0.032,1795100000.0,288200000.0,5046500000.0,0.0,3.251,13.563,13.557,1131700000.0,6800000.0,60.33,1.1,1.099,9502900000.0,8386600000.0,8035100000.0,8035100000.0,0.0,,,,,23200000.0,1756800000.0,1.0,583144753.0,583000000.0,586700000.0,13.782,45827700000.0,43200000.0,-17600000.0,0.0,78.607,
11,PGR,MRQ,2018-09-30,2018-09-30,2018-09-30,2021-09-09,-263700000.0,45543700000.0,,,,,20.351,-61400000.0,122700000.0,122700000.0,5523100000.0,930200000.0,,2.822,3859900000.0,,,3859900000.0,11009200000.0,69200000.0,0.0,0.016,0.0,1170700000.0,1239900000.0,0.146,1239900000.0,1170700000.0,1128700000.0,1.58,1.57,1.58,11858800000.0,,11858800000.0,45083465409.0,12.0,11.251,1656800000.0,2.843,1.0,2972700000.0,0.35,765300000.0,42000000.0,48515600000.0,,0.0,32350600000.0,,,33467500000.0,,,41381665409.0,-35000000.0,-1000000.0,-39300000.0,0.0,0.0,-52800000.0,-1700400000.0,-1281100000.0,1718200000.0,0.0,928400000.0,921700000.0,921700000.0,0.0,1800000.0,0.108,1800200000.0,1172500000.0,3924100000.0,0.0,3.49,14.209,14.208,1139300000.0,6700000.0,71.04,1.332,1.333,9646700000.0,9602100000.0,8495800000.0,8495800000.0,0.0,,,,,15500000.0,1758600000.0,1.0,582512182.0,582700000.0,586600000.0,14.58,44778400000.0,0.0,200300000.0,53500000.0,76.846,
12,PGR,MRQ,2018-06-30,2018-06-30,2018-06-30,2021-09-09,-221900000.0,43363500000.0,,,,,18.902,-61000000.0,157700000.0,157700000.0,5375300000.0,701200000.0,,2.922,3859500000.0,,,3859500000.0,10245900000.0,63700000.0,0.0,0.019,0.0,924800000.0,988500000.0,0.123,988500000.0,924800000.0,883100000.0,1.2,1.19,1.2,11000800000.0,,11000800000.0,38110160748.0,13.0,12.194,1675200000.0,2.878,1.0,2642700000.0,0.33,783300000.0,41700000.0,46282000000.0,,0.0,30921200000.0,,,32144500000.0,,,34447560748.0,-38900000.0,-295900000.0,500000.0,0.0,0.0,500000.0,-1775600000.0,-1697200000.0,1736200000.0,0.0,704200000.0,697500000.0,697500000.0,0.0,-3000000.0,0.087,1720900000.0,921800000.0,3922300000.0,0.0,3.131,15.555,15.525,1116400000.0,6700000.0,59.15,1.173,1.173,8930700000.0,8720400000.0,8018000000.0,8018000000.0,0.0,,,,,21100000.0,1677700000.0,1.0,582376344.0,582000000.0,585800000.0,13.777,42580200000.0,0.0,178900000.0,46000000.0,73.162,
13,PGR,MRQ,2018-03-31,2018-03-31,2018-03-31,2021-09-09,-172600000.0,41330900000.0,,,,,17.737,-34300000.0,196600000.0,196600000.0,4870800000.0,729800000.0,,2.954,3859200000.0,,,3859200000.0,9837800000.0,58900000.0,0.0,0.018,1.125,935800000.0,994700000.0,0.134,994700000.0,935800000.0,899000000.0,1.23,1.22,1.23,10323200000.0,,10323200000.0,38509076010.0,15.0,13.812,1712800000.0,2.943,1.0,2559300000.0,0.344,801300000.0,36800000.0,44192200000.0,,0.0,29251600000.0,,,30493500000.0,,,35478076010.0,-78700000.0,0.0,-36600000.0,552400000.0,-654900000.0,354800000.0,-2180600000.0,-2235700000.0,1747100000.0,0.0,718000000.0,716800000.0,716800000.0,0.0,11800000.0,0.096,1611700000.0,947600000.0,3414300000.0,0.915,3.437,18.824,18.806,1112000000.0,1200000.0,60.93,1.269,1.269,8625700000.0,8017900000.0,7430100000.0,7430100000.0,0.0,,,,,17400000.0,1576400000.0,1.0,582275989.0,582000000.0,585600000.0,12.766,40529600000.0,0.0,181000000.0,53200000.0,69.638,
14,PGR,MRQ,2017-12-31,2017-12-31,2017-12-31,2021-09-09,1282200000.0,38701200000.0,,,,,15.978,-44500000.0,275300000.0,275300000.0,4879200000.0,580300000.0,,3.114,3306300000.0,,,3306300000.0,8903500000.0,61200000.0,0.0,0.012,0.0,722900000.0,784100000.0,0.11,784100000.0,722900000.0,687400000.0,0.99,0.99,0.99,9284800000.0,,9284800000.0,35813527387.0,16.0,14.199,489200000.0,0.842,1.0,2240600000.0,0.315,819300000.0,35500000.0,40912900000.0,,0.0,27274700000.0,,,28912700000.0,,,32757627387.0,19000000.0,0.0,-400000.0,-6200000.0,0.0,-6600000.0,-507400000.0,-218800000.0,533700000.0,-700000.0,576300000.0,576300000.0,576300000.0,0.0,4000000.0,0.081,1513700000.0,726900000.0,3481000000.0,0.0,3.528,20.574,20.555,1119600000.0,0.0,56.32,1.221,1.219,7899200000.0,6031700000.0,7119800000.0,7119800000.0,0.0,,,,,18800000.0,1480100000.0,1.0,581634009.0,581100000.0,585700000.0,12.252,37881900000.0,0.0,111100000.0,135000000.0,65.19,
15,PGR,MRQ,2017-09-30,2017-09-30,2017-09-30,2021-09-09,1226200000.0,38932600000.0,,,,,15.98,-35200000.0,256300000.0,256300000.0,5050500000.0,214800000.0,,3.137,3312200000.0,,,3312200000.0,9005300000.0,59900000.0,0.0,0.014,0.0,298000000.0,357900000.0,0.053,357900000.0,298000000.0,260600000.0,0.39,0.38,0.39,9289400000.0,,9289400000.0,31355957960.0,15.0,13.308,1165300000.0,2.005,1.0,1741300000.0,0.256,837300000.0,37400000.0,41151200000.0,,0.0,26994700000.0,,,29145000000.0,,,28134357960.0,94500000.0,0.0,-38000000.0,-71500000.0,0.0,-109500000.0,-996900000.0,-912900000.0,1200500000.0,400000.0,224000000.0,224000000.0,224000000.0,0.0,-9200000.0,0.033,1452500000.0,288800000.0,3272700000.0,0.0,3.029,20.109,20.091,1129400000.0,0.0,48.42,1.088,1.089,5731600000.0,6116500000.0,6791800000.0,6791800000.0,0.0,,,,,22700000.0,1417800000.0,1.0,581048285.0,581300000.0,585600000.0,11.684,38095300000.0,0.0,36600000.0,201500000.0,65.535,
16,PGR,MRQ,2017-06-30,2017-06-30,2017-06-30,2021-09-09,1150700000.0,36689800000.0,,,,,15.489,-36900000.0,161800000.0,161800000.0,4614900000.0,372700000.0,,3.025,3383400000.0,,,3383400000.0,8407700000.0,58500000.0,0.0,0.015,0.0,592900000.0,651400000.0,0.099,651400000.0,592900000.0,549500000.0,0.63,0.63,0.63,8991500000.0,,8991500000.0,28508670150.0,13.0,12.198,881300000.0,1.518,1.0,1990800000.0,0.301,854500000.0,43400000.0,39056900000.0,,0.0,25978400000.0,,,27196500000.0,,,25611970150.0,-53200000.0,-18100000.0,-2700000.0,271100000.0,0.0,268400000.0,-1239800000.0,-1360900000.0,918200000.0,0.0,367600000.0,367600000.0,367600000.0,0.0,5100000.0,0.056,1392800000.0,598000000.0,3153200000.0,0.0,2.848,18.643,18.682,1152100000.0,0.0,44.09,1.025,1.024,5303900000.0,5908800000.0,6605700000.0,6605700000.0,0.0,,,,,23000000.0,1359200000.0,1.0,580902022.0,580500000.0,583800000.0,11.379,35835300000.0,0.0,181900000.0,191800000.0,61.732,
17,PGR,MRQ,2017-03-31,2017-03-31,2017-03-31,2021-09-09,1067500000.0,34810500000.0,,,,,14.687,-23800000.0,215000000.0,215000000.0,4263400000.0,430300000.0,,3.026,3111700000.0,,,3111700000.0,7945000000.0,56500000.0,0.0,0.017,0.681,672300000.0,728800000.0,0.115,728800000.0,672300000.0,635500000.0,0.73,0.73,0.73,8522900000.0,,8522900000.0,25677662715.0,14.0,12.528,1080600000.0,1.862,1.0,2058300000.0,0.326,866700000.0,36800000.0,36840500000.0,,0.0,24303000000.0,,,25793400000.0,,,22755862715.0,-11400000.0,0.0,-20900000.0,-36900000.0,-395400000.0,-453200000.0,-662600000.0,-722000000.0,1104400000.0,0.0,424300000.0,424300000.0,424300000.0,0.0,6000000.0,0.067,1380000000.0,678300000.0,2939400000.0,0.933,2.67,19.009,19.019,1166000000.0,0.0,39.18,0.94,0.939,5033400000.0,5543400000.0,6321700000.0,6321700000.0,0.0,,,,,30900000.0,1348500000.0,1.0,580803030.0,580300000.0,583300000.0,10.894,33943800000.0,0.0,211200000.0,168400000.0,58.494,
18,PGR,MRQ,2016-12-31,2016-12-31,2016-12-31,2021-09-09,933400000.0,33427500000.0,,,,,13.729,-51200000.0,226400000.0,226400000.0,4325000000.0,398100000.0,,3.14,3148200000.0,,,3148200000.0,7468300000.0,58300000.0,0.0,0.025,0.0,559700000.0,618000000.0,0.101,618000000.0,559700000.0,522600000.0,0.66,0.65,0.66,7957100000.0,,7957100000.0,23605927098.0,15.0,13.225,405700000.0,0.7,1.0,1804600000.0,0.294,882200000.0,37100000.0,35467100000.0,,0.0,23482600000.0,,,24986700000.0,,,20617727098.0,82700000.0,0.0,-28900000.0,-6300000.0,0.0,-34000000.0,-340200000.0,-131500000.0,456900000.0,0.0,383200000.0,383200000.0,383200000.0,0.0,14900000.0,0.063,1230000000.0,574600000.0,2495500000.0,0.0,2.591,19.998,20.056,1177100000.0,0.0,35.5,0.88,0.881,4679700000.0,5140400000.0,6129600000.0,6129600000.0,0.0,,,,,20600000.0,1199000000.0,1.0,580781045.0,579600000.0,583200000.0,10.576,32545300000.0,0.0,139400000.0,111300000.0,56.151,
19,PGR,MRQ,2016-09-30,2016-09-30,2016-09-30,2021-09-09,1046100000.0,33620800000.0,,,,,13.92,-51800000.0,165700000.0,165700000.0,4398200000.0,205500000.0,,3.095,3153900000.0,,,3153900000.0,7792400000.0,52000000.0,0.0,0.028,0.0,287000000.0,339000000.0,0.057,339000000.0,287000000.0,251700000.0,0.34,0.34,0.34,8094700000.0,,8094700000.0,20859744896.0,13.0,11.997,652700000.0,1.122,1.0,1536800000.0,0.259,897700000.0,35300000.0,35711300000.0,,0.0,23521200000.0,,,25053600000.0,,,18330344896.0,8700000.0,0.0,-51500000.0,489400000.0,0.0,439200000.0,-1135200000.0,-1021800000.0,704500000.0,200000.0,198700000.0,198700000.0,198700000.0,0.0,6800000.0,0.033,1243000000.0,293800000.0,2722200000.0,0.0,2.264,18.739,18.862,1115000000.0,0.0,31.5,0.807,0.806,4918000000.0,5183100000.0,5935000000.0,5935000000.0,0.0,,,,,22500000.0,1215000000.0,1.0,581915711.0,581500000.0,584600000.0,10.206,32723100000.0,0.0,53000000.0,156900000.0,56.274,
20,PGR,MRQ,2016-06-30,2016-06-30,2016-06-30,2021-09-09,957800000.0,31958200000.0,,,,,13.454,-53500000.0,134700000.0,134700000.0,4243000000.0,194900000.0,,3.019,2664100000.0,,,2664100000.0,7470100000.0,46200000.0,0.0,0.027,0.0,317600000.0,363800000.0,0.063,363800000.0,317600000.0,283300000.0,0.33,0.33,0.33,7835500000.0,,7835500000.0,22022083889.0,13.0,11.609,699000000.0,1.2,1.0,1576300000.0,0.271,913200000.0,34300000.0,33574400000.0,,0.0,22379800000.0,,,23655900000.0,,,19530383889.0,-69200000.0,-7700000.0,-41800000.0,-24400000.0,0.0,-66100000.0,-755700000.0,-894100000.0,752500000.0,100000.0,190900000.0,190900000.0,190900000.0,0.0,4000000.0,0.033,1254700000.0,321600000.0,2706200000.0,0.0,2.493,18.463,18.508,1083700000.0,0.0,33.5,0.886,0.885,4700200000.0,5031200000.0,5819300000.0,5819300000.0,0.0,,,,,29300000.0,1225700000.0,1.0,582996534.0,582400000.0,585100000.0,9.992,31045000000.0,0.0,92400000.0,140700000.0,53.305,
21,PGR,MRQ,2016-03-31,2016-03-31,2016-03-31,2021-09-09,868000000.0,30721600000.0,,,,,12.963,-52300000.0,209900000.0,209900000.0,3913400000.0,258700000.0,,3.002,2701600000.0,,,2701600000.0,7140700000.0,43000000.0,0.0,0.025,0.888,421100000.0,464100000.0,0.084,464100000.0,421100000.0,386900000.0,0.44,0.44,0.44,7559900000.0,,7559900000.0,23016787923.0,12.0,10.807,766500000.0,1.314,1.0,1644100000.0,0.296,927000000.0,34200000.0,32286300000.0,,0.0,21330500000.0,,,22694300000.0,,,20533287923.0,-20200000.0,0.0,-70300000.0,-6800000.0,-519000000.0,-589500000.0,-249600000.0,-267700000.0,818800000.0,100000.0,258200000.0,258200000.0,258200000.0,0.0,500000.0,0.046,1222500000.0,421600000.0,2451400000.0,2.018,2.716,16.691,16.733,1061900000.0,0.0,35.14,0.954,0.952,4595600000.0,4877600000.0,5557500000.0,5557500000.0,0.0,,,,,12800000.0,1196100000.0,1.0,584328057.0,583200000.0,585500000.0,9.529,29794600000.0,0.0,128700000.0,113900000.0,51.088,
22,PGR,MRQ,2015-12-31,2015-12-31,2015-12-31,2021-09-09,800400000.0,29819300000.0,,,,,12.488,-42200000.0,224400000.0,224400000.0,3701900000.0,349900000.0,,3.027,2707900000.0,,,2707900000.0,6621800000.0,43200000.0,0.0,0.022,0.0,528700000.0,571900000.0,0.106,571900000.0,528700000.0,494600000.0,0.56,0.56,0.56,7289400000.0,,7289400000.0,21108306991.0,10.0,9.749,90300000.0,0.155,1.0,1699500000.0,0.315,942500000.0,34100000.0,31360300000.0,,0.0,20937300000.0,,,22065000000.0,,,18588506991.0,29900000.0,0.0,-33400000.0,-6800000.0,0.0,-38400000.0,-64700000.0,104300000.0,132500000.0,500000.0,330400000.0,330400000.0,330400000.0,0.0,19500000.0,0.061,1151300000.0,548200000.0,2067800000.0,0.0,2.55,14.664,14.722,1037200000.0,0.0,31.8,0.891,0.893,4187000000.0,4686600000.0,5401400000.0,5401400000.0,0.0,,,,,20300000.0,1123700000.0,1.0,584544245.0,583700000.0,587400000.0,9.254,28876800000.0,0.0,164200000.0,109300000.0,49.472,
23,PGR,MRQ,2015-09-30,2015-09-30,2015-09-30,2021-09-09,769200000.0,29935000000.0,,,,,12.751,-31400000.0,194500000.0,194500000.0,3654300000.0,286500000.0,,2.952,2714300000.0,,,2714300000.0,6971900000.0,41900000.0,0.0,0.022,0.0,455300000.0,497200000.0,0.094,497200000.0,455300000.0,420800000.0,0.48,0.47,0.48,7462000000.0,,7462000000.0,20428167112.0,10.0,9.307,699000000.0,1.194,1.0,1619500000.0,0.307,956900000.0,34500000.0,31497900000.0,,0.0,21013600000.0,,,22030100000.0,,,17952967112.0,-69300000.0,0.0,-66800000.0,-26100000.0,0.0,-86600000.0,-712800000.0,-671600000.0,730400000.0,-300000.0,278300000.0,278300000.0,278300000.0,0.0,8200000.0,0.053,1156000000.0,463500000.0,2431000000.0,0.0,2.406,13.732,13.74,1024100000.0,0.0,30.64,0.87,0.869,4361500000.0,4910900000.0,5273800000.0,5273800000.0,0.0,,,,,19400000.0,1130700000.0,1.0,585932347.0,585200000.0,589100000.0,9.012,28978100000.0,0.0,142500000.0,85700000.0,49.518,
24,PGR,MRQ,2015-06-30,2015-06-30,2015-06-30,2021-09-09,902000000.0,29304200000.0,,,,,12.566,-25700000.0,263800000.0,263800000.0,3617200000.0,368500000.0,,2.923,2739000000.0,,,2739000000.0,6641900000.0,41600000.0,0.0,0.025,0.0,555000000.0,596600000.0,0.113,596600000.0,555000000.0,520100000.0,0.62,0.62,0.62,7359800000.0,,7359800000.0,18787095357.0,9.0,8.558,633200000.0,1.081,1.0,1666100000.0,0.315,998900000.0,34900000.0,30780500000.0,,0.0,20577400000.0,,,21511000000.0,,,16328495357.0,162300000.0,-765300000.0,-42200000.0,-6800000.0,0.0,-46600000.0,-450000000.0,277100000.0,658900000.0,0.0,363300000.0,363300000.0,363300000.0,0.0,5200000.0,0.069,1105900000.0,560200000.0,2252900000.0,0.0,2.219,12.322,12.369,1018900000.0,0.0,27.83,0.812,0.81,4100300000.0,4694900000.0,5283300000.0,5283300000.0,0.0,,,,,13400000.0,1079700000.0,1.0,586722794.0,585700000.0,589500000.0,9.02,28305300000.0,0.0,156800000.0,176000000.0,48.327,
25,PGR,MRQ,2015-03-31,2015-03-31,2015-03-31,2021-09-09,1049300000.0,26880700000.0,,,,,12.256,-20800000.0,101500000.0,101500000.0,3368600000.0,295600000.0,,2.732,2560100000.0,,,2560100000.0,5854000000.0,23800000.0,0.0,0.025,0.686,475700000.0,499500000.0,0.102,499500000.0,475700000.0,443200000.0,0.5,0.5,0.5,7201900000.0,,7201900000.0,18075263429.0,9.0,8.65,750300000.0,1.277,1.0,1526700000.0,0.312,12900000.0,32500000.0,29326400000.0,,0.0,19830600000.0,,,19678800000.0,,,16018963429.0,-6900000.0,0.0,-65900000.0,382000000.0,-403600000.0,-81200000.0,-696400000.0,-740100000.0,771100000.0,-400000.0,295600000.0,295600000.0,295600000.0,0.0,0.0,0.06,1051000000.0,475700000.0,2165900000.0,1.372,2.224,12.761,12.77,957500000.0,0.0,27.2,0.818,0.816,3876300000.0,4368600000.0,4895300000.0,4895300000.0,0.0,,,,,13100000.0,1029800000.0,1.0,588932479.0,587600000.0,591000000.0,8.331,26867800000.0,0.0,147600000.0,97200000.0,45.725,
26,PGR,MRQ,2014-12-31,2014-12-31,2014-12-31,2021-09-09,1023100000.0,25787600000.0,,,,,11.791,-33100000.0,108400000.0,108400000.0,3539400000.0,370200000.0,,2.722,2164700000.0,,,2164700000.0,5440100000.0,25300000.0,0.0,0.055,0.0,576300000.0,601600000.0,0.116,601600000.0,576300000.0,546400000.0,0.63,0.62,0.63,6928600000.0,,6928600000.0,17976395796.0,9.0,8.474,35000000.0,0.06,1.0,1636800000.0,0.316,12900000.0,29900000.0,27831000000.0,,0.0,19018000000.0,,,18859000000.0,,,15902695796.0,17800000.0,0.0,-36700000.0,0.0,0.0,-36700000.0,-12300000.0,147500000.0,68100000.0,-1300000.0,370200000.0,370200000.0,370200000.0,0.0,0.0,0.072,1060500000.0,576300000.0,1893800000.0,0.0,2.295,12.414,12.438,960600000.0,0.0,26.99,0.82,0.822,3622800000.0,4133400000.0,5176200000.0,5176200000.0,0.0,,,,,13000000.0,1040800000.0,1.0,589206958.0,587600000.0,592100000.0,8.809,25774700000.0,0.0,176200000.0,98900000.0,43.864,
27,PGR,MRQ,2014-09-30,2014-09-30,2014-09-30,2021-09-09,972700000.0,25926000000.0,,,,,11.759,-27500000.0,90600000.0,90600000.0,3291800000.0,296100000.0,,2.738,2164300000.0,,,2164300000.0,5777000000.0,25100000.0,0.0,0.059,0.0,472500000.0,497600000.0,0.104,497600000.0,472500000.0,441800000.0,0.5,0.5,0.5,6935300000.0,,6935300000.0,17034302427.0,9.0,8.523,588800000.0,0.998,1.0,1474300000.0,0.309,12900000.0,30700000.0,27986800000.0,,0.0,19083200000.0,,,18990700000.0,,,14952402427.0,-35500000.0,0.0,-94700000.0,-48900000.0,0.0,-141500000.0,-510400000.0,-405100000.0,616300000.0,100000.0,296100000.0,296100000.0,296100000.0,0.0,0.0,0.062,1001800000.0,472500000.0,2263600000.0,0.0,2.156,12.351,12.332,954000000.0,0.0,25.28,0.794,0.792,3797900000.0,4203500000.0,4766100000.0,4766100000.0,0.0,,,,,8600000.0,984400000.0,1.0,591471615.0,589800000.0,593700000.0,8.081,25913100000.0,0.0,145700000.0,57400000.0,43.935,
28,PGR,MRQ,2014-06-30,2014-06-30,2014-06-30,2021-09-09,1038900000.0,25452700000.0,,,,,11.484,-27600000.0,126100000.0,126100000.0,3269100000.0,293400000.0,,2.749,2208000000.0,,,2208000000.0,5582600000.0,23900000.0,0.0,0.059,0.0,467000000.0,490900000.0,0.104,490900000.0,467000000.0,437400000.0,0.5,0.49,0.5,6789200000.0,,6789200000.0,16777874772.0,9.0,8.82,353000000.0,0.597,1.0,1472400000.0,0.311,12900000.0,29600000.0,27521700000.0,,0.0,18759200000.0,,,18663500000.0,,,15013274772.0,29400000.0,0.0,-45300000.0,344700000.0,0.0,299400000.0,-651200000.0,-1209400000.0,380600000.0,600000.0,293400000.0,293400000.0,293400000.0,0.0,0.0,0.062,1005400000.0,467000000.0,2134200000.0,0.0,2.211,13.09,13.072,952500000.0,0.0,25.36,0.808,0.807,3656100000.0,3989500000.0,4741500000.0,4741500000.0,0.0,,,,,14600000.0,986500000.0,1.0,592006103.0,591200000.0,595500000.0,8.02,25439800000.0,0.0,144000000.0,98800000.0,43.031,
29,PGR,MRQ,2014-03-31,2014-03-31,2014-03-31,2021-09-09,951300000.0,24315400000.0,,,,,10.841,-14000000.0,96700000.0,96700000.0,3205900000.0,321300000.0,,2.777,1861300000.0,,,1861300000.0,5460100000.0,22800000.0,0.0,0.062,1.493,508500000.0,531300000.0,0.113,531300000.0,508500000.0,481800000.0,0.54,0.54,0.54,6438600000.0,,6438600000.0,16203541738.0,9.0,8.295,646600000.0,1.089,1.0,1501700000.0,0.319,0.0,26700000.0,26080000000.0,,0.0,17395700000.0,,,17876800000.0,,,14417741738.0,21600000.0,0.0,-94700000.0,0.0,-892600000.0,-976600000.0,337000000.0,762300000.0,660600000.0,600000.0,321300000.0,321300000.0,321300000.0,0.0,0.0,0.068,993200000.0,508500000.0,1911700000.0,2.765,2.239,12.238,12.232,950000000.0,0.0,24.22,0.782,0.78,3597700000.0,3735200000.0,4707600000.0,4707600000.0,0.0,,,,,15200000.0,979400000.0,1.0,595282483.0,593900000.0,597700000.0,7.927,24315400000.0,0.0,160500000.0,51100000.0,40.942,
30,PGR,MRQ,2013-12-31,2013-12-31,2013-12-31,2021-09-09,951700000.0,24408200000.0,,,,,10.362,-33500000.0,75100000.0,75100000.0,3205700000.0,299800000.0,,2.943,1860900000.0,,,1860900000.0,5174500000.0,26400000.0,0.0,0.01,0.0,452400000.0,478800000.0,0.104,478800000.0,452400000.0,425600000.0,0.51,0.5,0.51,6189500000.0,,6189500000.0,18271599210.0,10.0,9.421,118400000.0,0.198,1.0,1413100000.0,0.306,0.0,26800000.0,26194000000.0,,0.0,18054700000.0,,,18218700000.0,,,16361899210.0,-25800000.0,0.0,-108600000.0,-150000000.0,0.0,-258600000.0,80600000.0,116500000.0,151900000.0,300000.0,299800000.0,299800000.0,299800000.0,0.0,0.0,0.065,960700000.0,452400000.0,1785000000.0,0.0,2.643,14.04,13.985,960900000.0,0.0,27.27,0.9,0.899,3385600000.0,3500000000.0,4618800000.0,4618800000.0,0.0,,,,,15100000.0,947700000.0,1.0,599996304.0,597300000.0,602700000.0,7.733,24408200000.0,0.0,125800000.0,28400000.0,40.864,
31,PGR,MRQ,2013-09-30,2013-09-30,2013-09-30,2021-09-09,870900000.0,24508900000.0,,,,,11.342,-35300000.0,100900000.0,100900000.0,3164200000.0,232400000.0,,2.608,2010600000.0,,,2010600000.0,5477900000.0,25900000.0,0.0,0.047,0.0,375400000.0,401300000.0,0.089,401300000.0,375400000.0,345000000.0,0.39,0.39,0.39,6792600000.0,,6792600000.0,18314861590.0,10.0,9.794,575500000.0,0.961,1.0,1357100000.0,0.3,0.0,30400000.0,26418600000.0,,0.0,17995900000.0,,,17716300000.0,,,16347861590.0,4000000.0,0.0,-38100000.0,-58100000.0,0.0,-93300000.0,-513300000.0,-424700000.0,610800000.0,-200000.0,232400000.0,232400000.0,232400000.0,0.0,0.0,0.051,981700000.0,375400000.0,1917500000.0,0.0,2.407,14.666,14.64,955300000.0,0.0,27.23,0.913,0.911,3583400000.0,4198700000.0,4521300000.0,4521300000.0,0.0,,,,,14700000.0,965400000.0,1.0,600362159.0,598900000.0,603500000.0,7.549,24508900000.0,27400000.0,112600000.0,0.0,40.923,
32,PGR,MRQ,2013-06-30,2013-06-30,2013-06-30,2021-09-09,814200000.0,23841800000.0,,,,,10.882,-41000000.0,96900000.0,96900000.0,3117000000.0,324600000.0,,2.655,2063900000.0,,,2063900000.0,5323500000.0,25300000.0,0.0,0.051,0.0,516700000.0,542000000.0,0.118,542000000.0,516700000.0,486300000.0,0.54,0.54,0.54,6523900000.0,,6523900000.0,17285904075.0,9.0,8.931,374100000.0,0.624,1.0,1476600000.0,0.321,0.0,30400000.0,25808800000.0,,0.0,17486400000.0,,,17317900000.0,,,15332604075.0,-13300000.0,0.0,-75400000.0,0.0,0.0,-74600000.0,-353200000.0,-421700000.0,415100000.0,-600000.0,324600000.0,324600000.0,324600000.0,0.0,0.0,0.071,959900000.0,516700000.0,1844300000.0,0.0,2.35,13.226,13.171,950600000.0,0.0,25.42,0.861,0.856,3481500000.0,4000000000.0,4593600000.0,4593600000.0,0.0,,,,,17300000.0,945100000.0,1.0,603170892.0,599500000.0,603600000.0,7.662,23841800000.0,67900000.0,161700000.0,0.0,39.769,
33,PGR,MRQ,2013-03-31,2013-03-31,2013-03-31,2021-09-09,969700000.0,23543500000.0,,,,,10.639,-26900000.0,110200000.0,110200000.0,2985500000.0,308600000.0,,2.685,2063500000.0,,,2063500000.0,5207300000.0,23700000.0,0.0,0.051,0.284,493700000.0,517400000.0,0.117,517400000.0,493700000.0,463100000.0,0.51,0.51,0.51,6389800000.0,,6389800000.0,17145050971.0,11.0,10.616,695200000.0,1.158,1.0,1451700000.0,0.327,0.0,30600000.0,25496800000.0,,0.0,17299700000.0,,,17153700000.0,,,15261050971.0,-68900000.0,0.0,-51300000.0,0.0,-175600000.0,-220300000.0,-570600000.0,-642100000.0,722100000.0,-100000.0,308600000.0,308600000.0,308600000.0,0.0,0.0,0.07,958000000.0,493700000.0,1934500000.0,0.557,2.388,16.009,15.893,935900000.0,0.0,25.27,0.877,0.873,3445100000.0,3720000000.0,4437200000.0,4437200000.0,0.0,,,,,17800000.0,944500000.0,1.0,603919706.0,600600000.0,604400000.0,7.388,23543500000.0,49000000.0,154500000.0,0.0,39.2,
34,PGR,MRQ,2012-12-31,2012-12-31,2012-12-31,2021-09-09,871000000.0,22694700000.0,,,,,10.007,-43100000.0,179100000.0,179100000.0,3073700000.0,249100000.0,,2.778,2063100000.0,,,2063100000.0,4930700000.0,25300000.0,0.0,0.067,1.0,384100000.0,409400000.0,0.094,409400000.0,384100000.0,353500000.0,0.42,0.41,0.42,6007000000.0,,6007000000.0,14630698351.0,10.0,9.526,-17000000.0,-0.028,1.0,1276900000.0,0.293,0.0,30600000.0,24578700000.0,,0.0,16475500000.0,,,16687700000.0,,,12760198351.0,-13100000.0,0.0,-4100000.0,0.0,-601300000.0,-605200000.0,565900000.0,667500000.0,26100000.0,100000.0,249100000.0,249100000.0,249100000.0,0.0,0.0,0.057,892800000.0,384100000.0,1683500000.0,2.381,2.124,14.142,14.067,933700000.0,0.0,21.1,0.747,0.745,3250000000.0,3454400000.0,4350600000.0,4350600000.0,0.0,,,,,17600000.0,880300000.0,1.0,604748737.0,600300000.0,605700000.0,7.247,22694700000.0,109400000.0,104400000.0,0.0,37.806,
35,PGR,MRQ,2012-09-30,2012-09-30,2012-09-30,2021-09-09,905100000.0,23487200000.0,,,,,10.89,-28800000.0,192200000.0,192200000.0,3068200000.0,277000000.0,,2.583,2062700000.0,,,2062700000.0,5203400000.0,23600000.0,0.0,0.02,0.0,443000000.0,466600000.0,0.105,466600000.0,443000000.0,412400000.0,0.46,0.46,0.46,6554600000.0,,6554600000.0,14531247020.0,10.0,9.307,501400000.0,0.833,1.0,1355700000.0,0.306,0.0,30600000.0,25357700000.0,,0.0,17176900000.0,,,16932600000.0,,,12633947020.0,26700000.0,0.0,-87100000.0,-600000.0,-1400000.0,-87600000.0,-416600000.0,-339900000.0,530200000.0,700000.0,277000000.0,277000000.0,277000000.0,0.0,0.0,0.063,912700000.0,443000000.0,1906300000.0,0.0,1.927,13.885,13.735,918200000.0,0.0,20.74,0.746,0.737,3428800000.0,3996200000.0,4423900000.0,4423900000.0,0.0,,,,,14300000.0,899800000.0,1.0,609158487.0,601900000.0,606500000.0,7.35,23487200000.0,105300000.0,135400000.0,0.0,39.022,
36,PGR,MRQ,2012-06-30,2012-06-30,2012-06-30,2021-09-09,842700000.0,22719000000.0,,,,,10.395,-23500000.0,165500000.0,165500000.0,3043700000.0,118600000.0,,2.614,2062800000.0,,,2062800000.0,5014600000.0,23200000.0,0.0,0.02,0.0,198400000.0,221600000.0,0.053,221600000.0,198400000.0,167700000.0,0.2,0.19,0.2,6286600000.0,,6286600000.0,14654361191.0,12.0,10.78,403200000.0,0.667,1.0,1139300000.0,0.272,0.0,30700000.0,24616300000.0,,0.0,16609500000.0,,,16432400000.0,,,12730361191.0,9500000.0,0.0,-45300000.0,-18600000.0,0.0,-63900000.0,-353100000.0,-317700000.0,426700000.0,-200000.0,118600000.0,118600000.0,118600000.0,0.0,0.0,0.028,940900000.0,198400000.0,1781800000.0,0.0,2.025,16.246,16.147,914300000.0,0.0,20.83,0.78,0.772,3293200000.0,3794300000.0,4183000000.0,4183000000.0,0.0,,,,,14700000.0,927200000.0,1.0,611155122.0,604800000.0,608900000.0,6.916,22719000000.0,127000000.0,49100000.0,0.0,37.564,
37,PGR,MRQ,2012-03-31,2012-03-31,2012-03-31,2021-09-09,894800000.0,22349900000.0,,,,,10.311,-28500000.0,156000000.0,156000000.0,2762400000.0,257600000.0,,2.576,2080000000.0,,,2080000000.0,4880600000.0,22300000.0,0.0,0.018,0.407,416000000.0,438300000.0,0.106,438300000.0,416000000.0,384100000.0,0.42,0.42,0.42,6250400000.0,,6250400000.0,16461128713.0,11.0,10.63,679900000.0,1.122,1.0,1364000000.0,0.331,0.0,31900000.0,24273900000.0,,0.0,16401700000.0,,,16099500000.0,,,14174728713.0,300000.0,0.0,-37200000.0,-363300000.0,-251000000.0,-647400000.0,-61100000.0,-106900000.0,708400000.0,400000.0,257600000.0,257600000.0,257600000.0,0.0,0.0,0.062,948000000.0,416000000.0,1801500000.0,0.969,2.268,15.573,15.769,916400000.0,0.0,23.18,0.886,0.878,3237500000.0,3715000000.0,4126400000.0,4126400000.0,0.0,,,,,16800000.0,935600000.0,1.0,611506847.0,606200000.0,610000000.0,6.807,22349900000.0,80600000.0,126500000.0,0.0,36.869,
38,PGR,MRQ,2011-12-31,2011-12-31,2011-12-31,2021-09-09,692500000.0,21844800000.0,,,,,9.555,-24500000.0,155700000.0,155700000.0,2716500000.0,256700000.0,,2.762,2442100000.0,,,2442100000.0,4579400000.0,23200000.0,0.0,0.02,0.0,411700000.0,434900000.0,0.104,434900000.0,411700000.0,375400000.0,0.43,0.41,0.43,5806700000.0,,5806700000.0,14382059986.0,9.0,8.419,-21900000.0,-0.036,1.0,1480900000.0,0.353,0.0,36300000.0,24131200000.0,,0.0,15963000000.0,,,16038100000.0,,,12108459986.0,-14600000.0,0.0,-150100000.0,-2300000.0,0.0,-148700000.0,132100000.0,143000000.0,2600000.0,-600000.0,256700000.0,256700000.0,256700000.0,0.0,0.0,0.061,1069200000.0,411700000.0,1770800000.0,0.0,2.085,11.924,12.118,911300000.0,0.0,19.51,0.768,0.782,2999600000.0,3495000000.0,4197400000.0,4197400000.0,0.0,,,,,14100000.0,1060800000.0,1.0,620628395.0,607700000.0,613200000.0,6.907,21844800000.0,196000000.0,118700000.0,0.0,35.947,
39,PGR,MRQ,2011-09-30,2011-09-30,2011-09-30,2021-09-09,576600000.0,22144300000.0,,,,,9.278,-17000000.0,170300000.0,170300000.0,2749300000.0,150700000.0,,2.807,2443900000.0,,,2443900000.0,4830100000.0,22700000.0,0.0,0.079,0.0,241900000.0,264600000.0,0.069,264600000.0,241900000.0,208500000.0,0.24,0.24,0.24,5816300000.0,,5816300000.0,13223821300.0,8.0,7.55,447200000.0,0.713,1.0,1061700000.0,0.279,0.0,33400000.0,24417900000.0,,0.0,15987800000.0,,,16328000000.0,,,11414421300.0,20600000.0,0.0,-409800000.0,479200000.0,0.0,69700000.0,-513000000.0,-442600000.0,464200000.0,-300000.0,150700000.0,150700000.0,150700000.0,0.0,0.0,0.04,819800000.0,241900000.0,1797200000.0,0.0,1.962,10.789,10.896,910900000.0,0.0,17.76,0.728,0.71,3167800000.0,3632400000.0,3811000000.0,3811000000.0,0.0,,,,,11900000.0,810700000.0,1.0,642703902.0,626900000.0,631400000.0,6.079,22144300000.0,298500000.0,57800000.0,0.0,35.323,
40,PGR,MRQ,2011-06-30,2011-06-30,2011-06-30,2021-09-09,863500000.0,21807600000.0,,,,,9.866,-17400000.0,149700000.0,149700000.0,2660900000.0,245200000.0,,2.435,1959100000.0,,,1959100000.0,4704300000.0,21600000.0,0.0,0.065,0.0,389200000.0,410800000.0,0.106,410800000.0,389200000.0,357700000.0,0.38,0.38,0.38,6349500000.0,,6349500000.0,15822932873.0,9.0,8.213,340200000.0,0.529,1.0,1211800000.0,0.313,0.0,31500000.0,23617000000.0,,0.0,16029600000.0,,,15458100000.0,,,14019732873.0,-5800000.0,0.0,-280400000.0,0.0,0.0,-279500000.0,-84100000.0,-179100000.0,357600000.0,200000.0,245200000.0,245200000.0,245200000.0,0.0,0.0,0.063,822600000.0,389200000.0,1652100000.0,0.0,2.208,11.994,11.944,917100000.0,0.0,21.38,0.897,0.88,3069300000.0,3835600000.0,3872700000.0,3872700000.0,0.0,,,,,12300000.0,814300000.0,1.0,655740546.0,643600000.0,647900000.0,6.017,21807600000.0,111400000.0,112500000.0,0.0,33.884,
41,PGR,MRQ,2011-03-31,2011-03-31,2011-03-31,2021-09-09,812700000.0,21526100000.0,,,,,9.697,-17000000.0,155500000.0,155500000.0,2508100000.0,362900000.0,,2.406,1958700000.0,,,1958700000.0,4587100000.0,21000000.0,0.0,0.066,0.399,576900000.0,597900000.0,0.154,597900000.0,576900000.0,545400000.0,0.56,0.55,0.56,6320600000.0,,6320600000.0,15745839381.0,9.0,8.357,656500000.0,1.007,1.0,1385400000.0,0.356,0.0,31500000.0,23329300000.0,,0.0,15777500000.0,,,15205500000.0,,,13946539381.0,-3400000.0,0.0,-135100000.0,0.0,-263600000.0,-397200000.0,-279900000.0,-189700000.0,673500000.0,200000.0,362900000.0,362900000.0,362900000.0,0.0,0.0,0.093,808500000.0,576900000.0,1586100000.0,0.713,2.207,12.281,12.214,927400000.0,0.0,21.13,0.903,0.892,3015200000.0,3839200000.0,3893500000.0,3893500000.0,0.0,,,,,12200000.0,801400000.0,1.0,660034992.0,651800000.0,655800000.0,5.973,21526100000.0,7500000.0,182500000.0,0.0,33.026,
42,PGR,MRQ,2010-12-31,2010-12-31,2010-12-31,2021-09-09,783700000.0,21150300000.0,,,,,9.249,-24800000.0,158900000.0,158900000.0,2621300000.0,299200000.0,,2.497,1958200000.0,,,1958200000.0,4353800000.0,20700000.0,0.0,0.058,1.0,457500000.0,478200000.0,0.117,478200000.0,457500000.0,426200000.0,0.45,0.45,0.45,6048900000.0,,6048900000.0,14983566944.0,9.0,8.409,-23400000.0,-0.036,1.0,1472500000.0,0.36,0.0,31300000.0,22949600000.0,,0.0,15523400000.0,,,15101400000.0,,,13180766944.0,3900000.0,0.0,-40300000.0,0.0,-655500000.0,-687800000.0,689900000.0,815900000.0,1400000.0,400000.0,299200000.0,299200000.0,299200000.0,0.0,0.0,0.073,1015000000.0,457500000.0,1718400000.0,2.222,2.179,12.338,12.265,932600000.0,0.0,19.87,0.866,0.859,2826500000.0,3595700000.0,4093800000.0,4093800000.0,0.0,,,,,10700000.0,1006100000.0,1.0,663350123.0,654000000.0,660000000.0,6.26,21150300000.0,189000000.0,127000000.0,0.0,32.34,
43,PGR,MRQ,2010-09-30,2010-09-30,2010-09-30,2021-09-09,799200000.0,22024600000.0,,,,,10.237,-2500000.0,155000000.0,155000000.0,2543400000.0,261600000.0,,2.281,1957800000.0,,,1957800000.0,4711000000.0,20500000.0,0.0,0.008,0.0,419100000.0,439600000.0,0.117,439600000.0,419100000.0,387200000.0,0.4,0.4,0.4,6713200000.0,,6713200000.0,15957734740.0,9.0,8.791,470900000.0,0.718,1.0,1226100000.0,0.325,0.0,31900000.0,23827400000.0,,0.0,16376000000.0,,,15311400000.0,,,13933434740.0,1200000.0,0.0,-92000000.0,-214300000.0,0.0,-303000000.0,-169800000.0,-214400000.0,473400000.0,600000.0,261600000.0,261600000.0,261600000.0,0.0,0.0,0.069,807000000.0,419100000.0,1689200000.0,0.0,2.076,12.972,12.804,932000000.0,0.0,20.87,0.928,0.911,2956400000.0,4273600000.0,3769500000.0,3769500000.0,0.0,,,,,11500000.0,801500000.0,1.0,667629839.0,655800000.0,661200000.0,5.748,22024600000.0,164600000.0,125600000.0,0.0,33.584,
44,PGR,MRQ,2010-06-30,2010-06-30,2010-06-30,2021-09-09,574600000.0,21496600000.0,,,,,9.547,-12600000.0,153800000.0,153800000.0,2543200000.0,211900000.0,,2.41,2178100000.0,,,2178100000.0,4572100000.0,20500000.0,0.0,0.009,0.0,348000000.0,368500000.0,0.1,368500000.0,348000000.0,312900000.0,0.32,0.32,0.32,6304600000.0,,6304600000.0,14572912532.0,8.0,8.074,521900000.0,0.79,1.0,1143100000.0,0.31,0.0,35100000.0,23520900000.0,,0.0,15830000000.0,,,15192000000.0,,,12550312532.0,-1300000.0,0.0,-60500000.0,0.0,0.0,-58000000.0,-477600000.0,-419600000.0,534500000.0,-200000.0,211900000.0,211900000.0,211900000.0,0.0,0.0,0.057,795100000.0,348000000.0,1556200000.0,0.0,1.991,11.595,11.485,947700000.0,0.0,18.72,0.844,0.832,2840600000.0,4097900000.0,3686300000.0,3686300000.0,0.0,,,,,13500000.0,785000000.0,1.0,670422678.0,660400000.0,665700000.0,5.582,21496600000.0,318200000.0,101000000.0,0.0,32.551,
45,PGR,MRQ,2010-03-31,2010-03-31,2010-03-31,2021-09-09,648600000.0,21048900000.0,,,,,9.391,-16800000.0,155100000.0,155100000.0,2423400000.0,295600000.0,,2.389,2177700000.0,,,2177700000.0,4452600000.0,21400000.0,0.0,0.008,0.161,474100000.0,495500000.0,0.135,495500000.0,474100000.0,438900000.0,0.45,0.44,0.45,6211500000.0,,6211500000.0,14836575093.0,8.0,8.03,653200000.0,0.988,1.0,1242500000.0,0.339,0.0,35200000.0,23071500000.0,,0.0,15564300000.0,,,14837400000.0,,,12820075093.0,-5600000.0,0.0,-38600000.0,0.0,-108200000.0,-146600000.0,-529000000.0,-557700000.0,670000000.0,0.0,295600000.0,295600000.0,295600000.0,0.0,0.0,0.081,768400000.0,474100000.0,1482600000.0,0.358,2.064,11.44,11.363,956300000.0,0.0,19.09,0.868,0.855,2795500000.0,3942500000.0,3665900000.0,3665900000.0,0.0,,,,,10200000.0,759600000.0,1.0,671559722.0,661400000.0,666400000.0,5.543,21048900000.0,177300000.0,143300000.0,0.0,31.825,
46,PGR,MRQ,2009-12-31,2009-12-31,2009-12-31,2021-09-09,453200000.0,20049300000.0,,,,,8.676,-15500000.0,160700000.0,160700000.0,2645400000.0,305000000.0,,2.488,2177200000.0,,,2177200000.0,4172900000.0,22100000.0,0.0,0.0,0.0,489600000.0,511700000.0,0.131,511700000.0,489600000.0,454300000.0,0.46,0.45,0.46,5748600000.0,,5748600000.0,14133669258.0,8.0,7.926,56200000.0,0.085,1.0,1255200000.0,0.322,0.0,35300000.0,22065800000.0,,0.0,14713400000.0,,,14300700000.0,,,12129369258.0,-11800000.0,0.0,-79800000.0,0.0,0.0,-73000000.0,-12200000.0,130700000.0,71700000.0,1700000.0,305000000.0,305000000.0,305000000.0,0.0,0.0,0.078,765600000.0,489600000.0,1297600000.0,0.0,2.11,11.47,11.314,961300000.0,0.0,17.99,0.833,0.824,2524100000.0,3683100000.0,3900600000.0,3900600000.0,0.0,,,,,12300000.0,758000000.0,1.0,674228419.0,662600000.0,669200000.0,5.887,20049300000.0,416700000.0,149300000.0,0.0,30.259,
47,PGR,MRQ,2009-09-30,2009-09-30,2009-09-30,2021-09-09,336100000.0,20047400000.0,,,,,8.244,-11800000.0,172500000.0,172500000.0,2459900000.0,269900000.0,,2.647,2176800000.0,,,2176800000.0,4493500000.0,22000000.0,0.0,0.0,0.0,407300000.0,429300000.0,0.119,429300000.0,407300000.0,372000000.0,0.4,0.4,0.4,5496400000.0,,5496400000.0,13266902723.0,9.0,8.552,475200000.0,0.713,1.0,1151400000.0,0.319,0.0,35300000.0,22051700000.0,,0.0,14669200000.0,,,14551000000.0,,,11251202723.0,11800000.0,0.0,-69400000.0,0.0,0.0,-66700000.0,-408500000.0,-536600000.0,487000000.0,0.0,269900000.0,269900000.0,269900000.0,0.0,0.0,0.075,744100000.0,407300000.0,1528700000.0,0.0,2.047,12.34,12.191,974100000.0,0.0,16.58,0.794,0.78,2704500000.0,3561900000.0,3611300000.0,3611300000.0,0.0,,,,,8700000.0,735700000.0,1.0,678600888.0,666700000.0,672800000.0,5.417,20047400000.0,490900000.0,102100000.0,0.0,30.07,
48,PGR,MRQ,2009-06-30,2009-06-30,2009-06-30,2021-09-09,-22500000.0,19087600000.0,,,,,7.36,-16500000.0,160700000.0,160700000.0,2462600000.0,250100000.0,,2.876,2176400000.0,,,2176400000.0,4379600000.0,22600000.0,0.0,0.0,0.0,388600000.0,411200000.0,0.115,411200000.0,388600000.0,353900000.0,0.37,0.37,0.37,4925000000.0,,4925000000.0,12331521933.0,2418.0,124.06,370200000.0,0.553,1.0,1120900000.0,0.313,0.0,34700000.0,21103300000.0,,0.0,13611300000.0,,,14162600000.0,,,10290121933.0,26200000.0,0.0,-11500000.0,0.0,0.0,-10000000.0,-350500000.0,-310600000.0,386700000.0,0.0,250100000.0,250100000.0,250100000.0,0.0,0.0,0.07,732300000.0,388600000.0,1407700000.0,0.0,2.089,-243.265,-215.857,989900000.0,0.0,15.11,0.806,0.792,2607600000.0,3353300000.0,3583500000.0,3583500000.0,0.0,,,,,10000000.0,725000000.0,1.0,681014026.0,669200000.0,674600000.0,5.355,19087600000.0,727600000.0,103800000.0,0.0,28.523,
49,PGR,MRQ,2009-03-31,2009-03-31,2009-03-31,2021-09-09,-203700000.0,18215100000.0,,,,,6.436,-21000000.0,134500000.0,134500000.0,2337000000.0,232500000.0,,3.233,2175900000.0,,,2175900000.0,4290600000.0,20600000.0,0.0,0.0,0.0,410400000.0,431000000.0,0.124,431000000.0,410400000.0,376700000.0,0.35,0.35,0.35,4303300000.0,,4303300000.0,11267828822.0,-241.0,229.021,520400000.0,0.778,1.0,1131200000.0,0.326,0.0,33700000.0,20256500000.0,,0.0,12768400000.0,,,13911800000.0,,,9095228822.0,131600000.0,0.0,-1100000.0,0.0,0.0,-2400000.0,-407400000.0,-150800000.0,541400000.0,0.0,232500000.0,232500000.0,232500000.0,0.0,0.0,0.067,720800000.0,410400000.0,1368000000.0,0.0,2.114,-118.273,-112.0,997500000.0,0.0,13.44,0.715,0.706,2577600000.0,2925000000.0,3468200000.0,3468200000.0,0.0,,,,,9300000.0,713600000.0,1.0,676728335.0,668600000.0,672000000.0,5.187,18215100000.0,766000000.0,144200000.0,0.0,27.244,
50,PGR,MRQ,2008-12-31,2008-12-31,2008-12-31,2021-09-09,-51900000.0,18250500000.0,,,,,6.322,-22700000.0,2900000.0,2900000.0,2542100000.0,159300000.0,,3.33,2175500000.0,,,2175500000.0,4175900000.0,27000000.0,0.0,0.01,0.0,252800000.0,279800000.0,0.08,279800000.0,252800000.0,218900000.0,0.24,0.24,0.24,4215300000.0,,4215300000.0,12174583706.0,-142.0,901.821,88000000.0,0.132,1.0,965400000.0,0.275,0.0,33900000.0,20423100000.0,,0.0,12978100000.0,,,14035200000.0,,,10006083706.0,-3700000.0,0.0,5400000.0,0.0,0.0,8100000.0,-122500000.0,-771700000.0,110700000.0,0.0,159300000.0,159300000.0,159300000.0,0.0,0.0,0.045,712600000.0,252800000.0,1506400000.0,0.0,2.374,-142.944,-148.1,997100000.0,0.0,14.81,0.779,0.77,2471000000.0,2697800000.0,3507500000.0,3507500000.0,0.0,,,,,8700000.0,706300000.0,1.0,675630230.0,666800000.0,671800000.0,5.26,18250500000.0,821600000.0,59600000.0,0.0,27.37,
51,PGR,MRQ,2008-09-30,2008-09-30,2008-09-30,2021-09-09,169500000.0,18639600000.0,,,,,6.394,-23400000.0,6600000.0,6600000.0,2517600000.0,-684200000.0,,3.375,2175100000.0,,,2175100000.0,4499200000.0,24100000.0,0.0,0.008,0.0,-1046700000.0,-1022600000.0,-0.463,-1022600000.0,-1046700000.0,-1080900000.0,-1.03,-1.03,-1.03,4260600000.0,,4260600000.0,13919364658.0,517.0,110.647,475400000.0,0.713,1.0,-307500000.0,-0.139,0.0,34200000.0,20808100000.0,,0.0,12734700000.0,,,14379000000.0,,,11754564658.0,-3300000.0,0.0,900000.0,0.0,0.0,1300000.0,-503400000.0,-10100000.0,498800000.0,0.0,-684200000.0,-684200000.0,-684200000.0,0.0,0.0,-0.31,739200000.0,-1046700000.0,1558400000.0,0.0,2.759,1728.612,,1001500000.0,0.0,17.4,0.908,0.895,2648300000.0,2540600000.0,2210100000.0,2210100000.0,0.0,,,,,9800000.0,731200000.0,1.0,675549693.0,666300000.0,672800000.0,3.317,18639600000.0,724500000.0,-396700000.0,0.0,27.975,
52,PGR,MRQ,2008-06-30,2008-06-30,2008-06-30,2021-09-09,41700000.0,18914400000.0,,,,,7.2,-27100000.0,9900000.0,9900000.0,2471300000.0,215500000.0,,2.936,2174700000.0,,,2174700000.0,4403600000.0,24200000.0,0.0,0.115,0.0,336800000.0,361000000.0,0.102,361000000.0,336800000.0,302500000.0,0.32,0.32,0.32,4805500000.0,,4805500000.0,14848805733.0,10.0,9.094,451200000.0,0.676,1.0,1065300000.0,0.301,0.0,34300000.0,21079200000.0,,0.0,13976000000.0,,,14108900000.0,,,12683005733.0,1400000.0,0.0,-51700000.0,0.0,0.0,-47800000.0,-429100000.0,-374800000.0,478300000.0,0.0,215500000.0,215500000.0,215500000.0,0.0,0.0,0.061,728500000.0,336800000.0,1530000000.0,0.0,2.639,12.809,12.822,1002700000.0,0.0,18.72,0.878,0.865,2578600000.0,3224800000.0,3536600000.0,3536600000.0,0.0,,,,,9500000.0,720200000.0,1.0,677510990.0,667400000.0,673700000.0,5.299,18914400000.0,291200000.0,87000000.0,0.0,28.34,
53,PGR,MRQ,2008-03-31,2008-03-31,2008-03-31,2021-09-09,162800000.0,18716800000.0,,,,,7.073,-24200000.0,8500000.0,8500000.0,2484000000.0,239400000.0,,2.941,2174300000.0,,,2174300000.0,4307900000.0,23800000.0,0.0,0.133,0.145,371500000.0,395300000.0,0.11,395300000.0,371500000.0,337200000.0,0.36,0.35,0.36,4749600000.0,,4749600000.0,13069467396.0,8.0,7.572,437200000.0,0.651,1.0,1101900000.0,0.307,0.0,34300000.0,20882600000.0,,0.0,13879700000.0,,,13967200000.0,,,10901367396.0,2700000.0,0.0,-107000000.0,0.0,-98300000.0,-201200000.0,-257500000.0,-235700000.0,461400000.0,0.0,239400000.0,239400000.0,239400000.0,0.0,0.0,0.067,730400000.0,371500000.0,1532900000.0,0.403,2.295,10.3,10.503,1000600000.0,0.0,16.07,0.747,0.74,2570100000.0,3063000000.0,3585900000.0,3585900000.0,0.0,,,,,6500000.0,723800000.0,1.0,678367604.0,671500000.0,677300000.0,5.34,18716800000.0,190600000.0,97800000.0,0.0,27.873,
54,PGR,MRQ,2007-12-31,2007-12-31,2007-12-31,2021-09-09,492800000.0,18843100000.0,,,,,7.26,-37200000.0,5800000.0,5800000.0,2528200000.0,236100000.0,,2.818,2173900000.0,,,2173900000.0,4210400000.0,26800000.0,0.0,0.104,0.0,365300000.0,392100000.0,0.108,392100000.0,365300000.0,330800000.0,0.35,0.35,0.35,4935500000.0,,4935500000.0,15541393912.0,9.0,8.143,76600000.0,0.113,1.0,1086300000.0,0.301,0.0,34500000.0,21011200000.0,,0.0,14165100000.0,,,13907600000.0,,,13375593912.0,-1900000.0,0.0,-349200000.0,0.0,0.0,-343600000.0,227900000.0,324600000.0,113800000.0,0.0,236100000.0,236100000.0,236100000.0,0.0,0.0,0.065,721000000.0,365300000.0,1580600000.0,0.0,2.71,11.311,11.542,1000400000.0,0.0,19.16,0.911,0.927,2464900000.0,2927700000.0,3614500000.0,3614500000.0,0.0,,,,,5700000.0,713700000.0,1.0,698099891.0,679800000.0,687300000.0,5.317,18843100000.0,106000000.0,94700000.0,0.0,27.719,
55,PGR,MRQ,2007-09-30,2007-09-30,2007-09-30,2021-09-09,701100000.0,19665500000.0,,,,,7.606,-30100000.0,7700000.0,7700000.0,2509100000.0,299200000.0,,2.68,2173500000.0,,,2173500000.0,4547400000.0,27100000.0,0.0,0.104,2.0,457300000.0,484400000.0,0.131,484400000.0,457300000.0,422600000.0,0.43,0.42,0.43,5343900000.0,,5343900000.0,16213468887.0,8.0,7.529,443600000.0,0.631,1.0,1200500000.0,0.324,0.0,34700000.0,21831300000.0,,0.0,14817200000.0,,,14321600000.0,,,14054368887.0,-6300000.0,0.0,-557800000.0,0.0,-1406500000.0,-1962600000.0,1482600000.0,1445500000.0,473700000.0,0.0,299200000.0,299200000.0,299200000.0,0.0,0.0,0.081,743200000.0,457300000.0,1629000000.0,4.651,2.63,10.432,10.549,990100000.0,0.0,19.41,0.952,0.924,2692100000.0,3110500000.0,3709600000.0,3709600000.0,0.0,,,,,4900000.0,734900000.0,1.0,724078768.0,702600000.0,710800000.0,5.28,19665500000.0,0.0,123400000.0,50900000.0,27.99,
56,PGR,MRQ,2007-06-30,2007-06-30,2007-06-30,2021-09-09,647300000.0,21073600000.0,,,,,7.624,-34600000.0,14000000.0,14000000.0,2488400000.0,283700000.0,,2.83,2173100000.0,,,2173100000.0,4532700000.0,26800000.0,0.0,0.001,0.0,427400000.0,454200000.0,0.124,454200000.0,427400000.0,406900000.0,0.39,0.39,0.39,5502900000.0,,5502900000.0,18793568793.0,9.0,8.11,532900000.0,0.738,1.0,1187500000.0,0.323,0.0,20500000.0,23232700000.0,,0.0,16180300000.0,,,15570700000.0,,,17617768793.0,4100000.0,0.0,-294000000.0,1021700000.0,0.0,731400000.0,-1294800000.0,-1163000000.0,567500000.0,0.0,283700000.0,283700000.0,283700000.0,0.0,0.0,0.077,760100000.0,427400000.0,1518700000.0,0.0,3.202,12.086,12.272,987400000.0,0.0,23.93,1.192,1.169,2702100000.0,3278200000.0,3675900000.0,3675900000.0,0.0,,,,,9700000.0,750800000.0,1.0,736221011.0,721800000.0,729500000.0,5.093,21073600000.0,0.0,123200000.0,56200000.0,29.196,
57,PGR,MRQ,2007-03-31,2007-03-31,2007-03-31,2021-09-09,629500000.0,20011700000.0,,,,,9.394,-32400000.0,9900000.0,9900000.0,2400500000.0,363500000.0,,1.887,1185700000.0,,,1185700000.0,4487100000.0,26200000.0,0.0,0.001,0.0,551600000.0,577800000.0,0.157,577800000.0,551600000.0,532700000.0,0.49,0.49,0.49,6930600000.0,,6930600000.0,17424406360.0,7.0,6.971,603600000.0,0.818,1.0,1286300000.0,0.349,0.0,18900000.0,21187500000.0,,0.0,15097500000.0,,,13081100000.0,,,16244506360.0,4300000.0,0.0,-316600000.0,0.0,0.0,-312100000.0,-319600000.0,-411800000.0,636000000.0,0.0,363500000.0,363500000.0,363500000.0,0.0,0.0,0.099,734700000.0,551600000.0,1544600000.0,0.0,2.344,10.318,10.49,979700000.0,0.0,21.82,1.097,1.087,2722000000.0,4714600000.0,3686800000.0,3686800000.0,0.0,,,,,6200000.0,726700000.0,1.0,744477835.0,737800000.0,745300000.0,4.997,20011700000.0,0.0,169200000.0,143300000.0,27.123,
58,PGR,MRQ,2006-12-31,2006-12-31,2006-12-31,2021-09-09,604300000.0,19482100000.0,,,,,9.031,-65600000.0,5600000.0,5600000.0,2360200000.0,400900000.0,,1.846,1185500000.0,,,1185500000.0,4335000000.0,27400000.0,0.0,0.001,0.009,609600000.0,637000000.0,0.172,637000000.0,609600000.0,590700000.0,0.53,0.52,0.53,6846600000.0,,6846600000.0,19618974810.0,8.0,7.506,155800000.0,0.206,1.0,1333600000.0,0.361,0.0,18900000.0,20662000000.0,,0.0,14689200000.0,,,12635500000.0,,,18448074810.0,-8900000.0,0.0,-357200000.0,0.0,-6500000.0,-352300000.0,122000000.0,233700000.0,221400000.0,0.0,400900000.0,400900000.0,400900000.0,0.0,0.0,0.109,724000000.0,609600000.0,1390000000.0,0.017,2.694,11.198,11.371,973400000.0,0.0,24.22,1.248,1.268,2587700000.0,4646900000.0,3693800000.0,3693800000.0,0.0,,,,,8900000.0,715800000.0,1.0,761687647.0,758100000.0,766700000.0,4.872,19482100000.0,16800000.0,189800000.0,0.0,25.699,
59,PGR,MRQ,2006-09-30,2006-09-30,2006-09-30,2021-09-09,528200000.0,19846200000.0,,,,,8.797,-64400000.0,14500000.0,14500000.0,2367700000.0,409600000.0,,1.956,1185400000.0,,,1185400000.0,4658100000.0,26800000.0,0.0,0.001,0.009,621600000.0,648400000.0,0.174,648400000.0,621600000.0,603100000.0,0.54,0.53,0.54,6714100000.0,,6714100000.0,20118107856.0,9.0,8.276,392900000.0,0.515,1.0,1356100000.0,0.364,0.0,18500000.0,21017100000.0,,0.0,14853500000.0,,,13132100000.0,,,18950507856.0,-3100000.0,0.0,-340500000.0,0.0,-6800000.0,-342300000.0,-118100000.0,89500000.0,457300000.0,0.0,409600000.0,409600000.0,409600000.0,0.0,0.0,0.11,734500000.0,621600000.0,1564300000.0,0.017,2.822,12.401,12.394,941600000.0,0.0,24.54,1.29,1.275,2796700000.0,4587000000.0,3723800000.0,3723800000.0,0.0,,,,,7300000.0,725400000.0,1.0,772229334.0,763200000.0,772200000.0,4.879,19846200000.0,36100000.0,193500000.0,0.0,26.004,
60,PGR,MRQ,2006-06-30,2006-06-30,2006-06-30,2021-09-09,313200000.0,19602600000.0,,,,,8.275,-100900000.0,17600000.0,17600000.0,2384200000.0,400400000.0,,2.052,1185200000.0,,,1185200000.0,4626600000.0,25000000.0,0.0,0.001,0.007,611300000.0,636300000.0,0.172,636300000.0,611300000.0,591900000.0,0.52,0.51,0.52,6422300000.0,,6422300000.0,21392333389.0,10.0,9.406,541300000.0,0.697,1.0,1323700000.0,0.357,0.0,19400000.0,20770200000.0,,0.0,14667800000.0,,,13180300000.0,,,20117933389.0,7000000.0,0.0,-253200000.0,-100000000.0,-5900000.0,-348200000.0,-287000000.0,-321500000.0,642200000.0,0.0,400400000.0,400400000.0,400400000.0,0.0,0.0,0.108,712400000.0,611300000.0,1673900000.0,0.013,3.133,14.129,14.049,902700000.0,0.0,25.71,1.379,1.368,2766700000.0,4506100000.0,3707900000.0,3707900000.0,0.0,,,,,6600000.0,702700000.0,1.0,782494492.0,776100000.0,785900000.0,4.778,19602600000.0,71500000.0,191500000.0,0.0,25.258,
61,PGR,MRQ,2006-03-31,2006-03-31,2006-03-31,2021-09-09,375700000.0,19258200000.0,,,,,8.096,-88000000.0,10600000.0,10600000.0,2282800000.0,436600000.0,,2.045,1285000000.0,,,1285000000.0,4508100000.0,24200000.0,0.0,0.001,0.007,668000000.0,692200000.0,0.189,692200000.0,668000000.0,647500000.0,0.56,0.55,0.56,6324300000.0,,6324300000.0,21788521792.0,10.0,9.605,615700000.0,0.788,1.0,1378100000.0,0.376,0.0,20500000.0,20532600000.0,,0.0,14521400000.0,,,12933900000.0,,,20509221792.0,5000000.0,0.0,-220300000.0,0.0,-5800000.0,-214600000.0,-484100000.0,-333400000.0,703700000.0,0.0,436600000.0,436600000.0,436600000.0,0.0,0.0,0.119,710100000.0,668000000.0,1460500000.0,0.013,3.243,14.466,14.401,822500000.0,0.0,26.065,1.417,1.407,2740200000.0,4937800000.0,3660900000.0,3660900000.0,0.0,,,,,4800000.0,700800000.0,1.0,786849100.0,781200000.0,791700000.0,4.686,19258200000.0,0.0,210900000.0,48300000.0,24.652,
62,PGR,MRQ,2005-12-31,2005-12-31,2005-12-31,2021-09-09,398700000.0,18898600000.0,,,,,7.795,-86900000.0,5600000.0,5600000.0,2463800000.0,281600000.0,,2.094,1284900000.0,,,1284900000.0,4335100000.0,23900000.0,0.0,0.001,0.007,430100000.0,454000000.0,0.126,454000000.0,430100000.0,409700000.0,0.36,0.35,0.36,6107500000.0,,6107500000.0,24312810470.0,11.0,10.884,-17800000.0,-0.023,1.0,1135200000.0,0.315,0.0,20400000.0,20177900000.0,,0.0,14274700000.0,,,12791100000.0,,,23034910470.0,-1300000.0,0.0,-3400000.0,0.0,-5900000.0,-9300000.0,-61100000.0,176300000.0,69100000.0,0.0,281600000.0,281600000.0,281600000.0,0.0,0.0,0.078,705100000.0,430100000.0,1510800000.0,0.019,3.772,16.526,16.494,758700000.0,0.0,29.195,1.61,1.608,2604400000.0,4726000000.0,3599000000.0,3599000000.0,0.0,,,,,19000000.0,695600000.0,1.0,789001900.0,783500000.0,795100000.0,4.593,18898600000.0,138300000.0,128100000.0,0.0,24.121,
63,PGR,MRQ,2005-09-30,2005-09-30,2005-09-30,2021-09-09,390000000.0,19155100000.0,,,,,7.422,-13400000.0,6900000.0,6900000.0,2467800000.0,305300000.0,,2.297,1284800000.0,,,1284800000.0,4575900000.0,23400000.0,0.0,0.001,0.007,468500000.0,491900000.0,0.136,491900000.0,468500000.0,447800000.0,0.39,0.39,0.39,5810500000.0,,5810500000.0,21926527741.0,9.0,8.968,488700000.0,0.624,1.0,1154700000.0,0.319,0.0,20700000.0,20433000000.0,,0.0,14526700000.0,,,13344600000.0,,,20661727741.0,-12900000.0,0.0,-76400000.0,0.0,-5900000.0,-82300000.0,-432700000.0,-617300000.0,502100000.0,0.0,305300000.0,305300000.0,305300000.0,0.0,0.0,0.084,686200000.0,468500000.0,1746500000.0,0.018,3.556,13.542,13.642,695800000.0,0.0,26.192,1.435,1.424,2742300000.0,4461700000.0,3622500000.0,3622500000.0,0.0,,,,,16500000.0,676900000.0,1.0,788841376.0,782900000.0,794300000.0,4.627,19155100000.0,65400000.0,142500000.0,0.0,24.467,
64,PGR,MRQ,2005-06-30,2005-06-30,2005-06-30,2021-09-09,407800000.0,18459200000.0,,,,,7.089,-66300000.0,19800000.0,19800000.0,2264600000.0,394300000.0,,2.302,1284600000.0,,,1284600000.0,4503800000.0,22900000.0,0.0,0.001,0.007,607400000.0,630300000.0,0.176,630300000.0,607400000.0,586700000.0,0.5,0.49,0.5,5590500000.0,,5590500000.0,20910537314.0,8.0,8.11,698000000.0,0.885,1.0,1325500000.0,0.369,0.0,20700000.0,19724000000.0,,0.0,13994700000.0,,,12868700000.0,,,19642837314.0,3000000.0,0.0,-208100000.0,0.0,-5900000.0,-214000000.0,-547300000.0,-486800000.0,764300000.0,0.0,394300000.0,394300000.0,394300000.0,0.0,0.0,0.11,718100000.0,607400000.0,1495000000.0,0.014,3.514,12.205,12.476,704300000.0,0.0,24.703,1.382,1.37,2642900000.0,4241900000.0,3590100000.0,3590100000.0,0.0,,,,,19500000.0,708400000.0,1.0,795176088.0,788600000.0,800100000.0,4.552,18459200000.0,0.0,192400000.0,94800000.0,23.408,
65,PGR,MRQ,2005-03-31,2005-03-31,2005-03-31,2021-09-09,310000000.0,17723200000.0,,,,,6.652,-16600000.0,16800000.0,16800000.0,2168600000.0,412700000.0,,2.347,1284500000.0,,,1284500000.0,4364300000.0,22200000.0,0.0,0.001,0.007,635500000.0,657700000.0,0.188,657700000.0,635500000.0,614700000.0,0.517,0.51,0.517,5294800000.0,,5294800000.0,19625071247.0,8.0,7.646,641900000.0,0.806,1.0,1323200000.0,0.379,0.0,20800000.0,18990900000.0,,0.0,13404900000.0,,,12428400000.0,,,18360771247.0,-3200000.0,0.0,-150700000.0,0.0,-6000000.0,-156700000.0,-505000000.0,-561700000.0,658500000.0,0.0,412700000.0,412700000.0,412700000.0,0.0,0.0,0.118,687700000.0,635500000.0,1385900000.0,0.014,3.468,11.465,11.917,660900000.0,0.0,22.94,1.312,1.305,2590500000.0,4061400000.0,3491800000.0,3491800000.0,0.0,,,,,19900000.0,679500000.0,1.0,800382356.0,796000000.0,807600000.0,4.387,17723200000.0,0.0,202000000.0,45400000.0,22.265,
66,PGR,MRQ,2004-12-31,2004-12-31,2004-12-31,2021-09-09,444800000.0,17184300000.0,,,,,6.352,-24400000.0,20000000.0,20000000.0,2330500000.0,413500000.0,,2.333,1284300000.0,,,1284300000.0,4108000000.0,27000000.0,0.0,0.001,0.007,638200000.0,665200000.0,0.18,665200000.0,638200000.0,617700000.0,0.512,0.505,0.512,5155400000.0,,5155400000.0,18241029334.0,7.0,6.933,227000000.0,0.28,1.0,1365400000.0,0.369,0.0,20500000.0,18448600000.0,,0.0,13082000000.0,,,12028900000.0,,,16985329334.0,-14500000.0,0.0,-1481500000.0,-6000000.0,-6000000.0,-1493500000.0,1227600000.0,1321400000.0,251400000.0,0.0,413500000.0,413500000.0,413500000.0,0.0,0.0,0.112,727200000.0,638200000.0,1325000000.0,0.014,3.295,10.302,10.933,666500000.0,0.0,21.21,1.232,1.31,2407000000.0,3812900000.0,3695900000.0,3695900000.0,0.0,,,,,14600000.0,716700000.0,1.0,800817036.0,811600000.0,824000000.0,4.554,17184300000.0,0.0,204200000.0,26000000.0,21.173,
67,PGR,MRQ,2004-09-30,2004-09-30,2004-09-30,2021-09-09,360700000.0,18495700000.0,,,,,7.096,-52600000.0,34500000.0,34500000.0,2171700000.0,388900000.0,,2.017,1290200000.0,,,1290200000.0,4326500000.0,25800000.0,0.0,0.001,0.007,599500000.0,625300000.0,0.182,625300000.0,599500000.0,579400000.0,0.45,0.443,0.45,6131000000.0,,6131000000.0,19662049233.0,8.0,7.737,651500000.0,0.754,1.0,1266800000.0,0.368,0.0,20100000.0,19751400000.0,,0.0,14319200000.0,,,12364700000.0,,,18394049233.0,12500000.0,0.0,-45700000.0,0.0,-6500000.0,-52200000.0,-639400000.0,-581000000.0,704100000.0,0.0,388900000.0,388900000.0,388900000.0,0.0,0.0,0.113,667300000.0,599500000.0,1548600000.0,0.016,3.0,11.547,11.496,674600000.0,0.0,21.188,1.388,1.381,2523500000.0,4816300000.0,3438500000.0,3438500000.0,0.0,,,,,12900000.0,657200000.0,1.0,868155716.0,864000000.0,876400000.0,3.98,18495700000.0,0.0,190500000.0,43400000.0,21.407,
68,PGR,MRQ,2004-06-30,2004-06-30,2004-06-30,2021-09-09,300900000.0,17716700000.0,,,,,6.61,-60800000.0,22000000.0,22000000.0,2090700000.0,386300000.0,,2.097,1290000000.0,,,1290000000.0,4220700000.0,23800000.0,0.0,0.001,0.006,594700000.0,618500000.0,0.184,618500000.0,594700000.0,575000000.0,0.445,0.44,0.445,5721200000.0,,5721200000.0,19811619574.0,8.0,8.128,745700000.0,0.861,1.0,1276700000.0,0.379,0.0,19700000.0,18984700000.0,,0.0,13667700000.0,,,11995500000.0,,,18544819574.0,-1100000.0,0.0,-49700000.0,0.0,-5400000.0,-55100000.0,-752500000.0,-736800000.0,806500000.0,0.0,386300000.0,386300000.0,386300000.0,0.0,0.0,0.115,682000000.0,594700000.0,1507400000.0,0.013,3.241,12.169,12.096,647900000.0,0.0,21.325,1.438,1.431,2451900000.0,4484100000.0,3367400000.0,3367400000.0,0.0,,,,,20600000.0,672500000.0,1.0,869628116.0,865600000.0,879200000.0,3.89,17716700000.0,0.0,188700000.0,52400000.0,20.468,
69,PGR,MRQ,2004-03-31,2004-03-31,2004-03-31,2021-09-09,475100000.0,17161900000.0,,,,,6.402,-54200000.0,23100000.0,23100000.0,1962100000.0,460000000.0,,2.097,1289900000.0,,,1289900000.0,4083900000.0,22800000.0,0.0,0.001,0.006,699200000.0,722000000.0,0.22,722000000.0,699200000.0,678700000.0,0.532,0.522,0.532,5541800000.0,,5541800000.0,20482057034.0,9.0,8.948,846300000.0,0.978,1.0,1318200000.0,0.402,0.0,20500000.0,18428700000.0,,0.0,13247700000.0,,,11620100000.0,,,19004357034.0,11000000.0,0.0,100000.0,-200000000.0,-5400000.0,-205300000.0,-684200000.0,-616900000.0,900500000.0,0.0,460000000.0,460000000.0,460000000.0,0.0,0.0,0.14,619000000.0,699200000.0,1386000000.0,0.011,3.429,13.347,13.313,616000000.0,0.0,21.9,1.526,1.522,2368300000.0,4159400000.0,3280300000.0,3280300000.0,0.0,,,,,20000000.0,610200000.0,1.0,867778860.0,865600000.0,880000000.0,3.79,17161900000.0,0.0,218700000.0,156400000.0,19.827,
70,PGR,MRQ,2003-12-31,2003-12-31,2003-12-31,2021-09-09,425000000.0,16281500000.0,,,,,5.858,-62000000.0,12100000.0,12100000.0,2003500000.0,357800000.0,,2.236,1489800000.0,,,1489800000.0,3894700000.0,25200000.0,0.0,0.001,0.006,550200000.0,575400000.0,0.181,575400000.0,550200000.0,526500000.0,0.415,0.408,0.415,5030600000.0,,5030600000.0,19522956102.0,10.0,9.549,260200000.0,0.303,1.0,1166900000.0,0.368,0.0,23700000.0,17759200000.0,,0.0,12532300000.0,,,11250900000.0,,,18055256102.0,-9800000.0,0.0,-8200000.0,0.0,-5400000.0,-13600000.0,-318400000.0,-16500000.0,322200000.0,0.0,357800000.0,357800000.0,357800000.0,0.0,0.0,0.113,616700000.0,550200000.0,1290100000.0,0.014,3.589,14.382,14.432,584700000.0,0.0,20.898,1.518,1.524,2194300000.0,3729800000.0,3170400000.0,3170400000.0,0.0,,,,,14000000.0,607200000.0,1.0,863991200.0,858800000.0,873600000.0,3.692,16281500000.0,81600000.0,168700000.0,0.0,18.958,
71,PGR,MRQ,2003-09-30,2003-09-30,2003-09-30,2021-09-09,329700000.0,16160600000.0,,,,,5.291,-45000000.0,21900000.0,21900000.0,1983100000.0,319800000.0,,2.52,1489600000.0,,,1489600000.0,4028700000.0,22400000.0,0.0,0.001,0.006,499100000.0,521500000.0,0.169,521500000.0,499100000.0,475100000.0,0.37,0.362,0.37,4590500000.0,,4590500000.0,16485990838.0,10.0,9.52,748900000.0,0.863,1.0,1097500000.0,0.356,0.0,24000000.0,17628300000.0,,0.0,12403900000.0,,,11570100000.0,,,15014490838.0,4000000.0,0.0,-102000000.0,0.0,-5400000.0,-107400000.0,-682500000.0,-694300000.0,793900000.0,0.0,319800000.0,319800000.0,319800000.0,0.0,0.0,0.104,598400000.0,499100000.0,1667600000.0,0.016,3.271,14.302,14.303,548000000.0,0.0,17.277,1.332,1.33,2267300000.0,3395600000.0,3080600000.0,3080600000.0,0.0,,,,,9300000.0,589000000.0,1.0,869019872.0,867600000.0,882400000.0,3.551,16160600000.0,33900000.0,155300000.0,0.0,18.627,
72,PGR,MRQ,2003-06-30,2003-06-30,2003-06-30,2021-09-09,341600000.0,15301300000.0,,,,,5.031,-37800000.0,17900000.0,17900000.0,1920300000.0,286300000.0,,2.493,1489400000.0,,,1489400000.0,3853100000.0,21500000.0,0.0,0.001,0.006,448500000.0,470000000.0,0.161,470000000.0,448500000.0,424800000.0,0.327,0.322,0.327,4380600000.0,,4380600000.0,17376900094.0,12.0,11.484,715400000.0,0.822,1.0,1000700000.0,0.343,0.0,23700000.0,16772800000.0,,0.0,11765100000.0,,,10920700000.0,,,15911000094.0,-5400000.0,0.0,-70700000.0,0.0,-5500000.0,-76200000.0,-682400000.0,-797800000.0,753200000.0,0.0,286300000.0,286300000.0,286300000.0,0.0,0.0,0.098,552200000.0,448500000.0,1426100000.0,0.018,3.632,17.513,17.538,525400000.0,0.0,18.275,1.5,1.5,2161600000.0,3180200000.0,2921000000.0,2921000000.0,0.0,,,,,16800000.0,543100000.0,1.0,870642960.0,870800000.0,886800000.0,3.354,15301300000.0,26200000.0,138500000.0,0.0,17.572,
73,PGR,MRQ,2003-03-31,2003-03-31,2003-03-31,2021-09-09,140700000.0,14154000000.0,,,,,4.536,-26300000.0,23300000.0,23300000.0,1733500000.0,291500000.0,,2.58,1489200000.0,,,1489200000.0,3590200000.0,20200000.0,0.0,0.002,0.006,457400000.0,477600000.0,0.176,477600000.0,457400000.0,433300000.0,0.335,0.33,0.335,3953600000.0,,3953600000.0,14414432302.0,12.0,10.927,541300000.0,0.621,1.0,986500000.0,0.363,0.0,24100000.0,15619900000.0,,0.0,10659900000.0,,,10200400000.0,,,12942332302.0,6400000.0,0.0,-85900000.0,0.0,-5400000.0,-91300000.0,-469900000.0,-436400000.0,567600000.0,0.0,291500000.0,291500000.0,291500000.0,0.0,0.0,0.107,529100000.0,457400000.0,1212100000.0,0.018,3.274,16.538,16.53,509200000.0,0.0,14.828,1.301,1.299,2040200000.0,2988500000.0,2720000000.0,2720000000.0,0.0,,,,,14900000.0,519900000.0,1.0,872860044.0,871600000.0,885200000.0,3.121,14154000000.0,163400000.0,141800000.0,0.0,16.239,
74,PGR,MRQ,2002-12-31,2002-12-31,2002-12-31,2021-09-09,169300000.0,13564400000.0,,,,,4.325,-27500000.0,16900000.0,16900000.0,1768800000.0,152200000.0,,2.6,1489000000.0,,,1489000000.0,3304300000.0,22400000.0,0.0,0.002,0.006,240300000.0,262700000.0,0.103,262700000.0,240300000.0,219500000.0,0.175,0.173,0.175,3768000000.0,,3768000000.0,11886430555.0,11.0,10.428,328900000.0,0.378,1.0,779600000.0,0.306,0.0,20800000.0,15036500000.0,,0.0,10284300000.0,,,9796400000.0,,,10807830555.0,-700000.0,0.0,3500000.0,397800000.0,-5400000.0,395900000.0,-753000000.0,-656200000.0,356400000.0,0.0,152200000.0,152200000.0,152200000.0,0.0,0.0,0.06,539300000.0,240300000.0,1190100000.0,0.034,2.868,16.196,16.283,503100000.0,0.0,12.408,1.163,1.169,1839500000.0,2796000000.0,2548400000.0,2548400000.0,0.0,,,,,3300000.0,530300000.0,1.0,871072380.0,871200000.0,888000000.0,2.925,13564400000.0,219200000.0,67300000.0,0.0,15.57,
75,PGR,MRQ,2002-09-30,2002-09-30,2002-09-30,2021-09-09,84200000.0,12885000000.0,,,,,4.059,-21600000.0,17600000.0,17600000.0,1653600000.0,178500000.0,,2.642,1096200000.0,,,1096200000.0,3362000000.0,21600000.0,0.0,0.002,0.006,281300000.0,302900000.0,0.125,302900000.0,281300000.0,263700000.0,0.205,0.2,0.205,3537600000.0,,3537600000.0,12104541812.0,12.0,11.095,502900000.0,0.577,1.0,765000000.0,0.316,0.0,17600000.0,13963600000.0,,0.0,9565000000.0,,,9347400000.0,,,11023441812.0,2700000.0,0.0,-41400000.0,0.0,-5500000.0,-46900000.0,-474900000.0,-256300000.0,524500000.0,0.0,178500000.0,178500000.0,178500000.0,0.0,0.0,0.074,483700000.0,281300000.0,1256900000.0,0.029,3.116,17.23,17.411,498100000.0,0.0,12.658,1.262,1.263,1890500000.0,2649100000.0,2418600000.0,2418600000.0,0.0,,,,,4100000.0,475000000.0,1.0,870901980.0,871600000.0,887200000.0,2.775,12885000000.0,209100000.0,85200000.0,0.0,14.783,
76,PGR,MRQ,2002-06-30,2002-06-30,2002-06-30,2021-09-09,62000000.0,12497200000.0,,,,,3.844,-19900000.0,14900000.0,14900000.0,1519300000.0,160400000.0,,2.698,1096000000.0,,,1096000000.0,3194000000.0,20900000.0,0.0,0.001,0.006,255000000.0,275900000.0,0.122,275900000.0,255000000.0,236900000.0,0.182,0.177,0.182,3379500000.0,,3379500000.0,13805860823.0,16.0,14.384,555000000.0,0.631,1.0,739500000.0,0.327,0.0,18100000.0,13578300000.0,,0.0,9310000000.0,,,9117700000.0,,,12724860823.0,0.0,0.0,-138700000.0,0.0,-5100000.0,-143800000.0,-431100000.0,-551400000.0,574900000.0,0.0,160400000.0,160400000.0,160400000.0,0.0,0.0,0.071,484500000.0,255000000.0,1391100000.0,0.033,3.765,22.817,22.884,498300000.0,0.0,14.463,1.556,1.555,1830200000.0,2517100000.0,2258800000.0,2258800000.0,0.0,,,,,5400000.0,476800000.0,1.0,879852088.0,879200000.0,897600000.0,2.569,12497200000.0,152400000.0,76500000.0,0.0,14.214,
77,PGR,MRQ,2002-03-31,2002-03-31,2002-03-31,2021-09-09,74000000.0,11844200000.0,,,,,3.821,-20900000.0,14900000.0,14900000.0,1357400000.0,176200000.0,,2.515,1095900000.0,,,1095900000.0,2942700000.0,19000000.0,0.0,0.001,0.006,279400000.0,298400000.0,0.144,298400000.0,279400000.0,261300000.0,0.2,0.195,0.2,3369700000.0,,3369700000.0,13337347233.0,17.0,15.412,435300000.0,0.494,1.0,711200000.0,0.344,0.0,18100000.0,12925200000.0,,0.0,8788600000.0,,,8474500000.0,,,12252847233.0,3700000.0,0.0,-15100000.0,0.0,-5100000.0,-20200000.0,-432300000.0,-652800000.0,456200000.0,0.0,176200000.0,176200000.0,176200000.0,0.0,0.0,0.085,431800000.0,279400000.0,1140600000.0,0.03,3.636,24.457,24.442,499900000.0,0.0,13.883,1.574,1.573,1703600000.0,2498700000.0,2068600000.0,2068600000.0,0.0,,,,,6500000.0,423700000.0,1.0,882558024.0,882000000.0,899200000.0,2.345,11844200000.0,186500000.0,85100000.0,0.0,13.429,
78,PGR,MRQ,2001-12-31,2001-12-31,2001-12-31,2021-09-09,116700000.0,11122400000.0,,,,,3.682,-14300000.0,11200000.0,11200000.0,1362400000.0,124700000.0,,2.422,1095700000.0,,,1095700000.0,2716700000.0,22800000.0,0.0,0.001,0.006,191000000.0,213800000.0,0.107,213800000.0,191000000.0,176800000.0,0.14,0.14,0.14,3250700000.0,,3250700000.0,11670425097.0,18.0,16.191,102500000.0,0.116,1.0,629300000.0,0.316,0.0,14200000.0,12206900000.0,,0.0,8226300000.0,,,7871700000.0,,,10944725097.0,-12200000.0,0.0,-3900000.0,364900000.0,-5100000.0,355900000.0,-484900000.0,-300800000.0,116800000.0,0.0,124700000.0,124700000.0,124700000.0,0.0,0.0,0.063,438300000.0,191000000.0,821300000.0,0.043,3.367,26.604,26.756,498000000.0,0.0,12.442,1.462,1.469,1574700000.0,2497400000.0,1991700000.0,1991700000.0,0.0,,,,,8600000.0,430000000.0,1.0,879683196.0,882800000.0,902000000.0,2.256,11122400000.0,178100000.0,52100000.0,0.0,12.599,
79,PGR,MRQ,2001-09-30,2001-09-30,2001-09-30,2021-09-09,98500000.0,10858200000.0,,,,,3.511,-20700000.0,23400000.0,23400000.0,1307600000.0,96400000.0,,2.501,749100000.0,,,749100000.0,2795400000.0,20600000.0,0.0,0.002,0.0,151100000.0,171700000.0,0.092,171700000.0,151100000.0,138200000.0,0.11,0.107,0.11,3101200000.0,,3101200000.0,10576494807.0,20.0,17.324,404600000.0,0.458,1.0,552500000.0,0.297,0.0,12900000.0,11583900000.0,,0.0,7930000000.0,,,7757000000.0,,,9866194807.0,-15300000.0,0.0,-75100000.0,0.0,-5200000.0,-80300000.0,-360300000.0,-487800000.0,425300000.0,0.0,96400000.0,96400000.0,96400000.0,0.0,0.0,0.052,401400000.0,151100000.0,1035500000.0,0.0,3.181,29.478,29.364,506600000.0,0.0,11.158,1.359,1.357,1853800000.0,2388300000.0,1860100000.0,1860100000.0,0.0,,,,,3200000.0,393700000.0,1.0,884199684.0,883200000.0,900400000.0,2.106,10858200000.0,112900000.0,41800000.0,0.0,12.294,
80,PGR,MRQ,2001-06-30,2001-06-30,2001-06-30,2021-09-09,41300000.0,10429700000.0,,,,,3.41,-17500000.0,38700000.0,38700000.0,1318100000.0,103700000.0,,2.45,749000000.0,,,749000000.0,2719500000.0,19500000.0,0.0,0.002,0.006,162000000.0,181500000.0,0.097,181500000.0,162000000.0,149200000.0,0.117,0.115,0.117,3022800000.0,,3022800000.0,10710321644.0,22.0,19.126,330700000.0,0.373,1.0,544500000.0,0.292,0.0,12800000.0,11140000000.0,,0.0,7449200000.0,,,7406900000.0,,,9983721644.0,16400000.0,-40300000.0,-20400000.0,0.0,-5100000.0,-25500000.0,-306300000.0,-174800000.0,348200000.0,0.0,103700000.0,103700000.0,103700000.0,0.0,0.0,0.056,382500000.0,162000000.0,824800000.0,0.051,3.303,33.604,33.432,506900000.0,0.0,11.267,1.396,1.396,1817200000.0,2367000000.0,1862600000.0,1862600000.0,0.0,,,,,11200000.0,375300000.0,1.0,886129140.0,886400000.0,903200000.0,2.101,10429700000.0,182300000.0,45500000.0,0.0,11.766,
81,PGR,MRQ,2001-03-31,2001-03-31,2001-03-31,2021-09-09,38600000.0,10232700000.0,,,,,3.32,-22400000.0,22300000.0,22300000.0,1276000000.0,86600000.0,,2.49,748900000.0,,,748900000.0,2630700000.0,18100000.0,0.0,0.003,0.006,135700000.0,153800000.0,0.087,153800000.0,135700000.0,123400000.0,0.098,0.098,0.098,2931900000.0,,2931900000.0,7890924048.0,26.0,20.523,321900000.0,0.364,1.0,497800000.0,0.281,0.0,12300000.0,10959300000.0,,0.0,7283000000.0,,,7300800000.0,,,7151024048.0,13400000.0,40300000.0,5200000.0,0.0,-5200000.0,0.0,-330900000.0,-348800000.0,344300000.0,0.0,86600000.0,86600000.0,86600000.0,0.0,0.0,0.049,362100000.0,135700000.0,883500000.0,0.061,2.439,39.883,39.84,509200000.0,0.0,8.088,1.03,1.029,1796500000.0,2302000000.0,1773800000.0,1773800000.0,0.0,,,,,1400000.0,352800000.0,1.0,884206992.0,883200000.0,897600000.0,2.008,10232700000.0,218000000.0,36800000.0,0.0,11.586,
82,PGR,MRQ,2000-12-31,2000-12-31,2000-12-31,2021-09-09,64700000.0,10051600000.0,,,,,3.254,-27300000.0,8900000.0,8900000.0,1307700000.0,48000000.0,,2.503,748800000.0,,,748800000.0,2636500000.0,19500000.0,0.0,0.003,0.006,84000000.0,103500000.0,0.059,103500000.0,84000000.0,65900000.0,0.055,0.055,0.055,2869800000.0,,2869800000.0,8639819456.0,79.0,46.153,98100000.0,0.111,1.0,457000000.0,0.259,0.0,18100000.0,10791500000.0,,0.0,6983300000.0,,,7181800000.0,,,7609919456.0,-10300000.0,0.0,5200000.0,-300400000.0,-5200000.0,-299700000.0,164000000.0,127000000.0,125400000.0,0.0,48000000.0,48000000.0,48000000.0,0.0,0.0,0.027,373000000.0,84000000.0,810100000.0,0.109,2.652,165.074,166.026,504500000.0,0.0,8.633,1.124,1.12,1900400000.0,2220400000.0,1764700000.0,1764700000.0,0.0,,,,,3900000.0,361900000.0,1.0,881457852.0,882000000.0,896800000.0,2.001,10051600000.0,241100000.0,17900000.0,0.0,11.396,
83,PGR,MRQ,2000-09-30,2000-09-30,2000-09-30,2021-09-09,50900000.0,10493500000.0,,,,,3.178,-36100000.0,19200000.0,19200000.0,1317900000.0,58800000.0,,2.754,1049100000.0,,,1049100000.0,2951300000.0,20300000.0,0.0,0.003,0.006,100900000.0,121200000.0,0.069,121200000.0,100900000.0,81100000.0,0.067,0.066,0.067,2795000000.0,,2795000000.0,7039729488.0,167.0,57.514,242100000.0,0.275,1.0,434100000.0,0.248,0.0,19800000.0,11523400000.0,,0.0,7065000000.0,,,7698500000.0,,,5999729488.0,10300000.0,0.0,1400000.0,0.0,-5100000.0,-3100000.0,-264800000.0,-228700000.0,278200000.0,0.0,58800000.0,58800000.0,58800000.0,0.0,0.0,0.034,333200000.0,100900000.0,780000000.0,0.09,2.147,3157.752,3411.667,496400000.0,0.0,6.823,0.908,0.908,2177700000.0,2178200000.0,1752000000.0,1752000000.0,0.0,,,,,600000.0,324300000.0,1.0,879295968.0,879600000.0,891600000.0,1.992,10493500000.0,281700000.0,22300000.0,0.0,11.93,
84,PGR,MRQ,2000-06-30,2000-06-30,2000-06-30,2021-09-09,42900000.0,10552800000.0,,,,,3.113,-28600000.0,8900000.0,8900000.0,1332100000.0,-14100000.0,,2.865,1048900000.0,,,1048900000.0,3005300000.0,19400000.0,0.0,0.004,0.005,-13400000.0,6000000.0,0.004,6000000.0,-13400000.0,-33400000.0,-0.016,-0.016,-0.016,2730300000.0,,2730300000.0,6442614194.0,99.0,44.647,207200000.0,0.236,1.0,320700000.0,0.194,0.0,20000000.0,11592800000.0,,0.0,7056400000.0,,,7822500000.0,,,5404914194.0,-2100000.0,0.0,6700000.0,0.0,-4800000.0,2500000.0,-240400000.0,-211800000.0,235800000.0,0.0,-14100000.0,-14100000.0,-14100000.0,0.0,0.0,-0.009,334100000.0,-13400000.0,995200000.0,-0.312,1.98,316.077,324.561,479400000.0,0.0,6.167,0.839,0.839,2244700000.0,2125600000.0,1652800000.0,1652800000.0,0.0,,,,,5000000.0,326600000.0,1.0,876472572.0,877200000.0,891600000.0,1.884,10552800000.0,309300000.0,-19300000.0,0.0,12.03,
85,PGR,MRQ,2000-03-31,2000-03-31,2000-03-31,2021-09-09,28500000.0,9974500000.0,,,,,3.109,-38300000.0,11000000.0,11000000.0,1321700000.0,-46600000.0,,2.662,1048700000.0,,,1048700000.0,2904800000.0,18400000.0,0.0,0.003,0.005,-61900000.0,-43500000.0,-0.027,-43500000.0,-61900000.0,-81800000.0,-0.053,-0.053,-0.053,2723600000.0,,2723600000.0,6586302495.0,25.0,19.684,144700000.0,0.165,1.0,279800000.0,0.175,0.0,19900000.0,11012200000.0,,0.0,6555100000.0,,,7250900000.0,,,5551902495.0,-3200000.0,0.0,-12500000.0,0.0,-4700000.0,-16700000.0,-169500000.0,-131200000.0,183000000.0,0.0,-46600000.0,-46600000.0,-46600000.0,0.0,0.0,-0.029,341700000.0,-61900000.0,705800000.0,-0.094,2.038,38.743,38.885,469200000.0,0.0,6.338,0.879,0.879,2186700000.0,2145600000.0,1601500000.0,1601500000.0,0.0,,,,,1800000.0,334500000.0,1.0,875924664.0,876000000.0,886800000.0,1.828,9974500000.0,293200000.0,-35200000.0,0.0,11.386,
86,PGR,MRQ,1999-12-31,1999-12-31,1999-12-31,2021-09-09,-3400000.0,9704700000.0,,,,,3.147,-31100000.0,14200000.0,14200000.0,1227800000.0,3800000.0,,2.525,1048600000.0,,,1048600000.0,2781400000.0,22100000.0,0.0,0.004,0.005,16600000.0,38700000.0,0.024,38700000.0,16600000.0,-3200000.0,0.004,0.005,0.004,2752800000.0,,2752800000.0,6378898404.0,13.0,11.383,43800000.0,0.05,1.0,376500000.0,0.235,0.0,19800000.0,10739100000.0,,0.0,6427700000.0,,,6951900000.0,,,5346698404.0,5600000.0,-4200000.0,500000.0,7700000.0,-4800000.0,3600000.0,-72900000.0,-37600000.0,74900000.0,0.0,3800000.0,3800000.0,3800000.0,0.0,0.0,0.002,359900000.0,16600000.0,705700000.0,1.25,1.942,18.112,18.03,447700000.0,0.0,6.094,0.873,0.871,2103800000.0,2210500000.0,1604300000.0,1604300000.0,0.0,,,,,600000.0,350500000.0,1.0,877346928.0,874800000.0,891600000.0,1.834,9704700000.0,273700000.0,-7000000.0,0.0,11.094,
87,PGR,MRQ,1999-09-30,1999-09-30,1999-09-30,2021-09-09,7500000.0,9744200000.0,,,,,3.154,-37600000.0,8600000.0,8600000.0,1110000000.0,74000000.0,,2.527,1040800000.0,,,1040800000.0,2895700000.0,19200000.0,0.0,0.003,0.005,123900000.0,143100000.0,0.09,143100000.0,123900000.0,104200000.0,0.084,0.083,0.084,2762700000.0,,2762700000.0,6978921630.0,12.0,10.558,202200000.0,0.231,1.0,475200000.0,0.3,0.0,19700000.0,10776400000.0,,0.0,6351400000.0,,,6981500000.0,,,5959121630.0,-12200000.0,0.0,3100000.0,0.0,-4800000.0,-15600000.0,-236400000.0,-198800000.0,239800000.0,0.0,74000000.0,74000000.0,74000000.0,0.0,0.0,0.047,351300000.0,123900000.0,701700000.0,0.06,2.157,16.11,16.093,439700000.0,0.0,6.808,1.017,1.018,2204700000.0,2211100000.0,1585200000.0,1585200000.0,0.0,,,,,19800000.0,334900000.0,1.0,875375928.0,876000000.0,895200000.0,1.81,9744200000.0,250800000.0,30200000.0,0.0,11.124,
88,PGR,MRQ,1999-06-30,1999-06-30,1999-06-30,2021-09-09,87200000.0,9610300000.0,,,,,3.159,-23400000.0,20800000.0,20800000.0,1004700000.0,112100000.0,,2.478,1040600000.0,,,1040600000.0,2768800000.0,15500000.0,0.0,0.002,0.005,180800000.0,196300000.0,0.129,196300000.0,180800000.0,160700000.0,0.128,0.125,0.128,2763300000.0,,2763300000.0,11615671290.0,17.0,15.612,209200000.0,0.239,1.0,520000000.0,0.341,0.0,20100000.0,10630100000.0,,0.0,6380100000.0,,,6847000000.0,,,10570471290.0,-4500000.0,-5700000.0,2300000.0,-30000000.0,-4700000.0,-28900000.0,-208200000.0,-179100000.0,232600000.0,0.0,112100000.0,112100000.0,112100000.0,0.0,0.0,0.074,339200000.0,180800000.0,775500000.0,0.039,3.825,24.525,24.46,420100000.0,0.0,12.083,1.875,1.875,2118300000.0,2141000000.0,1524700000.0,1524700000.0,0.0,,,,,0.0,326700000.0,1.0,874797624.0,874800000.0,897600000.0,1.743,9610300000.0,203600000.0,48600000.0,0.0,10.986,
89,PGR,MRQ,1999-03-31,1999-03-31,1999-03-31,2021-09-09,122800000.0,9175900000.0,,,,,3.079,-43300000.0,25300000.0,25300000.0,913900000.0,105300000.0,,2.416,1070500000.0,,,1070500000.0,2562400000.0,15000000.0,0.0,0.002,0.005,167300000.0,182300000.0,0.129,182300000.0,167300000.0,150500000.0,0.121,0.117,0.121,2685800000.0,,2685800000.0,11207651345.0,16.0,14.831,204000000.0,0.234,1.0,496100000.0,0.352,0.0,16800000.0,10221100000.0,,0.0,6201300000.0,,,6490100000.0,,,10449651345.0,6700000.0,0.0,6100000.0,293700000.0,-4700000.0,306200000.0,-546800000.0,-503500000.0,247300000.0,0.0,105300000.0,105300000.0,105300000.0,0.0,0.0,0.075,328800000.0,167300000.0,644100000.0,0.041,3.891,23.647,23.54,404800000.0,0.0,11.958,1.918,1.915,1978600000.0,2033700000.0,1410000000.0,1410000000.0,0.0,,,,,0.0,316700000.0,1.0,873838440.0,872400000.0,896400000.0,1.616,9175900000.0,154100000.0,45200000.0,0.0,10.518,
90,PGR,MRQ,1998-12-31,1998-12-31,1998-12-31,2021-09-09,113300000.0,8463100000.0,,,,,2.939,-38000000.0,18600000.0,18600000.0,895100000.0,78500000.0,,2.31,776600000.0,,,776600000.0,2329700000.0,15100000.0,0.0,0.002,0.005,124200000.0,139300000.0,0.104,139300000.0,124200000.0,109100000.0,0.09,0.088,0.09,2557100000.0,,2557100000.0,13024257782.0,18.0,16.734,9200000.0,0.011,1.0,444000000.0,0.332,0.0,15100000.0,9221100000.0,,0.0,5674300000.0,,,5906000000.0,,,12279957782.0,-13500000.0,0.0,2700000.0,0.0,-4700000.0,-18500000.0,-42200000.0,-4200000.0,47200000.0,0.0,78500000.0,78500000.0,78500000.0,0.0,0.0,0.059,319800000.0,124200000.0,582000000.0,0.056,4.802,26.888,26.889,376200000.0,0.0,14.117,2.32,2.321,1814900000.0,1932600000.0,1339100000.0,1339100000.0,0.0,,,,,25600000.0,311200000.0,1.0,869890752.0,870000000.0,892800000.0,1.539,8463100000.0,192900000.0,30600000.0,0.0,9.728,
91,PGR,MRQ,1998-09-30,1998-09-30,1998-09-30,2021-09-09,41500000.0,8336100000.0,,,,,2.772,-53000000.0,32100000.0,32100000.0,847400000.0,135100000.0,,2.457,776400000.0,,,776400000.0,2377300000.0,13800000.0,0.0,0.003,0.005,212300000.0,226100000.0,0.166,226100000.0,212300000.0,197600000.0,0.155,0.151,0.155,2411700000.0,,2411700000.0,8950563637.0,12.0,10.931,165500000.0,0.19,1.0,515900000.0,0.378,0.0,14700000.0,9080400000.0,,0.0,5563800000.0,,,5924400000.0,,,8195563637.0,10900000.0,0.0,-37800000.0,0.0,-4700000.0,-34600000.0,-173000000.0,-120000000.0,218500000.0,0.0,135100000.0,135100000.0,135100000.0,0.0,0.0,0.099,303600000.0,212300000.0,567200000.0,0.032,3.398,16.954,16.876,355300000.0,0.0,9.4,1.554,1.551,1822000000.0,1860800000.0,1363300000.0,1363300000.0,0.0,,,,,0.0,293400000.0,1.0,871868472.0,870000000.0,896400000.0,1.567,8336100000.0,178900000.0,62500000.0,0.0,9.582,
92,PGR,MRQ,1998-06-30,1998-06-30,1998-06-30,2021-09-09,142900000.0,8285700000.0,,,,,2.771,-44300000.0,21200000.0,21200000.0,849600000.0,123000000.0,,2.437,776200000.0,,,776200000.0,2301800000.0,14300000.0,0.0,0.002,0.005,193700000.0,208000000.0,0.156,208000000.0,193700000.0,178500000.0,0.142,0.134,0.142,2411000000.0,,2411000000.0,10985834500.0,15.0,13.934,138600000.0,0.159,1.0,485500000.0,0.364,0.0,15200000.0,9040700000.0,,0.0,5675400000.0,,,5874700000.0,,,10223134500.0,7800000.0,0.0,1700000.0,0.0,-4400000.0,2100000.0,-177200000.0,-132900000.0,182900000.0,0.0,123000000.0,123000000.0,123000000.0,0.0,0.0,0.092,291800000.0,193700000.0,595900000.0,0.035,4.24,22.009,21.922,315900000.0,0.0,11.75,2.0,1.999,1770700000.0,1768300000.0,1335100000.0,1335100000.0,0.0,,,,,0.0,284300000.0,1.0,870054000.0,870000000.0,914400000.0,1.535,8285700000.0,132400000.0,55500000.0,0.0,9.524,
93,PGR,MRQ,1998-03-31,1998-03-31,1998-03-31,2021-09-09,159300000.0,7930700000.0,,,,,2.65,-38900000.0,13400000.0,13400000.0,784200000.0,120100000.0,,2.445,776100000.0,,,776100000.0,2178700000.0,12900000.0,0.0,0.002,0.01,192000000.0,204900000.0,0.163,204900000.0,192000000.0,175900000.0,0.138,0.132,0.138,2302400000.0,,2302400000.0,10508557310.0,15.0,13.941,154700000.0,0.178,1.0,470700000.0,0.375,0.0,16100000.0,8693400000.0,,0.0,5496900000.0,,,5628300000.0,,,9755957310.0,-9900000.0,0.0,2300000.0,0.0,-4300000.0,3200000.0,-206700000.0,-167800000.0,193600000.0,0.0,120100000.0,120100000.0,120100000.0,0.0,0.0,0.096,278700000.0,192000000.0,496700000.0,0.072,4.237,21.993,21.924,286300000.0,0.0,11.225,1.992,1.992,1715800000.0,1649800000.0,1254900000.0,1254900000.0,0.0,,,,,0.0,266800000.0,1.0,869127600.0,868800000.0,910800000.0,1.444,7930700000.0,62500000.0,55800000.0,0.0,9.128,
94,PGR,MRQ,1997-12-31,1997-12-31,1997-12-31,2021-09-09,122300000.0,7559600000.0,,,,,2.462,-44200000.0,23300000.0,23300000.0,850600000.0,105200000.0,,2.539,775900000.0,,,775900000.0,1980100000.0,11700000.0,0.0,0.002,0.005,168100000.0,179800000.0,0.136,179800000.0,168100000.0,151900000.0,0.122,0.116,0.122,2135900000.0,,2135900000.0,9418029794.0,15.0,13.856,52500000.0,0.061,1.0,468900000.0,0.355,0.0,16200000.0,8312200000.0,,0.0,5270400000.0,,,5423700000.0,,,8662829794.0,2600000.0,0.0,600000.0,-100000.0,-4300000.0,-1700000.0,-92400000.0,-48200000.0,96700000.0,0.0,105200000.0,105200000.0,105200000.0,0.0,0.0,0.08,300800000.0,168100000.0,486400000.0,0.041,4.056,21.657,21.58,260400000.0,0.0,9.992,1.88,1.873,1558100000.0,1534800000.0,1319500000.0,1319500000.0,0.0,,,,,0.0,287200000.0,1.0,867005484.0,867600000.0,907200000.0,1.521,7559600000.0,116500000.0,46700000.0,0.0,8.713,
95,PGR,MRQ,1997-09-30,1997-09-30,1997-09-30,2021-09-09,147500000.0,7544000000.0,,,,,2.385,-40700000.0,20700000.0,20700000.0,756900000.0,116200000.0,,2.655,775900000.0,,,775900000.0,1979800000.0,9800000.0,0.0,0.002,0.005,185900000.0,195700000.0,0.163,195700000.0,185900000.0,169700000.0,0.134,0.128,0.134,2063800000.0,,2063800000.0,8478165025.0,14.0,12.973,182400000.0,0.211,1.0,446400000.0,0.371,0.0,16200000.0,8299200000.0,,0.0,5281300000.0,,,5480200000.0,,,7720865025.0,2100000.0,0.0,800000.0,-100000.0,-4400000.0,4000000.0,-225000000.0,-184300000.0,223100000.0,0.0,116200000.0,116200000.0,116200000.0,0.0,0.0,0.097,260500000.0,185900000.0,573600000.0,0.037,3.741,20.313,19.53,227600000.0,0.0,8.925,1.827,1.827,1578400000.0,1434200000.0,1203300000.0,1203300000.0,0.0,,,,,0.0,246800000.0,1.0,865082916.0,865200000.0,907200000.0,1.391,7544000000.0,93000000.0,53500000.0,0.0,8.719,
96,PGR,MRQ,1997-06-30,1997-06-30,1997-06-30,2021-09-09,106000000.0,7108000000.0,,,,,2.204,-17500000.0,18600000.0,18600000.0,724800000.0,102100000.0,,2.737,775900000.0,,,775900000.0,1863400000.0,8500000.0,0.0,0.003,0.005,164900000.0,173400000.0,0.155,173400000.0,164900000.0,148800000.0,0.118,0.113,0.118,1902000000.0,,1902000000.0,7005066089.0,12.0,11.835,179300000.0,0.208,1.0,394000000.0,0.352,0.0,16100000.0,7865300000.0,,0.0,4969500000.0,,,5206000000.0,,,6257566089.0,-9700000.0,0.0,3200000.0,-100000.0,-4300000.0,1600000.0,-208100000.0,-190600000.0,196800000.0,0.0,102100000.0,102100000.0,102100000.0,0.0,0.0,0.091,229100000.0,164900000.0,475000000.0,0.042,3.29,18.18,17.597,195800000.0,0.0,7.25,1.598,1.597,1512000000.0,1325100000.0,1118800000.0,1118800000.0,0.0,,,,,0.0,215400000.0,1.0,863112564.0,862800000.0,900000000.0,1.297,7108000000.0,74100000.0,46700000.0,0.0,8.238,
97,PGR,MRQ,1997-03-31,1997-03-31,1997-03-31,2021-09-09,59700000.0,6675300000.0,,,,,2.024,-19500000.0,28300000.0,28300000.0,635200000.0,76500000.0,,2.834,775800000.0,,,775800000.0,1671300000.0,6600000.0,0.0,0.004,0.005,124200000.0,130800000.0,0.135,130800000.0,124200000.0,108100000.0,0.089,0.085,0.089,1741100000.0,,1741100000.0,5347271304.0,10.0,9.701,198600000.0,0.231,1.0,331300000.0,0.343,0.0,16100000.0,7422800000.0,,0.0,4677800000.0,,,4934200000.0,,,4586971304.0,12900000.0,-48000000.0,6600000.0,-20100000.0,-4300000.0,-12800000.0,-192400000.0,-124900000.0,218100000.0,0.0,76500000.0,76500000.0,76500000.0,0.0,0.0,0.079,207100000.0,124200000.0,469800000.0,0.056,2.635,14.312,14.083,185700000.0,0.0,5.323,1.258,1.256,1400200000.0,1216500000.0,966500000.0,966500000.0,0.0,,,,,0.0,194400000.0,1.0,861672756.0,860400000.0,897600000.0,1.123,6675300000.0,71600000.0,31600000.0,0.0,7.758,
98,PGR,MRQ,1996-12-31,1996-12-31,1996-12-31,2021-09-09,74000000.0,6183900000.0,,,,,1.952,-10100000.0,15400000.0,15400000.0,599400000.0,91700000.0,,2.688,775700000.0,,,775700000.0,1467300000.0,5900000.0,0.0,0.003,0.005,147700000.0,153600000.0,0.164,153600000.0,147700000.0,131600000.0,0.115,0.104,0.115,1676900000.0,,1676900000.0,,,,101400000.0,0.118,1.0,338000000.0,0.361,0.0,16100000.0,6944200000.0,,0.0,4450600000.0,,,4507000000.0,,,4837574464.0,6100000.0,0.0,1300000.0,-100000.0,-4300000.0,-1000000.0,-104400000.0,-94300000.0,111500000.0,0.0,91700000.0,85300000.0,85300000.0,0.0,0.0,0.091,190300000.0,147700000.0,420100000.0,0.043,2.885,15.742,15.726,169900000.0,6400000.0,5.614,1.391,1.387,1216600000.0,1149600000.0,937400000.0,937400000.0,0.0,,,,,0.0,177700000.0,1.0,861672756.0,859200000.0,,1.091,6183900000.0,62100000.0,39900000.0,0.0,7.197,
99,PGR,MRQ,1996-09-30,1996-09-30,1996-09-30,2021-09-09,37300000.0,5987200000.0,,,,,,-7600000.0,9300000.0,9300000.0,572700000.0,80300000.0,,2.863,775600000.0,,,775600000.0,1449400000.0,5100000.0,0.0,0.004,0.005,129000000.0,134100000.0,0.15,134100000.0,129000000.0,112900000.0,0.09,0.09,0.09,1549800000.0,,1549800000.0,,,,220300000.0,,1.0,321200000.0,0.359,0.0,16100000.0,6753500000.0,,0.0,4249000000.0,,,4437400000.0,,,,-1900000.0,0.0,900000.0,-100000.0,-4200000.0,-2500000.0,-227300000.0,-219700000.0,227900000.0,0.0,80300000.0,80300000.0,80300000.0,0.0,0.0,0.09,192200000.0,129000000.0,405400000.0,0.056,,,,165600000.0,0.0,4.771,,,1211400000.0,1062900000.0,893900000.0,893900000.0,0.0,,,,,0.0,181600000.0,1.0,,,,,5987200000.0,71800000.0,32600000.0,0.0,,
100,PGR,MRQ,1996-06-30,1996-06-30,1996-06-30,2021-09-09,25200000.0,5793700000.0,,,,,,-7000000.0,11200000.0,11200000.0,538600000.0,78400000.0,,2.97,775600000.0,,,775600000.0,1399400000.0,7600000.0,0.0,0.005,0.005,125100000.0,132700000.0,0.156,132700000.0,125100000.0,110100000.0,0.084,0.084,0.084,1459500000.0,,1459500000.0,,,,146700000.0,,1.0,309500000.0,0.365,0.0,15000000.0,6558100000.0,,0.0,4069000000.0,,,4334200000.0,,,,-2700000.0,0.0,-38700000.0,99500000.0,-5200000.0,-24700000.0,-131700000.0,-124700000.0,153700000.0,0.0,78400000.0,78400000.0,78400000.0,0.0,0.0,0.092,184400000.0,125100000.0,426100000.0,0.06,,,,166900000.0,0.0,3.938,,,1201400000.0,986700000.0,848100000.0,848100000.0,0.0,,,,,0.0,170700000.0,1.0,,,,,5793700000.0,77800000.0,31700000.0,0.0,,
101,PGR,MRQ,1996-03-31,1996-03-31,1996-03-31,2021-09-09,26600000.0,5686700000.0,,,,,,-11100000.0,13900000.0,13900000.0,525400000.0,63300000.0,,2.775,675900000.0,,,675900000.0,1295800000.0,5200000.0,0.0,0.005,0.005,101400000.0,106600000.0,0.133,106600000.0,101400000.0,87100000.0,0.068,0.068,0.068,1506600000.0,,1506600000.0,,,,148000000.0,,1.0,273600000.0,0.342,0.0,14300000.0,6348700000.0,,0.0,4067400000.0,,,4180100000.0,,,,-2300000.0,0.0,-4500000.0,-100000.0,-5900000.0,-8100000.0,-153300000.0,-142200000.0,159100000.0,0.0,63300000.0,63300000.0,63300000.0,0.0,0.0,0.079,172200000.0,101400000.0,517100000.0,0.074,,,,165100000.0,0.0,3.688,,,1134100000.0,949400000.0,799000000.0,799000000.0,0.0,,,,,0.0,161100000.0,1.0,,,,,5686700000.0,54100000.0,23800000.0,0.0,,
102,PGR,MRQ,1995-12-31,1995-12-31,1995-12-31,2021-09-09,51100000.0,5352500000.0,,,,,1.713,,16200000.0,16200000.0,,,,2.627,675900000.0,,,675900000.0,1209600000.0,,0.0,0.004,0.005,,,,,,,,,,1475800000.0,,1475800000.0,,,,,,1.0,,,0.0,,6012200000.0,,0.0,3768000000.0,,,3876700000.0,,,,,,,,,,,,,,,,,,,,,,339900000.0,,,,14.496,159200000.0,,4.073,,1.165,1058500000.0,894200000.0,,,,,,,,,,1.0,,861600000.0,,,5352500000.0,58300000.0,,0.0,6.212,
0,PGR,MRT,2021-06-30,2021-06-30,2021-06-30,2021-09-09,483200000.0,69824300000.0,65556675000.0,,,0.697,31.946,-182700000.0,114600000.0,114600000.0,29206100000.0,5485200000.0,,2.739,5397500000.0,,,5397500000.0,15555900000.0,330800000.0,0.0,0.05,4.9,7122200000.0,7453000000.0,0.163,7453000000.0,7122200000.0,6896800000.0,9.33,9.29,9.33,18675600000.0,17909475000.0,18675600000.0,62741503825.0,9.0,8.418,7782700000.0,13.313,1.0,16507600000.0,0.361,599200000.0,225400000.0,74508000000.0,70233925000.0,0.0,50942800000.0,,,51148700000.0,,,57467903825.0,5500000.0,-313200000.0,-177900000.0,-20000000.0,-2870100000.0,-3094800000.0,-4865100000.0,-4503400000.0,7965400000.0,0.0,5485200000.0,5465000000.0,5465000000.0,0.0,0.0,0.12,9385400000.0,7122200000.0,6080300000.0,0.525,3.077,10.516,10.526,1086400000.0,26900000.0,98.21,1.257,1.256,14765300000.0,15401000000.0,45713700000.0,45713700000.0,0.0,0.083,0.305,0.101,0.156,86900000.0,9140900000.0,1.0,585153282.0,584600000.0,586800000.0,78.197,69225100000.0,0.0,1411600000.0,219400000.0,118.414,
1,PGR,MRT,2021-03-31,2021-03-31,2021-03-31,2021-09-09,392300000.0,65413300000.0,62955950000.0,,,0.711,30.495,-185700000.0,123200000.0,123200000.0,27154500000.0,6485500000.0,,2.667,5396800000.0,,,5396800000.0,15045900000.0,331800000.0,0.0,0.051,4.9,8391800000.0,8723600000.0,0.195,8723600000.0,8391800000.0,8166400000.0,11.04,10.99,11.04,17836500000.0,17408225000.0,17836500000.0,61322940274.0,7.0,7.03,7708600000.0,13.179,1.0,17625400000.0,0.394,609900000.0,225400000.0,70077000000.0,67620575000.0,0.0,47400600000.0,,,47576800000.0,,,56003340274.0,-247200000.0,0.0,-162600000.0,0.0,-2870100000.0,-3302500000.0,-4839000000.0,-4418400000.0,7894300000.0,0.0,6485500000.0,6465300000.0,6465300000.0,0.0,0.0,0.144,9233600000.0,8391800000.0,5828900000.0,0.444,3.14,8.662,8.66,1077400000.0,26900000.0,95.61,1.251,1.249,14029600000.0,14679600000.0,44779900000.0,44779900000.0,0.0,0.103,0.371,0.124,0.187,81900000.0,9006000000.0,1.0,585747728.0,584900000.0,586900000.0,76.56,64803400000.0,0.0,1680900000.0,241500000.0,110.794,
2,PGR,MRT,2020-12-31,2020-12-31,2020-12-31,2021-09-09,931700000.0,64098300000.0,60669225000.0,,,0.703,29.131,-201600000.0,76500000.0,76500000.0,26199200000.0,5704600000.0,,2.762,5396100000.0,,,5396100000.0,13437500000.0,331800000.0,0.0,0.027,2.65,7390200000.0,7722000000.0,0.181,7722000000.0,7390200000.0,7173200000.0,9.71,9.66,9.71,17038600000.0,16536975000.0,17038600000.0,63208229053.0,9.0,8.185,6704000000.0,11.462,1.0,16458900000.0,0.386,624100000.0,217000000.0,68793800000.0,65257200000.0,0.0,47530300000.0,,,47059700000.0,,,57903929053.0,-150900000.0,0.0,-104300000.0,986300000.0,-1551000000.0,-938800000.0,-6117700000.0,-5999700000.0,6905600000.0,0.0,5704600000.0,5677700000.0,5677700000.0,0.0,0.0,0.133,9068700000.0,7390200000.0,7650300000.0,0.273,3.398,10.198,10.183,1106000000.0,26900000.0,98.88,1.357,1.356,12547600000.0,13354900000.0,42658100000.0,42658100000.0,0.0,0.094,0.343,0.113,0.173,89400000.0,8843200000.0,1.0,585597988.0,584900000.0,587600000.0,72.932,63474200000.0,0.0,1468600000.0,310000000.0,108.521,
3,PGR,MRT,2020-09-30,2020-09-30,2020-09-30,2021-09-09,950600000.0,62890800000.0,58372275000.0,,,0.719,30.913,-231800000.0,91100000.0,91100000.0,26399200000.0,5094900000.0,,2.477,5395400000.0,,,5395400000.0,14199300000.0,327400000.0,0.0,0.028,2.65,6603900000.0,6931300000.0,0.165,6931300000.0,6603900000.0,6395700000.0,8.64,8.62,8.64,18087200000.0,15695625000.0,18087200000.0,60705125091.0,9.0,8.758,6254700000.0,10.69,1.0,15584200000.0,0.371,638200000.0,208200000.0,67556900000.0,62661050000.0,0.0,45764300000.0,,,44803600000.0,,,55419525091.0,44900000.0,0.0,-70400000.0,986300000.0,-1550900000.0,-904800000.0,-5536800000.0,-5487700000.0,6486500000.0,0.0,5084700000.0,5064500000.0,5064500000.0,0.0,10200000.0,0.121,8970100000.0,6614100000.0,5405800000.0,0.307,3.064,10.943,10.957,1181600000.0,26900000.0,94.67,1.32,1.319,13025000000.0,14427700000.0,41983400000.0,41983400000.0,0.0,0.087,0.323,0.105,0.157,87400000.0,8747800000.0,1.0,585396906.0,585100000.0,587800000.0,71.754,62252600000.0,0.0,1311000000.0,213900000.0,106.397,
4,PGR,MRT,2020-06-30,2020-06-30,2020-06-30,2021-09-09,975000000.0,59421400000.0,56151600000.0,,,0.722,28.506,-237500000.0,109100000.0,109100000.0,26083400000.0,4407700000.0,,2.564,5394700000.0,,,5394700000.0,13055600000.0,314500000.0,0.0,0.033,2.65,5679900000.0,5994400000.0,0.148,5994400000.0,5679900000.0,5480600000.0,7.47,7.45,7.47,16670600000.0,14704650000.0,16670600000.0,51911860111.0,9.0,8.66,6528000000.0,11.163,1.0,14483300000.0,0.357,652400000.0,199300000.0,64054600000.0,60190025000.0,0.0,43777900000.0,,,42750800000.0,,,46888260111.0,16200000.0,0.0,-84700000.0,986300000.0,-1550800000.0,-919000000.0,-5830300000.0,-5567200000.0,6765500000.0,0.0,4395600000.0,4375400000.0,4375400000.0,0.0,12100000.0,0.108,8791300000.0,5692000000.0,5577300000.0,0.355,2.813,10.716,10.724,1189800000.0,26900000.0,80.11,1.156,1.155,11573000000.0,13001800000.0,40566700000.0,40566700000.0,0.0,0.078,0.298,0.094,0.14,89400000.0,8573500000.0,1.0,585298466.0,584800000.0,587200000.0,69.369,58769000000.0,0.0,1085000000.0,211200000.0,100.494,
5,PGR,MRT,2020-03-31,2020-03-31,2020-03-31,2021-09-09,404200000.0,56266400000.0,54127300000.0,,,0.721,24.545,-299500000.0,370400000.0,370400000.0,25866700000.0,3596300000.0,,2.905,5394000000.0,,,5394000000.0,12641100000.0,312700000.0,0.0,0.036,2.65,4646100000.0,4958800000.0,0.127,4958800000.0,4646100000.0,4455800000.0,6.09,6.07,6.09,14351500000.0,13869700000.0,14351500000.0,47394830181.0,10.0,9.558,5719400000.0,9.782,1.0,13179000000.0,0.338,666500000.0,190300000.0,60623500000.0,57907850000.0,0.0,40342300000.0,,,41689300000.0,,,43215130181.0,211700000.0,0.0,-90100000.0,986300000.0,-1550700000.0,-692500000.0,-5114700000.0,-5489700000.0,6018900000.0,0.0,3584600000.0,3557700000.0,3557700000.0,0.0,11700000.0,0.091,8521200000.0,4657800000.0,5347700000.0,0.435,3.011,12.147,12.125,1215100000.0,26900000.0,73.84,1.107,1.106,11646100000.0,11266200000.0,39045700000.0,39045700000.0,0.0,0.066,0.257,0.08,0.119,94300000.0,8309200000.0,1.0,585253659.0,584700000.0,586900000.0,66.779,55599900000.0,20600000.0,871200000.0,0.0,95.091,
6,PGR,MRT,2019-12-31,2019-12-31,2019-12-31,2021-09-09,341700000.0,54910500000.0,52273275000.0,,,0.747,23.421,-310200000.0,227400000.0,227400000.0,25470500000.0,3980000000.0,,2.999,4407100000.0,,,4407100000.0,12388800000.0,306100000.0,0.0,0.039,2.814,5340300000.0,5646400000.0,0.145,5646400000.0,5340300000.0,5150600000.0,6.75,6.72,6.75,13673200000.0,13309500000.0,13673200000.0,46681672143.0,9.0,8.268,5951400000.0,10.194,1.0,13551800000.0,0.347,681000000.0,189700000.0,58409200000.0,55843875000.0,0.0,39254300000.0,,,41011700000.0,,,42321372143.0,152400000.0,0.0,-89700000.0,0.0,-1643200000.0,-1770900000.0,-4338300000.0,-4034100000.0,6261600000.0,0.0,3970300000.0,3943400000.0,3943400000.0,0.0,9700000.0,0.101,8201800000.0,5350000000.0,5992400000.0,0.417,3.095,10.732,10.724,1213700000.0,26900000.0,72.39,1.085,1.083,11512700000.0,10679600000.0,39022300000.0,39022300000.0,0.0,0.075,0.296,0.096,0.137,90200000.0,7998300000.0,1.0,584630089.0,583800000.0,587200000.0,66.842,54229500000.0,0.0,1180300000.0,118000000.0,92.891,
7,PGR,MRT,2019-09-30,2019-09-30,2019-09-30,2021-09-09,510500000.0,54008100000.0,50189400000.0,,,0.724,24.18,-341200000.0,46200000.0,46200000.0,24275200000.0,3165200000.0,,2.808,4406500000.0,,,4406500000.0,12526500000.0,293300000.0,0.0,0.035,2.714,4250900000.0,4544200000.0,0.125,4544200000.0,4250900000.0,4062600000.0,5.38,5.35,5.38,14123300000.0,12596650000.0,14123300000.0,49477121847.0,12.0,10.888,5875500000.0,10.059,1.0,12041100000.0,0.332,695600000.0,188300000.0,57672800000.0,53780975000.0,0.0,38573700000.0,,,39661900000.0,,,45164021847.0,-76500000.0,296900000.0,-86800000.0,544500000.0,-1584700000.0,-1461900000.0,-4831300000.0,-5068300000.0,6216700000.0,0.0,3164200000.0,3137300000.0,3137300000.0,0.0,1000000.0,0.086,7789200000.0,4251900000.0,5222900000.0,0.504,3.198,14.396,14.359,1214200000.0,26900000.0,77.25,1.244,1.242,11444400000.0,10995200000.0,36316300000.0,36316300000.0,0.0,0.063,0.249,0.079,0.117,87900000.0,7600500000.0,1.0,584647532.0,584100000.0,587100000.0,62.175,53312500000.0,0.0,898400000.0,136000000.0,91.273,
8,PGR,MRT,2019-06-30,2019-06-30,2019-06-30,2021-09-09,453100000.0,51324200000.0,48073300000.0,,,0.734,22.842,-339900000.0,92900000.0,92900000.0,23372000000.0,3251800000.0,,2.834,4406000000.0,,,4406000000.0,11796700000.0,290300000.0,0.0,0.033,2.614,4365700000.0,4656000000.0,0.132,4656000000.0,4365700000.0,4182900000.0,5.53,5.5,5.53,13330800000.0,12030525000.0,13330800000.0,50924685314.0,12.0,10.937,5836300000.0,10.001,1.0,11909600000.0,0.338,711400000.0,182800000.0,54925900000.0,51491675000.0,0.0,36814600000.0,,,37773300000.0,,,46677985314.0,-64800000.0,295900000.0,-66400000.0,544500000.0,-1526300000.0,-1383200000.0,-4857800000.0,-4755200000.0,6176200000.0,0.0,3250900000.0,3224000000.0,3224000000.0,0.0,900000.0,0.091,7543000000.0,4366600000.0,4867500000.0,0.473,3.502,14.478,14.454,1174900000.0,26900000.0,79.93,1.323,1.322,10556600000.0,10276400000.0,35281600000.0,35281600000.0,0.0,0.067,0.268,0.085,0.124,84700000.0,7367300000.0,1.0,583985804.0,583600000.0,586900000.0,60.455,50612800000.0,0.0,932000000.0,134500000.0,86.725,
9,PGR,MRT,2019-03-31,2019-03-31,2019-03-31,2021-09-09,178100000.0,48850300000.0,46083125000.0,,,0.735,20.755,-291900000.0,158700000.0,158700000.0,22609200000.0,2974000000.0,,3.015,4405400000.0,,,4405400000.0,11603600000.0,274000000.0,0.0,0.035,2.514,3999100000.0,4273100000.0,0.126,4273100000.0,3999100000.0,3822000000.0,5.06,5.03,5.06,12110700000.0,11448025000.0,12110700000.0,46422979365.0,12.0,10.864,6114300000.0,10.479,1.0,11239700000.0,0.332,729400000.0,177100000.0,52367600000.0,49330700000.0,0.0,34512500000.0,,,36518400000.0,,,42093079365.0,-37900000.0,0.0,-65200000.0,544500000.0,-1467900000.0,-1312400000.0,-5131700000.0,-4679700000.0,6406200000.0,0.0,2975700000.0,2948800000.0,2948800000.0,0.0,-1700000.0,0.087,7242300000.0,3997400000.0,4594300000.0,0.497,3.476,14.275,14.247,1127300000.0,26900000.0,72.09,1.244,1.243,10479300000.0,9358100000.0,33848900000.0,33848900000.0,0.0,0.064,0.258,0.081,0.118,79000000.0,7074900000.0,1.0,583896232.0,583500000.0,586600000.0,58.01,48120900000.0,0.0,846300000.0,38500000.0,82.469,
10,PGR,MRT,2018-12-31,2018-12-31,2018-12-31,2021-09-09,-120900000.0,46575000000.0,44203275000.0,,,0.723,18.581,-256600000.0,75000000.0,75000000.0,21721000000.0,2621000000.0,,3.284,4404900000.0,,,4404900000.0,10686500000.0,262400000.0,0.0,0.019,1.125,3324400000.0,3586800000.0,0.112,3586800000.0,3324400000.0,3157900000.0,4.45,4.42,4.45,10821800000.0,11001150000.0,10821800000.0,38918322948.0,12.0,10.85,6028200000.0,10.351,1.0,10258000000.0,0.321,747300000.0,166500000.0,50157600000.0,47286850000.0,0.0,33567400000.0,,,35538700000.0,,,35181122948.0,-200300000.0,0.0,-75700000.0,1096900000.0,-654900000.0,549800000.0,-7034900000.0,-6790000000.0,6284800000.0,0.0,2615300000.0,2593900000.0,2593900000.0,0.0,5700000.0,0.081,6927900000.0,3330100000.0,5046500000.0,0.253,3.251,13.563,13.557,1131700000.0,21400000.0,60.33,1.1,1.099,9502900000.0,8386600000.0,31979000000.0,31979000000.0,0.0,0.059,0.236,0.07,0.104,77200000.0,6769500000.0,1.0,583144753.0,582400000.0,586700000.0,54.909,45827700000.0,43200000.0,542600000.0,0.0,78.688,
11,PGR,MRT,2018-09-30,2018-09-30,2018-09-30,2021-09-09,-263700000.0,45543700000.0,42234825000.0,,,0.735,20.351,-201200000.0,122700000.0,122700000.0,20648400000.0,2941500000.0,,2.822,3859900000.0,,,3859900000.0,11009200000.0,253000000.0,0.0,0.016,1.125,3754200000.0,4007200000.0,0.129,4007200000.0,3754200000.0,3598200000.0,5.0,4.97,5.0,11858800000.0,10616900000.0,11858800000.0,45083465409.0,12.0,11.251,5534000000.0,9.497,1.0,10415300000.0,0.335,765300000.0,156000000.0,48515600000.0,44975675000.0,0.0,32350600000.0,,,33467500000.0,,,41381665409.0,-133600000.0,-296900000.0,-75800000.0,546200000.0,-654900000.0,295900000.0,-6164000000.0,-5432800000.0,5735200000.0,-700000.0,2926900000.0,2912300000.0,2912300000.0,0.0,14600000.0,0.094,6646500000.0,3768800000.0,3924100000.0,0.225,3.49,14.209,14.208,1139300000.0,14600000.0,71.04,1.332,1.333,9646700000.0,9602100000.0,31063700000.0,31063700000.0,0.0,0.069,0.274,0.083,0.121,72800000.0,6492800000.0,1.0,582512182.0,582700000.0,586600000.0,53.31,44778400000.0,0.0,671300000.0,53500000.0,76.846,
12,PGR,MRT,2018-06-30,2018-06-30,2018-06-30,2021-09-09,-221900000.0,43363500000.0,40582050000.0,,,0.723,18.902,-175000000.0,157700000.0,157700000.0,20175800000.0,2226100000.0,,2.922,3859500000.0,,,3859500000.0,10245900000.0,243700000.0,0.0,0.019,1.125,2881500000.0,3125200000.0,0.106,3125200000.0,2881500000.0,2730100000.0,3.81,3.78,3.81,11000800000.0,9974550000.0,11000800000.0,38110160748.0,13.0,12.194,5042500000.0,8.664,1.0,9183900000.0,0.313,783300000.0,151400000.0,46282000000.0,43134575000.0,0.0,30921200000.0,,,32144500000.0,,,34447560748.0,-4100000.0,-295900000.0,-74500000.0,474700000.0,-654900000.0,239200000.0,-5460500000.0,-5064600000.0,5217500000.0,-300000.0,2222500000.0,2214600000.0,2214600000.0,0.0,3600000.0,0.075,6298800000.0,2885100000.0,3922300000.0,0.295,3.131,15.555,15.525,1116400000.0,7900000.0,59.15,1.173,1.173,8930700000.0,8720400000.0,29359700000.0,29359700000.0,0.0,0.055,0.222,0.067,0.098,80000000.0,6152000000.0,1.0,582376344.0,582000000.0,585800000.0,50.446,42580200000.0,0.0,507600000.0,46000000.0,73.162,
13,PGR,MRT,2018-03-31,2018-03-31,2018-03-31,2021-09-09,-172600000.0,41330900000.0,38913625000.0,,,0.718,17.737,-150900000.0,196600000.0,196600000.0,19415400000.0,1897600000.0,,2.954,3859200000.0,,,3859200000.0,9837800000.0,238500000.0,0.0,0.018,1.125,2549600000.0,2788100000.0,0.1,2788100000.0,2549600000.0,2396500000.0,3.24,3.22,3.24,10323200000.0,9472225000.0,10323200000.0,38509076010.0,15.0,13.812,4248600000.0,7.3,1.0,8532000000.0,0.305,801300000.0,153100000.0,44192200000.0,41328300000.0,0.0,29251600000.0,,,30493500000.0,,,35478076010.0,-18400000.0,-18100000.0,-77700000.0,745800000.0,-654900000.0,507100000.0,-4924700000.0,-4728300000.0,4399500000.0,-300000.0,1885900000.0,1884700000.0,1884700000.0,0.0,11700000.0,0.067,5970700000.0,2561300000.0,3414300000.0,0.347,3.437,18.824,18.806,1112000000.0,1200000.0,60.93,1.269,1.269,8625700000.0,8017900000.0,27947400000.0,27947400000.0,0.0,0.048,0.199,0.062,0.091,81900000.0,5833500000.0,1.0,582275989.0,582000000.0,585600000.0,48.02,40529600000.0,0.0,510600000.0,53200000.0,69.638,
14,PGR,MRT,2017-12-31,2017-12-31,2017-12-31,2021-09-09,1282200000.0,38701200000.0,37283525000.0,,,0.72,15.986,-140400000.0,275300000.0,275300000.0,18808000000.0,1598100000.0,,3.114,3306300000.0,,,3306300000.0,8903500000.0,236100000.0,0.0,0.012,0.681,2286100000.0,2522200000.0,0.094,2522200000.0,2286100000.0,2133000000.0,2.74,2.72,2.74,9284800000.0,9022150000.0,9284800000.0,35813527387.0,16.0,14.199,3616400000.0,6.227,1.0,8031000000.0,0.299,819300000.0,153100000.0,40912900000.0,39490375000.0,0.0,27274700000.0,,,28912700000.0,,,32757627387.0,48900000.0,-18100000.0,-62000000.0,156500000.0,-395400000.0,-300900000.0,-3406700000.0,-3214600000.0,3756800000.0,-300000.0,1592200000.0,1592200000.0,1592200000.0,0.0,5900000.0,0.059,5739000000.0,2292000000.0,3481000000.0,0.249,3.528,20.574,20.555,1119600000.0,0.0,56.32,1.221,1.219,7899200000.0,6031700000.0,26839000000.0,26839000000.0,0.0,0.043,0.176,0.058,0.085,95400000.0,5605600000.0,1.0,581634009.0,580800000.0,585700000.0,46.21,37881900000.0,0.0,540800000.0,135000000.0,65.224,
15,PGR,MRT,2017-09-30,2017-09-30,2017-09-30,2021-09-09,1226200000.0,38932600000.0,35965100000.0,,,0.719,15.98,-147100000.0,256300000.0,256300000.0,18253800000.0,1415900000.0,,3.137,3312200000.0,,,3312200000.0,9005300000.0,233200000.0,0.0,0.014,0.681,2122900000.0,2356100000.0,0.091,2356100000.0,2122900000.0,1968200000.0,2.41,2.39,2.41,9289400000.0,8690225000.0,9289400000.0,31355957960.0,15.0,13.308,3532900000.0,6.078,1.0,7595000000.0,0.294,837300000.0,154700000.0,41151200000.0,38128925000.0,0.0,26994700000.0,,,29145000000.0,,,28134357960.0,112600000.0,-18100000.0,-90500000.0,156400000.0,-395400000.0,-328300000.0,-3239500000.0,-3127300000.0,3680000000.0,400000.0,1399100000.0,1399100000.0,1399100000.0,0.0,16800000.0,0.054,5455300000.0,2139700000.0,3272700000.0,0.283,3.029,20.109,20.091,1129400000.0,0.0,48.42,1.088,1.089,5731600000.0,6116500000.0,25848800000.0,25848800000.0,0.0,0.039,0.161,0.056,0.082,97200000.0,5324500000.0,1.0,581048285.0,581300000.0,585600000.0,44.467,38095300000.0,0.0,569100000.0,201500000.0,65.535,
16,PGR,MRT,2017-06-30,2017-06-30,2017-06-30,2021-09-09,1150700000.0,36689800000.0,34637150000.0,,,0.722,15.489,-163700000.0,161800000.0,161800000.0,17601500000.0,1406600000.0,,3.025,3383400000.0,,,3383400000.0,8407700000.0,225300000.0,0.0,0.015,0.681,2111900000.0,2337200000.0,0.094,2337200000.0,2111900000.0,1959300000.0,2.36,2.35,2.36,8991500000.0,8391550000.0,8991500000.0,28508670150.0,13.0,12.198,3020300000.0,5.203,1.0,7390500000.0,0.296,854500000.0,152600000.0,39056900000.0,36768950000.0,0.0,25978400000.0,,,27196500000.0,,,25611970150.0,26800000.0,-18100000.0,-104000000.0,717300000.0,-395400000.0,220400000.0,-3377800000.0,-3236200000.0,3184000000.0,200000.0,1373800000.0,1373800000.0,1373800000.0,0.0,32800000.0,0.055,5245800000.0,2144700000.0,3153200000.0,0.289,2.848,18.643,18.682,1152100000.0,0.0,44.09,1.025,1.024,5303900000.0,5908800000.0,24992000000.0,24992000000.0,0.0,0.04,0.164,0.057,0.085,97000000.0,5121700000.0,1.0,580902022.0,580500000.0,583800000.0,43.053,35835300000.0,0.0,585500000.0,191800000.0,61.732,
17,PGR,MRT,2017-03-31,2017-03-31,2017-03-31,2021-09-09,1067500000.0,34810500000.0,33454250000.0,,,0.724,14.687,-180300000.0,215000000.0,215000000.0,17229600000.0,1228800000.0,,3.026,3111700000.0,,,3111700000.0,7945000000.0,213000000.0,0.0,0.017,0.681,1836600000.0,2049600000.0,0.085,2049600000.0,1836600000.0,1693100000.0,2.06,2.05,2.06,8522900000.0,8102550000.0,8522900000.0,25677662715.0,14.0,12.528,2838000000.0,4.891,1.0,6976000000.0,0.288,866700000.0,143500000.0,36840500000.0,35398325000.0,0.0,24303000000.0,,,25793400000.0,,,22755862715.0,10800000.0,-7700000.0,-143100000.0,421800000.0,-395400000.0,-114100000.0,-2893700000.0,-2769400000.0,3018300000.0,300000.0,1197100000.0,1197100000.0,1197100000.0,0.0,31700000.0,0.049,5107700000.0,1868300000.0,2939400000.0,0.331,2.67,19.009,19.019,1166000000.0,0.0,39.18,0.94,0.939,5033400000.0,5543400000.0,24205600000.0,24205600000.0,0.0,0.036,0.148,0.052,0.076,103300000.0,4988200000.0,1.0,580803030.0,580300000.0,583300000.0,41.712,33943800000.0,0.0,496000000.0,168400000.0,58.494,
18,PGR,MRT,2016-12-31,2016-12-31,2016-12-31,2021-09-09,933400000.0,33427500000.0,32432025000.0,,,0.723,13.679,-208800000.0,226400000.0,226400000.0,16879600000.0,1057200000.0,,3.14,3148200000.0,,,3148200000.0,7468300000.0,199500000.0,0.0,0.025,0.888,1585400000.0,1784900000.0,0.076,1784900000.0,1585400000.0,1444500000.0,1.77,1.76,1.77,7957100000.0,7861800000.0,7957100000.0,23605927098.0,15.0,13.225,2523900000.0,4.339,1.0,6561800000.0,0.28,882200000.0,140900000.0,35467100000.0,34259775000.0,0.0,23482600000.0,,,24986700000.0,,,20617727098.0,2000000.0,-7700000.0,-192500000.0,451900000.0,-519000000.0,-250400000.0,-2480700000.0,-2315100000.0,2732700000.0,400000.0,1031000000.0,1031000000.0,1031000000.0,0.0,26200000.0,0.044,4950200000.0,1611600000.0,2495500000.0,0.502,2.591,19.998,20.056,1177100000.0,0.0,35.5,0.88,0.881,4679700000.0,5140400000.0,23441400000.0,23441400000.0,0.0,0.032,0.131,0.046,0.068,85200000.0,4835800000.0,1.0,580781045.0,581700000.0,585000000.0,40.298,32545300000.0,0.0,413500000.0,111300000.0,55.949,
19,PGR,MRT,2016-09-30,2016-09-30,2016-09-30,2021-09-09,1046100000.0,33620800000.0,31529975000.0,,,0.72,13.92,-199800000.0,165700000.0,165700000.0,16256500000.0,1009000000.0,,3.095,3153900000.0,,,3153900000.0,7792400000.0,184400000.0,0.0,0.028,0.888,1554400000.0,1738800000.0,0.077,1738800000.0,1554400000.0,1416500000.0,1.67,1.67,1.67,8094700000.0,7694875000.0,8094700000.0,20859744896.0,13.0,11.997,2208500000.0,3.798,1.0,6456700000.0,0.284,897700000.0,137900000.0,35711300000.0,33233075000.0,0.0,23521200000.0,,,25053600000.0,,,18330344896.0,-50800000.0,-7700000.0,-197000000.0,451400000.0,-519000000.0,-254800000.0,-2205200000.0,-2079300000.0,2408300000.0,900000.0,978200000.0,978200000.0,978200000.0,0.0,30800000.0,0.043,4871500000.0,1585200000.0,2722200000.0,0.532,2.264,18.739,18.862,1115000000.0,0.0,31.5,0.807,0.806,4918000000.0,5183100000.0,22713200000.0,22713200000.0,0.0,0.031,0.127,0.047,0.068,84900000.0,4760500000.0,1.0,581915711.0,581500000.0,584600000.0,39.06,32723100000.0,0.0,438300000.0,156900000.0,56.274,
20,PGR,MRT,2016-06-30,2016-06-30,2016-06-30,2021-09-09,957800000.0,31958200000.0,30608525000.0,,,0.72,13.454,-179400000.0,134700000.0,134700000.0,15512600000.0,1090000000.0,,3.019,2664100000.0,,,2664100000.0,7470100000.0,174300000.0,0.0,0.027,0.888,1722700000.0,1897000000.0,0.086,1897000000.0,1722700000.0,1585600000.0,1.81,1.8,1.81,7835500000.0,7536700000.0,7835500000.0,22022083889.0,13.0,11.609,2254800000.0,3.872,1.0,6539400000.0,0.297,913200000.0,137100000.0,33574400000.0,32179725000.0,0.0,22379800000.0,,,23655900000.0,,,19530383889.0,-128800000.0,-7700000.0,-212300000.0,-64100000.0,-519000000.0,-780600000.0,-1782800000.0,-1729100000.0,2434200000.0,400000.0,1057800000.0,1057800000.0,1057800000.0,0.0,32200000.0,0.048,4784500000.0,1754900000.0,2706200000.0,0.491,2.493,18.463,18.508,1083700000.0,0.0,33.5,0.886,0.885,4700200000.0,5031200000.0,22052000000.0,22052000000.0,0.0,0.035,0.14,0.054,0.078,81800000.0,4676200000.0,1.0,582996534.0,582400000.0,585100000.0,37.864,31045000000.0,0.0,527800000.0,140700000.0,53.305,
21,PGR,MRT,2016-03-31,2016-03-31,2016-03-31,2021-09-09,868000000.0,30721600000.0,29945025000.0,,,0.719,12.963,-151600000.0,209900000.0,209900000.0,14886800000.0,1263600000.0,,3.002,2701600000.0,,,2701600000.0,7140700000.0,169700000.0,0.0,0.025,0.888,1960100000.0,2129800000.0,0.099,2129800000.0,1960100000.0,1822400000.0,2.1,2.09,2.1,7559900000.0,7417775000.0,7559900000.0,23016787923.0,12.0,10.807,2189000000.0,3.753,1.0,6629200000.0,0.308,927000000.0,137700000.0,32286300000.0,31481250000.0,0.0,21330500000.0,,,22694300000.0,,,20533287923.0,102700000.0,-765300000.0,-212700000.0,-46500000.0,-519000000.0,-761100000.0,-1477100000.0,-557900000.0,2340600000.0,300000.0,1230200000.0,1230200000.0,1230200000.0,0.0,33400000.0,0.057,4635700000.0,1993500000.0,2451400000.0,0.423,2.716,16.691,16.733,1061900000.0,0.0,35.14,0.954,0.952,4595600000.0,4877600000.0,21516000000.0,21516000000.0,0.0,0.041,0.166,0.062,0.091,65900000.0,4530200000.0,1.0,584328057.0,583200000.0,585500000.0,36.893,29794600000.0,0.0,592200000.0,113900000.0,51.088,
22,PGR,MRT,2015-12-31,2015-12-31,2015-12-31,2021-09-09,800400000.0,29819300000.0,28984800000.0,,,0.719,12.45,-120100000.0,224400000.0,224400000.0,14342000000.0,1300500000.0,,3.027,2707900000.0,,,2707900000.0,6621800000.0,150500000.0,0.0,0.022,0.686,2014700000.0,2165200000.0,0.104,2165200000.0,2014700000.0,1878700000.0,2.16,2.15,2.16,7289400000.0,7328275000.0,7289400000.0,21108306991.0,10.0,9.749,2172800000.0,3.711,1.0,6511800000.0,0.312,942500000.0,136000000.0,31360300000.0,30741275000.0,0.0,20937300000.0,,,22065000000.0,,,18588506991.0,116000000.0,-765300000.0,-208300000.0,342300000.0,-403600000.0,-252800000.0,-1923900000.0,-1030300000.0,2292900000.0,-200000.0,1267600000.0,1267600000.0,1267600000.0,0.0,32900000.0,0.061,4464200000.0,2047600000.0,2067800000.0,0.318,2.55,14.664,14.722,1037200000.0,0.0,31.8,0.891,0.893,4187000000.0,4686600000.0,20853800000.0,20853800000.0,0.0,0.044,0.173,0.066,0.097,66200000.0,4363900000.0,1.0,584544245.0,585500000.0,589200000.0,35.617,28876800000.0,0.0,611100000.0,109300000.0,49.32,
23,PGR,MRT,2015-09-30,2015-09-30,2015-09-30,2021-09-09,769200000.0,29935000000.0,27976875000.0,,,0.737,12.751,-111000000.0,194500000.0,194500000.0,14179500000.0,1320800000.0,,2.952,2714300000.0,,,2714300000.0,6971900000.0,132600000.0,0.0,0.022,0.686,2062300000.0,2194900000.0,0.106,2194900000.0,2062300000.0,1930500000.0,2.23,2.21,2.23,7462000000.0,7238075000.0,7462000000.0,20428167112.0,10.0,9.307,2117500000.0,3.618,1.0,6449100000.0,0.313,956900000.0,131800000.0,31497900000.0,29858950000.0,0.0,21013600000.0,,,22030100000.0,,,17952967112.0,103900000.0,-765300000.0,-211600000.0,349100000.0,-403600000.0,-251100000.0,-1871500000.0,-987100000.0,2228500000.0,-2000000.0,1307400000.0,1307400000.0,1307400000.0,0.0,13400000.0,0.063,4373400000.0,2075700000.0,2431000000.0,0.308,2.406,13.732,13.74,1024100000.0,0.0,30.64,0.87,0.869,4361500000.0,4910900000.0,20628600000.0,20628600000.0,0.0,0.047,0.181,0.069,0.1,58900000.0,4281000000.0,1.0,585932347.0,585200000.0,589100000.0,35.251,28978100000.0,0.0,623100000.0,85700000.0,49.518,
24,PGR,MRT,2015-06-30,2015-06-30,2015-06-30,2021-09-09,902000000.0,29304200000.0,26974625000.0,,,0.746,12.566,-107100000.0,263800000.0,263800000.0,13817000000.0,1330400000.0,,2.923,2739000000.0,,,2739000000.0,6641900000.0,115800000.0,0.0,0.025,0.686,2079500000.0,2195300000.0,0.109,2195300000.0,2079500000.0,1951500000.0,2.25,2.24,2.25,7359800000.0,7106400000.0,7359800000.0,18787095357.0,9.0,8.558,2007300000.0,3.427,1.0,6303900000.0,0.313,998900000.0,128000000.0,30780500000.0,28981175000.0,0.0,20577400000.0,,,21511000000.0,,,16328495357.0,137700000.0,-765300000.0,-239500000.0,326300000.0,-403600000.0,-306000000.0,-1669100000.0,-720600000.0,2114400000.0,-1600000.0,1325200000.0,1325200000.0,1325200000.0,0.0,5200000.0,0.066,4219200000.0,2084700000.0,2252900000.0,0.305,2.219,12.322,12.369,1018900000.0,0.0,27.83,0.812,0.81,4100300000.0,4694900000.0,20120900000.0,20120900000.0,0.0,0.049,0.186,0.072,0.103,48100000.0,4134700000.0,1.0,586722794.0,585700000.0,589500000.0,34.354,28305300000.0,0.0,626300000.0,176000000.0,48.327,
25,PGR,MRT,2015-03-31,2015-03-31,2015-03-31,2021-09-09,1049300000.0,26880700000.0,26011750000.0,,,0.753,12.256,-109000000.0,101500000.0,101500000.0,13468900000.0,1255300000.0,,2.732,2560100000.0,,,2560100000.0,5854000000.0,98100000.0,0.0,0.025,0.686,1991500000.0,2089600000.0,0.107,2089600000.0,1991500000.0,1868800000.0,2.13,2.11,2.13,7201900000.0,6963750000.0,7201900000.0,18075263429.0,9.0,8.65,1727100000.0,2.939,1.0,6110200000.0,0.312,12900000.0,122700000.0,29326400000.0,28166475000.0,0.0,19830600000.0,,,19678800000.0,,,16018963429.0,4800000.0,0.0,-242600000.0,677800000.0,-403600000.0,40000000.0,-1870300000.0,-2207100000.0,1836100000.0,-1000000.0,1255300000.0,1255300000.0,1255300000.0,0.0,0.0,0.064,4118700000.0,1991500000.0,2165900000.0,0.322,2.224,12.761,12.77,957500000.0,0.0,27.2,0.818,0.816,3876300000.0,4368600000.0,19579100000.0,19579100000.0,0.0,0.048,0.18,0.071,0.102,49300000.0,4041500000.0,1.0,588932479.0,587600000.0,591000000.0,33.32,26867800000.0,0.0,613500000.0,97200000.0,45.725,
26,PGR,MRT,2014-12-31,2014-12-31,2014-12-31,2021-09-09,1023100000.0,25787600000.0,25370425000.0,,,0.764,11.731,-102200000.0,108400000.0,108400000.0,13306200000.0,1281000000.0,,2.722,2164700000.0,,,2164700000.0,5440100000.0,97100000.0,0.0,0.055,1.493,2024300000.0,2121400000.0,0.109,2121400000.0,2024300000.0,1907400000.0,2.17,2.15,2.17,6928600000.0,6772925000.0,6928600000.0,17976395796.0,9.0,8.474,1623400000.0,2.749,1.0,6085200000.0,0.314,12900000.0,116900000.0,27831000000.0,27354875000.0,0.0,19018000000.0,,,18859000000.0,,,15902695796.0,33300000.0,0.0,-271400000.0,295800000.0,-892600000.0,-855400000.0,-836900000.0,-704700000.0,1725600000.0,0.0,1281000000.0,1281000000.0,1281000000.0,0.0,0.0,0.066,4060900000.0,2024300000.0,1893800000.0,0.688,2.295,12.414,12.438,960600000.0,0.0,26.99,0.82,0.822,3622800000.0,4133400000.0,19391400000.0,19391400000.0,0.0,0.05,0.189,0.074,0.104,51400000.0,3991100000.0,1.0,589206958.0,590600000.0,594800000.0,32.833,25774700000.0,0.0,626400000.0,98900000.0,43.642,
27,PGR,MRT,2014-09-30,2014-09-30,2014-09-30,2021-09-09,972700000.0,25926000000.0,25025575000.0,,,0.753,11.759,-102600000.0,90600000.0,90600000.0,12972500000.0,1210600000.0,,2.738,2164300000.0,,,2164300000.0,5777000000.0,98200000.0,0.0,0.059,1.493,1900400000.0,1998600000.0,0.106,1998600000.0,1900400000.0,1786600000.0,2.05,2.03,2.05,6935300000.0,6588150000.0,6935300000.0,17034302427.0,9.0,8.523,1706800000.0,2.894,1.0,5861500000.0,0.311,12900000.0,113800000.0,27986800000.0,26945625000.0,0.0,19083200000.0,,,18990700000.0,,,14952402427.0,-10300000.0,0.0,-343300000.0,145800000.0,-892600000.0,-1077300000.0,-744000000.0,-735700000.0,1809400000.0,1600000.0,1210600000.0,1210600000.0,1210600000.0,0.0,0.0,0.064,3961100000.0,1900400000.0,2263600000.0,0.728,2.156,12.351,12.332,954000000.0,0.0,25.28,0.794,0.792,3797900000.0,4203500000.0,18834000000.0,18834000000.0,0.0,0.048,0.184,0.071,0.101,53500000.0,3898000000.0,1.0,591471615.0,589800000.0,593700000.0,31.933,25913100000.0,0.0,576000000.0,57400000.0,43.935,
28,PGR,MRT,2014-06-30,2014-06-30,2014-06-30,2021-09-09,1038900000.0,25452700000.0,24671300000.0,,,0.753,11.484,-110400000.0,126100000.0,126100000.0,12844900000.0,1146900000.0,,2.749,2208000000.0,,,2208000000.0,5582600000.0,99000000.0,0.0,0.059,1.493,1803300000.0,1902300000.0,0.102,1902300000.0,1803300000.0,1689800000.0,1.94,1.92,1.94,6789200000.0,6552475000.0,6789200000.0,16777874772.0,9.0,8.82,1693500000.0,2.865,1.0,5744300000.0,0.309,12900000.0,113500000.0,27521700000.0,26553575000.0,0.0,18759200000.0,,,18663500000.0,,,15013274772.0,29200000.0,0.0,-286700000.0,136600000.0,-892600000.0,-1029100000.0,-746900000.0,-755300000.0,1803900000.0,1300000.0,1146900000.0,1146900000.0,1146900000.0,0.0,0.0,0.062,3941000000.0,1803300000.0,2134200000.0,0.77,2.211,13.09,13.072,952500000.0,0.0,25.36,0.808,0.807,3656100000.0,3989500000.0,18589200000.0,18589200000.0,0.0,0.046,0.175,0.068,0.097,59600000.0,3879000000.0,1.0,592006103.0,591200000.0,595500000.0,31.443,25439800000.0,0.0,542900000.0,98800000.0,43.031,
29,PGR,MRT,2014-03-31,2014-03-31,2014-03-31,2021-09-09,951300000.0,24315400000.0,24268575000.0,,,0.76,10.841,-123800000.0,96700000.0,96700000.0,12692800000.0,1178100000.0,,2.777,1861300000.0,,,1861300000.0,5460100000.0,100400000.0,0.0,0.062,1.493,1853000000.0,1953400000.0,0.106,1953400000.0,1853000000.0,1738700000.0,1.98,1.97,1.98,6438600000.0,6486150000.0,6438600000.0,16203541738.0,9.0,8.295,1714600000.0,2.887,1.0,5748500000.0,0.312,0.0,114300000.0,26080000000.0,26125350000.0,0.0,17395700000.0,,,17876800000.0,,,14417741738.0,-13500000.0,0.0,-316800000.0,-208100000.0,-892600000.0,-1403100000.0,-448900000.0,32400000.0,1838400000.0,100000.0,1178100000.0,1178100000.0,1178100000.0,0.0,0.0,0.064,3895500000.0,1853000000.0,1911700000.0,0.754,2.239,12.238,12.232,950000000.0,0.0,24.22,0.782,0.78,3597700000.0,3735200000.0,18441300000.0,18441300000.0,0.0,0.049,0.182,0.071,0.1,62300000.0,3837600000.0,1.0,595282483.0,593900000.0,597700000.0,31.051,24315400000.0,0.0,560600000.0,51100000.0,40.942,
30,PGR,MRT,2013-12-31,2013-12-31,2013-12-31,2021-09-09,951700000.0,24408200000.0,24075600000.0,,,0.755,10.331,-136700000.0,75100000.0,75100000.0,12472400000.0,1165400000.0,,2.943,1860900000.0,,,1860900000.0,5174500000.0,101300000.0,0.0,0.01,0.284,1838200000.0,1939500000.0,0.107,1939500000.0,1838200000.0,1720000000.0,1.95,1.93,1.95,6189500000.0,6473950000.0,6189500000.0,18271599210.0,10.0,9.421,1763200000.0,2.943,1.0,5698500000.0,0.314,0.0,118200000.0,26194000000.0,25979550000.0,0.0,18054700000.0,,,18218700000.0,,,16361899210.0,-104000000.0,0.0,-273400000.0,-208100000.0,-175600000.0,-646800000.0,-1356500000.0,-1372000000.0,1899900000.0,-600000.0,1165400000.0,1165400000.0,1165400000.0,0.0,0.0,0.064,3860300000.0,1838200000.0,1785000000.0,0.146,2.643,14.04,13.985,960900000.0,0.0,27.27,0.9,0.899,3385600000.0,3500000000.0,18170900000.0,18170900000.0,0.0,0.048,0.18,0.071,0.101,64900000.0,3802700000.0,1.0,599996304.0,599100000.0,603600000.0,30.33,24408200000.0,0.0,554600000.0,28400000.0,40.741,
31,PGR,MRT,2013-09-30,2013-09-30,2013-09-30,2021-09-09,870900000.0,24508900000.0,23647225000.0,,,0.757,11.342,-146300000.0,100900000.0,100900000.0,12340400000.0,1114700000.0,,2.608,2010600000.0,,,2010600000.0,5477900000.0,100200000.0,0.0,0.047,1.284,1769900000.0,1870100000.0,0.104,1870100000.0,1769900000.0,1647900000.0,1.86,1.85,1.86,6792600000.0,6428325000.0,6792600000.0,18314861590.0,10.0,9.794,1627800000.0,2.718,1.0,5562300000.0,0.311,0.0,122000000.0,26418600000.0,25575725000.0,0.0,17995900000.0,,,17716300000.0,,,16347861590.0,-91300000.0,0.0,-168900000.0,-58100000.0,-776900000.0,-993400000.0,-871200000.0,-821000000.0,1774100000.0,-800000.0,1114700000.0,1114700000.0,1114700000.0,0.0,0.0,0.062,3792400000.0,1769900000.0,1917500000.0,0.69,2.407,14.666,14.64,955300000.0,0.0,27.23,0.913,0.911,3583400000.0,4198700000.0,17902700000.0,17902700000.0,0.0,0.047,0.173,0.069,0.099,67400000.0,3735300000.0,1.0,600362159.0,598900000.0,603500000.0,29.893,24508900000.0,27400000.0,533200000.0,0.0,40.923,
32,PGR,MRT,2013-06-30,2013-06-30,2013-06-30,2021-09-09,814200000.0,23841800000.0,23391800000.0,,,0.761,10.882,-139800000.0,96900000.0,96900000.0,12244400000.0,1159300000.0,,2.655,2063900000.0,,,2063900000.0,5323500000.0,97900000.0,0.0,0.051,1.284,1837500000.0,1935400000.0,0.109,1935400000.0,1837500000.0,1715300000.0,1.93,1.92,1.93,6523900000.0,6368825000.0,6523900000.0,17285904075.0,9.0,8.931,1553700000.0,2.592,1.0,5560900000.0,0.312,0.0,122200000.0,25808800000.0,25310500000.0,0.0,17486400000.0,,,17317900000.0,,,15332604075.0,-68600000.0,0.0,-217900000.0,-600000.0,-778300000.0,-987700000.0,-774500000.0,-736200000.0,1693500000.0,100000.0,1159300000.0,1159300000.0,1159300000.0,0.0,0.0,0.065,3723400000.0,1837500000.0,1844300000.0,0.665,2.35,13.226,13.171,950600000.0,0.0,25.42,0.861,0.856,3481500000.0,4000000000.0,17805300000.0,17805300000.0,0.0,0.05,0.182,0.073,0.103,67000000.0,3669700000.0,1.0,603170892.0,599500000.0,603600000.0,29.7,23841800000.0,67900000.0,556000000.0,0.0,39.769,
33,PGR,MRT,2013-03-31,2013-03-31,2013-03-31,2021-09-09,969700000.0,23543500000.0,23111100000.0,,,0.753,10.639,-122300000.0,110200000.0,110200000.0,12171100000.0,953300000.0,,2.685,2063500000.0,,,2063500000.0,5207300000.0,95800000.0,0.0,0.051,1.284,1519200000.0,1615000000.0,0.093,1615000000.0,1519200000.0,1396700000.0,1.59,1.57,1.59,6389800000.0,6309500000.0,6389800000.0,17145050971.0,11.0,10.616,1582800000.0,2.635,1.0,5223600000.0,0.3,0.0,122500000.0,25496800000.0,25012375000.0,0.0,17299700000.0,,,17153700000.0,,,15261050971.0,-45800000.0,0.0,-187800000.0,-19200000.0,-778300000.0,-977000000.0,-774400000.0,-632200000.0,1705100000.0,500000.0,953300000.0,953300000.0,953300000.0,0.0,0.0,0.055,3704400000.0,1519200000.0,1934500000.0,0.808,2.388,16.009,15.893,935900000.0,0.0,25.27,0.877,0.873,3445100000.0,3720000000.0,17394700000.0,17394700000.0,0.0,0.041,0.151,0.061,0.087,64400000.0,3651800000.0,1.0,603919706.0,600600000.0,604400000.0,28.962,23543500000.0,49000000.0,443400000.0,0.0,39.2,
34,PGR,MRT,2012-12-31,2012-12-31,2012-12-31,2021-09-09,871000000.0,22694700000.0,22812700000.0,,,0.749,9.957,-123900000.0,179100000.0,179100000.0,11948000000.0,902300000.0,,2.778,2063100000.0,,,2063100000.0,4930700000.0,94400000.0,0.0,0.067,1.407,1441500000.0,1535900000.0,0.09,1535900000.0,1441500000.0,1317700000.0,1.5,1.48,1.5,6007000000.0,6274650000.0,6007000000.0,14630698351.0,10.0,9.526,1567500000.0,2.598,1.0,5135900000.0,0.301,0.0,123800000.0,24578700000.0,24706650000.0,0.0,16475500000.0,,,16687700000.0,,,12760198351.0,23400000.0,0.0,-173700000.0,-382500000.0,-853700000.0,-1404100000.0,-264900000.0,-97000000.0,1691400000.0,1000000.0,902300000.0,902300000.0,902300000.0,0.0,0.0,0.053,3694400000.0,1441500000.0,1683500000.0,0.938,2.124,14.142,14.067,933700000.0,0.0,21.1,0.747,0.745,3250000000.0,3454400000.0,17083900000.0,17083900000.0,0.0,0.04,0.144,0.058,0.084,63400000.0,3642900000.0,1.0,604748737.0,603300000.0,607800000.0,28.317,22694700000.0,109400000.0,415400000.0,0.0,37.618,
35,PGR,MRT,2012-09-30,2012-09-30,2012-09-30,2021-09-09,905100000.0,23487200000.0,22600225000.0,,,0.749,10.89,-105300000.0,192200000.0,192200000.0,11590800000.0,909900000.0,,2.583,2062700000.0,,,2062700000.0,5203400000.0,92300000.0,0.0,0.02,0.407,1469100000.0,1561400000.0,0.092,1561400000.0,1469100000.0,1339600000.0,1.51,1.48,1.51,6554600000.0,6224575000.0,6554600000.0,14531247020.0,10.0,9.307,1562600000.0,2.596,1.0,5339900000.0,0.315,0.0,129500000.0,25357700000.0,24594775000.0,0.0,17176900000.0,,,16932600000.0,,,12633947020.0,21900000.0,0.0,-319700000.0,-384800000.0,-252400000.0,-947600000.0,-698700000.0,-621500000.0,1667900000.0,300000.0,909900000.0,909900000.0,909900000.0,0.0,0.0,0.054,3870800000.0,1469100000.0,1906300000.0,0.27,1.927,13.885,13.735,918200000.0,0.0,20.74,0.746,0.737,3428800000.0,3996200000.0,16930700000.0,16930700000.0,0.0,0.04,0.146,0.06,0.087,59900000.0,3823400000.0,1.0,609158487.0,601900000.0,606500000.0,28.129,23487200000.0,105300000.0,429700000.0,0.0,39.022,
36,PGR,MRT,2012-06-30,2012-06-30,2012-06-30,2021-09-09,842700000.0,22719000000.0,22264500000.0,,,0.733,10.395,-93500000.0,165500000.0,165500000.0,11271900000.0,783600000.0,,2.614,2062800000.0,,,2062800000.0,5014600000.0,91400000.0,0.0,0.02,0.407,1268000000.0,1359400000.0,0.083,1359400000.0,1268000000.0,1135700000.0,1.29,1.26,1.29,6286600000.0,6040000000.0,6286600000.0,14654361191.0,12.0,10.78,1508400000.0,2.494,1.0,5045900000.0,0.309,0.0,132300000.0,24616300000.0,24359825000.0,0.0,16609500000.0,,,16432400000.0,,,12730361191.0,15800000.0,0.0,-642400000.0,95000000.0,-251000000.0,-790300000.0,-795100000.0,-724200000.0,1601900000.0,-700000.0,783600000.0,783600000.0,783600000.0,0.0,0.0,0.048,3777900000.0,1268000000.0,1781800000.0,0.316,2.025,16.246,16.147,914300000.0,0.0,20.83,0.78,0.772,3293200000.0,3794300000.0,16317800000.0,16317800000.0,0.0,0.035,0.13,0.052,0.078,57500000.0,3734300000.0,1.0,611155122.0,604800000.0,608900000.0,26.98,22719000000.0,127000000.0,352100000.0,0.0,37.564,
37,PGR,MRT,2012-03-31,2012-03-31,2012-03-31,2021-09-09,894800000.0,22349900000.0,22036650000.0,,,0.726,10.311,-87400000.0,156000000.0,156000000.0,10889100000.0,910200000.0,,2.576,2080000000.0,,,2080000000.0,4880600000.0,89800000.0,0.0,0.018,0.407,1458800000.0,1548600000.0,0.097,1548600000.0,1458800000.0,1325700000.0,1.47,1.45,1.47,6250400000.0,6055725000.0,6250400000.0,16461128713.0,11.0,10.63,1445400000.0,2.384,1.0,5118400000.0,0.32,0.0,133100000.0,24273900000.0,24110000000.0,0.0,16401700000.0,,,16099500000.0,,,14174728713.0,500000.0,0.0,-877500000.0,113600000.0,-251000000.0,-1005900000.0,-526100000.0,-585600000.0,1532800000.0,-300000.0,910200000.0,910200000.0,910200000.0,0.0,0.0,0.057,3659600000.0,1458800000.0,1801500000.0,0.277,2.268,15.573,15.769,916400000.0,0.0,23.18,0.886,0.878,3237500000.0,3715000000.0,16007500000.0,16007500000.0,0.0,0.041,0.15,0.061,0.091,55100000.0,3621400000.0,1.0,611506847.0,606200000.0,610000000.0,26.406,22349900000.0,80600000.0,415500000.0,0.0,36.869,
38,PGR,MRT,2011-12-31,2011-12-31,2011-12-31,2021-09-09,692500000.0,21844800000.0,21830700000.0,,,0.723,9.183,-75900000.0,155700000.0,155700000.0,10634800000.0,1015500000.0,,2.762,2442100000.0,,,2442100000.0,4579400000.0,88500000.0,0.0,0.02,0.399,1619700000.0,1708200000.0,0.108,1708200000.0,1619700000.0,1487000000.0,1.61,1.59,1.61,5806700000.0,6073275000.0,5806700000.0,14382059986.0,9.0,8.419,1422000000.0,2.249,1.0,5139800000.0,0.326,0.0,132700000.0,24131200000.0,23873850000.0,0.0,15963000000.0,,,16038100000.0,,,12108459986.0,-3200000.0,0.0,-975400000.0,476900000.0,-263600000.0,-755700000.0,-744900000.0,-668400000.0,1497900000.0,-500000.0,1015500000.0,1015500000.0,1015500000.0,0.0,0.0,0.064,3520100000.0,1619700000.0,1770800000.0,0.248,2.085,11.924,12.118,911300000.0,0.0,19.51,0.768,0.782,2999600000.0,3495000000.0,15774600000.0,15774600000.0,0.0,0.047,0.167,0.068,0.103,50500000.0,3487200000.0,1.0,620628395.0,632300000.0,636900000.0,24.948,21844800000.0,196000000.0,471500000.0,0.0,34.548,
39,PGR,MRT,2011-09-30,2011-09-30,2011-09-30,2021-09-09,576600000.0,22144300000.0,21657075000.0,,,0.724,9.278,-76200000.0,170300000.0,170300000.0,10539600000.0,1058000000.0,,2.807,2443900000.0,,,2443900000.0,4830100000.0,86000000.0,0.0,0.079,1.399,1665500000.0,1751500000.0,0.112,1751500000.0,1665500000.0,1537800000.0,1.63,1.62,1.63,5816300000.0,6133825000.0,5816300000.0,13223821300.0,8.0,7.55,1420500000.0,2.266,1.0,5131400000.0,0.327,0.0,127700000.0,24417900000.0,23578450000.0,0.0,15987800000.0,,,16328000000.0,,,11414421300.0,15300000.0,0.0,-865600000.0,479200000.0,-919100000.0,-1294800000.0,-187100000.0,4500000.0,1496700000.0,500000.0,1058000000.0,1058000000.0,1058000000.0,0.0,0.0,0.068,3465900000.0,1665500000.0,1797200000.0,0.858,1.962,10.789,10.896,910900000.0,0.0,17.76,0.728,0.71,3167800000.0,3632400000.0,15671000000.0,15671000000.0,0.0,0.049,0.172,0.071,0.106,47100000.0,3432500000.0,1.0,642703902.0,626900000.0,631400000.0,24.998,22144300000.0,298500000.0,479800000.0,0.0,35.323,
40,PGR,MRT,2011-06-30,2011-06-30,2011-06-30,2021-09-09,863500000.0,21807600000.0,21627150000.0,,,0.723,9.866,-61700000.0,149700000.0,149700000.0,10333700000.0,1168900000.0,,2.435,1959100000.0,,,1959100000.0,4704300000.0,83800000.0,0.0,0.065,1.399,1842700000.0,1926500000.0,0.123,1926500000.0,1842700000.0,1716500000.0,1.79,1.78,1.79,6349500000.0,6358050000.0,6349500000.0,15822932873.0,9.0,8.213,1444200000.0,2.244,1.0,5295800000.0,0.339,0.0,126200000.0,23617000000.0,23430825000.0,0.0,16029600000.0,,,15458100000.0,,,14019732873.0,-4100000.0,0.0,-547800000.0,-214300000.0,-919100000.0,-1667500000.0,156100000.0,232700000.0,1505900000.0,1400000.0,1168900000.0,1168900000.0,1168900000.0,0.0,0.0,0.075,3453100000.0,1842700000.0,1652100000.0,0.782,2.208,11.994,11.944,917100000.0,0.0,21.38,0.897,0.88,3069300000.0,3835600000.0,15629500000.0,15629500000.0,0.0,0.054,0.184,0.079,0.118,46700000.0,3423300000.0,1.0,655740546.0,643600000.0,647900000.0,24.284,21807600000.0,111400000.0,547600000.0,0.0,33.884,
41,PGR,MRT,2011-03-31,2011-03-31,2011-03-31,2021-09-09,812700000.0,21526100000.0,21549400000.0,,,0.717,9.697,-56900000.0,155500000.0,155500000.0,10216000000.0,1135600000.0,,2.406,1958700000.0,,,1958700000.0,4587100000.0,82700000.0,0.0,0.066,1.399,1801500000.0,1884200000.0,0.122,1884200000.0,1801500000.0,1671700000.0,1.73,1.72,1.73,6320600000.0,6346825000.0,6320600000.0,15745839381.0,9.0,8.357,1625900000.0,2.494,1.0,5227100000.0,0.338,0.0,129800000.0,23329300000.0,23406800000.0,0.0,15777500000.0,,,15205500000.0,,,13946539381.0,400000.0,0.0,-327900000.0,-214300000.0,-919100000.0,-1446000000.0,-237400000.0,-7800000.0,1682800000.0,1000000.0,1135600000.0,1135600000.0,1135600000.0,0.0,0.0,0.074,3425600000.0,1801500000.0,1586100000.0,0.809,2.207,12.281,12.214,927400000.0,0.0,21.13,0.903,0.892,3015200000.0,3839200000.0,15443100000.0,15443100000.0,0.0,0.053,0.179,0.077,0.117,47900000.0,3394000000.0,1.0,660034992.0,651800000.0,655800000.0,23.693,21526100000.0,7500000.0,536100000.0,0.0,33.026,
42,PGR,MRT,2010-12-31,2010-12-31,2010-12-31,2021-09-09,783700000.0,21150300000.0,21430100000.0,,,0.71,9.194,-56700000.0,158900000.0,158900000.0,10131300000.0,1068300000.0,,2.497,1958200000.0,,,1958200000.0,4353800000.0,83100000.0,0.0,0.058,1.161,1698700000.0,1781800000.0,0.117,1781800000.0,1698700000.0,1565200000.0,1.62,1.61,1.62,6048900000.0,6319550000.0,6048900000.0,14983566944.0,9.0,8.409,1622600000.0,2.466,1.0,5084200000.0,0.334,0.0,133500000.0,22949600000.0,23342350000.0,0.0,15523400000.0,,,15101400000.0,,,13180766944.0,-1800000.0,0.0,-231400000.0,-214300000.0,-763700000.0,-1195400000.0,-486500000.0,-375800000.0,1679300000.0,800000.0,1068300000.0,1068300000.0,1068300000.0,0.0,0.0,0.07,3385500000.0,1698700000.0,1718400000.0,0.717,2.179,12.338,12.265,932600000.0,0.0,19.87,0.866,0.859,2826500000.0,3595700000.0,15215500000.0,15215500000.0,0.0,0.05,0.169,0.073,0.112,45900000.0,3352200000.0,1.0,663350123.0,657900000.0,663300000.0,23.127,21150300000.0,189000000.0,496900000.0,0.0,32.148,
43,PGR,MRT,2010-09-30,2010-09-30,2010-09-30,2021-09-09,799200000.0,22024600000.0,21154850000.0,,,0.71,10.237,-47400000.0,155000000.0,155000000.0,10155400000.0,1074100000.0,,2.281,1957800000.0,,,1957800000.0,4711000000.0,84500000.0,0.0,0.008,0.161,1730800000.0,1815300000.0,0.121,1815300000.0,1730800000.0,1593300000.0,1.63,1.61,1.63,6713200000.0,6244475000.0,6713200000.0,15957734740.0,9.0,8.791,1702200000.0,2.596,1.0,4866900000.0,0.324,0.0,137500000.0,23827400000.0,23121400000.0,0.0,16376000000.0,,,15311400000.0,,,13933434740.0,-17500000.0,0.0,-270900000.0,-214300000.0,-108200000.0,-580600000.0,-1188600000.0,-1061000000.0,1749600000.0,2100000.0,1074100000.0,1074100000.0,1074100000.0,0.0,0.0,0.072,3136100000.0,1730800000.0,1689200000.0,0.099,2.076,12.972,12.804,932000000.0,0.0,20.87,0.928,0.911,2956400000.0,4273600000.0,15022300000.0,15022300000.0,0.0,0.051,0.172,0.075,0.115,47500000.0,3104100000.0,1.0,667629839.0,655800000.0,661200000.0,22.907,22024600000.0,164600000.0,519200000.0,0.0,33.584,
44,PGR,MRT,2010-06-30,2010-06-30,2010-06-30,2021-09-09,574600000.0,21496600000.0,20660550000.0,,,0.719,9.547,-56700000.0,153800000.0,153800000.0,10071900000.0,1082400000.0,,2.41,2178100000.0,,,2178100000.0,4572100000.0,86000000.0,0.0,0.009,0.161,1719000000.0,1805000000.0,0.121,1805000000.0,1719000000.0,1578100000.0,1.63,1.61,1.63,6304600000.0,5940275000.0,6304600000.0,14572912532.0,8.0,8.074,1706500000.0,2.584,1.0,4792200000.0,0.322,0.0,140900000.0,23520900000.0,22677475000.0,0.0,15830000000.0,,,15192000000.0,,,12550312532.0,-6900000.0,0.0,-248300000.0,0.0,-108200000.0,-344300000.0,-1427300000.0,-1383200000.0,1763200000.0,1500000.0,1082400000.0,1082400000.0,1082400000.0,0.0,0.0,0.073,3073200000.0,1719000000.0,1556200000.0,0.099,1.991,11.595,11.485,947700000.0,0.0,18.72,0.844,0.832,2840600000.0,4097900000.0,14864100000.0,14864100000.0,0.0,0.052,0.182,0.076,0.116,44700000.0,3038300000.0,1.0,670422678.0,660400000.0,665700000.0,22.508,21496600000.0,318200000.0,495700000.0,0.0,32.551,
45,PGR,MRT,2010-03-31,2010-03-31,2010-03-31,2021-09-09,648600000.0,21048900000.0,20058300000.0,,,0.736,9.391,-60600000.0,155100000.0,155100000.0,9991300000.0,1120600000.0,,2.389,2177700000.0,,,2177700000.0,4452600000.0,88100000.0,0.0,0.008,0.161,1759600000.0,1847700000.0,0.125,1847700000.0,1759600000.0,1619100000.0,1.68,1.66,1.68,6211500000.0,5595375000.0,6211500000.0,14836575093.0,8.0,8.03,1554800000.0,2.351,1.0,4770000000.0,0.323,0.0,140500000.0,23071500000.0,22073075000.0,0.0,15564300000.0,,,14837400000.0,,,12820075093.0,20600000.0,0.0,-199300000.0,0.0,-108200000.0,-296300000.0,-1300200000.0,-1274200000.0,1615400000.0,1700000.0,1120600000.0,1120600000.0,1120600000.0,0.0,0.0,0.076,3010400000.0,1759600000.0,1482600000.0,0.096,2.064,11.44,11.363,956300000.0,0.0,19.09,0.868,0.855,2795500000.0,3942500000.0,14761300000.0,14761300000.0,0.0,0.056,0.2,0.08,0.119,41200000.0,2978300000.0,1.0,671559722.0,661400000.0,666400000.0,22.318,21048900000.0,177300000.0,498500000.0,0.0,31.825,
46,PGR,MRT,2009-12-31,2009-12-31,2009-12-31,2021-09-09,453200000.0,20049300000.0,19349850000.0,,,0.753,8.621,-64800000.0,160700000.0,160700000.0,9904900000.0,1057500000.0,,2.488,2177200000.0,,,2177200000.0,4172900000.0,87300000.0,0.0,0.0,0.0,1695900000.0,1783200000.0,0.122,1783200000.0,1695900000.0,1556900000.0,1.59,1.57,1.59,5748600000.0,5118325000.0,5748600000.0,14133669258.0,8.0,7.926,1422000000.0,2.133,1.0,4658700000.0,0.32,0.0,139000000.0,22065800000.0,21369325000.0,0.0,14713400000.0,,,14300700000.0,,,12129369258.0,157800000.0,0.0,-161800000.0,0.0,0.0,-152100000.0,-1178600000.0,-867300000.0,1486800000.0,1700000.0,1057500000.0,1057500000.0,1057500000.0,0.0,0.0,0.073,2962800000.0,1695900000.0,1297600000.0,0.0,2.11,11.47,11.314,961300000.0,0.0,17.99,0.833,0.824,2524100000.0,3683100000.0,14563600000.0,14563600000.0,0.0,0.055,0.207,0.079,0.116,40300000.0,2932300000.0,1.0,674228419.0,666800000.0,672200000.0,21.841,20049300000.0,416700000.0,499400000.0,0.0,30.068,
47,PGR,MRT,2009-09-30,2009-09-30,2009-09-30,2021-09-09,336100000.0,20047400000.0,18900150000.0,,,0.75,8.244,-72000000.0,172500000.0,172500000.0,9801600000.0,911800000.0,,2.647,2176800000.0,,,2176800000.0,4493500000.0,92200000.0,0.0,0.0,0.0,1459100000.0,1551300000.0,0.109,1551300000.0,1459100000.0,1321500000.0,1.36,1.36,1.36,5496400000.0,4735000000.0,5496400000.0,13266902723.0,9.0,8.552,1453800000.0,2.181,1.0,4368900000.0,0.308,0.0,137600000.0,22051700000.0,20958650000.0,0.0,14669200000.0,,,14551000000.0,,,11251202723.0,165900000.0,0.0,-76600000.0,0.0,0.0,-71000000.0,-1288900000.0,-1769700000.0,1525800000.0,0.0,911800000.0,911800000.0,911800000.0,0.0,0.0,0.064,2909800000.0,1459100000.0,1528700000.0,0.0,2.047,12.34,12.191,974100000.0,0.0,16.58,0.794,0.78,2704500000.0,3561900000.0,14170500000.0,14170500000.0,0.0,0.048,0.193,0.07,0.103,36700000.0,2880600000.0,1.0,678600888.0,666700000.0,672800000.0,21.255,20047400000.0,490900000.0,409700000.0,0.0,30.07,
48,PGR,MRT,2009-06-30,2009-06-30,2009-06-30,2021-09-09,-22500000.0,19087600000.0,18548200000.0,,,0.688,7.36,-83600000.0,160700000.0,160700000.0,9859300000.0,-42300000.0,,2.876,2176400000.0,,,2176400000.0,4379600000.0,94300000.0,0.0,0.0,0.0,5100000.0,99400000.0,0.008,99400000.0,5100000.0,-131400000.0,-0.07,-0.07,-0.07,4925000000.0,4426050000.0,4925000000.0,12331521933.0,2418.0,124.06,1454000000.0,2.173,1.0,2910000000.0,0.228,0.0,136500000.0,21103300000.0,20647750000.0,0.0,13611300000.0,,,14162600000.0,,,10290121933.0,150800000.0,0.0,-6300000.0,0.0,0.0,-3000000.0,-1383800000.0,-1243200000.0,1537600000.0,0.0,-42300000.0,-42300000.0,-42300000.0,0.0,0.0,-0.003,2904900000.0,5100000.0,1407700000.0,0.0,2.089,-243.265,-215.857,989900000.0,0.0,15.11,0.806,0.792,2607600000.0,3353300000.0,12769300000.0,12769300000.0,0.0,-0.002,-0.01,0.0,0.0,37800000.0,2876100000.0,1.0,681014026.0,669200000.0,674600000.0,19.081,19087600000.0,727600000.0,-89100000.0,0.0,28.523,
49,PGR,MRT,2009-03-31,2009-03-31,2009-03-31,2021-09-09,-203700000.0,18215100000.0,18504900000.0,,,0.688,6.436,-94200000.0,134500000.0,134500000.0,9868000000.0,-76900000.0,,3.233,2175900000.0,,,2175900000.0,4290600000.0,95900000.0,0.0,0.0,0.0,-46700000.0,49200000.0,0.004,49200000.0,-46700000.0,-182800000.0,-0.12,-0.12,-0.12,4303300000.0,4396175000.0,4303300000.0,11267828822.0,-241.0,229.021,1535000000.0,2.296,1.0,2854400000.0,0.224,0.0,136100000.0,20256500000.0,20641725000.0,0.0,12768400000.0,,,13911800000.0,,,9095228822.0,126000000.0,0.0,-46500000.0,0.0,0.0,-40800000.0,-1462400000.0,-1307400000.0,1629200000.0,0.0,-76900000.0,-76900000.0,-76900000.0,0.0,0.0,-0.006,2901100000.0,-46700000.0,1368000000.0,0.0,2.114,-118.273,-112.0,997500000.0,0.0,13.44,0.715,0.706,2577600000.0,2925000000.0,12722400000.0,12722400000.0,0.0,-0.004,-0.017,-0.002,-0.004,37300000.0,2871300000.0,1.0,676728335.0,668600000.0,672000000.0,19.028,18215100000.0,766000000.0,-105900000.0,0.0,27.244,
50,PGR,MRT,2008-12-31,2008-12-31,2008-12-31,2021-09-09,-51900000.0,18250500000.0,18630325000.0,,,0.689,6.31,-97400000.0,2900000.0,2900000.0,10015000000.0,-70000000.0,,3.33,2175500000.0,,,2175500000.0,4175900000.0,99100000.0,0.0,0.01,0.145,-85600000.0,13500000.0,0.001,13500000.0,-85600000.0,-222300000.0,-0.1,-0.1,-0.1,4215300000.0,4507750000.0,4215300000.0,12174583706.0,-142.0,901.821,1451800000.0,2.173,1.0,2825100000.0,0.22,0.0,136700000.0,20423100000.0,20798250000.0,0.0,12978100000.0,,,14035200000.0,,,10006083706.0,-2900000.0,0.0,-152400000.0,0.0,-98300000.0,-239600000.0,-1312500000.0,-1392300000.0,1549200000.0,0.0,-70000000.0,-70000000.0,-70000000.0,0.0,0.0,-0.005,2910700000.0,-85600000.0,1506400000.0,-1.45,2.374,-142.944,-148.1,997100000.0,0.0,14.81,0.779,0.77,2471000000.0,2697800000.0,12840100000.0,12840100000.0,0.0,-0.004,-0.016,-0.004,-0.007,34500000.0,2881500000.0,1.0,675630230.0,668000000.0,673900000.0,19.222,18250500000.0,821600000.0,-152300000.0,0.0,27.321,
51,PGR,MRT,2008-09-30,2008-09-30,2008-09-30,2021-09-09,169500000.0,18639600000.0,18778475000.0,,,0.689,6.394,-111900000.0,6600000.0,6600000.0,10001100000.0,6800000.0,,3.375,2175100000.0,,,2175100000.0,4499200000.0,98900000.0,0.0,0.008,0.145,26900000.0,125800000.0,0.01,125800000.0,26900000.0,-110400000.0,0.0,-0.01,0.0,4260600000.0,4687800000.0,4260600000.0,13919364658.0,517.0,110.647,1440400000.0,2.162,1.0,2946000000.0,0.228,0.0,137300000.0,20808100000.0,20945275000.0,0.0,12734700000.0,,,14379000000.0,,,11754564658.0,-1100000.0,0.0,-507000000.0,0.0,-98300000.0,-591300000.0,-962100000.0,-296000000.0,1552300000.0,0.0,6800000.0,6800000.0,6800000.0,0.0,0.0,0.001,2919100000.0,26900000.0,1558400000.0,,2.759,1728.612,,1001500000.0,0.0,17.4,0.908,0.895,2648300000.0,2540600000.0,12947100000.0,12947100000.0,0.0,0.0,0.001,0.001,0.002,31500000.0,2888900000.0,1.0,675549693.0,666300000.0,672800000.0,19.431,18639600000.0,724500000.0,-117200000.0,0.0,27.975,
52,PGR,MRT,2008-06-30,2008-06-30,2008-06-30,2021-09-09,41700000.0,18914400000.0,19034950000.0,,,0.759,7.2,-118600000.0,9900000.0,9900000.0,9992600000.0,990200000.0,,2.936,2174700000.0,,,2174700000.0,4403600000.0,101900000.0,0.0,0.115,2.145,1530900000.0,1632800000.0,0.113,1632800000.0,1530900000.0,1393100000.0,1.46,1.44,1.46,4805500000.0,4958625000.0,4805500000.0,14848805733.0,10.0,9.094,1408600000.0,2.111,1.0,4454000000.0,0.308,0.0,137800000.0,21079200000.0,21201075000.0,0.0,13976000000.0,,,14108900000.0,,,12683005733.0,-4100000.0,0.0,-1065700000.0,0.0,-1504800000.0,-2555200000.0,1023900000.0,1159600000.0,1527200000.0,0.0,990200000.0,990200000.0,990200000.0,0.0,0.0,0.069,2923100000.0,1530900000.0,1530000000.0,1.469,2.639,12.809,12.822,1002700000.0,0.0,18.72,0.878,0.865,2578600000.0,3224800000.0,14446600000.0,14446600000.0,0.0,0.052,0.2,0.072,0.106,26600000.0,2892600000.0,1.0,677510990.0,667400000.0,673700000.0,21.646,18914400000.0,291200000.0,402900000.0,0.0,28.34,
53,PGR,MRT,2008-03-31,2008-03-31,2008-03-31,2021-09-09,162800000.0,18716800000.0,19574750000.0,,,0.745,7.073,-126100000.0,8500000.0,8500000.0,10009700000.0,1058400000.0,,2.941,2174300000.0,,,2174300000.0,4307900000.0,104500000.0,0.0,0.133,2.145,1621500000.0,1726000000.0,0.118,1726000000.0,1621500000.0,1497500000.0,1.53,1.51,1.53,4749600000.0,5132975000.0,4749600000.0,13069467396.0,8.0,7.572,1490300000.0,2.219,1.0,4576200000.0,0.314,0.0,124000000.0,20882600000.0,21739450000.0,0.0,13879700000.0,,,13967200000.0,,,10901367396.0,-1400000.0,0.0,-1308000000.0,1021700000.0,-1504800000.0,-1776000000.0,158200000.0,371400000.0,1616400000.0,0.0,1058400000.0,1058400000.0,1058400000.0,0.0,0.0,0.073,2954700000.0,1621500000.0,1532900000.0,1.402,2.295,10.3,10.503,1000600000.0,0.0,16.07,0.747,0.74,2570100000.0,3063000000.0,14585900000.0,14585900000.0,0.0,0.054,0.206,0.075,0.111,26800000.0,2923200000.0,1.0,678367604.0,671500000.0,677300000.0,21.721,18716800000.0,190600000.0,439100000.0,0.0,27.873,
54,PGR,MRT,2007-12-31,2007-12-31,2007-12-31,2021-09-09,492800000.0,18843100000.0,19898475000.0,,,0.738,6.947,-134300000.0,5800000.0,5800000.0,9926200000.0,1182500000.0,,2.818,2173900000.0,,,2173900000.0,4210400000.0,106900000.0,0.0,0.104,2.0,1801600000.0,1908500000.0,0.13,1908500000.0,1801600000.0,1693000000.0,1.66,1.65,1.66,4935500000.0,5678225000.0,4935500000.0,15541393912.0,9.0,8.143,1656700000.0,2.332,1.0,4760600000.0,0.324,0.0,108600000.0,21011200000.0,21815675000.0,0.0,14165100000.0,,,13907600000.0,,,13375593912.0,200000.0,0.0,-1517600000.0,1021700000.0,-1406500000.0,-1886900000.0,96100000.0,195300000.0,1791000000.0,0.0,1182500000.0,1182500000.0,1182500000.0,0.0,0.0,0.081,2959000000.0,1801600000.0,1580600000.0,1.205,2.71,11.311,11.542,1000400000.0,0.0,19.16,0.911,0.927,2464900000.0,2927700000.0,14686800000.0,14686800000.0,0.0,0.059,0.208,0.083,0.123,26500000.0,2926100000.0,1.0,698099891.0,710400000.0,718500000.0,20.674,18843100000.0,106000000.0,510500000.0,0.0,26.525,
55,PGR,MRT,2007-09-30,2007-09-30,2007-09-30,2021-09-09,701100000.0,19665500000.0,20058225000.0,,,0.736,7.606,-162700000.0,7700000.0,7700000.0,9758200000.0,1347300000.0,,2.68,2173500000.0,,,2173500000.0,4547400000.0,107500000.0,0.0,0.104,2.009,2045900000.0,2153400000.0,0.146,2153400000.0,2045900000.0,1952900000.0,1.84,1.82,1.84,5343900000.0,6156000000.0,5343900000.0,16213468887.0,8.0,7.529,1735900000.0,2.471,1.0,5007900000.0,0.339,0.0,93000000.0,21831300000.0,21728375000.0,0.0,14817200000.0,,,14321600000.0,,,14054368887.0,-6800000.0,0.0,-1525600000.0,1021700000.0,-1413000000.0,-1895600000.0,-9800000.0,104400000.0,1898600000.0,0.0,1347300000.0,1347300000.0,1347300000.0,0.0,0.0,0.091,2962000000.0,2045900000.0,1629000000.0,1.092,2.63,10.432,10.549,990100000.0,0.0,19.41,0.952,0.924,2692100000.0,3110500000.0,14766100000.0,14766100000.0,0.0,0.067,0.219,0.094,0.139,29700000.0,2928200000.0,1.0,724078768.0,702600000.0,710800000.0,21.016,19665500000.0,0.0,605600000.0,50900000.0,27.99,
56,PGR,MRT,2007-06-30,2007-06-30,2007-06-30,2021-09-09,647300000.0,21073600000.0,20103400000.0,,,0.735,7.624,-197000000.0,14000000.0,14000000.0,9616800000.0,1457700000.0,,2.83,2173100000.0,,,2173100000.0,4532700000.0,107200000.0,0.0,0.001,0.018,2210200000.0,2317400000.0,0.157,2317400000.0,2210200000.0,2133400000.0,1.95,1.93,1.95,5502900000.0,6498550000.0,5502900000.0,18793568793.0,9.0,8.11,1685200000.0,2.335,1.0,5163500000.0,0.349,0.0,76800000.0,23232700000.0,21524825000.0,0.0,16180300000.0,,,15570700000.0,,,17617768793.0,-3600000.0,0.0,-1308300000.0,1021700000.0,-13300000.0,-275300000.0,-1610500000.0,-1251600000.0,1882200000.0,0.0,1457700000.0,1457700000.0,1457700000.0,0.0,0.0,0.099,2953300000.0,2210200000.0,1518700000.0,0.009,3.202,12.086,12.272,987400000.0,0.0,23.93,1.192,1.169,2702100000.0,3278200000.0,14780300000.0,14780300000.0,0.0,0.073,0.224,0.103,0.15,32100000.0,2918700000.0,1.0,736221011.0,721800000.0,729500000.0,20.477,21073600000.0,0.0,675700000.0,56200000.0,29.196,
57,PGR,MRT,2007-03-31,2007-03-31,2007-03-31,2021-09-09,629500000.0,20011700000.0,19735650000.0,,,0.751,9.394,-263300000.0,9900000.0,9900000.0,9512600000.0,1574400000.0,,1.887,1185700000.0,,,1185700000.0,4487100000.0,105400000.0,0.0,0.001,0.025,2394100000.0,2499500000.0,0.169,2499500000.0,2394100000.0,2318400000.0,2.08,2.05,2.08,6930600000.0,6728400000.0,6930600000.0,17424406360.0,7.0,6.971,1693600000.0,2.295,1.0,5299700000.0,0.358,0.0,75700000.0,21187500000.0,20909200000.0,0.0,15097500000.0,,,13081100000.0,,,16244506360.0,-700000.0,0.0,-1267500000.0,-100000000.0,-19200000.0,-1354900000.0,-602700000.0,-410100000.0,1956900000.0,0.0,1574400000.0,1574400000.0,1574400000.0,0.0,0.0,0.106,2905600000.0,2394100000.0,1544600000.0,0.012,2.344,10.318,10.49,979700000.0,0.0,21.82,1.097,1.087,2722000000.0,4714600000.0,14812300000.0,14812300000.0,0.0,0.08,0.234,0.114,0.162,29000000.0,2870600000.0,1.0,744477835.0,737800000.0,745300000.0,20.076,20011700000.0,0.0,744000000.0,143300000.0,27.123,
58,PGR,MRT,2006-12-31,2006-12-31,2006-12-31,2021-09-09,604300000.0,19482100000.0,19547275000.0,,,0.756,8.842,-318900000.0,5600000.0,5600000.0,9394900000.0,1647500000.0,,1.846,1185500000.0,,,1185500000.0,4335000000.0,103400000.0,0.0,0.001,0.033,2510500000.0,2613900000.0,0.177,2613900000.0,2510500000.0,2433200000.0,2.13,2.1,2.13,6846600000.0,6576825000.0,6846600000.0,19618974810.0,8.0,7.506,1705700000.0,2.203,1.0,5391500000.0,0.365,0.0,77300000.0,20662000000.0,20745475000.0,0.0,14689200000.0,,,12635500000.0,,,18448074810.0,0.0,0.0,-1171200000.0,-100000000.0,-25000000.0,-1257400000.0,-767200000.0,-331700000.0,2024600000.0,0.0,1647500000.0,1647500000.0,1647500000.0,0.0,0.0,0.111,2881000000.0,2510500000.0,1390000000.0,0.015,2.694,11.198,11.371,973400000.0,0.0,24.22,1.248,1.268,2587700000.0,4646900000.0,14786400000.0,14786400000.0,0.0,0.084,0.251,0.121,0.17,27600000.0,2844700000.0,1.0,761687647.0,774300000.0,783800000.0,19.096,19482100000.0,16800000.0,785700000.0,0.0,25.161,
59,PGR,MRT,2006-09-30,2006-09-30,2006-09-30,2021-09-09,528200000.0,19846200000.0,19401400000.0,,,0.757,8.797,-340200000.0,14500000.0,14500000.0,9498500000.0,1528200000.0,,1.956,1185400000.0,,,1185400000.0,4658100000.0,99900000.0,0.0,0.001,0.031,2331000000.0,2430900000.0,0.165,2430900000.0,2331000000.0,2252200000.0,1.98,1.94,1.98,6714100000.0,6392050000.0,6714100000.0,20118107856.0,9.0,8.276,1532100000.0,2.007,1.0,5193100000.0,0.353,0.0,78800000.0,21017100000.0,20624450000.0,0.0,14853500000.0,,,13132100000.0,,,18950507856.0,7600000.0,0.0,-817400000.0,-100000000.0,-24400000.0,-914400000.0,-950300000.0,-389100000.0,1872300000.0,0.0,1528200000.0,1528200000.0,1528200000.0,0.0,0.0,0.104,2862100000.0,2331000000.0,1564300000.0,0.016,2.822,12.401,12.394,941600000.0,0.0,24.54,1.29,1.275,2796700000.0,4587000000.0,14691600000.0,14691600000.0,0.0,0.079,0.239,0.113,0.159,37700000.0,2824500000.0,1.0,772229334.0,763200000.0,772200000.0,19.25,19846200000.0,36100000.0,724000000.0,0.0,26.004,
60,PGR,MRT,2006-06-30,2006-06-30,2006-06-30,2021-09-09,313200000.0,19602600000.0,19228625000.0,,,0.759,8.275,-289200000.0,17600000.0,17600000.0,9598600000.0,1423900000.0,,2.052,1185200000.0,,,1185200000.0,4626600000.0,96500000.0,0.0,0.001,0.03,2177900000.0,2274400000.0,0.156,2274400000.0,2177900000.0,2096900000.0,1.83,1.8,1.83,6422300000.0,6166150000.0,6422300000.0,21392333389.0,10.0,9.406,1627900000.0,2.098,1.0,4991700000.0,0.342,0.0,81000000.0,20770200000.0,20478425000.0,0.0,14667800000.0,,,13180300000.0,,,20117933389.0,-2200000.0,0.0,-553300000.0,-100000000.0,-23500000.0,-654400000.0,-1264900000.0,-1095900000.0,1917100000.0,0.0,1423900000.0,1423900000.0,1423900000.0,0.0,0.0,0.098,2813800000.0,2177900000.0,1673900000.0,0.016,3.133,14.129,14.049,902700000.0,0.0,25.71,1.379,1.368,2766700000.0,4506100000.0,14590300000.0,14590300000.0,0.0,0.074,0.231,0.106,0.149,46900000.0,2776000000.0,1.0,782494492.0,776100000.0,785900000.0,18.8,19602600000.0,71500000.0,673000000.0,0.0,25.258,
61,PGR,MRT,2006-03-31,2006-03-31,2006-03-31,2021-09-09,375700000.0,19258200000.0,18942775000.0,,,0.764,8.096,-254600000.0,10600000.0,10600000.0,9479000000.0,1417800000.0,,2.045,1285000000.0,,,1285000000.0,4508100000.0,94400000.0,0.0,0.001,0.03,2174000000.0,2268400000.0,0.157,2268400000.0,2174000000.0,2091700000.0,1.81,1.78,1.81,6324300000.0,5958200000.0,6324300000.0,21788521792.0,10.0,9.605,1784600000.0,2.284,1.0,4993500000.0,0.345,0.0,82300000.0,20532600000.0,20216875000.0,0.0,14521400000.0,,,12933900000.0,,,20509221792.0,-6200000.0,0.0,-508200000.0,0.0,-23500000.0,-520200000.0,-1525200000.0,-1261200000.0,2039200000.0,0.0,1417800000.0,1417800000.0,1417800000.0,0.0,0.0,0.098,2819500000.0,2174000000.0,1460500000.0,0.017,3.243,14.466,14.401,822500000.0,0.0,26.065,1.417,1.407,2740200000.0,4937800000.0,14472500000.0,14472500000.0,0.0,0.075,0.238,0.108,0.15,59800000.0,2781700000.0,1.0,786849100.0,781200000.0,791700000.0,18.526,19258200000.0,0.0,673900000.0,48300000.0,24.652,
62,PGR,MRT,2005-12-31,2005-12-31,2005-12-31,2021-09-09,398700000.0,18898600000.0,18559025000.0,,,0.771,7.754,-183200000.0,5600000.0,5600000.0,9364800000.0,1393900000.0,,2.094,1284900000.0,,,1284900000.0,4335100000.0,92400000.0,0.0,0.001,0.03,2141500000.0,2233900000.0,0.156,2233900000.0,2141500000.0,2058900000.0,1.77,1.74,1.77,6107500000.0,5700825000.0,6107500000.0,24312810470.0,11.0,10.884,1810800000.0,2.299,1.0,4938600000.0,0.345,0.0,82600000.0,20177900000.0,19831450000.0,0.0,14274700000.0,,,12791100000.0,,,23034910470.0,-14400000.0,0.0,-438600000.0,0.0,-23700000.0,-462300000.0,-1546100000.0,-1489500000.0,1994000000.0,0.0,1393900000.0,1393900000.0,1393900000.0,0.0,0.0,0.097,2797100000.0,2141500000.0,1510800000.0,0.017,3.772,16.526,16.494,758700000.0,0.0,29.195,1.61,1.608,2604400000.0,4726000000.0,14303400000.0,14303400000.0,0.0,0.075,0.245,0.108,0.15,74900000.0,2760400000.0,1.0,789001900.0,787700000.0,799300000.0,18.158,18898600000.0,138300000.0,665000000.0,0.0,23.992,
63,PGR,MRT,2005-09-30,2005-09-30,2005-09-30,2021-09-09,390000000.0,19155100000.0,18130450000.0,,,0.794,7.422,-120700000.0,6900000.0,6900000.0,9231500000.0,1525800000.0,,2.297,1284800000.0,,,1284800000.0,4575900000.0,95500000.0,0.0,0.001,0.03,2349600000.0,2445100000.0,0.17,2445100000.0,2349600000.0,2266900000.0,1.92,1.895,1.92,5810500000.0,5462800000.0,5810500000.0,21926527741.0,9.0,8.968,2055600000.0,2.626,1.0,5168800000.0,0.359,0.0,82700000.0,20433000000.0,19399125000.0,0.0,14526700000.0,,,13344600000.0,,,20661727741.0,-27600000.0,0.0,-1916700000.0,-6000000.0,-23800000.0,-1946500000.0,-257400000.0,-344400000.0,2176300000.0,0.0,1525800000.0,1525800000.0,1525800000.0,0.0,0.0,0.106,2819200000.0,2349600000.0,1746500000.0,0.016,3.556,13.542,13.642,695800000.0,0.0,26.192,1.435,1.424,2742300000.0,4461700000.0,14400300000.0,14400300000.0,0.0,0.084,0.279,0.121,0.163,70500000.0,2781500000.0,1.0,788841376.0,782900000.0,794300000.0,18.394,19155100000.0,65400000.0,741100000.0,0.0,24.467,
64,PGR,MRT,2005-06-30,2005-06-30,2005-06-30,2021-09-09,407800000.0,18459200000.0,17965600000.0,,,0.791,7.089,-159900000.0,19800000.0,19800000.0,8935400000.0,1609400000.0,,2.302,1284600000.0,,,1284600000.0,4503800000.0,97900000.0,0.0,0.001,0.03,2480600000.0,2578500000.0,0.181,2578500000.0,2480600000.0,2398500000.0,1.98,1.947,1.98,5590500000.0,5542925000.0,5590500000.0,20910537314.0,8.0,8.11,2218400000.0,2.813,1.0,5280900000.0,0.371,0.0,82100000.0,19724000000.0,19228725000.0,0.0,13994700000.0,,,12868700000.0,,,19642837314.0,-2200000.0,0.0,-1886000000.0,-6000000.0,-24400000.0,-1916400000.0,-464100000.0,-308100000.0,2378300000.0,0.0,1609400000.0,1609400000.0,1609400000.0,0.0,0.0,0.113,2800300000.0,2480600000.0,1495000000.0,0.015,3.514,12.205,12.476,704300000.0,0.0,24.703,1.382,1.37,2642900000.0,4241900000.0,14216300000.0,14216300000.0,0.0,0.09,0.29,0.129,0.174,66900000.0,2761800000.0,1.0,795176088.0,788600000.0,800100000.0,18.027,18459200000.0,0.0,789100000.0,94800000.0,23.408,
65,PGR,MRT,2005-03-31,2005-03-31,2005-03-31,2021-09-09,310000000.0,17723200000.0,17779975000.0,,,0.787,6.652,-154400000.0,16800000.0,16800000.0,8761500000.0,1601400000.0,,2.347,1284500000.0,,,1284500000.0,4364300000.0,98800000.0,0.0,0.001,0.029,2467900000.0,2566700000.0,0.183,2566700000.0,2467900000.0,2386800000.0,1.925,1.897,1.925,5294800000.0,5575600000.0,5294800000.0,19625071247.0,8.0,7.646,2266100000.0,2.847,1.0,5232100000.0,0.374,0.0,81100000.0,18990900000.0,19043900000.0,0.0,13404900000.0,,,12428400000.0,,,18360771247.0,-6300000.0,0.0,-1727600000.0,-6000000.0,-23900000.0,-1757500000.0,-669300000.0,-558100000.0,2420500000.0,0.0,1601400000.0,1601400000.0,1601400000.0,0.0,0.0,0.114,2764200000.0,2467900000.0,1385900000.0,0.015,3.468,11.465,11.917,660900000.0,0.0,22.94,1.312,1.305,2590500000.0,4061400000.0,13993600000.0,13993600000.0,0.0,0.09,0.287,0.13,0.176,68000000.0,2725900000.0,1.0,800382356.0,796000000.0,807600000.0,17.58,17723200000.0,0.0,785400000.0,45400000.0,22.265,
66,PGR,MRT,2004-12-31,2004-12-31,2004-12-31,2021-09-09,444800000.0,17184300000.0,17639650000.0,,,0.781,6.054,-192000000.0,20000000.0,20000000.0,8555000000.0,1648700000.0,,2.333,1284300000.0,,,1284300000.0,4108000000.0,99400000.0,0.0,0.001,0.027,2531600000.0,2631000000.0,0.191,2631000000.0,2531600000.0,2450800000.0,1.94,1.91,1.94,5155400000.0,5637350000.0,5155400000.0,18241029334.0,7.0,6.933,2470500000.0,2.901,1.0,5227100000.0,0.379,0.0,80800000.0,18448600000.0,18903350000.0,0.0,13082000000.0,,,12028900000.0,,,16985329334.0,7900000.0,0.0,-1576800000.0,-206000000.0,-23300000.0,-1806100000.0,-848500000.0,-613300000.0,2662500000.0,0.0,1648700000.0,1648700000.0,1648700000.0,0.0,0.0,0.12,2695500000.0,2531600000.0,1325000000.0,0.014,3.295,10.302,10.933,666500000.0,0.0,21.21,1.232,1.31,2407000000.0,3812900000.0,13782100000.0,13782100000.0,0.0,0.093,0.292,0.134,0.184,68100000.0,2656600000.0,1.0,800817036.0,851500000.0,864800000.0,16.186,17184300000.0,0.0,802100000.0,26000000.0,20.181,
67,PGR,MRT,2004-09-30,2004-09-30,2004-09-30,2021-09-09,360700000.0,18495700000.0,17413950000.0,,,0.761,7.096,-229600000.0,34500000.0,34500000.0,8228000000.0,1593000000.0,,2.017,1290200000.0,,,1290200000.0,4326500000.0,97600000.0,0.0,0.001,0.026,2443600000.0,2541200000.0,0.192,2541200000.0,2443600000.0,2359600000.0,1.843,1.813,1.843,6131000000.0,5606150000.0,6131000000.0,19662049233.0,8.0,7.737,2503700000.0,2.898,1.0,5028600000.0,0.379,0.0,84000000.0,19751400000.0,18731000000.0,0.0,14319200000.0,,,12364700000.0,,,18394049233.0,12600000.0,0.0,-103500000.0,-200000000.0,-22700000.0,-326200000.0,-2394500000.0,-1951200000.0,2733300000.0,0.0,1593000000.0,1593000000.0,1593000000.0,0.0,0.0,0.12,2585000000.0,2443600000.0,1548600000.0,0.014,3.0,11.547,11.496,674600000.0,0.0,21.188,1.388,1.381,2523500000.0,4816300000.0,13256600000.0,13256600000.0,0.0,0.091,0.284,0.13,0.184,67500000.0,2547100000.0,1.0,868155716.0,864000000.0,876400000.0,15.343,18495700000.0,0.0,766600000.0,43400000.0,21.407,
68,PGR,MRT,2004-06-30,2004-06-30,2004-06-30,2021-09-09,300900000.0,17716700000.0,16830175000.0,,,0.766,6.61,-222000000.0,22000000.0,22000000.0,8039400000.0,1523900000.0,,2.097,1290000000.0,,,1290000000.0,4220700000.0,94200000.0,0.0,0.001,0.025,2343200000.0,2437400000.0,0.189,2437400000.0,2343200000.0,2255300000.0,1.763,1.732,1.763,5721200000.0,5221025000.0,5721200000.0,19811619574.0,8.0,8.128,2601100000.0,3.005,1.0,4859300000.0,0.377,0.0,87900000.0,18984700000.0,18200225000.0,0.0,13667700000.0,,,11995500000.0,,,18544819574.0,4100000.0,0.0,-159800000.0,-200000000.0,-21600000.0,-381400000.0,-2437600000.0,-2064500000.0,2823100000.0,0.0,1523900000.0,1523900000.0,1523900000.0,0.0,0.0,0.118,2516100000.0,2343200000.0,1507400000.0,0.014,3.241,12.169,12.096,647900000.0,0.0,21.325,1.438,1.431,2451900000.0,4484100000.0,12898700000.0,12898700000.0,0.0,0.091,0.292,0.129,0.182,63900000.0,2478900000.0,1.0,869628116.0,865600000.0,879200000.0,14.901,17716700000.0,0.0,731400000.0,52400000.0,20.468,
69,PGR,MRT,2004-03-31,2004-03-31,2004-03-31,2021-09-09,475100000.0,17161900000.0,16226325000.0,,,0.767,6.402,-199000000.0,23100000.0,23100000.0,7869000000.0,1423900000.0,,2.097,1289900000.0,,,1289900000.0,4083900000.0,91900000.0,0.0,0.001,0.025,2197000000.0,2288900000.0,0.184,2288900000.0,2197000000.0,2105100000.0,1.645,1.615,1.645,5541800000.0,4885875000.0,5541800000.0,20482057034.0,9.0,8.948,2570800000.0,2.97,1.0,4583300000.0,0.368,0.0,91900000.0,18428700000.0,17647250000.0,0.0,13247700000.0,,,11620100000.0,,,19004357034.0,-200000.0,0.0,-180800000.0,-200000000.0,-21700000.0,-402500000.0,-2367500000.0,-2125500000.0,2769800000.0,0.0,1423900000.0,1423900000.0,1423900000.0,0.0,0.0,0.114,2386300000.0,2197000000.0,1386000000.0,0.015,3.429,13.347,13.313,616000000.0,0.0,21.9,1.526,1.522,2368300000.0,4159400000.0,12452300000.0,12452300000.0,0.0,0.088,0.291,0.124,0.176,60100000.0,2349500000.0,1.0,867778860.0,865600000.0,880000000.0,14.386,17161900000.0,0.0,681200000.0,156400000.0,19.827,
70,PGR,MRT,2003-12-31,2003-12-31,2003-12-31,2021-09-09,425000000.0,16281500000.0,15474350000.0,,,0.768,5.801,-171100000.0,12100000.0,12100000.0,7640400000.0,1255400000.0,,2.236,1489800000.0,,,1489800000.0,3894700000.0,89300000.0,0.0,0.001,0.025,1955200000.0,2044500000.0,0.172,2044500000.0,1955200000.0,1859700000.0,1.448,1.423,1.448,5030600000.0,4488825000.0,5030600000.0,19522956102.0,10.0,9.549,2265800000.0,2.613,1.0,4251600000.0,0.358,0.0,95500000.0,17759200000.0,16945050000.0,0.0,12532300000.0,,,11250900000.0,,,18055256102.0,-4800000.0,0.0,-266800000.0,0.0,-21700000.0,-288500000.0,-2153200000.0,-1945000000.0,2436900000.0,0.0,1255400000.0,1255400000.0,1255400000.0,0.0,0.0,0.106,2296400000.0,1955200000.0,1290100000.0,0.017,3.589,14.382,14.432,584700000.0,0.0,20.898,1.518,1.524,2194300000.0,3729800000.0,11892000000.0,11892000000.0,0.0,0.081,0.28,0.115,0.164,55000000.0,2259200000.0,1.0,863991200.0,867200000.0,882000000.0,13.713,16281500000.0,81600000.0,604300000.0,0.0,18.775,
71,PGR,MRT,2003-09-30,2003-09-30,2003-09-30,2021-09-09,329700000.0,16160600000.0,14795075000.0,,,0.762,5.291,-136600000.0,21900000.0,21900000.0,7405700000.0,1049800000.0,,2.52,1489600000.0,,,1489600000.0,4028700000.0,86500000.0,0.0,0.001,0.025,1645300000.0,1731800000.0,0.154,1731800000.0,1645300000.0,1552700000.0,1.208,1.188,1.208,4590500000.0,4173175000.0,4590500000.0,16485990838.0,10.0,9.52,2334500000.0,2.691,1.0,3864300000.0,0.343,0.0,92600000.0,17628300000.0,16264375000.0,0.0,12403900000.0,,,11570100000.0,,,15014490838.0,4300000.0,0.0,-255100000.0,397800000.0,-21700000.0,121000000.0,-2587800000.0,-2584700000.0,2471100000.0,0.0,1049800000.0,1049800000.0,1049800000.0,0.0,0.0,0.093,2219000000.0,1645300000.0,1667600000.0,0.021,3.271,14.302,14.303,548000000.0,0.0,17.277,1.332,1.33,2267300000.0,3395600000.0,11270000000.0,11270000000.0,0.0,0.071,0.252,0.101,0.146,44300000.0,2182300000.0,1.0,869019872.0,867600000.0,882400000.0,12.99,16160600000.0,33900000.0,502900000.0,0.0,18.627,
72,PGR,MRT,2003-06-30,2003-06-30,2003-06-30,2021-09-09,341600000.0,15301300000.0,13976175000.0,,,0.759,5.031,-113200000.0,17900000.0,17900000.0,7076200000.0,908500000.0,,2.493,1489400000.0,,,1489400000.0,3853100000.0,85700000.0,0.0,0.001,0.025,1427500000.0,1513200000.0,0.143,1513200000.0,1427500000.0,1341300000.0,1.042,1.025,1.042,4380600000.0,3909950000.0,4380600000.0,17376900094.0,12.0,11.484,2088500000.0,2.398,1.0,3531800000.0,0.333,0.0,86200000.0,16772800000.0,15348200000.0,0.0,11765100000.0,,,10920700000.0,,,15911000094.0,3000000.0,0.0,-194500000.0,397800000.0,-21800000.0,181500000.0,-2380200000.0,-2146700000.0,2201700000.0,0.0,908500000.0,908500000.0,908500000.0,0.0,0.0,0.086,2104300000.0,1427500000.0,1426100000.0,0.024,3.632,17.513,17.538,525400000.0,0.0,18.275,1.5,1.5,2161600000.0,3180200000.0,10608000000.0,10608000000.0,0.0,0.065,0.232,0.093,0.135,39100000.0,2068300000.0,1.0,870642960.0,870800000.0,886800000.0,12.182,15301300000.0,26200000.0,432800000.0,0.0,17.572,
73,PGR,MRT,2003-03-31,2003-03-31,2003-03-31,2021-09-09,140700000.0,14154000000.0,13275150000.0,,,0.749,4.536,-95300000.0,23300000.0,23300000.0,6675200000.0,782600000.0,,2.58,1489200000.0,,,1489200000.0,3590200000.0,85100000.0,0.0,0.002,0.025,1234000000.0,1319100000.0,0.133,1319100000.0,1234000000.0,1153400000.0,0.897,0.88,0.897,3953600000.0,3659675000.0,3953600000.0,14414432302.0,12.0,10.927,1928100000.0,2.212,1.0,3270600000.0,0.329,0.0,80600000.0,15619900000.0,14549575000.0,0.0,10659900000.0,,,10200400000.0,,,12942332302.0,8400000.0,0.0,-262500000.0,397800000.0,-21400000.0,113900000.0,-2128900000.0,-1900300000.0,2023400000.0,0.0,782600000.0,782600000.0,782600000.0,0.0,0.0,0.079,2036600000.0,1234000000.0,1212100000.0,0.028,3.274,16.538,16.53,509200000.0,0.0,14.828,1.301,1.299,2040200000.0,2988500000.0,9945800000.0,9945800000.0,0.0,0.059,0.214,0.085,0.124,27700000.0,2002000000.0,1.0,872860044.0,871600000.0,885200000.0,11.411,14154000000.0,163400000.0,370800000.0,0.0,16.239,
74,PGR,MRT,2002-12-31,2002-12-31,2002-12-31,2021-09-09,169300000.0,13564400000.0,12697700000.0,,,0.732,4.301,-89900000.0,16900000.0,16900000.0,6299100000.0,667300000.0,,2.6,1489000000.0,,,1489000000.0,3304300000.0,83900000.0,0.0,0.002,0.024,1056000000.0,1139900000.0,0.123,1139900000.0,1056000000.0,981400000.0,0.762,0.748,0.762,3768000000.0,3513700000.0,3768000000.0,11886430555.0,11.0,10.428,1822100000.0,2.08,1.0,2995300000.0,0.322,0.0,74600000.0,15036500000.0,13875900000.0,0.0,10284300000.0,,,9796400000.0,,,10807830555.0,5700000.0,0.0,-191700000.0,397800000.0,-21100000.0,185000000.0,-2091300000.0,-2116700000.0,1912000000.0,0.0,667300000.0,667300000.0,667300000.0,0.0,0.0,0.072,1939300000.0,1056000000.0,1190100000.0,0.031,2.868,16.196,16.283,503100000.0,0.0,12.408,1.163,1.169,1839500000.0,2796000000.0,9294400000.0,9294400000.0,0.0,0.053,0.19,0.076,0.114,19300000.0,1905800000.0,1.0,871072380.0,876000000.0,892800000.0,10.61,13564400000.0,219200000.0,314100000.0,0.0,15.484,
75,PGR,MRT,2002-09-30,2002-09-30,2002-09-30,2021-09-09,84200000.0,12885000000.0,12087200000.0,,,0.723,4.059,-76700000.0,17600000.0,17600000.0,5892700000.0,639800000.0,,2.642,1096200000.0,,,1096200000.0,3362000000.0,84300000.0,0.0,0.002,0.024,1006700000.0,1091000000.0,0.125,1091000000.0,1006700000.0,938700000.0,0.727,0.713,0.727,3537600000.0,3384375000.0,3537600000.0,12104541812.0,12.0,11.095,1595700000.0,1.831,1.0,2845000000.0,0.326,0.0,68000000.0,13963600000.0,13168500000.0,0.0,9565000000.0,,,9347400000.0,,,11023441812.0,-5800000.0,0.0,-199100000.0,364900000.0,-20800000.0,145000000.0,-1823200000.0,-1761300000.0,1672400000.0,0.0,639800000.0,639800000.0,639800000.0,0.0,0.0,0.073,1838300000.0,1006700000.0,1256900000.0,0.033,3.116,17.23,17.411,498100000.0,0.0,12.658,1.262,1.263,1890500000.0,2649100000.0,8737700000.0,8737700000.0,0.0,0.053,0.189,0.076,0.115,24600000.0,1805500000.0,1.0,870901980.0,871600000.0,887200000.0,10.025,12885000000.0,209100000.0,298900000.0,0.0,14.783,
76,PGR,MRT,2002-06-30,2002-06-30,2002-06-30,2021-09-09,62000000.0,12497200000.0,11580500000.0,,,0.706,3.844,-75800000.0,14900000.0,14900000.0,5546700000.0,557700000.0,,2.698,1096000000.0,,,1096000000.0,3194000000.0,83300000.0,0.0,0.001,0.017,876500000.0,959800000.0,0.117,959800000.0,876500000.0,813200000.0,0.632,0.62,0.632,3379500000.0,3275275000.0,3379500000.0,13805860823.0,16.0,14.384,1497400000.0,1.703,1.0,2632500000.0,0.322,0.0,63300000.0,13578300000.0,12573575000.0,0.0,9310000000.0,,,9117700000.0,,,12724860823.0,-23800000.0,0.0,-232800000.0,364900000.0,-20500000.0,111600000.0,-1708600000.0,-1992800000.0,1573200000.0,0.0,557700000.0,557700000.0,557700000.0,0.0,0.0,0.068,1756000000.0,876500000.0,1391100000.0,0.027,3.765,22.817,22.884,498300000.0,0.0,14.463,1.556,1.555,1830200000.0,2517100000.0,8179200000.0,8179200000.0,0.0,0.048,0.17,0.07,0.107,23700000.0,1724200000.0,1.0,879852088.0,879200000.0,897600000.0,9.303,12497200000.0,152400000.0,255500000.0,0.0,14.214,
77,PGR,MRT,2002-03-31,2002-03-31,2002-03-31,2021-09-09,74000000.0,11844200000.0,11063625000.0,,,0.703,3.821,-73400000.0,14900000.0,14900000.0,5345500000.0,501000000.0,,2.515,1095900000.0,,,1095900000.0,2942700000.0,81900000.0,0.0,0.001,0.017,783500000.0,865400000.0,0.111,865400000.0,783500000.0,725500000.0,0.568,0.557,0.568,3369700000.0,3186100000.0,3369700000.0,13337347233.0,17.0,15.412,1273100000.0,1.443,1.0,2437500000.0,0.313,0.0,58000000.0,12925200000.0,11964000000.0,0.0,8788600000.0,,,8474500000.0,,,12252847233.0,-7400000.0,-40300000.0,-114500000.0,364900000.0,-20500000.0,229900000.0,-1583800000.0,-1616200000.0,1346500000.0,0.0,501000000.0,501000000.0,501000000.0,0.0,0.0,0.064,1654000000.0,783500000.0,1140600000.0,0.03,3.636,24.457,24.442,499900000.0,0.0,13.883,1.574,1.573,1703600000.0,2498700000.0,7783000000.0,7783000000.0,0.0,0.045,0.157,0.065,0.101,29500000.0,1622700000.0,1.0,882558024.0,882000000.0,899200000.0,8.824,11844200000.0,186500000.0,224500000.0,0.0,13.429,
78,PGR,MRT,2001-12-31,2001-12-31,2001-12-31,2021-09-09,116700000.0,11122400000.0,10660750000.0,,,0.702,3.677,-74900000.0,11200000.0,11200000.0,5264100000.0,411400000.0,,2.422,1095700000.0,,,1095700000.0,2716700000.0,81000000.0,0.0,0.001,0.017,639800000.0,720800000.0,0.096,720800000.0,639800000.0,587600000.0,0.465,0.458,0.465,3250700000.0,3076650000.0,3250700000.0,11670425097.0,18.0,16.191,1159700000.0,1.312,1.0,2224100000.0,0.297,0.0,52200000.0,12206900000.0,11472525000.0,0.0,8226300000.0,,,7871700000.0,,,10944725097.0,2300000.0,0.0,-94200000.0,364900000.0,-20600000.0,250100000.0,-1482400000.0,-1312200000.0,1234600000.0,0.0,411400000.0,411400000.0,411400000.0,0.0,0.0,0.055,1584300000.0,639800000.0,821300000.0,0.037,3.367,26.604,26.756,498000000.0,0.0,12.442,1.462,1.469,1574700000.0,2497400000.0,7488200000.0,7488200000.0,0.0,0.039,0.134,0.056,0.085,24400000.0,1551800000.0,1.0,879683196.0,884000000.0,900800000.0,8.471,11122400000.0,178100000.0,176200000.0,0.0,12.582,
79,PGR,MRT,2001-09-30,2001-09-30,2001-09-30,2021-09-09,98500000.0,10858200000.0,10393050000.0,,,0.699,3.511,-87900000.0,23400000.0,23400000.0,5209400000.0,334700000.0,,2.501,749100000.0,,,749100000.0,2795400000.0,77700000.0,0.0,0.002,0.017,532800000.0,610500000.0,0.084,610500000.0,532800000.0,476700000.0,0.38,0.375,0.38,3101200000.0,2981425000.0,3101200000.0,10576494807.0,20.0,17.324,1155300000.0,1.308,1.0,2051800000.0,0.283,0.0,56100000.0,11583900000.0,11118675000.0,0.0,7930000000.0,,,7757000000.0,,,9866194807.0,4200000.0,0.0,-85100000.0,-300400000.0,-20700000.0,-405500000.0,-833500000.0,-884400000.0,1243200000.0,0.0,334700000.0,334700000.0,334700000.0,0.0,0.0,0.046,1519000000.0,532800000.0,1035500000.0,0.045,3.181,29.478,29.364,506600000.0,0.0,11.158,1.359,1.357,1853800000.0,2388300000.0,7261200000.0,7261200000.0,0.0,0.032,0.112,0.048,0.073,19700000.0,1483700000.0,1.0,884199684.0,883200000.0,900400000.0,8.221,10858200000.0,112900000.0,142000000.0,0.0,12.294,
80,PGR,MRT,2001-06-30,2001-06-30,2001-06-30,2021-09-09,41300000.0,10429700000.0,10301875000.0,,,0.694,3.41,-103300000.0,38700000.0,38700000.0,5219700000.0,297100000.0,,2.45,749000000.0,,,749000000.0,2719500000.0,77400000.0,0.0,0.002,0.023,482600000.0,560000000.0,0.078,560000000.0,482600000.0,419600000.0,0.337,0.333,0.337,3022800000.0,2904875000.0,3022800000.0,10710321644.0,22.0,19.126,992800000.0,1.12,1.0,1933400000.0,0.27,0.0,63000000.0,11140000000.0,11103550000.0,0.0,7449200000.0,,,7406900000.0,,,9983721644.0,29800000.0,0.0,-8600000.0,-300400000.0,-20600000.0,-328300000.0,-738000000.0,-625300000.0,1096100000.0,0.0,297100000.0,297100000.0,297100000.0,0.0,0.0,0.042,1450800000.0,482600000.0,824800000.0,0.068,3.303,33.604,33.432,506900000.0,0.0,11.267,1.396,1.396,1817200000.0,2367000000.0,7153100000.0,7153100000.0,0.0,0.029,0.102,0.043,0.067,17100000.0,1414300000.0,1.0,886129140.0,886400000.0,903200000.0,8.07,10429700000.0,182300000.0,122500000.0,0.0,11.766,
81,PGR,MRT,2001-03-31,2001-03-31,2001-03-31,2021-09-09,38600000.0,10232700000.0,10332650000.0,,,0.672,3.32,-114400000.0,22300000.0,22300000.0,5233700000.0,179300000.0,,2.49,748900000.0,,,748900000.0,2630700000.0,77300000.0,0.0,0.003,0.023,307200000.0,384500000.0,0.055,384500000.0,307200000.0,237000000.0,0.203,0.203,0.203,2931900000.0,2831750000.0,2931900000.0,7890924048.0,26.0,20.523,869300000.0,0.984,1.0,1709600000.0,0.246,0.0,70200000.0,10959300000.0,11216750000.0,0.0,7283000000.0,,,7300800000.0,,,7151024048.0,11300000.0,40300000.0,18500000.0,-300400000.0,-20300000.0,-300300000.0,-672100000.0,-662300000.0,983700000.0,0.0,179300000.0,179300000.0,179300000.0,0.0,0.0,0.026,1402400000.0,307200000.0,883500000.0,0.113,2.439,39.883,39.84,509200000.0,0.0,8.088,1.03,1.029,1796500000.0,2302000000.0,6943300000.0,6943300000.0,0.0,0.017,0.063,0.027,0.044,10900000.0,1365600000.0,1.0,884206992.0,883200000.0,897600000.0,7.862,10232700000.0,218000000.0,57700000.0,0.0,11.586,
82,PGR,MRT,2000-12-31,2000-12-31,2000-12-31,2021-09-09,64700000.0,10051600000.0,10268100000.0,,,0.659,3.267,-130300000.0,8900000.0,8900000.0,5279400000.0,46100000.0,,2.503,748800000.0,,,748800000.0,2636500000.0,77600000.0,0.0,0.003,0.023,109600000.0,187200000.0,0.028,187200000.0,109600000.0,31800000.0,0.052,0.052,0.052,2869800000.0,2779675000.0,2869800000.0,8639819456.0,79.0,46.153,692100000.0,0.788,1.0,1491600000.0,0.22,0.0,77800000.0,10791500000.0,11229975000.0,0.0,6983300000.0,,,7181800000.0,,,7609919456.0,-5300000.0,0.0,800000.0,-300400000.0,-19800000.0,-317000000.0,-510700000.0,-444700000.0,822400000.0,0.0,46100000.0,46100000.0,46100000.0,0.0,0.0,0.007,1382000000.0,109600000.0,810100000.0,0.442,2.652,165.074,166.026,504500000.0,0.0,8.633,1.124,1.12,1900400000.0,2220400000.0,6771000000.0,6771000000.0,0.0,0.004,0.017,0.01,0.016,11300000.0,1347300000.0,1.0,881457852.0,878400000.0,892000000.0,7.708,10051600000.0,241100000.0,-14300000.0,0.0,11.443,
83,PGR,MRT,2000-09-30,2000-09-30,2000-09-30,2021-09-09,50900000.0,10493500000.0,10181375000.0,,,0.649,3.178,-134100000.0,19200000.0,19200000.0,5199500000.0,1900000.0,,2.754,1049100000.0,,,1049100000.0,2951300000.0,80200000.0,0.0,0.003,0.022,42200000.0,122400000.0,0.019,122400000.0,42200000.0,-37300000.0,0.002,0.002,0.002,2795000000.0,2750425000.0,2795000000.0,7039729488.0,167.0,57.514,637800000.0,0.725,1.0,1411100000.0,0.213,0.0,79500000.0,11523400000.0,11216875000.0,0.0,7065000000.0,,,7698500000.0,,,5999729488.0,10600000.0,-4200000.0,-3900000.0,7700000.0,-19400000.0,-13700000.0,-747600000.0,-609300000.0,771900000.0,0.0,1900000.0,1900000.0,1900000.0,0.0,0.0,0.0,1368900000.0,42200000.0,780000000.0,11.0,2.147,3157.752,3411.667,496400000.0,0.0,6.823,0.908,0.908,2177700000.0,2178200000.0,6610600000.0,6610600000.0,0.0,0.0,0.001,0.004,0.006,8000000.0,1335900000.0,1.0,879295968.0,879600000.0,891600000.0,7.515,10493500000.0,281700000.0,-39200000.0,0.0,11.93,
84,PGR,MRT,2000-06-30,2000-06-30,2000-06-30,2021-09-09,42900000.0,10552800000.0,9994050000.0,,,0.645,3.113,-135600000.0,8900000.0,8900000.0,4991600000.0,17100000.0,,2.865,1048900000.0,,,1048900000.0,3005300000.0,79100000.0,0.0,0.004,0.022,65200000.0,144300000.0,0.022,144300000.0,65200000.0,-14200000.0,0.019,0.018,0.019,2730300000.0,2742350000.0,2730300000.0,6442614194.0,99.0,44.647,597900000.0,0.682,1.0,1452200000.0,0.225,0.0,79400000.0,11592800000.0,11030125000.0,0.0,7056400000.0,,,7822500000.0,,,5404914194.0,-11900000.0,-4200000.0,-2200000.0,7700000.0,-19100000.0,-26200000.0,-719200000.0,-579400000.0,733500000.0,0.0,17100000.0,17100000.0,17100000.0,0.0,0.0,0.003,1387000000.0,65200000.0,995200000.0,1.158,1.98,316.077,324.561,479400000.0,0.0,6.167,0.839,0.839,2244700000.0,2125600000.0,6443800000.0,6443800000.0,0.0,0.002,0.006,0.006,0.01,27200000.0,1346500000.0,1.0,876472572.0,877200000.0,891600000.0,7.346,10552800000.0,309300000.0,-31300000.0,0.0,12.03,
85,PGR,MRT,2000-03-31,2000-03-31,2000-03-31,2021-09-09,28500000.0,9974500000.0,9758425000.0,,,0.647,3.109,-130400000.0,11000000.0,11000000.0,4664200000.0,143300000.0,,2.662,1048700000.0,,,1048700000.0,2904800000.0,75200000.0,0.0,0.003,0.022,259400000.0,334600000.0,0.053,334600000.0,259400000.0,179900000.0,0.163,0.159,0.163,2723600000.0,2750600000.0,2723600000.0,6586302495.0,25.0,19.684,599900000.0,0.685,1.0,1651500000.0,0.261,0.0,79500000.0,11012200000.0,10789450000.0,0.0,6555100000.0,,,7250900000.0,,,5551902495.0,-14300000.0,-9900000.0,-6600000.0,-22300000.0,-19000000.0,-57600000.0,-687000000.0,-546700000.0,730300000.0,0.0,143300000.0,143300000.0,143300000.0,0.0,0.0,0.023,1392100000.0,259400000.0,705800000.0,0.135,2.038,38.743,38.885,469200000.0,0.0,6.338,0.879,0.879,2186700000.0,2145600000.0,6315700000.0,6315700000.0,0.0,0.015,0.052,0.024,0.041,22200000.0,1346600000.0,1.0,875924664.0,876000000.0,886800000.0,7.21,9974500000.0,293200000.0,36600000.0,0.0,11.386,
86,PGR,MRT,1999-12-31,1999-12-31,1999-12-31,2021-09-09,-3400000.0,9704700000.0,9558775000.0,,,0.641,3.147,-135400000.0,14200000.0,14200000.0,4256400000.0,295200000.0,,2.525,1048600000.0,,,1048600000.0,2781400000.0,71800000.0,0.0,0.004,0.022,488600000.0,560400000.0,0.092,560400000.0,488600000.0,412200000.0,0.338,0.33,0.338,2752800000.0,2741150000.0,2752800000.0,6378898404.0,13.0,11.383,659200000.0,0.754,1.0,1867800000.0,0.305,0.0,76400000.0,10739100000.0,10591675000.0,0.0,6427700000.0,,,6951900000.0,,,5346698404.0,-4400000.0,-9900000.0,12000000.0,271400000.0,-19000000.0,265300000.0,-1064300000.0,-919000000.0,794600000.0,0.0,295200000.0,295200000.0,295200000.0,0.0,0.0,0.048,1379200000.0,488600000.0,705700000.0,0.065,1.942,18.112,18.03,447700000.0,0.0,6.094,0.873,0.871,2103800000.0,2210500000.0,6124200000.0,6124200000.0,0.0,0.031,0.108,0.046,0.08,20400000.0,1328800000.0,1.0,877346928.0,874800000.0,895200000.0,7.001,9704700000.0,273700000.0,117000000.0,0.0,11.094,
87,PGR,MRT,1999-09-30,1999-09-30,1999-09-30,2021-09-09,7500000.0,9744200000.0,9248375000.0,,,0.634,3.154,-142300000.0,8600000.0,8600000.0,3923700000.0,369900000.0,,2.527,1040800000.0,,,1040800000.0,2895700000.0,64800000.0,0.0,0.003,0.022,596200000.0,661000000.0,0.113,661000000.0,596200000.0,524500000.0,0.423,0.413,0.423,2762700000.0,2692225000.0,2762700000.0,6978921630.0,12.0,10.558,624600000.0,0.713,1.0,1935300000.0,0.33,0.0,71700000.0,10776400000.0,10212175000.0,0.0,6351400000.0,,,6981500000.0,,,5959121630.0,-23500000.0,-5700000.0,14200000.0,263700000.0,-18900000.0,243200000.0,-1033600000.0,-885600000.0,766900000.0,0.0,369900000.0,369900000.0,369900000.0,0.0,0.0,0.063,1339100000.0,596200000.0,701700000.0,0.052,2.157,16.11,16.093,439700000.0,0.0,6.808,1.017,1.018,2204700000.0,2211100000.0,5859000000.0,5859000000.0,0.0,0.04,0.137,0.058,0.102,45400000.0,1289500000.0,1.0,875375928.0,876000000.0,895200000.0,6.688,9744200000.0,250800000.0,154600000.0,0.0,11.124,
88,PGR,MRT,1999-06-30,1999-06-30,1999-06-30,2021-09-09,87200000.0,9610300000.0,8896350000.0,,,0.634,3.159,-157700000.0,20800000.0,20800000.0,3661100000.0,431000000.0,,2.478,1040600000.0,,,1040600000.0,2768800000.0,59400000.0,0.0,0.002,0.022,684600000.0,744000000.0,0.132,744000000.0,684600000.0,617900000.0,0.494,0.481,0.494,2763300000.0,2604475000.0,2763300000.0,11615671290.0,17.0,15.612,587900000.0,0.672,1.0,1976000000.0,0.351,0.0,66700000.0,10630100000.0,9788175000.0,0.0,6380100000.0,,,6847000000.0,,,10570471290.0,-400000.0,-5700000.0,-26700000.0,263700000.0,-18800000.0,224200000.0,-970200000.0,-806800000.0,745600000.0,0.0,431000000.0,431000000.0,431000000.0,0.0,0.0,0.076,1291400000.0,684600000.0,775500000.0,0.045,3.825,24.525,24.46,420100000.0,0.0,12.083,1.875,1.875,2118300000.0,2141000000.0,5637100000.0,5637100000.0,0.0,0.048,0.165,0.07,0.121,25600000.0,1248000000.0,1.0,874797624.0,874800000.0,897600000.0,6.444,9610300000.0,203600000.0,186900000.0,0.0,10.986,
89,PGR,MRT,1999-03-31,1999-03-31,1999-03-31,2021-09-09,122800000.0,9175900000.0,8565200000.0,,,0.636,3.079,-178600000.0,25300000.0,25300000.0,3506000000.0,441900000.0,,2.416,1070500000.0,,,1070500000.0,2562400000.0,58200000.0,0.0,0.002,0.021,697500000.0,755700000.0,0.139,755700000.0,697500000.0,635700000.0,0.508,0.49,0.508,2685800000.0,2516400000.0,2685800000.0,11207651345.0,16.0,14.831,517300000.0,0.593,1.0,1941500000.0,0.356,0.0,61800000.0,10221100000.0,9390825000.0,0.0,6201300000.0,,,6490100000.0,,,10449651345.0,11900000.0,0.0,-27300000.0,293700000.0,-18500000.0,255200000.0,-939200000.0,-760600000.0,695900000.0,0.0,441900000.0,441900000.0,441900000.0,0.0,0.0,0.081,1244000000.0,697500000.0,644100000.0,0.041,3.891,23.647,23.54,404800000.0,0.0,11.958,1.918,1.915,1978600000.0,2033700000.0,5447500000.0,5447500000.0,0.0,0.052,0.176,0.074,0.128,25600000.0,1205600000.0,1.0,873838440.0,872400000.0,896400000.0,6.244,9175900000.0,154100000.0,193800000.0,0.0,10.518,
90,PGR,MRT,1998-12-31,1998-12-31,1998-12-31,2021-09-09,113300000.0,8463100000.0,8253900000.0,,,0.641,2.939,-174200000.0,18600000.0,18600000.0,3376300000.0,456700000.0,,2.31,776600000.0,,,776600000.0,2329700000.0,56100000.0,0.0,0.002,0.026,722200000.0,778300000.0,0.147,778300000.0,722200000.0,661100000.0,0.525,0.509,0.525,2557100000.0,2420550000.0,2557100000.0,13024257782.0,18.0,16.734,468000000.0,0.538,1.0,1916100000.0,0.362,0.0,61100000.0,9221100000.0,9008900000.0,0.0,5674300000.0,,,5906000000.0,,,12279957782.0,-4700000.0,0.0,-31100000.0,0.0,-18100000.0,-47800000.0,-599100000.0,-424900000.0,642200000.0,0.0,456700000.0,456700000.0,456700000.0,0.0,0.0,0.086,1193900000.0,722200000.0,582000000.0,0.05,4.802,26.888,26.889,376200000.0,0.0,14.117,2.32,2.321,1814900000.0,1932600000.0,5292400000.0,5292400000.0,0.0,0.055,0.189,0.08,0.136,25600000.0,1155700000.0,1.0,869890752.0,870000000.0,896400000.0,6.083,8463100000.0,192900000.0,204400000.0,0.0,9.728,
91,PGR,MRT,1998-09-30,1998-09-30,1998-09-30,2021-09-09,41500000.0,8336100000.0,8028025000.0,,,0.657,2.772,-180400000.0,32100000.0,32100000.0,3331800000.0,483400000.0,,2.457,776400000.0,,,776400000.0,2377300000.0,52700000.0,0.0,0.003,0.025,766100000.0,818800000.0,0.155,818800000.0,766100000.0,703900000.0,0.557,0.532,0.557,2411700000.0,2315250000.0,2411700000.0,8950563637.0,12.0,10.931,511300000.0,0.588,1.0,1941000000.0,0.368,0.0,62200000.0,9080400000.0,8781675000.0,0.0,5563800000.0,,,5924400000.0,,,8195563637.0,11400000.0,0.0,-33200000.0,-100000.0,-17700000.0,-31000000.0,-649300000.0,-468900000.0,691700000.0,0.0,483400000.0,483400000.0,483400000.0,0.0,0.0,0.092,1174900000.0,766100000.0,567200000.0,0.045,3.398,16.954,16.876,355300000.0,0.0,9.4,1.554,1.551,1822000000.0,1860800000.0,5272800000.0,5272800000.0,0.0,0.06,0.209,0.087,0.145,0.0,1131700000.0,1.0,871868472.0,870000000.0,896400000.0,6.061,8336100000.0,178900000.0,220500000.0,0.0,9.582,
92,PGR,MRT,1998-06-30,1998-06-30,1998-06-30,2021-09-09,142900000.0,8285700000.0,7830000000.0,,,0.653,2.771,-168100000.0,21200000.0,21200000.0,3241300000.0,464500000.0,,2.437,776200000.0,,,776200000.0,2301800000.0,48700000.0,0.0,0.002,0.025,739700000.0,788400000.0,0.154,788400000.0,739700000.0,676000000.0,0.536,0.51,0.536,2411000000.0,2228275000.0,2411000000.0,10985834500.0,15.0,13.934,528200000.0,0.607,1.0,1871500000.0,0.366,0.0,63700000.0,9040700000.0,8586375000.0,0.0,5675400000.0,,,5874700000.0,,,10223134500.0,2600000.0,0.0,5400000.0,-200000.0,-17400000.0,7600000.0,-701300000.0,-533200000.0,696300000.0,0.0,464500000.0,464500000.0,464500000.0,0.0,0.0,0.091,1131800000.0,739700000.0,595900000.0,0.047,4.24,22.009,21.922,315900000.0,0.0,11.75,2.0,1.999,1770700000.0,1768300000.0,5112800000.0,5112800000.0,0.0,0.059,0.208,0.086,0.145,0.0,1085100000.0,1.0,870054000.0,870000000.0,914400000.0,5.877,8285700000.0,132400000.0,211500000.0,0.0,9.524,
93,PGR,MRT,1998-03-31,1998-03-31,1998-03-31,2021-09-09,159300000.0,7930700000.0,7535575000.0,,,0.65,2.65,-141300000.0,13400000.0,13400000.0,3116500000.0,443600000.0,,2.445,776100000.0,,,776100000.0,2178700000.0,42900000.0,0.0,0.002,0.025,710900000.0,753800000.0,0.154,753800000.0,710900000.0,646300000.0,0.512,0.489,0.512,2302400000.0,2101025000.0,2302400000.0,10508557310.0,15.0,13.941,568900000.0,0.655,1.0,1780000000.0,0.364,0.0,64600000.0,8693400000.0,8292525000.0,0.0,5496900000.0,,,5628300000.0,,,9755957310.0,-14900000.0,0.0,6900000.0,-300000.0,-17300000.0,7100000.0,-732200000.0,-590900000.0,710200000.0,0.0,443600000.0,443600000.0,443600000.0,0.0,0.0,0.091,1069100000.0,710900000.0,496700000.0,0.049,4.237,21.993,21.924,286300000.0,0.0,11.225,1.992,1.992,1715800000.0,1649800000.0,4896500000.0,4896500000.0,0.0,0.059,0.211,0.086,0.145,0.0,1016200000.0,1.0,869127600.0,868800000.0,910800000.0,5.636,7930700000.0,62500000.0,202700000.0,0.0,9.128,
94,PGR,MRT,1997-12-31,1997-12-31,1997-12-31,2021-09-09,122300000.0,7559600000.0,7221725000.0,,,0.638,2.472,-121900000.0,23300000.0,23300000.0,2967500000.0,400000000.0,,2.539,775900000.0,,,775900000.0,1980100000.0,36600000.0,0.0,0.002,0.02,643100000.0,679700000.0,0.147,679700000.0,643100000.0,578500000.0,0.463,0.443,0.463,2135900000.0,1960700000.0,2135900000.0,9418029794.0,15.0,13.856,612800000.0,0.709,1.0,1640700000.0,0.356,0.0,64600000.0,8312200000.0,7974875000.0,0.0,5270400000.0,,,5423700000.0,,,8662829794.0,7900000.0,-48000000.0,11200000.0,-20400000.0,-17300000.0,-8900000.0,-717900000.0,-548000000.0,734700000.0,0.0,400000000.0,400000000.0,400000000.0,0.0,0.0,0.087,997600000.0,643100000.0,486400000.0,0.043,4.056,21.657,21.58,260400000.0,0.0,9.992,1.88,1.873,1558100000.0,1534800000.0,4608200000.0,4608200000.0,0.0,0.055,0.204,0.081,0.14,0.0,943800000.0,1.0,867005484.0,864000000.0,903600000.0,5.334,7559600000.0,116500000.0,178500000.0,0.0,8.75,
95,PGR,MRT,1997-09-30,1997-09-30,1997-09-30,2021-09-09,147500000.0,7544000000.0,6877800000.0,,,0.614,2.385,-87800000.0,20700000.0,20700000.0,2716300000.0,386500000.0,,2.655,775900000.0,,,775900000.0,1979800000.0,30800000.0,0.0,0.002,0.02,622700000.0,653500000.0,0.155,653500000.0,622700000.0,558200000.0,0.457,0.431,0.457,2063800000.0,1845950000.0,2063800000.0,8478165025.0,14.0,12.973,661700000.0,0.765,1.0,1509700000.0,0.357,0.0,64500000.0,8299200000.0,7632875000.0,0.0,5281300000.0,,,5480200000.0,,,7720865025.0,11400000.0,-48000000.0,11900000.0,-20400000.0,-17300000.0,-8200000.0,-729900000.0,-594100000.0,749500000.0,0.0,386500000.0,380100000.0,380100000.0,0.0,0.0,0.09,887000000.0,622700000.0,573600000.0,0.044,3.741,20.313,19.53,227600000.0,6400000.0,8.925,1.827,1.827,1578400000.0,1434200000.0,4226000000.0,4226000000.0,0.0,0.055,0.206,0.082,0.147,0.0,834300000.0,1.0,865082916.0,865200000.0,,4.884,7544000000.0,93000000.0,171700000.0,0.0,8.719,
96,PGR,MRT,1997-06-30,1997-06-30,1997-06-30,2021-09-09,106000000.0,7108000000.0,6488600000.0,,,0.604,2.204,-54700000.0,18600000.0,18600000.0,2532100000.0,350600000.0,,2.737,775900000.0,,,775900000.0,1863400000.0,26100000.0,0.0,0.003,0.02,565800000.0,591900000.0,0.151,591900000.0,565800000.0,501400000.0,0.412,0.392,0.412,1902000000.0,1717450000.0,1902000000.0,7005066089.0,12.0,11.835,699600000.0,0.811,1.0,1384500000.0,0.353,0.0,64400000.0,7865300000.0,7246450000.0,0.0,4969500000.0,,,5206000000.0,,,6257566089.0,7400000.0,-48000000.0,12000000.0,-20400000.0,-17100000.0,-14700000.0,-732200000.0,-629500000.0,754300000.0,0.0,350600000.0,344200000.0,344200000.0,0.0,0.0,0.088,818700000.0,565800000.0,475000000.0,0.049,3.29,18.18,17.597,195800000.0,6400000.0,7.25,1.598,1.597,1512000000.0,1325100000.0,3916600000.0,3916600000.0,0.0,0.053,0.2,0.078,0.144,0.0,769100000.0,1.0,863112564.0,862800000.0,,4.539,7108000000.0,74100000.0,150800000.0,0.0,8.238,
97,PGR,MRT,1997-03-31,1997-03-31,1997-03-31,2021-09-09,59700000.0,6675300000.0,6160025000.0,,,0.592,2.024,-44200000.0,28300000.0,28300000.0,2345900000.0,326900000.0,,2.834,775800000.0,,,775800000.0,1671300000.0,25200000.0,0.0,0.004,0.02,526000000.0,551200000.0,0.151,551200000.0,526000000.0,462700000.0,0.378,0.363,0.378,1741100000.0,1606825000.0,1741100000.0,5347271304.0,10.0,9.701,667000000.0,0.775,1.0,1300000000.0,0.357,0.0,63300000.0,7422800000.0,6919650000.0,0.0,4677800000.0,,,4934200000.0,,,4586971304.0,14400000.0,-48000000.0,-29900000.0,79200000.0,-18000000.0,-41000000.0,-655800000.0,-563600000.0,711200000.0,0.0,326900000.0,320500000.0,320500000.0,0.0,0.0,0.088,774000000.0,526000000.0,469800000.0,0.053,2.635,14.312,14.083,185700000.0,6400000.0,5.323,1.258,1.256,1400200000.0,1216500000.0,3645900000.0,3645900000.0,0.0,0.052,0.199,0.076,0.144,0.0,724400000.0,1.0,861672756.0,860400000.0,,4.237,6675300000.0,71600000.0,135800000.0,0.0,7.758,
98,PGR,MRT,1996-12-31,1996-12-31,1996-12-31,2021-09-09,74000000.0,6183900000.0,5912875000.0,,,0.588,1.952,-35800000.0,15400000.0,15400000.0,2236100000.0,313700000.0,,2.688,775700000.0,,,775700000.0,1467300000.0,23800000.0,0.0,0.003,0.019,503200000.0,527000000.0,0.152,527000000.0,503200000.0,441700000.0,0.357,0.345,0.357,1676900000.0,1548200000.0,1676900000.0,,,,616400000.0,0.717,1.0,1242300000.0,0.357,0.0,61500000.0,6944200000.0,6651125000.0,0.0,4450600000.0,,,4507000000.0,,,4837574464.0,-800000.0,0.0,-41000000.0,99200000.0,-19600000.0,-36300000.0,-616700000.0,-580900000.0,652200000.0,0.0,313700000.0,307300000.0,307300000.0,0.0,0.0,0.088,739100000.0,503200000.0,420100000.0,0.053,2.885,15.742,15.726,169900000.0,6400000.0,5.614,1.391,1.387,1216600000.0,1149600000.0,3478400000.0,3478400000.0,0.0,0.052,0.198,0.076,0.145,0.0,691100000.0,1.0,861672756.0,859200000.0,890400000.0,4.048,6183900000.0,62100000.0,128000000.0,0.0,7.197,
99,PGR,MRT,1996-09-30,1996-09-30,1996-09-30,2021-09-09,37300000.0,5987200000.0,5705025000.0,,,,,,9300000.0,9300000.0,,,,2.863,775600000.0,,,775600000.0,1449400000.0,,0.0,0.004,0.019,,,,,,,,,,1549800000.0,1497925000.0,1549800000.0,,,,,,1.0,,,0.0,,6753500000.0,6418125000.0,0.0,4249000000.0,,,4437400000.0,,,,,,,,,,,,,,,,,,,,,,405400000.0,,,,,165600000.0,,4.771,,,1211400000.0,1062900000.0,,,,,,,,,,1.0,,,,,5987200000.0,71800000.0,,0.0,,
100,PGR,MRT,1996-06-30,1996-06-30,1996-06-30,2021-09-09,25200000.0,5793700000.0,,,,,,,11200000.0,11200000.0,,,,2.97,775600000.0,,,775600000.0,1399400000.0,,0.0,0.005,0.018,,,,,,,,,,1459500000.0,,1459500000.0,,,,,,1.0,,,0.0,,6558100000.0,,0.0,4069000000.0,,,4334200000.0,,,,,,,,,,,,,,,,,,,,,,426100000.0,,,,,166900000.0,,3.938,,,1201400000.0,986700000.0,,,,,,,,,,1.0,,,,,5793700000.0,77800000.0,,0.0,,
101,PGR,MRT,1996-03-31,1996-03-31,1996-03-31,2021-09-09,26600000.0,5686700000.0,,,,,,,13900000.0,13900000.0,,,,2.775,675900000.0,,,675900000.0,1295800000.0,,0.0,0.005,0.018,,,,,,,,,,1506600000.0,,1506600000.0,,,,,,1.0,,,0.0,,6348700000.0,,0.0,4067400000.0,,,4180100000.0,,,,,,,,,,,,,,,,,,,,,,517100000.0,,,,,165100000.0,,3.688,,,1134100000.0,949400000.0,,,,,,,,,,1.0,,,,,5686700000.0,54100000.0,,0.0,,
102,PGR,MRT,1995-12-31,1995-12-31,1995-12-31,2021-09-09,51100000.0,5352500000.0,,,,,1.713,-38300000.0,16200000.0,16200000.0,1943800000.0,250500000.0,,2.627,675900000.0,,,675900000.0,1209600000.0,20400000.0,0.0,0.004,0.018,403000000.0,423400000.0,0.141,423400000.0,403000000.0,345900000.0,0.281,0.272,0.281,1475800000.0,,1475800000.0,,,,492300000.0,0.571,1.0,1068100000.0,0.355,0.0,57100000.0,6012200000.0,,0.0,3768000000.0,,,3876700000.0,,,,2800000.0,0.0,7800000.0,-400000.0,-24100000.0,-8200000.0,-519600000.0,-481300000.0,530600000.0,0.0,250500000.0,242100000.0,242100000.0,0.0,0.0,0.08,665100000.0,403000000.0,339900000.0,0.064,,,14.496,159200000.0,8400000.0,4.073,,1.165,1058500000.0,894200000.0,3011900000.0,3011900000.0,0.0,,,,0.134,0.0,626800000.0,1.0,,861600000.0,890400000.0,3.496,5352500000.0,58300000.0,95400000.0,0.0,6.212,
103,PGR,MRT,1994-12-31,1994-12-31,1994-12-31,2021-09-09,,,,,,,,-58200000.0,,,1397300000.0,274300000.0,,,,,,,,19300000.0,,0.006,0.017,435100000.0,454400000.0,0.188,454400000.0,435100000.0,379800000.0,0.299,0.299,0.299,,,,,,,393100000.0,,1.0,1018000000.0,0.421,,55300000.0,,,,,,,,,,,4700000.0,0.0,-33600000.0,198000000.0,-23400000.0,143400000.0,-590000000.0,-531800000.0,451300000.0,0.0,274300000.0,274300000.0,274300000.0,0.0,0.0,0.114,582900000.0,435100000.0,,0.057,,,10.0,,0.0,2.99,,,,,2415300000.0,2415300000.0,0.0,,,,0.18,0.0,542300000.0,1.0,,,,,,,105500000.0,,,
