None,ticker,dimension,calendardate,datekey,reportperiod,lastupdated,accoci,assets,assetsavg,assetsc,assetsnc,assetturnover,bvps,capex,cashneq,cashnequsd,cor,consolinc,currentratio,de,debt,debtc,debtnc,debtusd,deferredrev,depamor,deposits,divyield,dps,ebit,ebitda,ebitdamargin,ebitdausd,ebitusd,ebt,eps,epsdil,epsusd,equity,equityavg,equityusd,ev,evebit,evebitda,fcf,fcfps,fxusd,gp,grossmargin,intangibles,intexp,invcap,invcapavg,inventory,investments,investmentsc,investmentsnc,liabilities,liabilitiesc,liabilitiesnc,marketcap,ncf,ncfbus,ncfcommon,ncfdebt,ncfdiv,ncff,ncfi,ncfinv,ncfo,ncfx,netinc,netinccmn,netinccmnusd,netincdis,netincnci,netmargin,opex,opinc,payables,payoutratio,pb,pe,pe1,ppnenet,prefdivis,price,ps,ps1,receivables,retearn,revenue,revenueusd,rnd,roa,roe,roic,ros,sbcomp,sgna,sharefactor,sharesbas,shareswa,shareswadil,sps,tangibles,taxassets,taxexp,taxliabilities,tbvps,workingcapital
0,NYX,MRY,2012-12-31,2012-12-31,2012-12-31,2019-05-16,-1198000000.0,12556000000.0,12946750000.0,1008000000.0,11548000000.0,0.29,25.38,-191000000.0,337000000.0,337000000.0,1425000000.0,365000000.0,0.712,0.932,2509000000.0,454000000.0,2055000000.0,2509000000.0,516000000.0,261000000.0,0.0,0.038,1.2,593000000.0,854000000.0,0.228,854000000.0,593000000.0,453000000.0,1.39,1.39,1.39,6345000000.0,6440250000.0,6345000000.0,9836220000.0,17.0,11.518,444000000.0,1.776,1.0,2324000000.0,0.62,9946000000.0,140000000.0,3366000000.0,3618500000.0,0.0,43000000.0,43000000.0,0.0,5913000000.0,1416000000.0,4497000000.0,7664220000.0,-59000000.0,-151000000.0,-452000000.0,380000000.0,-297000000.0,-397000000.0,-325000000.0,-6000000.0,635000000.0,28000000.0,348000000.0,348000000.0,348000000.0,0.0,17000000.0,0.093,1715000000.0,609000000.0,725000000.0,0.863,1.208,22.024,22.691,948000000.0,0.0,31.54,2.044,2.103,405000000.0,569000000.0,3749000000.0,3749000000.0,0.0,0.027,0.054,0.164,0.158,51000000.0,1321000000.0,1.0,243000000.0,250000000,250000000.0,14.996,2610000000.0,141000000.0,105000000.0,1435000000.0,10.44,-408000000.0
1,NYX,MRY,2011-12-31,2011-12-31,2011-12-31,2019-05-16,-1406000000.0,13107000000.0,13485500000.0,1189000000.0,11918000000.0,0.338,25.215,-170000000.0,396000000.0,396000000.0,1880000000.0,603000000.0,1.004,0.938,2075000000.0,39000000.0,2036000000.0,2075000000.0,501000000.0,286000000.0,0.0,0.046,1.2,864000000.0,1150000000.0,0.253,1150000000.0,864000000.0,741000000.0,2.37,2.36,2.37,6581000000.0,6967500000.0,6581000000.0,8613200000.0,10.0,7.49,830000000.0,3.18,1.0,2672000000.0,0.587,9724000000.0,123000000.0,3878000000.0,4037750000.0,0.0,36000000.0,36000000.0,0.0,6174000000.0,1184000000.0,4990000000.0,6838200000.0,69000000.0,-9000000.0,-100000000.0,-343000000.0,-313000000.0,-717000000.0,-198000000.0,6000000.0,1000000000.0,-16000000.0,619000000.0,619000000.0,619000000.0,0.0,-16000000.0,0.136,1822000000.0,850000000.0,913000000.0,0.506,1.039,11.047,11.013,963000000.0,0.0,26.1,1.502,1.497,497000000.0,518000000.0,4552000000.0,4552000000.0,0.0,0.046,0.089,0.214,0.19,40000000.0,1428000000.0,1.0,262000000.0,261000000,263000000.0,17.441,3383000000.0,702000000.0,122000000.0,1923000000.0,12.962,5000000.0
2,NYX,MRY,2010-12-31,2010-12-31,2010-12-31,2019-05-16,-1183000000.0,13378000000.0,13462750000.0,1174000000.0,12204000000.0,0.329,26.038,-305000000.0,327000000.0,327000000.0,1914000000.0,558000000.0,0.807,0.961,2440000000.0,366000000.0,2074000000.0,2440000000.0,542000000.0,307000000.0,0.0,0.04,1.2,816000000.0,1123000000.0,0.254,1123000000.0,816000000.0,705000000.0,2.21,2.2,2.21,6796000000.0,6603500000.0,6796000000.0,10045780000.0,12.0,8.945,282000000.0,1.08,1.0,2511000000.0,0.567,9887000000.0,111000000.0,4150000000.0,4057000000.0,0.0,52000000.0,52000000.0,0.0,6534000000.0,1454000000.0,5080000000.0,7824780000.0,-96000000.0,166000000.0,0.0,-222000000.0,-313000000.0,-533000000.0,-126000000.0,15000000.0,587000000.0,-24000000.0,577000000.0,577000000.0,577000000.0,0.0,-19000000.0,0.13,1766000000.0,745000000.0,887000000.0,0.543,1.151,13.561,13.566,1021000000.0,0.0,29.98,1.768,1.768,526000000.0,212000000.0,4425000000.0,4425000000.0,0.0,0.043,0.087,0.201,0.184,38000000.0,1397000000.0,1.0,261000000.0,261000000,262000000.0,16.954,3491000000.0,753000000.0,128000000.0,2009000000.0,13.375,-280000000.0
3,NYX,MRY,2009-12-31,2009-12-31,2009-12-31,2019-05-16,-813000000.0,14382000000.0,14017000000.0,1520000000.0,12862000000.0,0.334,26.427,-497000000.0,423000000.0,423000000.0,2206000000.0,212000000.0,0.707,1.084,2782000000.0,616000000.0,2166000000.0,2782000000.0,525000000.0,301000000.0,0.0,0.047,1.2,334000000.0,635000000.0,0.136,635000000.0,334000000.0,212000000.0,0.84,0.84,0.84,6871000000.0,6668500000.0,6871000000.0,9051000000.0,27.0,14.254,-28000000.0,-0.108,1.0,2478000000.0,0.529,10394000000.0,122000000.0,4198000000.0,3885750000.0,0.0,67000000.0,67000000.0,0.0,7447000000.0,2149000000.0,5298000000.0,6578000000.0,-354000000.0,-69000000.0,0.0,-217000000.0,-312000000.0,-477000000.0,-394000000.0,172000000.0,469000000.0,48000000.0,219000000.0,219000000.0,219000000.0,0.0,-7000000.0,0.047,2192000000.0,286000000.0,1312000000.0,1.429,0.957,30.037,30.119,986000000.0,0.0,25.3,1.404,1.404,660000000.0,-112000000.0,4684000000.0,4684000000.0,0.0,0.016,0.033,0.086,0.071,43000000.0,1410000000.0,1.0,260000000.0,260000000,261000000.0,18.015,3988000000.0,780000000.0,-7000000.0,2108000000.0,15.338,-629000000.0
4,NYX,MRY,2008-12-31,2008-12-31,2008-12-31,2019-05-16,-1222000000.0,13948000000.0,16483000000.0,2026000000.0,11922000000.0,0.285,24.74,-376000000.0,777000000.0,777000000.0,1821000000.0,-733000000.0,0.785,1.125,2888000000.0,1101000000.0,1787000000.0,2888000000.0,473000000.0,276000000.0,0.0,0.042,1.15,-493000000.0,-217000000.0,-0.046,-217000000.0,-493000000.0,-643000000.0,-2.78,-2.78,-2.78,6556000000.0,8867500000.0,6556000000.0,9775700000.0,-20.0,-45.049,345000000.0,1.302,1.0,2881000000.0,0.613,9851000000.0,150000000.0,3626000000.0,3788750000.0,0.0,236000000.0,236000000.0,0.0,7374000000.0,2582000000.0,4792000000.0,7255700000.0,-157000000.0,-525000000.0,-349000000.0,551000000.0,-305000000.0,-97000000.0,-701000000.0,195000000.0,721000000.0,-71000000.0,-738000000.0,-738000000.0,-738000000.0,-7000000.0,5000000.0,-0.157,3469000000.0,-588000000.0,1246000000.0,-0.414,1.107,-9.832,-9.849,695000000.0,0.0,27.38,1.543,1.543,744000000.0,-331000000.0,4702000000.0,4702000000.0,0.0,-0.045,-0.083,-0.13,-0.105,48000000.0,1449000000.0,1.0,265000000.0,265000000,265000000.0,17.743,4097000000.0,784000000.0,95000000.0,2040000000.0,15.46,-556000000.0
5,NYX,MRY,2007-12-31,2007-12-31,2007-12-31,2019-05-16,492000000.0,16618000000.0,13374344000.0,2278000000.0,14340000000.0,0.294,39.595,-182000000.0,934000000.0,934000000.0,1507000000.0,653000000.0,0.658,0.752,2658000000.0,2164000000.0,494000000.0,2658000000.0,473000000.0,273000000.0,0.0,0.009,0.75,1015000000.0,1288000000.0,0.327,1288000000.0,1015000000.0,886000000.0,2.72,2.7,2.72,9384000000.0,7234993250.0,9384000000.0,25231050000.0,25.0,19.589,530000000.0,2.236,1.0,2431000000.0,0.617,11867000000.0,129000000.0,3013000000.0,2606773250.0,0.0,903000000.0,566000000.0,337000000.0,7058000000.0,3462000000.0,3596000000.0,23259050000.0,656000000.0,-2395000000.0,-1000000.0,1831000000.0,-194000000.0,1686000000.0,-1748000000.0,847000000.0,712000000.0,50000000.0,643000000.0,643000000.0,643000000.0,-4000000.0,10000000.0,0.163,1552000000.0,879000000.0,761000000.0,0.276,2.479,36.173,32.268,519000000.0,0.0,87.77,5.906,5.282,489000000.0,637000000.0,3938000000.0,3938000000.0,0.0,0.048,0.089,0.389,0.258,29000000.0,1275000000.0,1.0,265000000.0,237000000,238000000.0,16.616,4751000000.0,495000000.0,243000000.0,2348000000.0,20.046,-1184000000.0
6,NYX,MRY,2006-12-31,2006-12-31,2006-12-31,2019-05-16,-5000000.0,3466000000.0,3361989250.0,1443000000.0,2023000000.0,0.707,11.201,-98000000.0,278000000.0,278000000.0,1012000000.0,205000000.0,1.79,1.077,0.0,0.0,0.0,0.0,436000000.0,136000000.0,0.0,0.0,0.0,329000000.0,465000000.0,0.196,465000000.0,329000000.0,326000000.0,1.38,1.36,1.38,1669000000.0,1560609250.0,1669000000.0,14927036000.0,45.0,32.101,120000000.0,0.805,1.0,1364000000.0,0.574,1120000000.0,3000000.0,1262000000.0,1168789750.0,0.0,701000000.0,701000000.0,0.0,1797000000.0,806000000.0,991000000.0,15182640000.0,235000000.0,193000000.0,0.0,-8000000.0,0.0,-489000000.0,506000000.0,411000000.0,218000000.0,0.0,205000000.0,205000000.0,205000000.0,0.0,0.0,0.086,1130000000.0,234000000.0,399000000.0,0.0,9.097,74.062,70.435,378000000.0,0.0,97.2,6.39,6.095,335000000.0,183000000.0,2376000000.0,2376000000.0,0.0,0.061,0.131,0.281,0.138,53000000.0,976000000.0,1.0,156200000.0,149000000,150000000.0,15.946,2346000000.0,474000000.0,121000000.0,333000000.0,15.745,637000000.0
7,NYX,MRY,2005-12-31,2005-12-31,2005-12-31,2019-05-16,-8656000.0,2204145000.0,1374021500.0,1464217000.0,739928000.0,1.188,6.889,-105000000.0,43492000.0,43492000.0,595000000.0,41000000.0,2.138,1.714,0.0,0.0,0.0,0.0,434510000.0,103000000.0,0.0,0.0,0.0,95000000.0,198000000.0,0.121,198000000.0,95000000.0,89000000.0,0.35,0.35,0.35,799125000.0,629999000.0,799125000.0,,,,159000000.0,1.371,1.0,1038000000.0,0.636,0.0,6000000.0,1475693000.0,793893500.0,0.0,1108479000.0,1108479000.0,0.0,1369856000.0,684960000.0,684896000.0,7775000000.0,28000000.0,0.0,0.0,-14000000.0,0.0,-14000000.0,-222000000.0,-117000000.0,264000000.0,0.0,41000000.0,41000000.0,41000000.0,0.0,0.0,0.025,994000000.0,44000000.0,322263000.0,0.0,9.729,189.634,142.857,343534000.0,0.0,50.0,4.761,3.552,184185000.0,0.0,1633000000.0,1633000000.0,0.0,0.03,0.065,0.12,0.058,0.0,900000000.0,1.0,155500000.0,116000000,116000000.0,14.078,2204145000.0,382064000.0,48000000.0,34527000.0,19.001,779257000.0
8,NYX,MRY,2004-12-31,2004-12-31,2004-12-31,2019-05-16,0.0,543898000.0,,226840000.0,317058000.0,,3.983,-84546000.0,145170000.0,145170000.0,359755000.0,30163000.0,3.536,0.18,1545000.0,1545000.0,0.0,1545000.0,0.0,95720000.0,0.0,0.0,0.0,42306000.0,138026000.0,0.098,138026000.0,42306000.0,42306000.0,0.26,0.26,0.26,460873000.0,,460873000.0,,,,-20662000.0,-0.179,1.0,1045709000.0,0.744,224034000.0,0.0,112094000.0,,0.0,0.0,0.0,0.0,83025000.0,64145000.0,18880000.0,,4452000.0,-68000.0,0.0,-8424000.0,0.0,-8424000.0,-51008000.0,33606000.0,63884000.0,0.0,30163000.0,30163000.0,30163000.0,0.0,0.0,0.021,1032774000.0,12935000.0,62600000.0,0.0,,,80.654,44738000.0,0.0,20.97,,1.726,74356000.0,8796000.0,1405464000.0,1405464000.0,0.0,,,,0.03,0.0,944632000.0,1.0,,115699000,115699000.0,12.148,319864000.0,7654000.0,12143000.0,0.0,2.765,162695000.0
9,NYX,MRY,2003-12-31,2003-12-31,2003-12-31,2019-05-16,,,,,,,,-23361000.0,,,313009000.0,1773000.0,,,,,,,,24785000.0,,,0.0,1117000.0,25902000.0,0.063,25902000.0,1117000.0,1773000.0,0.05,0.05,0.05,,,,,,,8033000.0,0.222,1.0,97072000.0,0.237,,-656000.0,,,,,,,,,,,62851000.0,0.0,0.0,4252000.0,0.0,52616000.0,-21159000.0,2202000.0,31394000.0,0.0,1773000.0,1773000.0,1773000.0,-14670000.0,0.0,0.004,110625000.0,-13553000.0,,0.0,,,,,0.0,,,,,,410081000.0,410081000.0,0.0,,,,0.003,334000.0,30297000.0,,,36169000,36980000.0,11.338,,,0.0,,,
0,NYX,MRQ,2013-09-30,2013-09-30,2013-09-30,2019-05-16,-1187000000.0,12398000000.0,,1012000000.0,11386000000.0,,27.206,-37000000.0,404000000.0,404000000.0,316000000.0,182000000.0,0.94,0.831,2301000000.0,213000000.0,2088000000.0,2301000000.0,609000000.0,67000000.0,0.0,0.029,0.3,177000000.0,244000000.0,0.274,244000000.0,177000000.0,154000000.0,0.73,0.73,0.73,6611000000.0,,6611000000.0,12124140000.0,18.0,12.843,-30000000.0,-0.123,1.0,574000000.0,0.645,9994000000.0,23000000.0,3224000000.0,,0.0,33000000.0,33000000.0,0.0,5493000000.0,1077000000.0,4416000000.0,10201140000.0,109000000.0,152000000.0,2000000.0,76000000.0,-73000000.0,-1000000.0,75000000.0,-3000000.0,7000000.0,28000000.0,178000000.0,178000000.0,178000000.0,0.0,4000000.0,0.2,396000000.0,178000000.0,618000000.0,0.411,1.543,20.2,20.183,893000000.0,0.0,41.98,2.715,2.715,399000000.0,827000000.0,890000000.0,890000000.0,0.0,,,,,13000000.0,308000000.0,1.0,243000000.0,243000000,,3.663,2404000000.0,132000000.0,-24000000.0,1362000000.0,9.893,-65000000.0
1,NYX,MRQ,2013-06-30,2013-06-30,2013-06-30,2019-05-16,-1546000000.0,12046000000.0,,948000000.0,11098000000.0,,25.181,-32000000.0,295000000.0,295000000.0,384000000.0,178000000.0,0.777,0.918,2218000000.0,179000000.0,2039000000.0,2218000000.0,689000000.0,64000000.0,0.0,0.029,0.3,218000000.0,282000000.0,0.283,282000000.0,218000000.0,190000000.0,0.71,0.71,0.71,6119000000.0,,6119000000.0,12065200000.0,18.0,13.215,228000000.0,0.938,1.0,611000000.0,0.614,9600000000.0,28000000.0,3149000000.0,,0.0,27000000.0,27000000.0,0.0,5619000000.0,1220000000.0,4399000000.0,10060200000.0,-199000000.0,-77000000.0,0.0,-306000000.0,-73000000.0,-393000000.0,-70000000.0,3000000.0,260000000.0,4000000.0,173000000.0,173000000.0,173000000.0,0.0,5000000.0,0.174,404000000.0,207000000.0,573000000.0,0.423,1.644,23.127,23.128,887000000.0,0.0,41.4,2.669,2.669,442000000.0,722000000.0,995000000.0,995000000.0,0.0,,,,,15000000.0,320000000.0,1.0,243000000.0,243000000,,4.095,2446000000.0,135000000.0,17000000.0,1401000000.0,10.066,-272000000.0
2,NYX,MRQ,2013-03-31,2013-03-31,2013-03-31,2019-05-16,-1583000000.0,12278000000.0,,1173000000.0,11105000000.0,,24.428,-27000000.0,494000000.0,494000000.0,363000000.0,131000000.0,0.751,1.005,2499000000.0,478000000.0,2021000000.0,2499000000.0,761000000.0,64000000.0,0.0,0.031,0.3,195000000.0,259000000.0,0.269,259000000.0,195000000.0,167000000.0,0.52,0.52,0.52,5936000000.0,,5936000000.0,11561520000.0,18.0,13.064,271000000.0,1.115,1.0,600000000.0,0.623,9559000000.0,28000000.0,3163000000.0,,0.0,33000000.0,33000000.0,0.0,5963000000.0,1561000000.0,4402000000.0,9389520000.0,157000000.0,-1000000.0,0.0,0.0,-73000000.0,-82000000.0,-17000000.0,11000000.0,298000000.0,-42000000.0,126000000.0,126000000.0,126000000.0,0.0,5000000.0,0.131,398000000.0,202000000.0,611000000.0,0.577,1.582,24.262,24.456,906000000.0,0.0,38.64,2.497,2.497,447000000.0,622000000.0,963000000.0,963000000.0,0.0,,,,,19000000.0,328000000.0,1.0,243000000.0,243000000,,3.963,2719000000.0,139000000.0,41000000.0,1403000000.0,11.189,-388000000.0
3,NYX,MRQ,2012-12-31,2012-12-31,2012-12-31,2019-05-16,-1198000000.0,12556000000.0,,1008000000.0,11548000000.0,,25.38,-66000000.0,337000000.0,337000000.0,347000000.0,31000000.0,0.712,0.932,2509000000.0,454000000.0,2055000000.0,2509000000.0,516000000.0,65000000.0,0.0,0.038,0.3,94000000.0,159000000.0,0.175,159000000.0,94000000.0,42000000.0,0.12,0.13,0.12,6345000000.0,,6345000000.0,9836220000.0,17.0,11.518,212000000.0,0.848,1.0,562000000.0,0.618,9946000000.0,52000000.0,3366000000.0,,0.0,43000000.0,43000000.0,0.0,5913000000.0,1416000000.0,4497000000.0,7664220000.0,27000000.0,-31000000.0,-28000000.0,-43000000.0,-71000000.0,-150000000.0,-110000000.0,-11000000.0,278000000.0,9000000.0,28000000.0,28000000.0,28000000.0,0.0,3000000.0,0.031,465000000.0,97000000.0,725000000.0,2.5,1.208,22.024,22.691,948000000.0,0.0,31.54,2.044,2.103,405000000.0,569000000.0,909000000.0,909000000.0,0.0,,,,,14000000.0,328000000.0,1.0,243000000.0,250000000,,3.636,2610000000.0,141000000.0,14000000.0,1435000000.0,10.44,-408000000.0
4,NYX,MRQ,2012-09-30,2012-09-30,2012-09-30,2019-05-16,-1260000000.0,12959000000.0,,1049000000.0,11910000000.0,,26.093,-41000000.0,310000000.0,310000000.0,343000000.0,112000000.0,0.601,0.969,2482000000.0,866000000.0,1616000000.0,2482000000.0,598000000.0,64000000.0,0.0,0.049,0.3,149000000.0,213000000.0,0.236,213000000.0,149000000.0,120000000.0,0.44,0.44,0.44,6419000000.0,,6419000000.0,7960900000.0,13.0,8.845,-112000000.0,-0.455,1.0,559000000.0,0.62,9854000000.0,29000000.0,3533000000.0,,0.0,31000000.0,31000000.0,0.0,6218000000.0,1744000000.0,4474000000.0,6063900000.0,-70000000.0,-4000000.0,-120000000.0,223000000.0,-74000000.0,25000000.0,-40000000.0,1000000.0,-71000000.0,16000000.0,108000000.0,108000000.0,108000000.0,0.0,4000000.0,0.12,406000000.0,153000000.0,626000000.0,0.682,0.945,14.069,14.415,944000000.0,0.0,24.65,1.557,1.557,477000000.0,613000000.0,902000000.0,902000000.0,0.0,,,,,10000000.0,324000000.0,1.0,246000000.0,246000000,,3.667,3105000000.0,606000000.0,12000000.0,1901000000.0,12.622,-695000000.0
5,NYX,MRQ,2012-06-30,2012-06-30,2012-06-30,2019-05-16,-1429000000.0,12977000000.0,,1151000000.0,11826000000.0,,24.846,-41000000.0,380000000.0,380000000.0,384000000.0,131000000.0,0.777,1.003,2277000000.0,270000000.0,2007000000.0,2277000000.0,682000000.0,66000000.0,0.0,0.047,0.3,188000000.0,254000000.0,0.258,254000000.0,188000000.0,159000000.0,0.5,0.49,0.5,6311000000.0,,6311000000.0,8268320000.0,11.0,8.154,187000000.0,0.736,1.0,602000000.0,0.611,9699000000.0,29000000.0,3694000000.0,,0.0,36000000.0,36000000.0,0.0,6331000000.0,1481000000.0,4850000000.0,6497320000.0,11000000.0,-88000000.0,-177000000.0,200000000.0,-75000000.0,-57000000.0,-134000000.0,-1000000.0,228000000.0,-26000000.0,125000000.0,125000000.0,125000000.0,0.0,6000000.0,0.127,408000000.0,194000000.0,724000000.0,0.6,1.03,12.423,12.601,943000000.0,0.0,25.58,1.529,1.529,495000000.0,578000000.0,986000000.0,986000000.0,0.0,,,,,14000000.0,330000000.0,1.0,254000000.0,254000000,,3.882,3278000000.0,616000000.0,34000000.0,1906000000.0,12.906,-330000000.0
6,NYX,MRQ,2012-03-31,2012-03-31,2012-03-31,2019-05-16,-1181000000.0,13295000000.0,,1149000000.0,12146000000.0,,25.885,-43000000.0,369000000.0,369000000.0,351000000.0,91000000.0,0.946,0.934,2140000000.0,66000000.0,2074000000.0,2140000000.0,770000000.0,66000000.0,0.0,0.04,0.3,161000000.0,227000000.0,0.238,227000000.0,161000000.0,132000000.0,0.34,0.34,0.34,6686000000.0,,6686000000.0,9430583000.0,12.0,8.905,157000000.0,0.608,1.0,601000000.0,0.631,9971000000.0,29000000.0,3881000000.0,,0.0,32000000.0,32000000.0,0.0,6247000000.0,1214000000.0,5033000000.0,7751583000.0,-27000000.0,-28000000.0,-127000000.0,0.0,-77000000.0,-215000000.0,-41000000.0,5000000.0,200000000.0,29000000.0,87000000.0,87000000.0,87000000.0,0.0,4000000.0,0.091,436000000.0,165000000.0,705000000.0,0.882,1.159,14.043,14.156,965000000.0,0.0,30.01,1.78,1.78,528000000.0,528000000.0,952000000.0,952000000.0,0.0,,,,,13000000.0,339000000.0,1.0,258300000.0,258300000,,3.686,3324000000.0,611000000.0,45000000.0,1951000000.0,12.869,-65000000.0
7,NYX,MRQ,2011-12-31,2011-12-31,2011-12-31,2019-05-16,-1406000000.0,13107000000.0,,1189000000.0,11918000000.0,,25.215,-54000000.0,396000000.0,396000000.0,426000000.0,97000000.0,1.004,0.938,2075000000.0,39000000.0,2036000000.0,2075000000.0,501000000.0,68000000.0,0.0,0.046,0.3,138000000.0,206000000.0,0.195,206000000.0,138000000.0,107000000.0,0.43,0.43,0.43,6581000000.0,,6581000000.0,8613200000.0,10.0,7.49,271000000.0,1.038,1.0,628000000.0,0.596,9724000000.0,31000000.0,3878000000.0,,0.0,36000000.0,36000000.0,0.0,6174000000.0,1184000000.0,4990000000.0,6838200000.0,56000000.0,24000000.0,-100000000.0,0.0,-78000000.0,-138000000.0,-112000000.0,-19000000.0,325000000.0,-19000000.0,111000000.0,111000000.0,111000000.0,0.0,-14000000.0,0.105,503000000.0,125000000.0,913000000.0,0.698,1.039,11.047,11.013,963000000.0,0.0,26.1,1.502,1.497,497000000.0,518000000.0,1054000000.0,1054000000.0,0.0,,,,,10000000.0,389000000.0,1.0,262000000.0,261000000,,4.038,3383000000.0,702000000.0,-4000000.0,1923000000.0,12.962,5000000.0
8,NYX,MRQ,2011-09-30,2011-09-30,2011-09-30,2019-05-16,-1154000000.0,13226000000.0,,1123000000.0,12103000000.0,,26.427,-49000000.0,340000000.0,340000000.0,554000000.0,206000000.0,1.041,0.864,2115000000.0,31000000.0,2084000000.0,2115000000.0,620000000.0,75000000.0,0.0,0.052,0.3,252000000.0,327000000.0,0.26,327000000.0,252000000.0,221000000.0,0.76,0.76,0.76,6924000000.0,,6924000000.0,7933880000.0,9.0,6.568,136000000.0,0.519,1.0,704000000.0,0.56,9930000000.0,31000000.0,3992000000.0,,0.0,30000000.0,30000000.0,0.0,5983000000.0,1079000000.0,4904000000.0,6088880000.0,-4000000.0,-25000000.0,0.0,0.0,-78000000.0,-73000000.0,-84000000.0,13000000.0,185000000.0,-32000000.0,200000000.0,200000000.0,200000000.0,0.0,6000000.0,0.159,445000000.0,259000000.0,779000000.0,0.395,0.879,9.455,9.447,974000000.0,0.0,23.24,1.34,1.34,489000000.0,484000000.0,1258000000.0,1258000000.0,0.0,,,,,10000000.0,344000000.0,1.0,262000000.0,262000000,,4.802,3296000000.0,634000000.0,21000000.0,1965000000.0,12.58,44000000.0
9,NYX,MRQ,2011-06-30,2011-06-30,2011-06-30,2019-05-16,-792000000.0,13816000000.0,,1203000000.0,12613000000.0,,27.321,-32000000.0,344000000.0,344000000.0,431000000.0,150000000.0,1.01,0.882,2189000000.0,0.0,2189000000.0,2189000000.0,733000000.0,71000000.0,0.0,0.035,0.3,228000000.0,299000000.0,0.274,299000000.0,228000000.0,197000000.0,0.59,0.59,0.59,7158000000.0,,7158000000.0,11027740000.0,14.0,9.873,194000000.0,0.74,1.0,661000000.0,0.605,10371000000.0,31000000.0,4099000000.0,,0.0,41000000.0,41000000.0,0.0,6316000000.0,1191000000.0,5125000000.0,8978740000.0,35000000.0,-6000000.0,0.0,-134000000.0,-79000000.0,-214000000.0,16000000.0,2000000.0,226000000.0,7000000.0,154000000.0,154000000.0,154000000.0,0.0,-4000000.0,0.141,437000000.0,224000000.0,685000000.0,0.508,1.254,15.697,15.648,998000000.0,0.0,34.27,2.071,2.071,532000000.0,364000000.0,1092000000.0,1092000000.0,0.0,,,,,10000000.0,349000000.0,1.0,262000000.0,262000000,,4.168,3445000000.0,656000000.0,43000000.0,2057000000.0,13.149,12000000.0
10,NYX,MRQ,2011-03-31,2011-03-31,2011-03-31,2019-05-16,-872000000.0,13793000000.0,,1233000000.0,12560000000.0,,27.592,-35000000.0,309000000.0,309000000.0,469000000.0,151000000.0,0.893,0.904,2358000000.0,202000000.0,2156000000.0,2358000000.0,799000000.0,72000000.0,0.0,0.034,0.3,247000000.0,319000000.0,0.278,319000000.0,247000000.0,217000000.0,0.59,0.59,0.59,7207000000.0,,7207000000.0,11299404000.0,13.0,9.691,229000000.0,0.877,1.0,679000000.0,0.591,10279000000.0,30000000.0,4182000000.0,,0.0,42000000.0,42000000.0,0.0,6516000000.0,1381000000.0,5135000000.0,9186404000.0,-18000000.0,-2000000.0,0.0,-209000000.0,-78000000.0,-292000000.0,-18000000.0,10000000.0,264000000.0,28000000.0,155000000.0,155000000.0,155000000.0,0.0,-4000000.0,0.135,436000000.0,243000000.0,735000000.0,0.508,1.275,15.26,15.291,1021000000.0,0.0,35.17,2.046,2.046,602000000.0,289000000.0,1148000000.0,1148000000.0,0.0,,,,,10000000.0,345000000.0,1.0,261200000.0,261200000,,4.395,3514000000.0,688000000.0,62000000.0,2052000000.0,13.453,-148000000.0
11,NYX,MRQ,2010-12-31,2010-12-31,2010-12-31,2019-05-16,-1183000000.0,13378000000.0,,1174000000.0,12204000000.0,,26.038,-61000000.0,327000000.0,327000000.0,432000000.0,131000000.0,0.807,0.961,2440000000.0,366000000.0,2074000000.0,2440000000.0,542000000.0,88000000.0,0.0,0.04,0.3,175000000.0,263000000.0,0.252,263000000.0,175000000.0,144000000.0,0.52,0.51,0.52,6796000000.0,,6796000000.0,10045780000.0,12.0,8.945,170000000.0,0.651,1.0,613000000.0,0.587,9887000000.0,31000000.0,4150000000.0,,0.0,52000000.0,52000000.0,0.0,6534000000.0,1454000000.0,5080000000.0,7824780000.0,3000000.0,174000000.0,0.0,-82000000.0,-78000000.0,-158000000.0,-62000000.0,-177000000.0,231000000.0,-8000000.0,135000000.0,135000000.0,135000000.0,0.0,-4000000.0,0.129,443000000.0,170000000.0,887000000.0,0.577,1.151,13.561,13.566,1021000000.0,0.0,29.98,1.768,1.768,526000000.0,212000000.0,1045000000.0,1045000000.0,0.0,,,,,9000000.0,345000000.0,1.0,261000000.0,261000000,,4.004,3491000000.0,753000000.0,9000000.0,2009000000.0,13.375,-280000000.0
12,NYX,MRQ,2010-09-30,2010-09-30,2010-09-30,2019-05-16,-1087000000.0,13628000000.0,,1292000000.0,12336000000.0,,26.161,-82000000.0,324000000.0,324000000.0,451000000.0,123000000.0,0.777,0.988,2545000000.0,447000000.0,2098000000.0,2545000000.0,624000000.0,76000000.0,0.0,0.042,0.3,160000000.0,236000000.0,0.225,236000000.0,160000000.0,133000000.0,0.49,0.49,0.49,6828000000.0,,6828000000.0,9331770000.0,11.0,8.31,-119000000.0,-0.456,1.0,599000000.0,0.57,10017000000.0,27000000.0,4169000000.0,,0.0,51000000.0,51000000.0,0.0,6748000000.0,1663000000.0,5085000000.0,7456770000.0,-45000000.0,-8000000.0,0.0,109000000.0,-79000000.0,31000000.0,-94000000.0,0.0,-37000000.0,55000000.0,128000000.0,128000000.0,128000000.0,0.0,-5000000.0,0.122,444000000.0,155000000.0,984000000.0,0.612,1.092,12.145,12.157,1035000000.0,0.0,28.57,1.653,1.653,654000000.0,156000000.0,1050000000.0,1050000000.0,0.0,,,,,9000000.0,350000000.0,1.0,261000000.0,261000000,,4.023,3611000000.0,696000000.0,5000000.0,2022000000.0,13.835,-371000000.0
13,NYX,MRQ,2010-06-30,2010-06-30,2010-06-30,2019-05-16,-1582000000.0,13043000000.0,,1412000000.0,11631000000.0,,24.042,-70000000.0,369000000.0,369000000.0,593000000.0,179000000.0,0.795,1.07,2244000000.0,282000000.0,1962000000.0,2244000000.0,722000000.0,72000000.0,0.0,0.043,0.3,276000000.0,348000000.0,0.279,348000000.0,276000000.0,250000000.0,0.7,0.7,0.7,6275000000.0,,6275000000.0,9568430000.0,11.0,8.256,201000000.0,0.77,1.0,654000000.0,0.524,9395000000.0,26000000.0,3746000000.0,,0.0,50000000.0,50000000.0,0.0,6714000000.0,1777000000.0,4937000000.0,7211430000.0,47000000.0,0.0,0.0,-221000000.0,-78000000.0,-300000000.0,109000000.0,182000000.0,271000000.0,-33000000.0,184000000.0,184000000.0,184000000.0,0.0,-5000000.0,0.148,439000000.0,215000000.0,1069000000.0,0.429,1.149,11.803,11.808,991000000.0,0.0,27.63,1.561,1.561,729000000.0,106000000.0,1247000000.0,1247000000.0,0.0,,,,,10000000.0,341000000.0,1.0,261000000.0,261000000,,4.778,3648000000.0,701000000.0,66000000.0,1987000000.0,13.977,-365000000.0
14,NYX,MRQ,2010-03-31,2010-03-31,2010-03-31,2019-05-16,-1228000000.0,13802000000.0,,1579000000.0,12223000000.0,,24.962,-92000000.0,322000000.0,322000000.0,438000000.0,125000000.0,0.747,1.108,2679000000.0,591000000.0,2088000000.0,2679000000.0,807000000.0,71000000.0,0.0,0.041,0.3,205000000.0,276000000.0,0.255,276000000.0,205000000.0,178000000.0,0.5,0.5,0.5,6515000000.0,,6515000000.0,10087210000.0,27.0,15.214,30000000.0,0.115,1.0,645000000.0,0.596,9883000000.0,27000000.0,4163000000.0,,0.0,57000000.0,57000000.0,0.0,7221000000.0,2113000000.0,5108000000.0,7728210000.0,-101000000.0,0.0,0.0,-28000000.0,-78000000.0,-106000000.0,-79000000.0,10000000.0,122000000.0,-38000000.0,130000000.0,130000000.0,130000000.0,0.0,-5000000.0,0.12,440000000.0,205000000.0,1098000000.0,0.6,1.186,31.544,31.5,1002000000.0,0.0,29.61,1.671,1.671,753000000.0,0.0,1083000000.0,1083000000.0,0.0,,,,,10000000.0,361000000.0,1.0,261000000.0,261000000,,4.149,3919000000.0,717000000.0,48000000.0,2035000000.0,15.015,-534000000.0
15,NYX,MRQ,2009-12-31,2009-12-31,2009-12-31,2019-05-16,-813000000.0,14382000000.0,,1520000000.0,12862000000.0,,26.427,-179000000.0,423000000.0,423000000.0,490000000.0,161000000.0,0.707,1.084,2782000000.0,616000000.0,2166000000.0,2782000000.0,525000000.0,74000000.0,0.0,0.047,0.3,189000000.0,263000000.0,0.233,263000000.0,189000000.0,158000000.0,0.66,0.66,0.66,6871000000.0,,6871000000.0,9051000000.0,27.0,14.254,180000000.0,0.692,1.0,640000000.0,0.566,10394000000.0,31000000.0,4198000000.0,,0.0,67000000.0,67000000.0,0.0,7447000000.0,2149000000.0,5298000000.0,6578000000.0,-5000000.0,-85000000.0,0.0,-102000000.0,-78000000.0,-133000000.0,-256000000.0,8000000.0,359000000.0,25000000.0,172000000.0,172000000.0,172000000.0,0.0,-11000000.0,0.152,474000000.0,166000000.0,1312000000.0,0.455,0.957,30.037,30.119,986000000.0,0.0,25.3,1.404,1.404,660000000.0,-112000000.0,1130000000.0,1130000000.0,0.0,,,,,10000000.0,365000000.0,1.0,260000000.0,260000000,,4.346,3988000000.0,780000000.0,-14000000.0,2108000000.0,15.338,-629000000.0
16,NYX,MRQ,2009-09-30,2009-09-30,2009-09-30,2019-05-16,-804000000.0,14171000000.0,,1437000000.0,12734000000.0,,26.046,-106000000.0,428000000.0,428000000.0,539000000.0,124000000.0,0.708,1.088,2901000000.0,704000000.0,2197000000.0,2901000000.0,599000000.0,71000000.0,0.0,0.042,0.3,201000000.0,272000000.0,0.234,272000000.0,201000000.0,172000000.0,0.48,0.48,0.48,6772000000.0,,6772000000.0,9551400000.0,-7.0,-9.318,-362000000.0,-1.392,1.0,621000000.0,0.535,10405000000.0,29000000.0,4210000000.0,,0.0,69000000.0,69000000.0,0.0,7371000000.0,2029000000.0,5342000000.0,7511400000.0,-79000000.0,60000000.0,0.0,250000000.0,-78000000.0,175000000.0,16000000.0,61000000.0,-256000000.0,-14000000.0,125000000.0,125000000.0,125000000.0,0.0,-1000000.0,0.108,434000000.0,187000000.0,1100000000.0,0.625,1.109,-5.818,-5.944,853000000.0,0.0,28.89,1.575,1.575,575000000.0,-284000000.0,1160000000.0,1160000000.0,0.0,,,,,12000000.0,360000000.0,1.0,260000000.0,260000000,,4.462,3766000000.0,754000000.0,47000000.0,2107000000.0,14.485,-592000000.0
17,NYX,MRQ,2009-06-30,2009-06-30,2009-06-30,2019-05-16,-800000000.0,14288000000.0,,1620000000.0,12668000000.0,,25.865,-133000000.0,507000000.0,507000000.0,640000000.0,-179000000.0,0.715,1.121,2547000000.0,410000000.0,2137000000.0,2547000000.0,660000000.0,75000000.0,0.0,0.044,0.3,-223000000.0,-148000000.0,-0.118,-148000000.0,-223000000.0,-254000000.0,-0.7,-0.7,-0.7,6725000000.0,,6725000000.0,9027000000.0,-7.0,-9.593,79000000.0,0.304,1.0,612000000.0,0.489,10331000000.0,31000000.0,3731000000.0,,0.0,128000000.0,128000000.0,0.0,7536000000.0,2266000000.0,5270000000.0,7085000000.0,-99000000.0,-44000000.0,0.0,-84000000.0,-78000000.0,-161000000.0,-212000000.0,-34000000.0,212000000.0,62000000.0,-182000000.0,-182000000.0,-182000000.0,0.0,3000000.0,-0.145,839000000.0,-227000000.0,1462000000.0,-0.429,1.054,-5.705,-5.823,811000000.0,0.0,27.25,1.471,1.471,661000000.0,-409000000.0,1252000000.0,1252000000.0,0.0,,,,,10000000.0,331000000.0,1.0,260000000.0,260000000,,4.815,3957000000.0,719000000.0,-72000000.0,2089000000.0,15.219,-646000000.0
18,NYX,MRQ,2009-03-31,2009-03-31,2009-03-31,2019-05-16,-1467000000.0,13227000000.0,,1698000000.0,11529000000.0,,24.347,-79000000.0,606000000.0,606000000.0,537000000.0,106000000.0,0.762,1.094,2548000000.0,812000000.0,1736000000.0,2548000000.0,720000000.0,81000000.0,0.0,0.067,0.3,136000000.0,217000000.0,0.19,217000000.0,136000000.0,136000000.0,0.4,0.4,0.4,6306000000.0,,6306000000.0,6996100000.0,-10.0,-16.461,75000000.0,0.29,1.0,605000000.0,0.53,9537000000.0,0.0,3404000000.0,,0.0,102000000.0,102000000.0,0.0,6900000000.0,2228000000.0,4672000000.0,4636100000.0,-171000000.0,0.0,0.0,-281000000.0,-78000000.0,-358000000.0,58000000.0,137000000.0,154000000.0,-25000000.0,104000000.0,104000000.0,104000000.0,0.0,2000000.0,0.091,445000000.0,160000000.0,960000000.0,0.75,0.735,-5.36,-5.508,706000000.0,0.0,17.9,1.001,1.001,704000000.0,-227000000.0,1142000000.0,1142000000.0,0.0,,,,,11000000.0,354000000.0,1.0,259000000.0,259000000,,4.409,3690000000.0,717000000.0,32000000.0,1997000000.0,14.247,-530000000.0
19,NYX,MRQ,2008-12-31,2008-12-31,2008-12-31,2019-05-16,-1222000000.0,13948000000.0,,2026000000.0,11922000000.0,,24.74,-133000000.0,777000000.0,777000000.0,534000000.0,-1338000000.0,0.785,1.125,2888000000.0,1101000000.0,1787000000.0,2888000000.0,473000000.0,85000000.0,0.0,0.042,0.3,-1451000000.0,-1366000000.0,-1.123,-1366000000.0,-1451000000.0,-1487000000.0,-5.04,-5.04,-5.04,6556000000.0,,6556000000.0,9775700000.0,-20.0,-45.049,187000000.0,0.706,1.0,682000000.0,0.561,9851000000.0,36000000.0,3626000000.0,,0.0,236000000.0,236000000.0,0.0,7374000000.0,2582000000.0,4792000000.0,7255700000.0,95000000.0,258000000.0,-348000000.0,-53000000.0,-78000000.0,-480000000.0,340000000.0,217000000.0,320000000.0,-85000000.0,-1338000000.0,-1338000000.0,-1338000000.0,-2000000.0,0.0,-1.1,2156000000.0,-1474000000.0,1246000000.0,-0.06,1.107,-9.832,-9.849,695000000.0,0.0,27.38,1.543,1.543,744000000.0,-331000000.0,1216000000.0,1216000000.0,0.0,,,,,10000000.0,397000000.0,1.0,265000000.0,265000000,,4.589,4097000000.0,784000000.0,-149000000.0,2040000000.0,15.46,-556000000.0
20,NYX,MRQ,2008-09-30,2008-09-30,2008-09-30,2019-05-16,-228000000.0,16693000000.0,,2352000000.0,14341000000.0,,34.0,-70000000.0,682000000.0,682000000.0,481000000.0,174000000.0,0.855,0.844,3202000000.0,1402000000.0,1800000000.0,3202000000.0,586000000.0,70000000.0,0.0,0.028,0.3,286000000.0,356000000.0,0.295,356000000.0,286000000.0,244000000.0,0.66,0.66,0.66,9044000000.0,,9044000000.0,12713880000.0,10.0,8.47,-201000000.0,-0.756,1.0,724000000.0,0.601,12017000000.0,42000000.0,4444000000.0,,0.0,480000000.0,471000000.0,9000000.0,7633000000.0,2752000000.0,4881000000.0,10421880000.0,-36000000.0,-315000000.0,0.0,465000000.0,-88000000.0,384000000.0,-251000000.0,113000000.0,-131000000.0,-19000000.0,174000000.0,174000000.0,174000000.0,-3000000.0,0.0,0.144,457000000.0,267000000.0,827000000.0,0.455,1.152,13.804,13.796,677000000.0,0.0,39.18,2.275,2.275,787000000.0,1010000000.0,1205000000.0,1205000000.0,0.0,,,,,13000000.0,363000000.0,1.0,266000000.0,266000000,,4.53,4676000000.0,556000000.0,70000000.0,2305000000.0,17.579,-400000000.0
21,NYX,MRQ,2008-06-30,2008-06-30,2008-06-30,2019-05-16,847000000.0,17570000000.0,,2195000000.0,15375000000.0,,37.766,-130000000.0,718000000.0,718000000.0,361000000.0,196000000.0,0.909,0.748,3010000000.0,1066000000.0,1944000000.0,3010000000.0,728000000.0,59000000.0,0.0,0.021,0.3,309000000.0,368000000.0,0.345,368000000.0,309000000.0,269000000.0,0.73,0.73,0.73,10008000000.0,,10008000000.0,15319900000.0,12.0,9.739,155000000.0,0.585,1.0,707000000.0,0.662,13120000000.0,40000000.0,4327000000.0,,0.0,945000000.0,627000000.0,318000000.0,7485000000.0,2415000000.0,5070000000.0,13424900000.0,-421000000.0,-300000000.0,15000000.0,-2000000.0,-73000000.0,-64000000.0,-648000000.0,-191000000.0,285000000.0,-4000000.0,195000000.0,195000000.0,195000000.0,-1000000.0,1000000.0,0.183,427000000.0,280000000.0,767000000.0,0.411,1.341,16.001,16.083,676000000.0,0.0,50.66,2.981,2.981,604000000.0,916000000.0,1068000000.0,1068000000.0,0.0,,,,,13000000.0,330000000.0,1.0,265000000.0,265000000,,4.03,4450000000.0,496000000.0,74000000.0,2478000000.0,16.792,-220000000.0
22,NYX,MRQ,2008-03-31,2008-03-31,2008-03-31,2019-05-16,849000000.0,17721000000.0,,2654000000.0,15067000000.0,,37.215,-43000000.0,1139000000.0,1139000000.0,445000000.0,234000000.0,0.675,0.771,3034000000.0,2515000000.0,519000000.0,3034000000.0,812000000.0,62000000.0,0.0,0.016,0.25,361000000.0,423000000.0,0.349,423000000.0,361000000.0,328000000.0,0.87,0.87,0.87,9862000000.0,,9862000000.0,18102150000.0,14.0,11.604,204000000.0,0.77,1.0,767000000.0,0.633,12925000000.0,33000000.0,2758000000.0,,0.0,855000000.0,535000000.0,320000000.0,7600000000.0,3933000000.0,3667000000.0,16353150000.0,205000000.0,-168000000.0,-16000000.0,141000000.0,-66000000.0,63000000.0,-142000000.0,56000000.0,247000000.0,37000000.0,230000000.0,230000000.0,230000000.0,-1000000.0,4000000.0,0.19,430000000.0,337000000.0,795000000.0,0.287,1.658,20.314,20.299,595000000.0,0.0,61.71,3.624,3.624,740000000.0,801000000.0,1212000000.0,1212000000.0,0.0,,,,,12000000.0,358000000.0,1.0,265000000.0,265000000,,4.574,4796000000.0,543000000.0,98000000.0,2503000000.0,18.098,-1279000000.0
23,NYX,MRQ,2007-12-31,2007-12-31,2007-12-31,2019-05-16,492000000.0,16618000000.0,,2278000000.0,14340000000.0,,35.146,-62000000.0,934000000.0,934000000.0,401000000.0,166000000.0,0.658,0.752,2658000000.0,2164000000.0,494000000.0,2658000000.0,473000000.0,89000000.0,0.0,0.009,0.25,265000000.0,354000000.0,0.323,354000000.0,265000000.0,227000000.0,0.58,0.57,0.58,9384000000.0,,9384000000.0,25231050000.0,25.0,19.589,229000000.0,0.858,1.0,696000000.0,0.634,11867000000.0,38000000.0,3013000000.0,,0.0,903000000.0,566000000.0,337000000.0,7058000000.0,3462000000.0,3596000000.0,23259050000.0,206000000.0,-128000000.0,0.0,-53000000.0,-62000000.0,-84000000.0,43000000.0,229000000.0,291000000.0,0.0,156000000.0,156000000.0,156000000.0,-3000000.0,10000000.0,0.142,456000000.0,240000000.0,761000000.0,0.431,2.479,36.173,32.268,519000000.0,0.0,87.77,5.906,5.282,489000000.0,637000000.0,1097000000.0,1097000000.0,0.0,,,,,5000000.0,377000000.0,1.0,265000000.0,267000000,268000000.0,4.109,4751000000.0,495000000.0,71000000.0,2348000000.0,17.794,-1184000000.0
24,NYX,MRQ,2007-09-30,2007-09-30,2007-09-30,2019-05-16,388000000.0,16274000000.0,,2236000000.0,14038000000.0,,34.525,-35000000.0,728000000.0,728000000.0,406000000.0,258000000.0,0.664,0.757,2700000000.0,2169000000.0,531000000.0,2700000000.0,616000000.0,74000000.0,0.0,0.006,0.25,354000000.0,428000000.0,0.38,428000000.0,354000000.0,308000000.0,0.97,0.97,0.97,9149000000.0,,9149000000.0,23846880000.0,29.0,23.018,-13000000.0,-0.049,1.0,720000000.0,0.639,12225000000.0,46000000.0,2652000000.0,,0.0,975000000.0,761000000.0,214000000.0,6925000000.0,3369000000.0,3556000000.0,20900880000.0,151000000.0,724000000.0,7000000.0,-1056000000.0,-8000000.0,-1067000000.0,1157000000.0,476000000.0,22000000.0,39000000.0,258000000.0,258000000.0,258000000.0,-1000000.0,0.0,0.229,429000000.0,291000000.0,795000000.0,0.258,2.284,39.214,34.273,575000000.0,0.0,79.17,5.864,5.887,570000000.0,547000000.0,1126000000.0,1126000000.0,0.0,,,,,9000000.0,351000000.0,1.0,264000000.0,265000000,266000000.0,4.249,4049000000.0,500000000.0,50000000.0,2381000000.0,15.279,-1133000000.0
25,NYX,MRQ,2007-06-30,2007-06-30,2007-06-30,2019-05-16,96000000.0,16931000000.0,,2823000000.0,14108000000.0,,33.328,-55000000.0,577000000.0,577000000.0,332000000.0,161000000.0,0.614,0.94,3523000000.0,3005000000.0,518000000.0,3523000000.0,698000000.0,72000000.0,0.0,0.003,0.25,283000000.0,355000000.0,0.33,355000000.0,283000000.0,239000000.0,0.62,0.62,0.62,8632000000.0,,8632000000.0,19184393926.0,33.0,25.309,260000000.0,1.004,1.0,745000000.0,0.692,11843000000.0,44000000.0,3433000000.0,,0.0,1883000000.0,1154000000.0,729000000.0,8117000000.0,4601000000.0,3516000000.0,19428317926.0,332000000.0,-2964000000.0,-8000000.0,2943000000.0,-124000000.0,2820000000.0,-2814000000.0,219000000.0,315000000.0,11000000.0,161000000.0,161000000.0,161000000.0,0.0,0.0,0.149,490000000.0,255000000.0,821000000.0,0.403,2.251,56.642,41.593,596000000.0,0.0,73.62,6.391,6.272,651000000.0,356000000.0,1077000000.0,1077000000.0,0.0,,,,,8000000.0,407000000.0,1.0,263899999.0,259000000,260000000.0,4.158,5088000000.0,482000000.0,78000000.0,2384000000.0,19.645,-1778000000.0
26,NYX,MRQ,2007-03-31,2007-03-31,2007-03-31,2019-05-16,-3848000.0,3674376000.0,,1594042000.0,2080334000.0,,11.306,-30000000.0,243924000.0,243924000.0,366000000.0,68000000.0,1.664,1.07,0.0,0.0,0.0,0.0,629648000.0,38000000.0,0.0,0.0,0.0,115000000.0,153000000.0,0.218,153000000.0,115000000.0,114000000.0,0.43,0.43,0.43,1774973000.0,,1774973000.0,14412977000.0,37.0,26.699,54000000.0,0.344,1.0,336000000.0,0.479,1143230000.0,1000000.0,1329093000.0,,0.0,779050000.0,779050000.0,0.0,1899403000.0,958129000.0,941274000.0,14690625000.0,-33000000.0,-27000000.0,0.0,-3000000.0,0.0,17000000.0,-134000000.0,-77000000.0,84000000.0,0.0,68000000.0,68000000.0,68000000.0,0.0,0.0,0.097,235000000.0,101000000.0,371211000.0,0.0,8.277,60.455,60.877,372202000.0,0.0,93.75,5.601,5.611,444812000.0,260916000.0,702000000.0,702000000.0,0.0,,,,,7000000.0,194000000.0,1.0,156700000.0,156991000,158021000.0,4.472,2531146000.0,468701000.0,46000000.0,343153000.0,16.123,635913000.0
27,NYX,MRQ,2006-12-31,2006-12-31,2006-12-31,2019-05-16,-5000000.0,3466000000.0,,1443000000.0,2023000000.0,,10.768,-30000000.0,278000000.0,278000000.0,311000000.0,46000000.0,1.79,1.077,0.0,0.0,0.0,0.0,436000000.0,37000000.0,0.0,0.0,0.0,63000000.0,100000000.0,0.152,100000000.0,63000000.0,62000000.0,0.29,0.28,0.29,1669000000.0,,1669000000.0,14927036000.0,45.0,32.101,170000000.0,1.097,1.0,348000000.0,0.528,1120000000.0,1000000.0,1262000000.0,,0.0,701000000.0,701000000.0,0.0,1797000000.0,806000000.0,991000000.0,15182640000.0,23000000.0,-40000000.0,0.0,-3000000.0,0.0,6000000.0,-183000000.0,-113000000.0,200000000.0,0.0,46000000.0,46000000.0,46000000.0,0.0,0.0,0.07,297000000.0,51000000.0,399000000.0,0.0,9.097,74.062,70.435,378000000.0,0.0,97.2,6.39,6.095,335000000.0,183000000.0,659000000.0,659000000.0,0.0,,,,,7000000.0,228000000.0,1.0,156200000.0,155000000,156000000.0,4.252,2346000000.0,474000000.0,16000000.0,333000000.0,15.135,637000000.0
28,NYX,MRQ,2006-09-30,2006-09-30,2006-09-30,2019-05-16,-5751000.0,3220162000.0,,1259454000.0,1960708000.0,,10.277,-29000000.0,255604000.0,255604000.0,249000000.0,68000000.0,1.985,0.985,0.0,0.0,0.0,0.0,495291000.0,35000000.0,0.0,0.0,0.0,115000000.0,150000000.0,0.249,150000000.0,115000000.0,114000000.0,0.43,0.43,0.43,1603162000.0,,1603162000.0,11395809000.0,44.0,29.734,-254000000.0,-1.628,1.0,353000000.0,0.586,1118774000.0,1000000.0,1211320000.0,,0.0,586646000.0,586646000.0,0.0,1578908000.0,634464000.0,944444000.0,11668475000.0,-17000000.0,15000000.0,0.0,-1000000.0,0.0,-1000000.0,209000000.0,223000000.0,-225000000.0,0.0,68000000.0,68000000.0,68000000.0,0.0,0.0,0.113,267000000.0,86000000.0,344793000.0,0.0,7.278,83.74,84.943,393000000.0,0.0,74.75,5.447,5.443,284133000.0,130847000.0,602000000.0,602000000.0,0.0,,,,,5000000.0,235000000.0,1.0,156100000.0,156000000,157000000.0,3.859,2101388000.0,433856000.0,46000000.0,318191000.0,13.47,624990000.0
29,NYX,MRQ,2006-06-30,2006-06-30,2006-06-30,2019-05-16,-8749000.0,3494949000.0,,1557642000.0,1937307000.0,,9.779,-25420000.0,272666000.0,272666000.0,288000000.0,61000000.0,1.558,1.267,0.0,0.0,0.0,0.0,569061000.0,35837000.0,0.0,0.0,0.0,101000000.0,136837000.0,0.207,136837000.0,101000000.0,100000000.0,0.39,0.39,0.39,1525540000.0,,1525540000.0,10469401000.0,58.0,35.463,224595000.0,1.44,1.0,372000000.0,0.564,1112666000.0,1000000.0,1110152000.0,,0.0,832685000.0,832685000.0,0.0,1932216000.0,999465000.0,932751000.0,10676032000.0,65861000.0,-201000.0,0.0,-2295000.0,0.0,13559000.0,-197713000.0,-172092000.0,250015000.0,0.0,61000000.0,61000000.0,61000000.0,0.0,0.0,0.092,288000000.0,84000000.0,337905000.0,0.0,6.998,114.375,107.0,403603000.0,0.0,68.48,5.358,5.361,314366000.0,62882000.0,660000000.0,660000000.0,0.0,,,,,6340000.0,248000000.0,1.0,155900000.0,156000000,157000000.0,4.231,2382283000.0,422745000.0,39000000.0,297655000.0,15.271,558177000.0
30,NYX,MRQ,2006-03-31,2006-03-31,2006-03-31,2019-05-16,-7166000.0,3266846000.0,,1342083000.0,1924763000.0,,11.47,-13580000.0,206631000.0,206631000.0,158179000.0,30348000.0,1.573,1.236,0.0,0.0,0.0,0.0,645417000.0,28163000.0,0.0,0.0,0.0,50071000.0,78234000.0,0.172,78234000.0,50071000.0,50071000.0,0.24,0.24,0.24,1444735000.0,,1444735000.0,12190708000.0,122.0,59.4,-20595000.0,-0.164,1.0,296757000.0,0.652,1115078000.0,0.0,1091687000.0,,0.0,660314000.0,660314000.0,0.0,1785843000.0,853450000.0,932393000.0,12323375000.0,163139000.0,218201000.0,0.0,-1705000.0,0.0,-507559000.0,677713000.0,473092000.0,-7015000.0,0.0,30348000.0,30348000.0,30348000.0,0.0,0.0,0.067,283888000.0,12869000.0,317349000.0,0.0,8.53,271.871,220.139,411637000.0,0.0,79.25,7.093,5.745,322684000.0,1709000.0,454936000.0,454936000.0,0.0,,,,,34660000.0,263427000.0,1.0,155500000.0,125958000,127194000.0,3.612,2151768000.0,413559000.0,19723000.0,287699000.0,17.083,488633000.0
31,NYX,MRQ,2005-12-31,2005-12-31,2005-12-31,2019-05-16,-8656000.0,2204145000.0,,1464217000.0,739928000.0,,6.836,-29241000.0,43492000.0,43492000.0,161627000.0,-20006000.0,2.138,1.714,0.0,0.0,0.0,0.0,434510000.0,24478000.0,0.0,0.0,0.0,-6294000.0,18184000.0,0.043,18184000.0,-6294000.0,-12294000.0,-0.18,-0.18,-0.18,799125000.0,,799125000.0,,,,143347000.0,1.226,1.0,263659000.0,0.62,0.0,6000000.0,1475693000.0,,0.0,1108479000.0,1108479000.0,0.0,1369856000.0,684960000.0,684896000.0,7775000000.0,-2553000.0,10000.0,0.0,-9987000.0,0.0,-9987000.0,-165154000.0,-135923000.0,172588000.0,0.0,-20006000.0,-20006000.0,-20006000.0,0.0,0.0,-0.047,285590000.0,-21931000.0,322263000.0,0.0,9.729,189.634,142.857,343534000.0,0.0,50.0,4.761,3.552,184185000.0,0.0,425286000.0,425286000.0,0.0,,,,,0.0,237240000.0,1.0,155500000.0,116903000,116903000.0,3.638,2204145000.0,382064000.0,7712000.0,34527000.0,18.854,779257000.0
32,NYX,MRQ,2005-09-30,2005-09-30,2005-09-30,2019-05-16,,,,,,,,-21383000.0,,,198660000.0,22000000.0,,,,,,,,25903000.0,,0.0,0.0,36064000.0,61967000.0,0.137,61967000.0,36064000.0,36064000.0,0.19,0.19,0.19,,,,,,,-261765000.0,-2.262,1.0,253743000.0,0.561,,0.0,,,,,,,,,,,2384000.0,-10000.0,0.0,0.0,0.0,0.0,242766000.0,264159000.0,-240382000.0,0.0,22000000.0,22000000.0,22000000.0,0.0,0.0,0.049,230210000.0,23533000.0,,0.0,,,,,0.0,39.85,,,,,452403000.0,452403000.0,0.0,,,,,0.0,215203000.0,1.0,,115699000,115699000.0,3.91,,,14064000.0,,,
33,NYX,MRQ,2005-06-30,2005-06-30,2005-06-30,2019-05-16,,,,,,,,-30083000.0,,,141773000.0,12986000.0,,,,,,,,26446000.0,,0.0,0.0,20401000.0,46847000.0,0.116,46847000.0,20401000.0,20401000.0,0.11,0.11,0.11,,,,,,,102249000.0,0.884,1.0,263038000.0,0.65,,0.0,,,,,,,,,,,11015000.0,0.0,0.0,-4013000.0,0.0,-4013000.0,-117304000.0,-87221000.0,132332000.0,0.0,12986000.0,12986000.0,12986000.0,0.0,0.0,0.032,254332000.0,8706000.0,,0.0,,,,,0.0,38.92,,,,,404811000.0,404811000.0,0.0,,,,,0.0,229154000.0,1.0,,115699000,115699000.0,3.499,,,7415000.0,,,
34,NYX,MRQ,2005-03-31,2005-03-31,2005-03-31,2019-05-16,,,,,,,,-24293000.0,,,92940000.0,26019000.0,,,,,,,,26173000.0,,0.0,0.0,44828000.0,71001000.0,0.203,71001000.0,44828000.0,44828000.0,0.22,0.22,0.22,,,,,,,175169000.0,1.514,1.0,257530000.0,0.735,,0.0,,,,,,,,,,,17154000.0,0.0,0.0,0.0,0.0,0.0,-182308000.0,-158015000.0,199462000.0,0.0,26019000.0,26019000.0,26019000.0,0.0,0.0,0.074,224160000.0,33370000.0,,0.0,,,,,0.0,17.7,,,,,350470000.0,350470000.0,0.0,,,,,0.0,218682000.0,1.0,,115699000,115699000.0,3.029,,,18809000.0,,,
35,NYX,MRQ,2004-12-31,2004-12-31,2004-12-31,2019-05-16,0.0,543898000.0,,226840000.0,317058000.0,,3.983,,145170000.0,145170000.0,,,3.536,0.18,1545000.0,1545000.0,0.0,1545000.0,0.0,,0.0,0.0,0.0,,,,,,,,,,460873000.0,,460873000.0,,,,,,1.0,,,224034000.0,,112094000.0,,0.0,0.0,0.0,0.0,83025000.0,64145000.0,18880000.0,,,,,,,,,,,,,,,,,,,,62600000.0,,,,80.654,44738000.0,,20.97,,1.726,74356000.0,8796000.0,,,,,,,,,,1.0,,115699000,,,319864000.0,7654000.0,,0.0,2.765,162695000.0
0,NYX,MRT,2013-09-30,2013-09-30,2013-09-30,2019-05-16,-1187000000.0,12398000000.0,12319500000.0,1012000000.0,11386000000.0,0.305,27.206,-162000000.0,404000000.0,404000000.0,1410000000.0,522000000.0,0.94,0.831,2301000000.0,213000000.0,2088000000.0,2301000000.0,609000000.0,260000000.0,0.0,0.029,1.2,684000000.0,944000000.0,0.251,944000000.0,684000000.0,553000000.0,2.08,2.09,2.08,6611000000.0,6252750000.0,6611000000.0,12124140000.0,18.0,12.843,681000000.0,2.802,1.0,2347000000.0,0.625,9994000000.0,131000000.0,3224000000.0,3225500000.0,0.0,33000000.0,33000000.0,0.0,5493000000.0,1077000000.0,4416000000.0,10201140000.0,94000000.0,43000000.0,-26000000.0,-273000000.0,-290000000.0,-626000000.0,-122000000.0,0.0,843000000.0,-1000000.0,505000000.0,505000000.0,505000000.0,0.0,17000000.0,0.134,1663000000.0,684000000.0,618000000.0,0.577,1.543,20.2,20.183,893000000.0,0.0,41.98,2.715,2.715,399000000.0,827000000.0,3757000000.0,3757000000.0,0.0,0.041,0.081,0.212,0.182,61000000.0,1284000000.0,1.0,243000000.0,243000000,,15.461,2404000000.0,132000000.0,48000000.0,1362000000.0,9.893,-65000000.0
1,NYX,MRT,2013-06-30,2013-06-30,2013-06-30,2019-05-16,-1546000000.0,12046000000.0,12459750000.0,948000000.0,11098000000.0,0.302,25.181,-166000000.0,295000000.0,295000000.0,1437000000.0,452000000.0,0.777,0.918,2218000000.0,179000000.0,2039000000.0,2218000000.0,689000000.0,257000000.0,0.0,0.029,1.2,656000000.0,913000000.0,0.242,913000000.0,656000000.0,519000000.0,1.79,1.8,1.79,6119000000.0,6204750000.0,6119000000.0,12065200000.0,18.0,13.215,599000000.0,2.465,1.0,2332000000.0,0.619,9600000000.0,137000000.0,3149000000.0,3302750000.0,0.0,27000000.0,27000000.0,0.0,5619000000.0,1220000000.0,4399000000.0,10060200000.0,-85000000.0,-113000000.0,-148000000.0,-126000000.0,-291000000.0,-600000000.0,-237000000.0,4000000.0,765000000.0,-13000000.0,435000000.0,435000000.0,435000000.0,0.0,17000000.0,0.115,1673000000.0,659000000.0,573000000.0,0.67,1.644,23.127,23.128,887000000.0,0.0,41.4,2.669,2.669,442000000.0,722000000.0,3769000000.0,3769000000.0,0.0,0.035,0.07,0.199,0.174,58000000.0,1300000000.0,1.0,243000000.0,243000000,,15.51,2446000000.0,135000000.0,84000000.0,1401000000.0,10.066,-272000000.0
2,NYX,MRT,2013-03-31,2013-03-31,2013-03-31,2019-05-16,-1583000000.0,12278000000.0,12692500000.0,1173000000.0,11105000000.0,0.296,24.428,-175000000.0,494000000.0,494000000.0,1437000000.0,405000000.0,0.751,1.005,2499000000.0,478000000.0,2021000000.0,2499000000.0,761000000.0,259000000.0,0.0,0.031,1.2,626000000.0,885000000.0,0.235,885000000.0,626000000.0,488000000.0,1.58,1.58,1.58,5936000000.0,6252750000.0,5936000000.0,11561520000.0,18.0,13.064,558000000.0,2.296,1.0,2323000000.0,0.618,9559000000.0,138000000.0,3163000000.0,3439000000.0,0.0,33000000.0,33000000.0,0.0,5963000000.0,1561000000.0,4402000000.0,9389520000.0,125000000.0,-124000000.0,-325000000.0,380000000.0,-293000000.0,-264000000.0,-301000000.0,0.0,733000000.0,-43000000.0,387000000.0,387000000.0,387000000.0,0.0,18000000.0,0.103,1677000000.0,646000000.0,611000000.0,0.759,1.582,24.262,24.456,906000000.0,0.0,38.64,2.497,2.497,447000000.0,622000000.0,3760000000.0,3760000000.0,0.0,0.03,0.062,0.182,0.166,57000000.0,1310000000.0,1.0,243000000.0,243000000,,15.473,2719000000.0,139000000.0,101000000.0,1403000000.0,11.189,-388000000.0
3,NYX,MRT,2012-12-31,2012-12-31,2012-12-31,2019-05-16,-1198000000.0,12556000000.0,12946750000.0,1008000000.0,11548000000.0,0.29,25.38,-191000000.0,337000000.0,337000000.0,1425000000.0,365000000.0,0.712,0.932,2509000000.0,454000000.0,2055000000.0,2509000000.0,516000000.0,261000000.0,0.0,0.038,1.2,593000000.0,854000000.0,0.228,854000000.0,593000000.0,453000000.0,1.39,1.39,1.39,6345000000.0,6440250000.0,6345000000.0,9836220000.0,17.0,11.518,444000000.0,1.776,1.0,2324000000.0,0.62,9946000000.0,140000000.0,3366000000.0,3618500000.0,0.0,43000000.0,43000000.0,0.0,5913000000.0,1416000000.0,4497000000.0,7664220000.0,-59000000.0,-151000000.0,-452000000.0,380000000.0,-297000000.0,-397000000.0,-325000000.0,-6000000.0,635000000.0,28000000.0,348000000.0,348000000.0,348000000.0,0.0,17000000.0,0.093,1715000000.0,609000000.0,725000000.0,0.863,1.208,22.024,22.691,948000000.0,0.0,31.54,2.044,2.103,405000000.0,569000000.0,3749000000.0,3749000000.0,0.0,0.027,0.054,0.164,0.158,51000000.0,1321000000.0,1.0,243000000.0,250000000,250000000.0,14.996,2610000000.0,141000000.0,105000000.0,1435000000.0,10.44,-408000000.0
4,NYX,MRT,2012-09-30,2012-09-30,2012-09-30,2019-05-16,-1260000000.0,12959000000.0,13084500000.0,1049000000.0,11910000000.0,0.298,26.093,-179000000.0,310000000.0,310000000.0,1504000000.0,431000000.0,0.601,0.969,2482000000.0,866000000.0,1616000000.0,2482000000.0,598000000.0,264000000.0,0.0,0.049,1.2,636000000.0,900000000.0,0.231,900000000.0,636000000.0,518000000.0,1.71,1.7,1.71,6419000000.0,6499250000.0,6419000000.0,7960900000.0,13.0,8.845,503000000.0,2.045,1.0,2390000000.0,0.614,9854000000.0,118000000.0,3533000000.0,3746500000.0,0.0,31000000.0,31000000.0,0.0,6218000000.0,1744000000.0,4474000000.0,6063900000.0,-30000000.0,-96000000.0,-524000000.0,423000000.0,-304000000.0,-385000000.0,-327000000.0,-14000000.0,682000000.0,0.0,431000000.0,431000000.0,431000000.0,0.0,0.0,0.111,1753000000.0,637000000.0,626000000.0,0.702,0.945,14.069,14.415,944000000.0,0.0,24.65,1.557,1.557,477000000.0,613000000.0,3894000000.0,3894000000.0,0.0,0.033,0.066,0.17,0.163,47000000.0,1382000000.0,1.0,246000000.0,246000000,,15.829,3105000000.0,606000000.0,87000000.0,1901000000.0,12.622,-695000000.0
5,NYX,MRT,2012-06-30,2012-06-30,2012-06-30,2019-05-16,-1429000000.0,12977000000.0,13151250000.0,1151000000.0,11826000000.0,0.323,24.846,-187000000.0,380000000.0,380000000.0,1715000000.0,525000000.0,0.777,1.003,2277000000.0,270000000.0,2007000000.0,2277000000.0,682000000.0,275000000.0,0.0,0.047,1.2,739000000.0,1014000000.0,0.239,1014000000.0,739000000.0,619000000.0,2.03,2.02,2.03,6311000000.0,6625500000.0,6311000000.0,8268320000.0,11.0,8.154,751000000.0,2.957,1.0,2535000000.0,0.596,9699000000.0,120000000.0,3694000000.0,3861250000.0,0.0,36000000.0,36000000.0,0.0,6331000000.0,1481000000.0,4850000000.0,6497320000.0,36000000.0,-117000000.0,-404000000.0,200000000.0,-308000000.0,-483000000.0,-371000000.0,-2000000.0,938000000.0,-48000000.0,523000000.0,523000000.0,523000000.0,0.0,2000000.0,0.123,1792000000.0,743000000.0,724000000.0,0.591,1.03,12.423,12.601,943000000.0,0.0,25.58,1.529,1.529,495000000.0,578000000.0,4250000000.0,4250000000.0,0.0,0.04,0.079,0.191,0.174,47000000.0,1402000000.0,1.0,254000000.0,254000000,,16.732,3278000000.0,616000000.0,96000000.0,1906000000.0,12.906,-330000000.0
6,NYX,MRT,2012-03-31,2012-03-31,2012-03-31,2019-05-16,-1181000000.0,13295000000.0,13361000000.0,1149000000.0,12146000000.0,0.326,25.885,-178000000.0,369000000.0,369000000.0,1762000000.0,544000000.0,0.946,0.934,2140000000.0,66000000.0,2074000000.0,2140000000.0,770000000.0,280000000.0,0.0,0.04,1.2,779000000.0,1059000000.0,0.243,1059000000.0,779000000.0,657000000.0,2.12,2.12,2.12,6686000000.0,6837250000.0,6686000000.0,9430583000.0,12.0,8.905,758000000.0,2.935,1.0,2594000000.0,0.596,9971000000.0,122000000.0,3881000000.0,3962500000.0,0.0,32000000.0,32000000.0,0.0,6247000000.0,1214000000.0,5033000000.0,7751583000.0,60000000.0,-35000000.0,-227000000.0,-134000000.0,-312000000.0,-640000000.0,-221000000.0,1000000.0,936000000.0,-15000000.0,552000000.0,552000000.0,552000000.0,0.0,-8000000.0,0.127,1821000000.0,773000000.0,705000000.0,0.566,1.159,14.043,14.156,965000000.0,0.0,30.01,1.78,1.78,528000000.0,528000000.0,4356000000.0,4356000000.0,0.0,0.041,0.081,0.197,0.179,43000000.0,1421000000.0,1.0,258300000.0,258300000,,16.864,3324000000.0,611000000.0,105000000.0,1951000000.0,12.869,-65000000.0
7,NYX,MRT,2011-12-31,2011-12-31,2011-12-31,2019-05-16,-1406000000.0,13107000000.0,13485500000.0,1189000000.0,11918000000.0,0.338,25.215,-170000000.0,396000000.0,396000000.0,1880000000.0,603000000.0,1.004,0.938,2075000000.0,39000000.0,2036000000.0,2075000000.0,501000000.0,286000000.0,0.0,0.046,1.2,864000000.0,1150000000.0,0.253,1150000000.0,864000000.0,741000000.0,2.37,2.36,2.37,6581000000.0,6967500000.0,6581000000.0,8613200000.0,10.0,7.49,830000000.0,3.18,1.0,2672000000.0,0.587,9724000000.0,123000000.0,3878000000.0,4037750000.0,0.0,36000000.0,36000000.0,0.0,6174000000.0,1184000000.0,4990000000.0,6838200000.0,69000000.0,-9000000.0,-100000000.0,-343000000.0,-313000000.0,-717000000.0,-198000000.0,6000000.0,1000000000.0,-16000000.0,619000000.0,619000000.0,619000000.0,0.0,-16000000.0,0.136,1822000000.0,850000000.0,913000000.0,0.506,1.039,11.047,11.013,963000000.0,0.0,26.1,1.502,1.497,497000000.0,518000000.0,4552000000.0,4552000000.0,0.0,0.046,0.089,0.214,0.19,40000000.0,1428000000.0,1.0,262000000.0,261000000,263000000.0,17.441,3383000000.0,702000000.0,122000000.0,1923000000.0,12.962,5000000.0
8,NYX,MRT,2011-09-30,2011-09-30,2011-09-30,2019-05-16,-1154000000.0,13226000000.0,13553250000.0,1123000000.0,12103000000.0,0.335,26.427,-177000000.0,340000000.0,340000000.0,1886000000.0,638000000.0,1.041,0.864,2115000000.0,31000000.0,2084000000.0,2115000000.0,620000000.0,306000000.0,0.0,0.052,1.2,902000000.0,1208000000.0,0.266,1208000000.0,902000000.0,779000000.0,2.46,2.45,2.46,6924000000.0,7021250000.0,6924000000.0,7933880000.0,9.0,6.568,729000000.0,2.782,1.0,2657000000.0,0.585,9930000000.0,123000000.0,3992000000.0,4105750000.0,0.0,30000000.0,30000000.0,0.0,5983000000.0,1079000000.0,4904000000.0,6088880000.0,16000000.0,141000000.0,0.0,-425000000.0,-313000000.0,-737000000.0,-148000000.0,-152000000.0,906000000.0,-5000000.0,644000000.0,644000000.0,644000000.0,0.0,-6000000.0,0.142,1761000000.0,896000000.0,779000000.0,0.488,0.879,9.455,9.447,974000000.0,0.0,23.24,1.34,1.34,489000000.0,484000000.0,4543000000.0,4543000000.0,0.0,0.048,0.092,0.22,0.199,39000000.0,1383000000.0,1.0,262000000.0,262000000,,17.34,3296000000.0,634000000.0,135000000.0,1965000000.0,12.58,44000000.0
9,NYX,MRT,2011-06-30,2011-06-30,2011-06-30,2019-05-16,-792000000.0,13816000000.0,13653750000.0,1203000000.0,12613000000.0,0.317,27.321,-210000000.0,344000000.0,344000000.0,1783000000.0,555000000.0,1.01,0.882,2189000000.0,0.0,2189000000.0,2189000000.0,733000000.0,307000000.0,0.0,0.035,1.2,810000000.0,1117000000.0,0.258,1117000000.0,810000000.0,691000000.0,2.19,2.18,2.19,7158000000.0,6997250000.0,7158000000.0,11027740000.0,14.0,9.873,474000000.0,1.809,1.0,2552000000.0,0.589,10371000000.0,119000000.0,4099000000.0,4150000000.0,0.0,41000000.0,41000000.0,0.0,6316000000.0,1191000000.0,5125000000.0,8978740000.0,-25000000.0,158000000.0,0.0,-316000000.0,-314000000.0,-633000000.0,-158000000.0,-165000000.0,684000000.0,82000000.0,572000000.0,572000000.0,572000000.0,0.0,-17000000.0,0.132,1760000000.0,792000000.0,685000000.0,0.548,1.254,15.697,15.648,998000000.0,0.0,34.27,2.071,2.071,532000000.0,364000000.0,4335000000.0,4335000000.0,0.0,0.042,0.082,0.195,0.187,38000000.0,1389000000.0,1.0,262000000.0,262000000,,16.546,3445000000.0,656000000.0,119000000.0,2057000000.0,13.149,12000000.0
10,NYX,MRT,2011-03-31,2011-03-31,2011-03-31,2019-05-16,-872000000.0,13793000000.0,13460500000.0,1233000000.0,12560000000.0,0.334,27.592,-248000000.0,309000000.0,309000000.0,1945000000.0,584000000.0,0.893,0.904,2358000000.0,202000000.0,2156000000.0,2358000000.0,799000000.0,308000000.0,0.0,0.034,1.2,858000000.0,1166000000.0,0.26,1166000000.0,858000000.0,744000000.0,2.3,2.29,2.3,7207000000.0,6776500000.0,7207000000.0,11299404000.0,13.0,9.691,481000000.0,1.842,1.0,2545000000.0,0.567,10279000000.0,114000000.0,4182000000.0,4061750000.0,0.0,42000000.0,42000000.0,0.0,6516000000.0,1381000000.0,5135000000.0,9186404000.0,-13000000.0,164000000.0,0.0,-403000000.0,-313000000.0,-719000000.0,-65000000.0,15000000.0,729000000.0,42000000.0,602000000.0,602000000.0,602000000.0,0.0,-18000000.0,0.134,1762000000.0,783000000.0,735000000.0,0.522,1.275,15.26,15.291,1021000000.0,0.0,35.17,2.046,2.046,602000000.0,289000000.0,4490000000.0,4490000000.0,0.0,0.045,0.089,0.211,0.191,38000000.0,1381000000.0,1.0,261200000.0,261200000,,17.19,3514000000.0,688000000.0,142000000.0,2052000000.0,13.453,-148000000.0
11,NYX,MRT,2010-12-31,2010-12-31,2010-12-31,2019-05-16,-1183000000.0,13378000000.0,13462750000.0,1174000000.0,12204000000.0,0.329,26.038,-305000000.0,327000000.0,327000000.0,1914000000.0,558000000.0,0.807,0.961,2440000000.0,366000000.0,2074000000.0,2440000000.0,542000000.0,307000000.0,0.0,0.04,1.2,816000000.0,1123000000.0,0.254,1123000000.0,816000000.0,705000000.0,2.21,2.2,2.21,6796000000.0,6603500000.0,6796000000.0,10045780000.0,12.0,8.945,282000000.0,1.08,1.0,2511000000.0,0.567,9887000000.0,111000000.0,4150000000.0,4057000000.0,0.0,52000000.0,52000000.0,0.0,6534000000.0,1454000000.0,5080000000.0,7824780000.0,-96000000.0,166000000.0,0.0,-222000000.0,-313000000.0,-533000000.0,-126000000.0,15000000.0,587000000.0,-24000000.0,577000000.0,577000000.0,577000000.0,0.0,-19000000.0,0.13,1766000000.0,745000000.0,887000000.0,0.543,1.151,13.561,13.566,1021000000.0,0.0,29.98,1.768,1.768,526000000.0,212000000.0,4425000000.0,4425000000.0,0.0,0.043,0.087,0.201,0.184,38000000.0,1397000000.0,1.0,261000000.0,261000000,262000000.0,16.954,3491000000.0,753000000.0,128000000.0,2009000000.0,13.375,-280000000.0
12,NYX,MRT,2010-09-30,2010-09-30,2010-09-30,2019-05-16,-1087000000.0,13628000000.0,13713750000.0,1292000000.0,12336000000.0,0.329,26.161,-423000000.0,324000000.0,324000000.0,1972000000.0,588000000.0,0.777,0.988,2545000000.0,447000000.0,2098000000.0,2545000000.0,624000000.0,293000000.0,0.0,0.042,1.2,830000000.0,1123000000.0,0.249,1123000000.0,830000000.0,719000000.0,2.35,2.35,2.35,6828000000.0,6622250000.0,6828000000.0,9331770000.0,11.0,8.31,292000000.0,1.119,1.0,2538000000.0,0.563,10017000000.0,111000000.0,4169000000.0,4069000000.0,0.0,51000000.0,51000000.0,0.0,6748000000.0,1663000000.0,5085000000.0,7456770000.0,-104000000.0,-93000000.0,0.0,-242000000.0,-313000000.0,-508000000.0,-320000000.0,200000000.0,715000000.0,9000000.0,614000000.0,614000000.0,614000000.0,0.0,-26000000.0,0.136,1797000000.0,741000000.0,984000000.0,0.511,1.092,12.145,12.157,1035000000.0,0.0,28.57,1.653,1.653,654000000.0,156000000.0,4510000000.0,4510000000.0,0.0,0.045,0.093,0.204,0.184,39000000.0,1417000000.0,1.0,261000000.0,261000000,,17.28,3611000000.0,696000000.0,105000000.0,2022000000.0,13.835,-371000000.0
13,NYX,MRT,2010-06-30,2010-06-30,2010-06-30,2019-05-16,-1582000000.0,13043000000.0,13849500000.0,1412000000.0,11631000000.0,0.334,24.042,-447000000.0,369000000.0,369000000.0,2060000000.0,589000000.0,0.795,1.07,2244000000.0,282000000.0,1962000000.0,2244000000.0,722000000.0,288000000.0,0.0,0.043,1.2,871000000.0,1159000000.0,0.251,1159000000.0,871000000.0,758000000.0,2.34,2.34,2.34,6275000000.0,6608250000.0,6275000000.0,9568430000.0,11.0,8.256,49000000.0,0.188,1.0,2560000000.0,0.554,9395000000.0,113000000.0,3746000000.0,4079250000.0,0.0,50000000.0,50000000.0,0.0,6714000000.0,1777000000.0,4937000000.0,7211430000.0,-138000000.0,-25000000.0,0.0,-101000000.0,-312000000.0,-364000000.0,-210000000.0,261000000.0,496000000.0,-60000000.0,611000000.0,611000000.0,611000000.0,0.0,-22000000.0,0.132,1787000000.0,773000000.0,1069000000.0,0.513,1.149,11.803,11.808,991000000.0,0.0,27.63,1.561,1.561,729000000.0,106000000.0,4620000000.0,4620000000.0,0.0,0.044,0.092,0.214,0.189,42000000.0,1427000000.0,1.0,261000000.0,261000000,,17.701,3648000000.0,701000000.0,147000000.0,1987000000.0,13.977,-365000000.0
14,NYX,MRT,2010-03-31,2010-03-31,2010-03-31,2019-05-16,-1228000000.0,13802000000.0,14160750000.0,1579000000.0,12223000000.0,0.327,24.962,-510000000.0,322000000.0,322000000.0,2107000000.0,231000000.0,0.747,1.108,2679000000.0,591000000.0,2088000000.0,2679000000.0,807000000.0,291000000.0,0.0,0.041,1.2,372000000.0,663000000.0,0.143,663000000.0,372000000.0,254000000.0,0.94,0.94,0.94,6515000000.0,6720750000.0,6515000000.0,10087210000.0,27.0,15.214,-73000000.0,-0.28,1.0,2518000000.0,0.544,9883000000.0,118000000.0,4163000000.0,4075500000.0,0.0,57000000.0,57000000.0,0.0,7221000000.0,2113000000.0,5108000000.0,7728210000.0,-284000000.0,-69000000.0,0.0,36000000.0,-312000000.0,-225000000.0,-531000000.0,45000000.0,437000000.0,35000000.0,245000000.0,245000000.0,245000000.0,0.0,-14000000.0,0.053,2187000000.0,331000000.0,1098000000.0,1.277,1.186,31.544,31.5,1002000000.0,0.0,29.61,1.671,1.671,753000000.0,0.0,4625000000.0,4625000000.0,0.0,0.017,0.036,0.091,0.08,42000000.0,1417000000.0,1.0,261000000.0,261000000,,17.72,3919000000.0,717000000.0,9000000.0,2035000000.0,15.015,-534000000.0
15,NYX,MRT,2009-12-31,2009-12-31,2009-12-31,2019-05-16,-813000000.0,14382000000.0,14017000000.0,1520000000.0,12862000000.0,0.334,26.427,-497000000.0,423000000.0,423000000.0,2206000000.0,212000000.0,0.707,1.084,2782000000.0,616000000.0,2166000000.0,2782000000.0,525000000.0,301000000.0,0.0,0.047,1.2,334000000.0,635000000.0,0.136,635000000.0,334000000.0,212000000.0,0.84,0.84,0.84,6871000000.0,6668500000.0,6871000000.0,9051000000.0,27.0,14.254,-28000000.0,-0.108,1.0,2478000000.0,0.529,10394000000.0,122000000.0,4198000000.0,3885750000.0,0.0,67000000.0,67000000.0,0.0,7447000000.0,2149000000.0,5298000000.0,6578000000.0,-354000000.0,-69000000.0,0.0,-217000000.0,-312000000.0,-477000000.0,-394000000.0,172000000.0,469000000.0,48000000.0,219000000.0,219000000.0,219000000.0,0.0,-7000000.0,0.047,2192000000.0,286000000.0,1312000000.0,1.429,0.957,30.037,30.119,986000000.0,0.0,25.3,1.404,1.404,660000000.0,-112000000.0,4684000000.0,4684000000.0,0.0,0.016,0.033,0.086,0.071,43000000.0,1410000000.0,1.0,260000000.0,260000000,261000000.0,18.015,3988000000.0,780000000.0,-7000000.0,2108000000.0,15.338,-629000000.0
16,NYX,MRT,2009-09-30,2009-09-30,2009-09-30,2019-05-16,-804000000.0,14171000000.0,13908500000.0,1437000000.0,12734000000.0,0.343,26.046,-451000000.0,428000000.0,428000000.0,2250000000.0,-1287000000.0,0.708,1.088,2901000000.0,704000000.0,2197000000.0,2901000000.0,599000000.0,312000000.0,0.0,0.042,1.2,-1337000000.0,-1025000000.0,-0.215,-1025000000.0,-1337000000.0,-1433000000.0,-4.86,-4.86,-4.86,6772000000.0,6589750000.0,6772000000.0,9551400000.0,-7.0,-9.318,-21000000.0,-0.081,1.0,2520000000.0,0.528,10405000000.0,96000000.0,4210000000.0,3742750000.0,0.0,69000000.0,69000000.0,0.0,7371000000.0,2029000000.0,5342000000.0,7511400000.0,-254000000.0,274000000.0,-348000000.0,-168000000.0,-312000000.0,-824000000.0,202000000.0,381000000.0,430000000.0,-62000000.0,-1291000000.0,-1291000000.0,-1291000000.0,-2000000.0,4000000.0,-0.271,3874000000.0,-1354000000.0,1100000000.0,-0.247,1.109,-5.818,-5.944,853000000.0,0.0,28.89,1.575,1.575,575000000.0,-284000000.0,4770000000.0,4770000000.0,0.0,-0.093,-0.196,-0.357,-0.28,43000000.0,1442000000.0,1.0,260000000.0,260000000,,18.346,3766000000.0,754000000.0,-142000000.0,2107000000.0,14.485,-592000000.0
17,NYX,MRT,2009-06-30,2009-06-30,2009-06-30,2019-05-16,-800000000.0,14288000000.0,14539000000.0,1620000000.0,12668000000.0,0.331,25.865,-415000000.0,507000000.0,507000000.0,2192000000.0,-1237000000.0,0.715,1.121,2547000000.0,410000000.0,2137000000.0,2547000000.0,660000000.0,311000000.0,0.0,0.044,1.2,-1252000000.0,-941000000.0,-0.195,-941000000.0,-1252000000.0,-1361000000.0,-4.68,-4.68,-4.68,6725000000.0,7157750000.0,6725000000.0,9027000000.0,-7.0,-9.593,140000000.0,0.538,1.0,2623000000.0,0.545,10331000000.0,109000000.0,3731000000.0,3801250000.0,0.0,128000000.0,128000000.0,0.0,7536000000.0,2266000000.0,5270000000.0,7085000000.0,-211000000.0,-101000000.0,-348000000.0,47000000.0,-322000000.0,-615000000.0,-65000000.0,433000000.0,555000000.0,-67000000.0,-1242000000.0,-1242000000.0,-1242000000.0,-5000000.0,5000000.0,-0.258,3897000000.0,-1274000000.0,1462000000.0,-0.256,1.054,-5.705,-5.823,811000000.0,0.0,27.25,1.471,1.471,661000000.0,-409000000.0,4815000000.0,4815000000.0,0.0,-0.085,-0.174,-0.329,-0.26,44000000.0,1445000000.0,1.0,260000000.0,260000000,,18.519,3957000000.0,719000000.0,-119000000.0,2089000000.0,15.219,-646000000.0
18,NYX,MRT,2009-03-31,2009-03-31,2009-03-31,2019-05-16,-1467000000.0,13227000000.0,15359500000.0,1698000000.0,11529000000.0,0.302,24.347,-412000000.0,606000000.0,606000000.0,1913000000.0,-862000000.0,0.762,1.094,2548000000.0,812000000.0,1736000000.0,2548000000.0,720000000.0,295000000.0,0.0,0.067,1.2,-720000000.0,-425000000.0,-0.092,-425000000.0,-720000000.0,-838000000.0,-3.25,-3.25,-3.25,6306000000.0,7978500000.0,6306000000.0,6996100000.0,-10.0,-16.461,216000000.0,0.834,1.0,2718000000.0,0.587,9537000000.0,118000000.0,3404000000.0,3950250000.0,0.0,102000000.0,102000000.0,0.0,6900000000.0,2228000000.0,4672000000.0,4636100000.0,-533000000.0,-357000000.0,-333000000.0,129000000.0,-317000000.0,-518000000.0,-501000000.0,276000000.0,628000000.0,-133000000.0,-865000000.0,-865000000.0,-865000000.0,-6000000.0,3000000.0,-0.187,3485000000.0,-767000000.0,960000000.0,-0.369,0.735,-5.36,-5.508,706000000.0,0.0,17.9,1.001,1.001,704000000.0,-227000000.0,4631000000.0,4631000000.0,0.0,-0.056,-0.108,-0.182,-0.155,47000000.0,1444000000.0,1.0,259000000.0,259000000,,17.88,3690000000.0,717000000.0,27000000.0,1997000000.0,14.247,-530000000.0
19,NYX,MRT,2008-12-31,2008-12-31,2008-12-31,2019-05-16,-1222000000.0,13948000000.0,16483000000.0,2026000000.0,11922000000.0,0.285,24.74,-376000000.0,777000000.0,777000000.0,1821000000.0,-733000000.0,0.785,1.125,2888000000.0,1101000000.0,1787000000.0,2888000000.0,473000000.0,276000000.0,0.0,0.042,1.15,-493000000.0,-217000000.0,-0.046,-217000000.0,-493000000.0,-643000000.0,-2.78,-2.78,-2.78,6556000000.0,8867500000.0,6556000000.0,9775700000.0,-20.0,-45.049,345000000.0,1.302,1.0,2881000000.0,0.613,9851000000.0,150000000.0,3626000000.0,3788750000.0,0.0,236000000.0,236000000.0,0.0,7374000000.0,2582000000.0,4792000000.0,7255700000.0,-157000000.0,-525000000.0,-349000000.0,551000000.0,-305000000.0,-97000000.0,-701000000.0,195000000.0,721000000.0,-71000000.0,-738000000.0,-738000000.0,-738000000.0,-7000000.0,5000000.0,-0.157,3469000000.0,-588000000.0,1246000000.0,-0.414,1.107,-9.832,-9.849,695000000.0,0.0,27.38,1.543,1.543,744000000.0,-331000000.0,4702000000.0,4702000000.0,0.0,-0.045,-0.083,-0.13,-0.105,48000000.0,1449000000.0,1.0,265000000.0,265000000,265000000.0,17.743,4097000000.0,784000000.0,95000000.0,2040000000.0,15.46,-556000000.0
20,NYX,MRT,2008-09-30,2008-09-30,2008-09-30,2019-05-16,-228000000.0,16693000000.0,17150500000.0,2352000000.0,14341000000.0,0.267,34.0,-305000000.0,682000000.0,682000000.0,1688000000.0,770000000.0,0.855,0.844,3202000000.0,1402000000.0,1800000000.0,3202000000.0,586000000.0,280000000.0,0.0,0.028,1.1,1221000000.0,1501000000.0,0.328,1501000000.0,1221000000.0,1068000000.0,2.84,2.83,2.84,9044000000.0,9574500000.0,9044000000.0,12713880000.0,10.0,8.47,387000000.0,1.455,1.0,2894000000.0,0.632,12017000000.0,153000000.0,4444000000.0,3635500000.0,0.0,480000000.0,471000000.0,9000000.0,7633000000.0,2752000000.0,4881000000.0,10421880000.0,-46000000.0,-911000000.0,-1000000.0,551000000.0,-289000000.0,299000000.0,-998000000.0,207000000.0,692000000.0,14000000.0,755000000.0,755000000.0,755000000.0,-8000000.0,15000000.0,0.165,1770000000.0,1124000000.0,827000000.0,0.387,1.152,13.804,13.796,677000000.0,0.0,39.18,2.275,2.275,787000000.0,1010000000.0,4582000000.0,4582000000.0,0.0,0.044,0.079,0.336,0.266,43000000.0,1428000000.0,1.0,266000000.0,266000000,,17.226,4676000000.0,556000000.0,313000000.0,2305000000.0,17.579,-400000000.0
21,NYX,MRT,2008-06-30,2008-06-30,2008-06-30,2019-05-16,847000000.0,17570000000.0,17045750000.0,2195000000.0,15375000000.0,0.264,37.766,-270000000.0,718000000.0,718000000.0,1613000000.0,854000000.0,0.909,0.748,3010000000.0,1066000000.0,1944000000.0,3010000000.0,728000000.0,284000000.0,0.0,0.021,1.05,1289000000.0,1573000000.0,0.349,1573000000.0,1289000000.0,1132000000.0,3.15,3.14,3.15,10008000000.0,9600750000.0,10008000000.0,15319900000.0,12.0,9.739,575000000.0,2.17,1.0,2890000000.0,0.642,13120000000.0,157000000.0,4327000000.0,3187500000.0,0.0,945000000.0,627000000.0,318000000.0,7485000000.0,2415000000.0,5070000000.0,13424900000.0,141000000.0,128000000.0,6000000.0,-970000000.0,-209000000.0,-1152000000.0,410000000.0,570000000.0,845000000.0,72000000.0,839000000.0,839000000.0,839000000.0,-6000000.0,15000000.0,0.186,1742000000.0,1148000000.0,767000000.0,0.333,1.341,16.001,16.083,676000000.0,0.0,50.66,2.981,2.981,604000000.0,916000000.0,4503000000.0,4503000000.0,0.0,0.049,0.087,0.404,0.286,39000000.0,1416000000.0,1.0,265000000.0,265000000,,16.992,4450000000.0,496000000.0,293000000.0,2478000000.0,16.792,-220000000.0
22,NYX,MRT,2008-03-31,2008-03-31,2008-03-31,2019-05-16,849000000.0,17721000000.0,16886000000.0,2654000000.0,15067000000.0,0.267,37.215,-195000000.0,1139000000.0,1139000000.0,1584000000.0,819000000.0,0.675,0.771,3034000000.0,2515000000.0,519000000.0,3034000000.0,812000000.0,297000000.0,0.0,0.016,1.0,1263000000.0,1560000000.0,0.346,1560000000.0,1263000000.0,1102000000.0,3.04,3.03,3.04,9862000000.0,9256750000.0,9862000000.0,18102150000.0,14.0,11.604,680000000.0,2.566,1.0,2928000000.0,0.649,12925000000.0,161000000.0,2758000000.0,2964000000.0,0.0,855000000.0,535000000.0,320000000.0,7600000000.0,3933000000.0,3667000000.0,16353150000.0,894000000.0,-2536000000.0,-17000000.0,1975000000.0,-260000000.0,1732000000.0,-1756000000.0,980000000.0,875000000.0,87000000.0,805000000.0,805000000.0,805000000.0,-5000000.0,14000000.0,0.178,1805000000.0,1123000000.0,795000000.0,0.329,1.658,20.314,20.299,595000000.0,0.0,61.71,3.624,3.624,740000000.0,801000000.0,4512000000.0,4512000000.0,0.0,0.048,0.087,0.426,0.28,34000000.0,1493000000.0,1.0,265000000.0,265000000,,17.026,4796000000.0,543000000.0,297000000.0,2503000000.0,18.098,-1279000000.0
23,NYX,MRT,2007-12-31,2007-12-31,2007-12-31,2019-05-16,492000000.0,16618000000.0,13374344000.0,2278000000.0,14340000000.0,0.294,39.595,-182000000.0,934000000.0,934000000.0,1507000000.0,653000000.0,0.658,0.752,2658000000.0,2164000000.0,494000000.0,2658000000.0,473000000.0,273000000.0,0.0,0.009,0.75,1015000000.0,1288000000.0,0.327,1288000000.0,1015000000.0,886000000.0,2.72,2.7,2.72,9384000000.0,7234993250.0,9384000000.0,25231050000.0,25.0,19.589,530000000.0,2.236,1.0,2431000000.0,0.617,11867000000.0,129000000.0,3013000000.0,2606773250.0,0.0,903000000.0,566000000.0,337000000.0,7058000000.0,3462000000.0,3596000000.0,23259050000.0,656000000.0,-2395000000.0,-1000000.0,1831000000.0,-194000000.0,1686000000.0,-1748000000.0,847000000.0,712000000.0,50000000.0,643000000.0,643000000.0,643000000.0,-4000000.0,10000000.0,0.163,1552000000.0,879000000.0,761000000.0,0.276,2.479,36.173,32.268,519000000.0,0.0,87.77,5.906,5.282,489000000.0,637000000.0,3938000000.0,3938000000.0,0.0,0.048,0.089,0.389,0.258,29000000.0,1275000000.0,1.0,265000000.0,237000000,238000000.0,16.616,4751000000.0,495000000.0,243000000.0,2348000000.0,20.046,-1184000000.0
24,NYX,MRT,2007-09-30,2007-09-30,2007-09-30,2019-05-16,388000000.0,16274000000.0,10086344000.0,2236000000.0,14038000000.0,0.353,34.525,-150000000.0,728000000.0,728000000.0,1415000000.0,533000000.0,0.664,0.757,2700000000.0,2169000000.0,531000000.0,2700000000.0,616000000.0,221000000.0,0.0,0.006,0.5,815000000.0,1036000000.0,0.291,1036000000.0,815000000.0,723000000.0,2.31,2.3,2.31,9149000000.0,5306243250.0,9149000000.0,23846880000.0,29.0,23.018,471000000.0,1.777,1.0,2149000000.0,0.603,12225000000.0,92000000.0,2652000000.0,2169023250.0,0.0,975000000.0,761000000.0,214000000.0,6925000000.0,3369000000.0,3556000000.0,20900880000.0,473000000.0,-2307000000.0,-1000000.0,1881000000.0,-132000000.0,1776000000.0,-1974000000.0,505000000.0,621000000.0,50000000.0,533000000.0,533000000.0,533000000.0,-1000000.0,0.0,0.15,1451000000.0,698000000.0,795000000.0,0.216,2.284,39.214,34.273,575000000.0,0.0,79.17,5.864,5.887,570000000.0,547000000.0,3564000000.0,3564000000.0,0.0,0.053,0.1,0.376,0.229,31000000.0,1180000000.0,1.0,264000000.0,265000000,266000000.0,13.449,4049000000.0,500000000.0,190000000.0,2381000000.0,15.279,-1133000000.0
25,NYX,MRT,2007-06-30,2007-06-30,2007-06-30,2019-05-16,96000000.0,16931000000.0,6822884500.0,2823000000.0,14108000000.0,0.446,33.328,-144000000.0,577000000.0,577000000.0,1258000000.0,343000000.0,0.614,0.94,3523000000.0,3005000000.0,518000000.0,3523000000.0,698000000.0,182000000.0,0.0,0.003,0.25,576000000.0,758000000.0,0.249,758000000.0,576000000.0,529000000.0,1.77,1.76,1.77,8632000000.0,3419783750.0,8632000000.0,19184393926.0,33.0,25.309,230000000.0,0.888,1.0,1782000000.0,0.586,11843000000.0,47000000.0,3433000000.0,1808853250.0,0.0,1883000000.0,1154000000.0,729000000.0,8117000000.0,4601000000.0,3516000000.0,19428317926.0,305000000.0,-3016000000.0,-8000000.0,2936000000.0,-124000000.0,2842000000.0,-2922000000.0,252000000.0,374000000.0,11000000.0,343000000.0,343000000.0,343000000.0,0.0,0.0,0.113,1289000000.0,493000000.0,821000000.0,0.141,2.251,56.642,41.593,596000000.0,0.0,73.62,6.391,6.272,651000000.0,356000000.0,3040000000.0,3040000000.0,0.0,0.05,0.1,0.318,0.189,27000000.0,1064000000.0,1.0,263899999.0,259000000,260000000.0,11.737,5088000000.0,482000000.0,186000000.0,2384000000.0,19.645,-1778000000.0
26,NYX,MRT,2007-03-31,2007-03-31,2007-03-31,2019-05-16,-3848000.0,3674376000.0,3463871750.0,1594042000.0,2080334000.0,0.757,11.306,-114420000.0,243924000.0,243924000.0,1214000000.0,243000000.0,1.664,1.07,0.0,0.0,0.0,0.0,629648000.0,145837000.0,0.0,0.0,0.0,394000000.0,539837000.0,0.206,539837000.0,394000000.0,390000000.0,1.54,1.53,1.54,1774973000.0,1643168750.0,1774973000.0,14412977000.0,37.0,26.699,194595000.0,1.24,1.0,1409000000.0,0.537,1143230000.0,4000000.0,1329093000.0,1228141250.0,0.0,779050000.0,779050000.0,0.0,1899403000.0,958129000.0,941274000.0,14690625000.0,38861000.0,-52201000.0,0.0,-9295000.0,0.0,35559000.0,-305713000.0,-139092000.0,309015000.0,0.0,243000000.0,243000000.0,243000000.0,0.0,0.0,0.093,1087000000.0,322000000.0,371211000.0,0.0,8.277,60.455,60.877,372202000.0,0.0,93.75,5.601,5.611,444812000.0,260916000.0,2623000000.0,2623000000.0,0.0,0.07,0.148,0.321,0.15,25340000.0,905000000.0,1.0,156700000.0,156991000,158021000.0,16.708,2531146000.0,468701000.0,147000000.0,343153000.0,16.123,635913000.0
27,NYX,MRT,2006-12-31,2006-12-31,2006-12-31,2019-05-16,-5000000.0,3466000000.0,3361989250.0,1443000000.0,2023000000.0,0.707,11.201,-98000000.0,278000000.0,278000000.0,1012000000.0,205000000.0,1.79,1.077,0.0,0.0,0.0,0.0,436000000.0,136000000.0,0.0,0.0,0.0,329000000.0,465000000.0,0.196,465000000.0,329000000.0,326000000.0,1.38,1.36,1.38,1669000000.0,1560609250.0,1669000000.0,14927036000.0,45.0,32.101,120000000.0,0.805,1.0,1364000000.0,0.574,1120000000.0,3000000.0,1262000000.0,1168789750.0,0.0,701000000.0,701000000.0,0.0,1797000000.0,806000000.0,991000000.0,15182640000.0,235000000.0,193000000.0,0.0,-8000000.0,0.0,-489000000.0,506000000.0,411000000.0,218000000.0,0.0,205000000.0,205000000.0,205000000.0,0.0,0.0,0.086,1130000000.0,234000000.0,399000000.0,0.0,9.097,74.062,70.435,378000000.0,0.0,97.2,6.39,6.095,335000000.0,183000000.0,2376000000.0,2376000000.0,0.0,0.061,0.131,0.281,0.138,53000000.0,976000000.0,1.0,156200000.0,149000000,150000000.0,15.946,2346000000.0,474000000.0,121000000.0,333000000.0,15.745,637000000.0
28,NYX,MRT,2006-09-30,2006-09-30,2006-09-30,2019-05-16,-5751000.0,3220162000.0,3046525500.0,1259454000.0,1960708000.0,0.703,10.277,-97241000.0,255604000.0,255604000.0,856806000.0,139342000.0,1.985,0.985,0.0,0.0,0.0,0.0,495291000.0,123478000.0,0.0,0.0,0.0,259777000.0,383255000.0,0.179,383255000.0,259777000.0,251777000.0,0.88,0.88,0.88,1603162000.0,1343140500.0,1603162000.0,11395809000.0,44.0,29.734,93347000.0,0.598,1.0,1285416000.0,0.6,1118774000.0,8000000.0,1211320000.0,1222213000.0,0.0,586646000.0,586646000.0,0.0,1578908000.0,634464000.0,944444000.0,11668475000.0,209447000.0,233010000.0,0.0,-14987000.0,0.0,-504987000.0,523846000.0,388077000.0,190588000.0,0.0,139342000.0,139342000.0,139342000.0,0.0,0.0,0.065,1124478000.0,160938000.0,344793000.0,0.0,7.278,83.74,84.943,393000000.0,0.0,74.75,5.447,5.443,284133000.0,130847000.0,2142222000.0,2142222000.0,0.0,0.046,0.104,0.213,0.121,46000000.0,983667000.0,1.0,156100000.0,156000000,157000000.0,13.732,2101388000.0,433856000.0,112435000.0,318191000.0,13.47,624990000.0
29,NYX,MRT,2006-06-30,2006-06-30,2006-06-30,2019-05-16,-8749000.0,3494949000.0,,1557642000.0,1937307000.0,,9.779,-89624000.0,272666000.0,272666000.0,806466000.0,93342000.0,1.558,1.267,0.0,0.0,0.0,0.0,569061000.0,114381000.0,0.0,0.0,0.0,180841000.0,295222000.0,0.148,295222000.0,180841000.0,173841000.0,0.64,0.64,0.64,1525540000.0,,1525540000.0,10469401000.0,58.0,35.463,85582000.0,0.549,1.0,1186159000.0,0.595,1112666000.0,7000000.0,1110152000.0,,0.0,832685000.0,832685000.0,0.0,1932216000.0,999465000.0,932751000.0,10676032000.0,228831000.0,218000000.0,0.0,-13987000.0,0.0,-503987000.0,557612000.0,429236000.0,175206000.0,0.0,93342000.0,93342000.0,93342000.0,0.0,0.0,0.047,1087688000.0,98471000.0,337905000.0,0.0,6.998,114.375,107.0,403603000.0,0.0,68.48,5.358,5.361,314366000.0,62882000.0,1992625000.0,1992625000.0,0.0,,,,0.091,41000000.0,963870000.0,1.0,155900000.0,156000000,157000000.0,12.773,2382283000.0,422745000.0,80499000.0,297655000.0,15.271,558177000.0
30,NYX,MRT,2006-03-31,2006-03-31,2006-03-31,2019-05-16,-7166000.0,3266846000.0,,1342083000.0,1924763000.0,,11.47,-94287000.0,206631000.0,206631000.0,660239000.0,45328000.0,1.573,1.236,0.0,0.0,0.0,0.0,645417000.0,104990000.0,0.0,0.0,0.0,100242000.0,205232000.0,0.118,205232000.0,100242000.0,94242000.0,0.36,0.36,0.36,1444735000.0,,1444735000.0,12190708000.0,122.0,59.4,-36764000.0,-0.292,1.0,1077197000.0,0.62,1115078000.0,6000000.0,1091687000.0,,0.0,660314000.0,660314000.0,0.0,1785843000.0,853450000.0,932393000.0,12323375000.0,173985000.0,218201000.0,0.0,-15705000.0,0.0,-521559000.0,638021000.0,514107000.0,57523000.0,0.0,45328000.0,45328000.0,45328000.0,0.0,0.0,0.026,1054020000.0,23177000.0,317349000.0,0.0,8.53,271.871,220.139,411637000.0,0.0,79.25,7.093,5.745,322684000.0,1709000.0,1737436000.0,1737436000.0,0.0,,,,0.058,34660000.0,945024000.0,1.0,155500000.0,125958000,127194000.0,13.794,2151768000.0,413559000.0,48914000.0,287699000.0,17.083,488633000.0
31,NYX,MRT,2005-12-31,2005-12-31,2005-12-31,2019-05-16,-8656000.0,2204145000.0,1374021500.0,1464217000.0,739928000.0,1.188,6.889,-105000000.0,43492000.0,43492000.0,595000000.0,41000000.0,2.138,1.714,0.0,0.0,0.0,0.0,434510000.0,103000000.0,0.0,0.0,0.0,95000000.0,198000000.0,0.121,198000000.0,95000000.0,89000000.0,0.35,0.35,0.35,799125000.0,629999000.0,799125000.0,,,,159000000.0,1.371,1.0,1038000000.0,0.636,0.0,6000000.0,1475693000.0,793893500.0,0.0,1108479000.0,1108479000.0,0.0,1369856000.0,684960000.0,684896000.0,7775000000.0,28000000.0,0.0,0.0,-14000000.0,0.0,-14000000.0,-222000000.0,-117000000.0,264000000.0,0.0,41000000.0,41000000.0,41000000.0,0.0,0.0,0.025,994000000.0,44000000.0,322263000.0,0.0,9.729,189.634,142.857,343534000.0,0.0,50.0,4.761,3.552,184185000.0,0.0,1633000000.0,1633000000.0,0.0,0.03,0.065,0.12,0.058,0.0,900000000.0,1.0,155500000.0,116000000,116000000.0,14.078,2204145000.0,382064000.0,48000000.0,34527000.0,19.001,779257000.0
32,NYX,MRT,2005-09-30,2005-09-30,2005-09-30,2019-05-16,,,,,,,,,,,,,,,,,,,,,,0.0,0.0,,,,,,,,,,,,,,,,,,1.0,,,,,,,,,,,,,,,,,,,,,,,,,,,,,,,,,,,,,,,,39.85,,,,,,,,,,,,,,1.0,,115699000,,,,,,,,
33,NYX,MRT,2005-06-30,2005-06-30,2005-06-30,2019-05-16,,,,,,,,,,,,,,,,,,,,,,0.0,0.0,,,,,,,,,,,,,,,,,,1.0,,,,,,,,,,,,,,,,,,,,,,,,,,,,,,,,,,,,,,,,38.92,,,,,,,,,,,,,,1.0,,115699000,,,,,,,,
34,NYX,MRT,2005-03-31,2005-03-31,2005-03-31,2019-05-16,,,,,,,,,,,,,,,,,,,,,,0.0,0.0,,,,,,,,,,,,,,,,,,1.0,,,,,,,,,,,,,,,,,,,,,,,,,,,,,,,,,,,,,,,,17.7,,,,,,,,,,,,,,1.0,,115699000,,,,,,,,
35,NYX,MRT,2004-12-31,2004-12-31,2004-12-31,2019-05-16,0.0,543898000.0,,226840000.0,317058000.0,,3.983,-84546000.0,145170000.0,145170000.0,359755000.0,30163000.0,3.536,0.18,1545000.0,1545000.0,0.0,1545000.0,0.0,95720000.0,0.0,0.0,0.0,42306000.0,138026000.0,0.098,138026000.0,42306000.0,42306000.0,0.26,0.26,0.26,460873000.0,,460873000.0,,,,-20662000.0,-0.179,1.0,1045709000.0,0.744,224034000.0,0.0,112094000.0,,0.0,0.0,0.0,0.0,83025000.0,64145000.0,18880000.0,,4452000.0,-68000.0,0.0,-8424000.0,0.0,-8424000.0,-51008000.0,33606000.0,63884000.0,0.0,30163000.0,30163000.0,30163000.0,0.0,0.0,0.021,1032774000.0,12935000.0,62600000.0,0.0,,,80.654,44738000.0,0.0,20.97,,1.726,74356000.0,8796000.0,1405464000.0,1405464000.0,0.0,,,,0.03,0.0,944632000.0,1.0,,115699000,115699000.0,12.148,319864000.0,7654000.0,12143000.0,0.0,2.765,162695000.0
36,NYX,MRT,2003-12-31,2003-12-31,2003-12-31,2019-05-16,,,,,,,,-23361000.0,,,313009000.0,1773000.0,,,,,,,,24785000.0,,,0.0,1117000.0,25902000.0,0.063,25902000.0,1117000.0,1773000.0,0.05,0.05,0.05,,,,,,,8033000.0,0.222,1.0,97072000.0,0.237,,-656000.0,,,,,,,,,,,62851000.0,0.0,0.0,4252000.0,0.0,52616000.0,-21159000.0,2202000.0,31394000.0,0.0,1773000.0,1773000.0,1773000.0,-14670000.0,0.0,0.004,110625000.0,-13553000.0,,0.0,,,,,0.0,,,,,,410081000.0,410081000.0,0.0,,,,0.003,334000.0,30297000.0,,,36169000,36980000.0,11.338,,,0.0,,,
