None,ticker,dimension,calendardate,datekey,reportperiod,lastupdated,accoci,assets,assetsavg,assetsc,assetsnc,assetturnover,bvps,capex,cashneq,cashnequsd,cor,consolinc,currentratio,de,debt,debtc,debtnc,debtusd,deferredrev,depamor,deposits,divyield,dps,ebit,ebitda,ebitdamargin,ebitdausd,ebitusd,ebt,eps,epsdil,epsusd,equity,equityavg,equityusd,ev,evebit,evebitda,fcf,fcfps,fxusd,gp,grossmargin,intangibles,intexp,invcap,invcapavg,inventory,investments,investmentsc,investmentsnc,liabilities,liabilitiesc,liabilitiesnc,marketcap,ncf,ncfbus,ncfcommon,ncfdebt,ncfdiv,ncff,ncfi,ncfinv,ncfo,ncfx,netinc,netinccmn,netinccmnusd,netincdis,netincnci,netmargin,opex,opinc,payables,payoutratio,pb,pe,pe1,ppnenet,prefdivis,price,ps,ps1,receivables,retearn,revenue,revenueusd,rnd,roa,roe,roic,ros,sbcomp,sgna,sharefactor,sharesbas,shareswa,shareswadil,sps,tangibles,taxassets,taxexp,taxliabilities,tbvps,workingcapital
0,CVS,MRY,2020-12-31,2020-12-31,2020-12-31,2021-09-07,1414000000.0,230715000000.0,232436750000.0,56369000000.0,174346000000.0,1.156,53.009,-2437000000.0,7854000000.0,7854000000.0,219660000000.0,7192000000.0,0.909,2.32,85042000000.0,7078000000.0,77964000000.0,85042000000.0,0.0,4441000000.0,4270000000.0,0.029,2.0,12655000000.0,17096000000.0,0.064,17096000000.0,12655000000.0,9748000000.0,5.48,5.46,5.48,69389000000.0,67839500000.0,69389000000.0,167415791913.0,13.0,9.793,13428000000.0,10.258,1.0,49046000000.0,0.183,110694000000.0,2907000000.0,135192000000.0,137521250000.0,18496000000.0,23812000000.0,3000000000.0,20812000000.0,161014000000.0,62017000000.0,98997000000.0,89398791913.0,2176000000.0,-26000000.0,264000000.0,-5673000000.0,-2624000000.0,-8155000000.0,-5534000000.0,-3071000000.0,15865000000.0,0.0,7179000000.0,7179000000.0,7179000000.0,9000000.0,13000000.0,0.027,35135000000.0,13911000000.0,11138000000.0,0.365,1.288,12.453,12.464,33335000000.0,0.0,68.3,0.333,0.333,21742000000.0,49640000000.0,268706000000.0,268706000000.0,0.0,0.031,0.106,0.092,0.047,400000000.0,35135000000.0,1.0,1308913498.0,1309000000,1314000000.0,205.276,120021000000.0,0.0,2569000000.0,6794000000.0,91.689,-5648000000.0
1,CVS,MRY,2019-12-31,2019-12-31,2019-12-31,2021-09-07,1019000000.0,222449000000.0,220308500000.0,50302000000.0,172147000000.0,1.166,49.088,-2457000000.0,5683000000.0,5683000000.0,211248000000.0,6631000000.0,0.944,2.478,89002000000.0,5377000000.0,83625000000.0,89002000000.0,0.0,4371000000.0,2991000000.0,0.027,2.0,12035000000.0,16406000000.0,0.064,16406000000.0,12035000000.0,9000000000.0,5.1,5.08,5.1,63864000000.0,61861500000.0,63864000000.0,181133616080.0,15.0,11.041,10391000000.0,7.987,1.0,45528000000.0,0.177,112870000000.0,3035000000.0,139595000000.0,141188750000.0,17516000000.0,19687000000.0,2373000000.0,17314000000.0,158279000000.0,53303000000.0,104976000000.0,96648616080.0,1659000000.0,-444000000.0,210000000.0,-5320000000.0,-2603000000.0,-7850000000.0,-3339000000.0,-480000000.0,12848000000.0,0.0,6634000000.0,6634000000.0,6634000000.0,0.0,-3000000.0,0.026,33541000000.0,11987000000.0,10492000000.0,0.392,1.513,14.569,14.567,32904000000.0,0.0,74.29,0.376,0.376,19617000000.0,45108000000.0,256776000000.0,256776000000.0,0.0,0.03,0.107,0.085,0.047,453000000.0,33541000000.0,1.0,1300964007.0,1301000000,1305000000.0,197.368,109579000000.0,0.0,2366000000.0,7294000000.0,84.227,-3001000000.0
2,CVS,MRY,2018-12-31,2018-12-31,2018-12-31,2021-09-07,102000000.0,196456000000.0,149097750000.0,45243000000.0,151213000000.0,1.305,55.771,-2037000000.0,4059000000.0,4059000000.0,163041000000.0,-596000000.0,1.028,2.369,73429000000.0,1985000000.0,71444000000.0,73429000000.0,0.0,2718000000.0,2939000000.0,0.031,2.0,4027000000.0,6745000000.0,0.035,6745000000.0,4027000000.0,1408000000.0,-0.57,-0.57,-0.57,58225000000.0,42280750000.0,58225000000.0,88050715722.0,22.0,13.054,6828000000.0,6.54,1.0,31538000000.0,0.162,115202000000.0,2619000000.0,106615000000.0,83646500000.0,16450000000.0,18254000000.0,2522000000.0,15732000000.0,137913000000.0,44009000000.0,93904000000.0,66751715722.0,2395000000.0,-41394000000.0,242000000.0,38265000000.0,-2038000000.0,36819000000.0,-43285000000.0,125000000.0,8865000000.0,-4000000.0,-594000000.0,-594000000.0,-594000000.0,0.0,-2000000.0,-0.003,27517000000.0,4021000000.0,8925000000.0,-3.509,1.146,-112.377,-114.947,11349000000.0,0.0,65.52,0.343,0.352,17631000000.0,40911000000.0,194579000000.0,194579000000.0,0.0,-0.004,-0.014,0.048,0.021,280000000.0,21368000000.0,1.0,1018799080.0,1044000000,1044000000.0,186.378,81254000000.0,0.0,2002000000.0,7677000000.0,77.83,1234000000.0
3,CVS,MRY,2017-12-31,2017-12-31,2017-12-31,2021-09-07,-165000000.0,95131000000.0,93294750000.0,31229000000.0,63902000000.0,1.981,36.952,-1918000000.0,1696000000.0,1696000000.0,156258000000.0,6623000000.0,1.019,1.524,27002000000.0,4821000000.0,22181000000.0,27002000000.0,0.0,2479000000.0,0.0,0.028,2.0,9321000000.0,11800000000.0,0.064,11800000000.0,9321000000.0,8259000000.0,6.47,6.44,6.47,37691000000.0,35133250000.0,37691000000.0,96745950812.0,10.0,8.199,6089000000.0,5.97,1.0,28528000000.0,0.154,52081000000.0,1062000000.0,37708000000.0,37919750000.0,15296000000.0,223000000.0,111000000.0,112000000.0,57436000000.0,30648000000.0,26788000000.0,73441950812.0,-1620000000.0,-1181000000.0,-4032000000.0,-598000000.0,-2049000000.0,-6751000000.0,-2877000000.0,189000000.0,8007000000.0,1000000.0,6622000000.0,6622000000.0,6622000000.0,8000000.0,1000000.0,0.036,18990000000.0,9538000000.0,8863000000.0,0.309,1.949,11.091,11.206,10292000000.0,0.0,72.5,0.397,0.4,13181000000.0,43556000000.0,184786000000.0,184786000000.0,0.0,0.071,0.188,0.246,0.05,234000000.0,18809000000.0,1.0,1012992425.0,1020000000,1024000000.0,181.163,43050000000.0,0.0,1637000000.0,2996000000.0,42.206,581000000.0
4,CVS,MRY,2016-12-31,2016-12-31,2016-12-31,2021-09-07,-305000000.0,94462000000.0,93500000000.0,31042000000.0,63420000000.0,1.899,34.324,-2224000000.0,3371000000.0,3371000000.0,148712000000.0,5319000000.0,1.183,1.565,27531000000.0,1916000000.0,25615000000.0,27531000000.0,0.0,2475000000.0,0.0,0.022,1.7,9712000000.0,12187000000.0,0.069,12187000000.0,9712000000.0,8634000000.0,4.93,4.9,4.93,36830000000.0,35891000000.0,36830000000.0,108696715220.0,11.0,8.919,7917000000.0,7.378,1.0,28834000000.0,0.162,51760000000.0,1078000000.0,40612000000.0,41142750000.0,14760000000.0,87000000.0,87000000.0,0.0,57628000000.0,26250000000.0,31378000000.0,84152715220.0,912000000.0,-524000000.0,-4165000000.0,-614000000.0,-1840000000.0,-6761000000.0,-2470000000.0,241000000.0,10141000000.0,2000000.0,5317000000.0,5317000000.0,5317000000.0,1000000.0,2000000.0,0.03,18448000000.0,10386000000.0,17397000000.0,0.345,2.285,15.827,16.006,10175000000.0,0.0,78.91,0.474,0.477,12164000000.0,38983000000.0,177546000000.0,177546000000.0,0.0,0.057,0.148,0.236,0.055,222000000.0,18448000000.0,1.0,1066439174.0,1073000000,1079000000.0,165.467,42702000000.0,0.0,3317000000.0,4214000000.0,39.797,4792000000.0
5,CVS,MRY,2015-12-31,2015-12-31,2015-12-31,2021-09-07,-358000000.0,92437000000.0,83349250000.0,29158000000.0,63279000000.0,1.839,33.27,-2332000000.0,2459000000.0,2459000000.0,126762000000.0,5239000000.0,1.258,1.485,27464000000.0,1197000000.0,26267000000.0,27464000000.0,0.0,2092000000.0,0.0,0.014,1.4,9461000000.0,11553000000.0,0.075,11553000000.0,9461000000.0,8623000000.0,4.66,4.63,4.66,37196000000.0,37121750000.0,37196000000.0,132594395702.0,14.0,11.477,6207000000.0,5.552,1.0,26528000000.0,0.173,51984000000.0,838000000.0,42289000000.0,35716750000.0,14001000000.0,88000000.0,88000000.0,0.0,55234000000.0,23169000000.0,32065000000.0,108262395702.0,-22000000.0,-11475000000.0,-4639000000.0,11218000000.0,-1576000000.0,4879000000.0,-13420000000.0,387000000.0,8539000000.0,-20000000.0,5237000000.0,5237000000.0,5237000000.0,-9000000.0,2000000.0,0.034,17074000000.0,9454000000.0,15143000000.0,0.3,2.911,20.673,20.981,9855000000.0,0.0,97.77,0.706,0.713,11888000000.0,35506000000.0,153290000000.0,153290000000.0,0.0,0.063,0.141,0.265,0.062,230000000.0,17053000000.0,1.0,1107317129.0,1118000000,1126000000.0,137.111,40453000000.0,0.0,3386000000.0,4217000000.0,36.183,5989000000.0
6,CVS,MRY,2014-12-31,2014-12-31,2014-12-31,2021-09-07,-217000000.0,74187000000.0,73294500000.0,25983000000.0,48204000000.0,1.901,32.694,-2125000000.0,2481000000.0,2481000000.0,114000000000.0,4644000000.0,1.366,0.954,12890000000.0,1260000000.0,11630000000.0,12890000000.0,0.0,1931000000.0,0.0,0.011,1.1,8277000000.0,10208000000.0,0.073,10208000000.0,8277000000.0,7677000000.0,3.98,3.96,3.98,37958000000.0,38100500000.0,37958000000.0,122332192670.0,15.0,11.984,6012000000.0,5.178,1.0,25367000000.0,0.182,37916000000.0,600000000.0,27653000000.0,28938500000.0,11930000000.0,34000000.0,34000000.0,0.0,36224000000.0,19027000000.0,17197000000.0,110408192670.0,-1608000000.0,-2439000000.0,-3580000000.0,-932000000.0,-1288000000.0,-5694000000.0,-4045000000.0,519000000.0,8137000000.0,-6000000.0,4644000000.0,4644000000.0,4644000000.0,1000000.0,0.0,0.033,16568000000.0,8799000000.0,11951000000.0,0.276,2.909,23.774,24.198,8843000000.0,0.0,96.31,0.792,0.802,9687000000.0,31849000000.0,139367000000.0,139367000000.0,0.0,0.063,0.122,0.286,0.059,165000000.0,16568000000.0,1.0,1146383477.0,1161000000,1169000000.0,120.04,36271000000.0,985000000.0,3033000000.0,4036000000.0,31.241,6956000000.0
7,CVS,MRY,2013-12-31,2013-12-31,2013-12-31,2021-09-07,-149000000.0,71526000000.0,67920750000.0,25325000000.0,46201000000.0,1.866,31.173,-1930000000.0,4089000000.0,4089000000.0,102978000000.0,4592000000.0,1.642,0.885,13402000000.0,561000000.0,12841000000.0,13402000000.0,0.0,1870000000.0,0.0,0.013,0.9,8029000000.0,9899000000.0,0.078,9899000000.0,8029000000.0,7520000000.0,3.77,3.74,3.77,37938000000.0,38396750000.0,37938000000.0,93886490732.0,12.0,9.484,3853000000.0,3.166,1.0,23783000000.0,0.188,36071000000.0,509000000.0,29343000000.0,26217750000.0,11045000000.0,88000000.0,88000000.0,0.0,33588000000.0,15425000000.0,18163000000.0,85186490732.0,2714000000.0,-415000000.0,-3476000000.0,3274000000.0,-1097000000.0,-1237000000.0,-1835000000.0,510000000.0,5783000000.0,3000000.0,4592000000.0,4592000000.0,4592000000.0,8000000.0,0.0,0.036,15746000000.0,8037000000.0,10096000000.0,0.239,2.245,18.551,18.984,8615000000.0,0.0,71.57,0.672,0.687,8729000000.0,28493000000.0,126761000000.0,126761000000.0,0.0,0.068,0.12,0.306,0.063,141000000.0,15746000000.0,1.0,1190254167.0,1217000000,1226000000.0,104.159,35455000000.0,902000000.0,2928000000.0,3901000000.0,29.133,9900000000.0
8,CVS,MRY,2012-12-31,2012-12-31,2012-12-31,2021-09-07,-181000000.0,66221000000.0,65653000000.0,20161000000.0,46060000000.0,1.875,29.625,-2007000000.0,1375000000.0,1375000000.0,100632000000.0,3862000000.0,1.425,0.759,9828000000.0,695000000.0,9133000000.0,9828000000.0,0.0,1753000000.0,0.0,0.013,0.65,6857000000.0,8610000000.0,0.07,8610000000.0,6857000000.0,6300000000.0,3.04,3.01,3.04,37653000000.0,37633750000.0,37653000000.0,69084586581.0,10.0,8.024,4664000000.0,3.67,1.0,22488000000.0,0.183,36148000000.0,557000000.0,24376000000.0,23896000000.0,11032000000.0,5000000.0,5000000.0,0.0,28568000000.0,14150000000.0,14418000000.0,60277586581.0,-38000000.0,-371000000.0,-3494000000.0,-539000000.0,-829000000.0,-4860000000.0,-1849000000.0,529000000.0,6671000000.0,0.0,3864000000.0,3864000000.0,3864000000.0,7000000.0,-2000000.0,0.031,15278000000.0,7210000000.0,9044000000.0,0.214,1.601,15.6,15.905,8632000000.0,0.0,48.35,0.49,0.499,6479000000.0,24998000000.0,123120000000.0,123120000000.0,0.0,0.059,0.103,0.287,0.056,132000000.0,15278000000.0,1.0,1246692587.0,1271000000,1280000000.0,96.869,30073000000.0,693000000.0,2436000000.0,3784000000.0,23.661,6011000000.0
9,CVS,MRY,2011-12-31,2011-12-31,2011-12-31,2021-09-07,-172000000.0,64543000000.0,64527250000.0,18594000000.0,45949000000.0,1.659,28.439,-1868000000.0,1413000000.0,1413000000.0,86518000000.0,3458000000.0,1.555,0.696,10014000000.0,806000000.0,9208000000.0,10014000000.0,0.0,1568000000.0,0.0,0.012,0.5,6304000000.0,7872000000.0,0.074,7872000000.0,6304000000.0,5720000000.0,2.59,2.57,2.59,38051000000.0,37925250000.0,38051000000.0,62141484001.0,10.0,7.894,3988000000.0,2.981,1.0,20562000000.0,0.192,36327000000.0,584000000.0,24861000000.0,24965000000.0,10046000000.0,5000000.0,5000000.0,0.0,26492000000.0,11956000000.0,14536000000.0,53080484001.0,-14000000.0,-1191000000.0,-2570000000.0,-209000000.0,-674000000.0,-3460000000.0,-2410000000.0,649000000.0,5856000000.0,0.0,3462000000.0,3462000000.0,3462000000.0,31000000.0,-4000000.0,0.032,14231000000.0,6331000000.0,7857000000.0,0.193,1.395,15.332,15.745,8467000000.0,0.0,40.78,0.496,0.51,6047000000.0,22090000000.0,107080000000.0,107080000000.0,0.0,0.054,0.091,0.253,0.059,135000000.0,14231000000.0,1.0,1301630309.0,1338000000,1347000000.0,80.03,28216000000.0,503000000.0,2258000000.0,3853000000.0,21.088,6638000000.0
10,CVS,MRY,2010-12-31,2010-12-31,2010-12-31,2021-09-07,-143000000.0,62169000000.0,61672500000.0,17706000000.0,44463000000.0,1.553,27.579,-1971000000.0,1427000000.0,1427000000.0,75559000000.0,3424000000.0,1.599,0.649,10057000000.0,1405000000.0,8652000000.0,10057000000.0,0.0,1469000000.0,0.0,0.01,0.35,6142000000.0,7611000000.0,0.079,7611000000.0,6142000000.0,5606000000.0,2.51,2.49,2.51,37700000000.0,36475750000.0,37700000000.0,57407476000.0,9.0,7.543,2808000000.0,2.054,1.0,20219000000.0,0.211,35453000000.0,536000000.0,24276000000.0,24447000000.0,10695000000.0,4000000.0,4000000.0,0.0,24469000000.0,11070000000.0,13399000000.0,47245476000.0,341000000.0,-177000000.0,-1215000000.0,-1127000000.0,-479000000.0,-2798000000.0,-1640000000.0,508000000.0,4779000000.0,0.0,3427000000.0,3427000000.0,3427000000.0,-2000000.0,-3000000.0,0.036,14082000000.0,6137000000.0,6595000000.0,0.139,1.253,13.786,13.853,8322000000.0,0.0,34.77,0.493,0.496,4925000000.0,19303000000.0,95778000000.0,95778000000.0,0.0,0.056,0.094,0.251,0.064,150000000.0,14082000000.0,1.0,1358800000.0,1367000000,1377000000.0,70.064,26716000000.0,511000000.0,2179000000.0,3655000000.0,19.544,6636000000.0
11,CVS,MRY,2009-12-31,2009-12-31,2009-12-31,2021-09-07,-135000000.0,61641000000.0,61303100000.0,17537000000.0,44104000000.0,1.602,24.943,-2525000000.0,1086000000.0,1086000000.0,77857000000.0,3696000000.0,1.426,0.723,11175000000.0,2419000000.0,8756000000.0,11175000000.0,0.0,1389000000.0,0.0,0.009,0.305,6421000000.0,7810000000.0,0.08,7810000000.0,6421000000.0,5896000000.0,2.58,2.55,2.58,35768000000.0,35720925000.0,35768000000.0,56263090030.0,9.0,7.204,1510000000.0,1.053,1.0,20358000000.0,0.207,35807000000.0,525000000.0,23623000000.0,23384725000.0,10343000000.0,5000000.0,5000000.0,0.0,25873000000.0,12300000000.0,13573000000.0,45433590030.0,-266000000.0,-101000000.0,-2227000000.0,-582000000.0,-439000000.0,-3232000000.0,-1069000000.0,1557000000.0,4035000000.0,0.0,3696000000.0,3696000000.0,3696000000.0,4000000.0,0.0,0.038,13933000000.0,6425000000.0,6635000000.0,0.118,1.27,12.293,12.484,7923000000.0,0.0,32.21,0.463,0.47,5457000000.0,16355000000.0,98215000000.0,98215000000.0,0.0,0.06,0.103,0.275,0.065,165000000.0,13933000000.0,1.0,1410543000.0,1434000000,1450000000.0,68.49,25834000000.0,506000000.0,2200000000.0,3678000000.0,18.015,5237000000.0
12,CVS,MRY,2008-12-31,2008-12-31,2008-12-31,2021-09-07,-143000000.0,60960000000.0,56486375000.0,16526000000.0,44434000000.0,1.549,24.11,-2161000000.0,1352000000.0,1352000000.0,69182000000.0,3212000000.0,1.225,0.763,11754000000.0,3697000000.0,8057000000.0,11754000000.0,0.0,1274000000.0,0.0,0.009,0.258,5914000000.0,7188000000.0,0.082,7188000000.0,5914000000.0,5405000000.0,2.23,2.18,2.23,34574000000.0,33367950000.0,34574000000.0,49721792720.0,8.0,6.917,1786000000.0,1.245,1.0,18290000000.0,0.209,35940000000.0,509000000.0,21932000000.0,20495450000.0,9153000000.0,0.0,0.0,0.0,26386000000.0,13490000000.0,12896000000.0,41277192720.0,296000000.0,-2651000000.0,305000000.0,954000000.0,-383000000.0,929000000.0,-4580000000.0,232000000.0,3947000000.0,0.0,3212000000.0,3198000000.0,3198000000.0,132000000.0,0.0,0.037,12244000000.0,6046000000.0,6615000000.0,0.116,1.194,12.907,12.888,8125000000.0,14000000.0,28.74,0.472,0.471,5384000000.0,13098000000.0,87472000000.0,87472000000.0,0.0,0.057,0.096,0.289,0.068,92000000.0,12244000000.0,1.0,1436228000.0,1434000000,1469000000.0,60.999,25020000000.0,435000000.0,2193000000.0,3702000000.0,17.448,3036000000.0
13,CVS,MRY,2007-12-31,2007-12-29,2007-12-29,2021-09-07,-49700000.0,54721900000.0,53813850000.0,14149400000.0,40572500000.0,1.418,23.586,-1699000000.0,1056600000.0,1056600000.0,60222000000.0,2637000000.0,1.314,0.747,10481900000.0,2132200000.0,8349700000.0,10481900000.0,0.0,1095000000.0,0.0,0.006,0.229,4794000000.0,5889000000.0,0.077,5889000000.0,4794000000.0,4359000000.0,1.97,1.92,1.97,31321900000.0,32540975000.0,31321900000.0,67508740000.0,14.0,11.464,1531000000.0,1.153,1.0,16108000000.0,0.211,34351900000.0,435000000.0,19029000000.0,17517075000.0,8008200000.0,27500000.0,27500000.0,0.0,23400000000.0,10766300000.0,12633700000.0,59075640000.0,526000000.0,-1984000000.0,-4817000000.0,5420000000.0,-323000000.0,378000000.0,-3082000000.0,601000000.0,3230000000.0,0.0,2637000000.0,2623000000.0,2623000000.0,0.0,0.0,0.034,11314000000.0,4794000000.0,6077300000.0,0.116,1.886,22.522,20.305,5852800000.0,14000000.0,40.0,0.774,0.696,4579600000.0,10287000000.0,76330000000.0,76330000000.0,0.0,0.049,0.081,0.274,0.063,78000000.0,11314000000.0,1.0,1476891000.0,1328000000,1372000000.0,57.477,20370000000.0,329400000.0,1722000000.0,3426100000.0,15.339,3383100000.0
14,CVS,MRY,2006-12-31,2006-12-30,2006-12-30,2021-09-07,-72600000.0,20574100000.0,19362775000.0,10395800000.0,10178300000.0,2.263,12.086,-1739300000.0,530700000.0,530700000.0,32079200000.0,1368900000.0,1.484,1.075,5057400000.0,2187000000.0,2870400000.0,5057400000.0,0.0,733300000.0,0.0,0.005,0.155,2441600000.0,3174900000.0,0.072,3174900000.0,2441600000.0,2225800000.0,1.65,1.6,1.65,9917600000.0,9288450000.0,9917600000.0,31548386880.0,13.0,9.937,3100000.0,0.004,1.0,11742200000.0,0.268,4513400000.0,215800000.0,13582400000.0,12930950000.0,7108900000.0,0.0,0.0,0.0,10656500000.0,7005000000.0,3651500000.0,25456486880.0,17300000.0,-4224200000.0,187600000.0,2778800000.0,-140900000.0,2868100000.0,-4593200000.0,1370300000.0,1742400000.0,0.0,1368900000.0,1355000000.0,1355000000.0,0.0,0.0,0.031,9300600000.0,2441600000.0,2867800000.0,0.094,2.567,18.787,18.733,5333600000.0,13900000.0,30.91,0.581,0.579,2381700000.0,7966600000.0,43821400000.0,43821400000.0,0.0,0.07,0.146,0.189,0.056,69900000.0,9300600000.0,1.0,823568000.0,820600000,853200000.0,53.402,16060700000.0,365100000.0,856900000.0,0.0,19.572,3390800000.0
15,CVS,MRY,2005-12-31,2005-12-31,2005-12-31,2021-09-07,-90300000.0,15283400000.0,15023275000.0,8392700000.0,6890700000.0,2.463,10.268,-1463600000.0,513400000.0,513400000.0,27312100000.0,1224700000.0,1.831,0.834,2189100000.0,595000000.0,1594100000.0,2189100000.0,0.0,589100000.0,0.0,0.005,0.145,2019500000.0,2608600000.0,0.07,2608600000.0,2019500000.0,1909000000.0,1.49,1.45,1.49,8331200000.0,7842525000.0,8331200000.0,23933558320.0,12.0,9.175,148500000.0,0.183,1.0,9694600000.0,0.262,2592100000.0,110500000.0,9783100000.0,9867425000.0,5719800000.0,0.0,0.0,0.0,6952200000.0,4583900000.0,2368300000.0,21511058320.0,121100000.0,12100000.0,178400000.0,-626200000.0,-131600000.0,-579400000.0,-911600000.0,539900000.0,1612100000.0,0.0,1224700000.0,1210600000.0,1210600000.0,0.0,0.0,0.033,7675100000.0,2019500000.0,2467500000.0,0.097,2.582,17.769,17.732,3952600000.0,14100000.0,26.42,0.581,0.579,1839600000.0,6738600000.0,37006700000.0,37006700000.0,0.0,0.081,0.154,0.205,0.055,0.0,7675100000.0,1.0,814196000.0,811400000,841600000.0,45.608,12691300000.0,363600000.0,684300000.0,0.0,15.641,3808800000.0
16,CVS,MRY,2004-12-31,2005-01-01,2005-01-01,2021-09-07,-55500000.0,14546800000.0,12442650000.0,7919500000.0,6627300000.0,2.459,8.765,-1333400000.0,392300000.0,392300000.0,22563100000.0,918800000.0,1.63,1.082,2842100000.0,916200000.0,1925900000.0,2842100000.0,0.0,496800000.0,0.0,0.006,0.133,1454700000.0,1951500000.0,0.064,1951500000.0,1454700000.0,1396400000.0,1.13,1.1,1.13,6987200000.0,6627700000.0,6987200000.0,20608629550.0,14.0,10.56,-419200000.0,-0.526,1.0,8031200000.0,0.263,2766400000.0,58300000.0,9371400000.0,7816250000.0,5453900000.0,0.0,0.0,0.0,7559600000.0,4858800000.0,2700800000.0,18030929550.0,-450900000.0,-2293700000.0,129800000.0,1788200000.0,-119800000.0,1798200000.0,-3163300000.0,463800000.0,914200000.0,0.0,918800000.0,904600000.0,904600000.0,0.0,0.0,0.03,6576500000.0,1454700000.0,2275900000.0,0.118,2.581,19.932,19.942,3505900000.0,14200000.0,22.535,0.589,0.587,1764200000.0,5645500000.0,30594300000.0,30594300000.0,0.0,0.073,0.136,0.186,0.048,0.0,6576500000.0,1.0,800130000.0,797200000,830800000.0,38.377,11780400000.0,380700000.0,477600000.0,0.0,14.777,3060700000.0
17,CVS,MRY,2003-12-31,2004-01-03,2004-01-03,2021-09-07,-36900000.0,10543100000.0,9994675000.0,6496500000.0,4046600000.0,2.66,7.634,-1108300000.0,843200000.0,843200000.0,19725000000.0,847300000.0,1.862,0.751,1076300000.0,323200000.0,753100000.0,1076300000.0,0.0,341700000.0,0.0,0.006,0.115,1423600000.0,1765300000.0,0.066,1765300000.0,1423600000.0,1375500000.0,1.06,1.03,1.06,6021800000.0,5677050000.0,6021800000.0,14507332260.0,10.0,8.218,-139400000.0,-0.177,1.0,6863000000.0,0.258,1292700000.0,48100000.0,5994300000.0,5845550000.0,4016500000.0,0.0,0.0,0.0,4521300000.0,3489200000.0,1032100000.0,14126932260.0,142800000.0,0.0,38300000.0,-5600000.0,-105200000.0,-72500000.0,-753600000.0,354700000.0,968900000.0,0.0,847300000.0,832700000.0,832700000.0,0.0,0.0,0.031,5439400000.0,1423600000.0,1666400000.0,0.108,2.346,16.965,16.873,2542100000.0,14600000.0,17.885,0.531,0.531,1349600000.0,4846500000.0,26588000000.0,26588000000.0,0.0,0.083,0.147,0.244,0.054,0.0,5439400000.0,1.0,789876000.0,788800000,815400000.0,33.707,9250400000.0,252100000.0,528200000.0,41600000.0,11.727,3007300000.0
18,CVS,MRY,2002-12-31,2002-12-28,2002-12-28,2021-09-07,-44600000.0,9645300000.0,9226550000.0,5982100000.0,3663200000.0,2.621,6.624,-1091100000.0,700400000.0,700400000.0,18112700000.0,716600000.0,1.926,0.856,1113100000.0,36800000.0,1076300000.0,1113100000.0,0.0,310300000.0,0.0,0.01,0.115,1206200000.0,1516500000.0,0.063,1516500000.0,1206200000.0,1155800000.0,0.895,0.875,0.895,5197000000.0,4969075000.0,5197000000.0,10201554590.0,8.0,6.727,113700000.0,0.145,1.0,6068800000.0,0.251,1230300000.0,50400000.0,5721800000.0,5645850000.0,4013900000.0,0.0,0.0,0.0,4448300000.0,3105900000.0,1342400000.0,9426654590.0,464100000.0,0.0,34000000.0,66000000.0,-104900000.0,-4900000.0,-735800000.0,355300000.0,1204800000.0,0.0,716600000.0,701800000.0,701800000.0,0.0,0.0,0.029,4862600000.0,1206200000.0,1707900000.0,0.128,1.814,13.432,13.402,2215800000.0,14800000.0,11.995,0.39,0.389,1019300000.0,4104400000.0,24181500000.0,24181500000.0,0.0,0.076,0.141,0.214,0.05,0.0,4862600000.0,1.0,785882000.0,784600000,810600000.0,30.82,8415000000.0,223000000.0,439200000.0,0.0,10.725,2876200000.0
19,CVS,MRY,2001-12-31,2001-12-29,2001-12-29,2021-09-07,0.0,8636300000.0,8632075000.0,5409900000.0,3226400000.0,2.577,5.822,-701000000.0,236300000.0,236300000.0,16550400000.0,413200000.0,1.765,0.891,1072600000.0,262200000.0,810400000.0,1072600000.0,0.0,320800000.0,0.0,0.008,0.115,770600000.0,1091400000.0,0.049,1091400000.0,770600000.0,709600000.0,0.51,0.5,0.51,4566900000.0,4636275000.0,4566900000.0,12778122370.0,17.0,11.708,-20400000.0,-0.026,1.0,5691000000.0,0.256,1193200000.0,61000000.0,5214300000.0,5698975000.0,3918600000.0,0.0,0.0,0.0,4069400000.0,3065100000.0,1004300000.0,11723522370.0,-101000000.0,0.0,-81700000.0,-57900000.0,-105200000.0,-244800000.0,-536800000.0,164200000.0,680600000.0,0.0,413200000.0,398500000.0,398500000.0,0.0,0.0,0.018,4920400000.0,770600000.0,1535800000.0,0.225,2.567,29.419,29.412,1847300000.0,14700000.0,15.0,0.527,0.529,966200000.0,3492700000.0,22241400000.0,22241400000.0,0.0,0.046,0.086,0.135,0.035,0.0,4920400000.0,1.0,781568158.0,784400000,816600000.0,28.355,7443100000.0,250700000.0,296400000.0,0.0,9.489,2344800000.0
20,CVS,MRY,2000-12-31,2000-12-30,2000-12-30,2021-09-07,0.0,7949500000.0,7859650000.0,4936600000.0,3012900000.0,2.556,5.505,-676500000.0,337300000.0,337300000.0,14725800000.0,746000000.0,1.665,0.847,1148000000.0,611200000.0,536800000.0,1148000000.0,0.0,296600000.0,0.0,0.004,0.116,1322700000.0,1619300000.0,0.081,1619300000.0,1322700000.0,1243400000.0,0.935,0.915,0.935,4304600000.0,4017000000.0,4304600000.0,24746182031.0,19.0,15.282,103700000.0,0.133,1.0,5361700000.0,0.267,818500000.0,79300000.0,4977600000.0,5107750000.0,3557600000.0,0.0,0.0,0.0,3644900000.0,2964100000.0,680800000.0,23483682031.0,107300000.0,0.0,-65400000.0,137800000.0,-104800000.0,-32400000.0,-640500000.0,36000000.0,780200000.0,0.0,746000000.0,731400000.0,731400000.0,0.0,0.0,0.036,4039000000.0,1322700000.0,1351500000.0,0.124,5.455,32.108,32.053,1742100000.0,14600000.0,29.97,1.169,1.167,824500000.0,3184700000.0,20087500000.0,20087500000.0,0.0,0.093,0.182,0.259,0.066,0.0,4039000000.0,1.0,783572974.0,782000000,816000000.0,25.687,7131000000.0,124900000.0,497400000.0,28000000.0,9.119,1972500000.0
21,CVS,MRY,1999-12-31,2000-01-01,2000-01-01,2021-09-07,0.0,7275400000.0,7021875000.0,4608000000.0,2667400000.0,2.577,4.702,-694500000.0,230000000.0,230000000.0,13236900000.0,635100000.0,1.595,0.977,1026800000.0,468300000.0,558500000.0,1026800000.0,0.0,277900000.0,0.0,0.006,0.116,1135500000.0,1413400000.0,0.078,1413400000.0,1135500000.0,1076400000.0,0.795,0.775,0.795,3679700000.0,3467400000.0,3679700000.0,16641533920.0,15.0,11.774,31800000.0,0.041,1.0,4861400000.0,0.269,706900000.0,59100000.0,4475400000.0,4432425000.0,3445500000.0,0.0,0.0,0.0,3595700000.0,2889900000.0,705800000.0,15628333920.0,49200000.0,-101100000.0,20400000.0,-26400000.0,-104700000.0,-110700000.0,-566400000.0,229200000.0,726300000.0,0.0,635100000.0,620400000.0,620400000.0,0.0,0.0,0.034,3725900000.0,1135500000.0,1454200000.0,0.146,4.247,25.191,25.082,1601000000.0,14700000.0,19.94,0.864,0.862,699300000.0,2543500000.0,18098300000.0,18098300000.0,0.0,0.088,0.179,0.256,0.063,0.0,3725900000.0,1.0,783768000.0,782600000,817800000.0,23.126,6568500000.0,139400000.0,441300000.0,27200000.0,8.393,1718100000.0
22,CVS,MRY,1998-12-31,1998-12-31,1998-12-31,2021-09-07,0.0,6686200000.0,6263350000.0,4349200000.0,2337000000.0,2.439,4.018,-451800000.0,180800000.0,180800000.0,11144400000.0,384500000.0,1.388,1.149,1061400000.0,785700000.0,275700000.0,1061400000.0,0.0,249700000.0,0.0,0.004,0.113,751900000.0,1001600000.0,0.066,1001600000.0,751900000.0,691000000.0,0.48,0.475,0.48,3110600000.0,2854950000.0,3110600000.0,22311504540.0,30.0,22.276,-159400000.0,-0.206,1.0,4129200000.0,0.27,724600000.0,60900000.0,3708900000.0,3376275000.0,3190200000.0,0.0,0.0,0.0,3575600000.0,3133300000.0,442300000.0,21447504540.0,-11700000.0,-133600000.0,121100000.0,262700000.0,-102500000.0,281300000.0,-585400000.0,0.0,292400000.0,0.0,384500000.0,370900000.0,370900000.0,0.0,0.0,0.024,3377300000.0,751900000.0,1286300000.0,0.235,6.895,57.826,57.292,1351200000.0,13600000.0,27.5,1.404,1.394,650300000.0,2021100000.0,15273600000.0,15273600000.0,0.0,0.059,0.13,0.223,0.049,0.0,3377300000.0,1.0,779909256.0,774200000,810400000.0,19.728,5961600000.0,248700000.0,306500000.0,24300000.0,7.7,1215900000.0
23,CVS,MRY,1997-12-31,1997-12-31,1997-12-31,2021-09-07,0.0,5920500000.0,4836850000.0,3883700000.0,2036800000.0,2.843,3.482,-341600000.0,192500000.0,192500000.0,10031300000.0,88800000.0,1.367,1.254,798700000.0,508300000.0,290400000.0,798700000.0,0.0,242600000.0,0.0,0.007,0.11,282100000.0,524700000.0,0.038,524700000.0,282100000.0,238000000.0,0.1,0.095,0.1,2626500000.0,2080450000.0,2626500000.0,11192870363.0,40.0,21.332,-447400000.0,-0.593,1.0,3718300000.0,0.27,711500000.0,44100000.0,2974900000.0,2314500000.0,2882400000.0,0.0,0.0,0.0,3294000000.0,2840300000.0,453700000.0,11031570363.0,-314300000.0,192700000.0,169100000.0,-450800000.0,-87600000.0,-369300000.0,160800000.0,309700000.0,-105800000.0,0.0,88800000.0,75100000.0,75100000.0,-17500000.0,0.0,0.005,3436600000.0,281700000.0,1233700000.0,1.1,4.2,146.892,160.15,1072300000.0,13700000.0,16.015,0.802,0.879,452400000.0,1739100000.0,13749600000.0,13749600000.0,0.0,0.016,0.036,0.122,0.021,0.0,3436600000.0,1.0,688827372.0,754400000,770200000.0,18.226,5209000000.0,0.0,149200000.0,0.0,6.905,1043400000.0
24,CVS,MRY,1996-12-31,1996-12-31,1996-12-31,2021-09-07,0.0,5693700000.0,4827650000.0,3528900000.0,2164800000.0,2.451,2.993,-328900000.0,471800000.0,471800000.0,8530700000.0,208200000.0,1.662,1.592,1184300000.0,0.0,1184300000.0,1184300000.0,0.0,262800000.0,0.0,0.153,1.586,554700000.0,817500000.0,0.069,817500000.0,554700000.0,479200000.0,0.265,0.26,0.265,2196400000.0,1872100000.0,2196400000.0,,,,-1700000.0,-0.002,1.0,3300900000.0,0.279,916500000.0,75500000.0,3366900000.0,2792650000.0,2328200000.0,181400000.0,181400000.0,0.0,3497300000.0,2122800000.0,1374500000.0,4434225558.0,325900000.0,-133500000.0,62100000.0,76500000.0,-137500000.0,-24700000.0,23400000.0,485800000.0,327200000.0,0.0,208200000.0,193700000.0,193700000.0,164200000.0,0.0,0.016,2709000000.0,591900000.0,1046300000.0,5.985,2.019,22.892,39.038,965500000.0,14500000.0,10.345,0.375,0.642,350700000.0,1587800000.0,11831600000.0,11831600000.0,0.0,0.04,0.103,0.199,0.047,0.0,2709000000.0,1.0,428634660.0,733800000,767200000.0,16.124,4777200000.0,0.0,271000000.0,0.0,6.51,1406100000.0
25,CVS,MRY,1995-12-31,1995-12-31,1995-12-31,2021-09-07,0.0,3961600000.0,,2560000000.0,1401600000.0,,2.364,-528900000.0,129600000.0,129600000.0,7016500000.0,-572800000.0,1.424,1.56,379700000.0,52000000.0,327700000.0,379700000.0,0.0,327700000.0,0.0,0.049,0.38,-399900000.0,-72200000.0,-0.007,-72200000.0,-399900000.0,-514400000.0,-0.9,-0.897,-0.9,1547800000.0,,1547800000.0,,,,-68900000.0,-0.105,1.0,2746900000.0,0.281,195600000.0,114500000.0,2218400000.0,,1673000000.0,175000000.0,175000000.0,0.0,2413800000.0,1797700000.0,616100000.0,,24300000.0,418800000.0,-25100000.0,-51600000.0,-240000000.0,-325600000.0,-110100000.0,0.0,460000000.0,0.0,-572800000.0,-589800000.0,-589800000.0,630600000.0,0.0,-0.06,2516200000.0,230700000.0,690700000.0,-0.422,,,-8.542,1114400000.0,17000000.0,7.688,,0.516,296400000.0,1660400000.0,9763400000.0,9763400000.0,0.0,,,,-0.041,0.0,2516200000.0,1.0,,654800000,657200000.0,14.911,3766000000.0,0.0,58400000.0,9100000.0,5.751,762300000.0
26,CVS,MRY,1994-12-31,1994-12-31,1994-12-31,2021-09-07,,,,,,,,-421400000.0,,,3088200000.0,307500000.0,,,,,,,,206300000.0,,0.049,0.38,401000000.0,607300000.0,0.14,607300000.0,401000000.0,370200000.0,0.688,,0.688,,,,,,,77000000.0,0.182,1.0,1241900000.0,0.287,,30800000.0,,,,,,,,,,,36000000.0,50300000.0,0.0,132500000.0,-225500000.0,-91300000.0,-371100000.0,0.0,498400000.0,0.0,307500000.0,290500000.0,290500000.0,-217200000.0,0.0,0.067,1058100000.0,183800000.0,,0.552,,,11.221,,17000000.0,7.72,,0.752,,,4330100000.0,4330100000.0,0.0,,,,0.093,0.0,1058100000.0,1.0,,422000000,,10.261,,,62700000.0,,,
0,CVS,MRQ,2021-06-30,2021-06-30,2021-06-30,2021-09-07,1170000000.0,231164000000.0,,56559000000.0,174605000000.0,,55.53,-486000000.0,7119000000.0,7119000000.0,59421000000.0,2791000000.0,0.954,2.152,79654000000.0,1851000000.0,77803000000.0,79654000000.0,0.0,0.0,4567000000.0,0.024,0.5,4363000000.0,4363000000.0,0.06,4363000000.0,4363000000.0,3727000000.0,2.11,2.1,2.11,73244000000.0,,73244000000.0,186573423156.0,15.0,12.713,5361000000.0,4.064,1.0,13195000000.0,0.182,109632000000.0,636000000.0,134756000000.0,,16979000000.0,25142000000.0,3006000000.0,22136000000.0,157599000000.0,59311000000.0,98288000000.0,109854423156.0,1426000000.0,-24000000.0,118000000.0,-2626000000.0,-650000000.0,-3314000000.0,-1107000000.0,-669000000.0,5847000000.0,0.0,2783000000.0,2783000000.0,2783000000.0,0.0,8000000.0,0.038,8869000000.0,4326000000.0,11052000000.0,0.237,1.5,15.251,15.254,33140000000.0,0.0,83.44,0.395,0.395,24164000000.0,53331000000.0,72616000000.0,72616000000.0,0.0,,,,,0.0,8869000000.0,1.0,1316567871.0,1319000000,1327000000.0,55.054,121532000000.0,0.0,944000000.0,6557000000.0,92.139,-2752000000.0
1,CVS,MRQ,2021-03-31,2021-03-31,2021-03-31,2021-09-07,1022000000.0,229606000000.0,,55719000000.0,173887000000.0,,53.96,-829000000.0,5598000000.0,5598000000.0,56598000000.0,2224000000.0,0.927,2.236,82317000000.0,4460000000.0,77857000000.0,82317000000.0,0.0,0.0,4440000000.0,0.027,0.5,3626000000.0,3626000000.0,0.052,3626000000.0,3626000000.0,2969000000.0,1.69,1.68,1.69,70850000000.0,,70850000000.0,175841231083.0,14.0,11.702,2063000000.0,1.571,1.0,12499000000.0,0.181,110191000000.0,657000000.0,136030000000.0,,17618000000.0,24215000000.0,3190000000.0,21025000000.0,158442000000.0,60104000000.0,98338000000.0,98653231083.0,-2219000000.0,-84000000.0,212000000.0,-2797000000.0,-656000000.0,-3244000000.0,-1867000000.0,-954000000.0,2892000000.0,0.0,2223000000.0,2223000000.0,2223000000.0,0.0,1000000.0,0.032,8922000000.0,3577000000.0,10804000000.0,0.296,1.392,13.341,13.362,33153000000.0,0.0,75.23,0.364,0.364,23855000000.0,51203000000.0,69097000000.0,69097000000.0,0.0,,,,,0.0,8922000000.0,1.0,1311354926.0,1313000000,1322000000.0,52.625,119415000000.0,0.0,746000000.0,6610000000.0,90.948,-4385000000.0
2,CVS,MRQ,2020-12-31,2020-12-31,2020-12-31,2021-09-07,1414000000.0,230715000000.0,,56369000000.0,174346000000.0,,52.888,-713000000.0,7854000000.0,7854000000.0,57597000000.0,975000000.0,0.909,2.32,85042000000.0,7078000000.0,77964000000.0,85042000000.0,0.0,1139000000.0,4270000000.0,0.029,0.5,1892000000.0,3031000000.0,0.044,3031000000.0,1892000000.0,1214000000.0,0.74,0.74,0.74,69389000000.0,,69389000000.0,167415791913.0,13.0,9.793,2854000000.0,2.175,1.0,11957000000.0,0.172,110694000000.0,678000000.0,135192000000.0,,18496000000.0,23812000000.0,3000000000.0,20812000000.0,161014000000.0,62017000000.0,98997000000.0,89398791913.0,-1402000000.0,-32000000.0,15000000.0,-3099000000.0,-644000000.0,-3735000000.0,-1234000000.0,-484000000.0,3567000000.0,0.0,973000000.0,973000000.0,973000000.0,9000000.0,2000000.0,0.014,9433000000.0,2524000000.0,11138000000.0,0.676,1.288,12.453,12.464,33335000000.0,0.0,68.3,0.333,0.333,21742000000.0,49640000000.0,69554000000.0,69554000000.0,0.0,,,,,112000000.0,9433000000.0,1.0,1308913498.0,1312000000,1314000000.0,53.014,120021000000.0,0.0,241000000.0,6794000000.0,91.479,-5648000000.0
3,CVS,MRQ,2020-09-30,2020-09-30,2020-09-30,2021-09-07,1255000000.0,232898000000.0,,59211000000.0,173687000000.0,,52.524,-534000000.0,9256000000.0,9256000000.0,55336000000.0,1219000000.0,0.954,2.38,87273000000.0,7232000000.0,80041000000.0,87273000000.0,0.0,1114000000.0,3964000000.0,0.034,0.5,2542000000.0,3656000000.0,0.055,3656000000.0,2542000000.0,1811000000.0,0.93,0.93,0.93,68807000000.0,,68807000000.0,153610281480.0,11.0,9.574,1340000000.0,1.023,1.0,11720000000.0,0.175,111276000000.0,731000000.0,137595000000.0,,17478000000.0,23047000000.0,2831000000.0,20216000000.0,163786000000.0,62044000000.0,101742000000.0,76428281480.0,-5613000000.0,774000000.0,83000000.0,-5504000000.0,-665000000.0,-6117000000.0,-1370000000.0,-1609000000.0,1874000000.0,0.0,1224000000.0,1224000000.0,1224000000.0,0.0,-5000000.0,0.018,8471000000.0,3249000000.0,11677000000.0,0.538,1.111,9.61,9.605,32833000000.0,0.0,58.4,0.287,0.288,23816000000.0,49328000000.0,67056000000.0,67056000000.0,0.0,,,,,109000000.0,8471000000.0,1.0,1308703450.0,1310000000,1315000000.0,51.188,121622000000.0,0.0,587000000.0,7253000000.0,92.841,-2833000000.0
4,CVS,MRQ,2020-06-30,2020-06-30,2020-06-30,2021-09-07,1213000000.0,235495000000.0,,62506000000.0,172989000000.0,,51.965,-448000000.0,14869000000.0,14869000000.0,51993000000.0,2986000000.0,0.981,2.457,92051000000.0,9958000000.0,82093000000.0,92051000000.0,0.0,0.0,3636000000.0,0.031,0.5,4714000000.0,4714000000.0,0.072,4714000000.0,4714000000.0,3949000000.0,2.27,2.26,2.27,68022000000.0,,68022000000.0,167159691225.0,12.0,10.217,6671000000.0,5.096,1.0,13348000000.0,0.204,112282000000.0,765000000.0,136701000000.0,,16519000000.0,21190000000.0,2596000000.0,18594000000.0,167140000000.0,63694000000.0,103446000000.0,84921691225.0,4808000000.0,-155000000.0,12000000.0,-263000000.0,-663000000.0,-978000000.0,-1333000000.0,-731000000.0,7119000000.0,0.0,2975000000.0,2975000000.0,2975000000.0,0.0,11000000.0,0.046,8668000000.0,4680000000.0,9919000000.0,0.22,1.248,10.282,10.28,32792000000.0,0.0,64.97,0.322,0.322,22520000000.0,48768000000.0,65341000000.0,65341000000.0,0.0,,,,,0.0,8668000000.0,1.0,1307090830.0,1309000000,1314000000.0,49.917,123213000000.0,0.0,974000000.0,7136000000.0,94.128,-1188000000.0
5,CVS,MRQ,2020-03-31,2020-03-31,2020-03-31,2021-09-07,687000000.0,230639000000.0,,58958000000.0,171681000000.0,,49.877,-742000000.0,10081000000.0,10081000000.0,54734000000.0,2012000000.0,0.99,2.536,92319000000.0,7845000000.0,84474000000.0,92319000000.0,0.0,0.0,3110000000.0,0.034,0.5,3507000000.0,3507000000.0,0.053,3507000000.0,3507000000.0,2774000000.0,1.54,1.53,1.54,65140000000.0,,65140000000.0,160694793814.0,13.0,9.989,2563000000.0,1.962,1.0,12021000000.0,0.18,112720000000.0,733000000.0,140597000000.0,,16976000000.0,19472000000.0,2632000000.0,16840000000.0,165165000000.0,59560000000.0,105605000000.0,77375793814.0,4383000000.0,-613000000.0,154000000.0,3193000000.0,-652000000.0,2675000000.0,-1597000000.0,-247000000.0,3305000000.0,0.0,2007000000.0,2007000000.0,2007000000.0,0.0,5000000.0,0.03,8563000000.0,3458000000.0,10223000000.0,0.325,1.188,10.717,10.709,32818000000.0,0.0,59.33,0.295,0.296,23037000000.0,46455000000.0,66755000000.0,66755000000.0,0.0,,,,,0.0,8563000000.0,1.0,1304159680.0,1306000000,1312000000.0,51.114,117919000000.0,0.0,767000000.0,7121000000.0,90.29,-602000000.0
6,CVS,MRQ,2019-12-31,2019-12-31,2019-12-31,2021-09-07,1019000000.0,222449000000.0,,50302000000.0,172147000000.0,,48.975,-567000000.0,5683000000.0,5683000000.0,55198000000.0,1744000000.0,0.944,2.478,89002000000.0,5377000000.0,83625000000.0,89002000000.0,0.0,1096000000.0,2991000000.0,0.027,0.5,3071000000.0,4167000000.0,0.062,4167000000.0,3071000000.0,2337000000.0,1.34,1.33,1.34,63864000000.0,,63864000000.0,181133616080.0,15.0,11.041,2067000000.0,1.585,1.0,11691000000.0,0.175,112870000000.0,734000000.0,139595000000.0,,17516000000.0,19687000000.0,2373000000.0,17314000000.0,158279000000.0,53303000000.0,104976000000.0,96648616080.0,485000000.0,-83000000.0,27000000.0,-778000000.0,-651000000.0,-1440000000.0,-709000000.0,-85000000.0,2634000000.0,0.0,1747000000.0,1747000000.0,1747000000.0,0.0,-3000000.0,0.026,8654000000.0,3037000000.0,10492000000.0,0.373,1.513,14.569,14.567,32904000000.0,0.0,74.29,0.376,0.376,19617000000.0,45108000000.0,66889000000.0,66889000000.0,0.0,,,,,98000000.0,8654000000.0,1.0,1300964007.0,1304000000,1311000000.0,51.295,109579000000.0,0.0,590000000.0,7294000000.0,84.033,-3001000000.0
7,CVS,MRQ,2019-09-30,2019-09-30,2019-09-30,2021-09-07,950000000.0,220113000000.0,,48185000000.0,171928000000.0,,48.091,-601000000.0,5193000000.0,5193000000.0,53287000000.0,1529000000.0,0.917,2.51,89678000000.0,6646000000.0,83032000000.0,89678000000.0,0.0,1092000000.0,2938000000.0,0.032,0.5,2881000000.0,3973000000.0,0.061,3973000000.0,2881000000.0,2134000000.0,1.17,1.17,1.17,62614000000.0,,62614000000.0,167882328257.0,17.0,12.092,2327000000.0,1.787,1.0,11523000000.0,0.178,113203000000.0,747000000.0,138851000000.0,,16028000000.0,19676000000.0,2334000000.0,17342000000.0,157180000000.0,52544000000.0,104636000000.0,82022328257.0,-869000000.0,-111000000.0,72000000.0,-2368000000.0,-646000000.0,-2968000000.0,-829000000.0,-119000000.0,2928000000.0,0.0,1530000000.0,1530000000.0,1530000000.0,0.0,-1000000.0,0.024,8595000000.0,2928000000.0,9442000000.0,0.427,1.31,18.358,18.827,32408000000.0,0.0,63.07,0.336,0.336,19789000000.0,44017000000.0,64810000000.0,64810000000.0,0.0,,,,,129000000.0,8595000000.0,1.0,1300496722.0,1302000000,1305000000.0,49.777,106910000000.0,0.0,604000000.0,7279000000.0,82.112,-4359000000.0
8,CVS,MRQ,2019-06-30,2019-06-30,2019-06-30,2021-09-07,684000000.0,218904000000.0,,46901000000.0,172003000000.0,,47.104,-573000000.0,6063000000.0,6063000000.0,52057000000.0,1931000000.0,0.95,2.567,91923000000.0,6133000000.0,85790000000.0,91923000000.0,0.0,1072000000.0,2907000000.0,0.037,0.5,3368000000.0,4440000000.0,0.07,4440000000.0,3368000000.0,2596000000.0,1.49,1.49,1.49,61282000000.0,,61282000000.0,160441528529.0,17.0,12.244,4765000000.0,3.663,1.0,11374000000.0,0.179,113648000000.0,772000000.0,141740000000.0,,15511000000.0,19435000000.0,2462000000.0,16973000000.0,157305000000.0,49376000000.0,107929000000.0,70787528529.0,170000000.0,-126000000.0,10000000.0,-3577000000.0,-657000000.0,-4258000000.0,-910000000.0,-215000000.0,5338000000.0,0.0,1936000000.0,1936000000.0,1936000000.0,0.0,-5000000.0,0.031,8042000000.0,3332000000.0,9160000000.0,0.336,1.155,16.356,15.393,32348000000.0,0.0,54.49,0.312,0.312,18174000000.0,43136000000.0,63431000000.0,63431000000.0,0.0,,,,,112000000.0,8042000000.0,1.0,1299092100.0,1301000000,1302000000.0,48.756,105256000000.0,0.0,660000000.0,7375000000.0,80.904,-2475000000.0
9,CVS,MRQ,2019-03-31,2019-03-31,2019-03-31,2021-09-07,433000000.0,219768000000.0,,47857000000.0,171911000000.0,,45.983,-716000000.0,5896000000.0,5896000000.0,50706000000.0,1427000000.0,0.945,2.677,95550000000.0,8701000000.0,86849000000.0,95550000000.0,0.0,1111000000.0,2732000000.0,0.037,0.5,2715000000.0,3826000000.0,0.062,3826000000.0,2715000000.0,1933000000.0,1.09,1.09,1.09,59686000000.0,,59686000000.0,139321641158.0,29.0,17.56,1232000000.0,0.949,1.0,10940000000.0,0.177,114222000000.0,782000000.0,144569000000.0,,15448000000.0,18836000000.0,2426000000.0,16410000000.0,159762000000.0,50631000000.0,109131000000.0,69951641158.0,1873000000.0,-124000000.0,101000000.0,1403000000.0,-649000000.0,816000000.0,-891000000.0,-61000000.0,1948000000.0,0.0,1421000000.0,1421000000.0,1421000000.0,0.0,6000000.0,0.023,8250000000.0,2690000000.0,8290000000.0,0.459,1.172,-409.074,-114.745,32340000000.0,0.0,53.93,0.332,0.333,19509000000.0,41859000000.0,61646000000.0,61646000000.0,0.0,,,,,114000000.0,8250000000.0,1.0,1297082165.0,1298000000,1302000000.0,47.493,105546000000.0,0.0,512000000.0,7540000000.0,81.314,-2774000000.0
10,CVS,MRQ,2018-12-31,2018-12-31,2018-12-31,2021-09-07,102000000.0,196456000000.0,,45243000000.0,151213000000.0,,51.894,-585000000.0,4059000000.0,4059000000.0,44759000000.0,-421000000.0,1.028,2.369,73429000000.0,1985000000.0,71444000000.0,73429000000.0,0.0,807000000.0,2939000000.0,0.031,0.5,838000000.0,1645000000.0,0.03,1645000000.0,838000000.0,105000000.0,-0.4,-0.4,-0.4,58225000000.0,,58225000000.0,88050715722.0,22.0,13.054,1894000000.0,1.688,1.0,9665000000.0,0.178,115202000000.0,733000000.0,106615000000.0,,16450000000.0,18254000000.0,2522000000.0,15732000000.0,137913000000.0,44009000000.0,93904000000.0,66751715722.0,-37532000000.0,-41503000000.0,28000000.0,2431000000.0,-510000000.0,1892000000.0,-41899000000.0,179000000.0,2479000000.0,-4000000.0,-419000000.0,-419000000.0,-419000000.0,-1000000.0,-2000000.0,-0.008,8841000000.0,824000000.0,8925000000.0,-1.25,1.146,-112.377,-114.947,11349000000.0,0.0,65.52,0.343,0.352,17631000000.0,40911000000.0,54424000000.0,54424000000.0,0.0,,,,,108000000.0,6613000000.0,1.0,1018799080.0,1122000000,1122000000.0,48.506,81254000000.0,0.0,524000000.0,7677000000.0,72.419,1234000000.0
11,CVS,MRQ,2018-09-30,2018-09-30,2018-09-30,2021-09-07,129000000.0,131506000000.0,,71981000000.0,59525000000.0,,35.9,-540000000.0,41587000000.0,41587000000.0,39941000000.0,1390000000.0,2.443,2.591,62886000000.0,2139000000.0,60747000000.0,62886000000.0,0.0,620000000.0,0.0,0.025,0.5,2573000000.0,3193000000.0,0.067,3193000000.0,2573000000.0,1899000000.0,1.36,1.36,1.36,36618000000.0,,36618000000.0,101435981155.0,16.0,11.463,557000000.0,0.546,1.0,7549000000.0,0.159,47382000000.0,674000000.0,75963000000.0,,14818000000.0,105000000.0,105000000.0,0.0,94884000000.0,29460000000.0,65424000000.0,80141981155.0,-2230000000.0,-60000000.0,84000000.0,-2265000000.0,-510000000.0,-2693000000.0,-634000000.0,-38000000.0,1097000000.0,0.0,1390000000.0,1390000000.0,1390000000.0,0.0,0.0,0.029,4975000000.0,2574000000.0,21161000000.0,0.368,2.189,25.753,25.895,10419000000.0,0.0,78.72,0.425,0.426,14837000000.0,41843000000.0,47490000000.0,47490000000.0,0.0,,,,,62000000.0,4975000000.0,1.0,1018063785.0,1020000000,1022000000.0,46.559,84124000000.0,0.0,509000000.0,3052000000.0,82.475,42521000000.0
12,CVS,MRQ,2018-06-30,2018-06-30,2018-06-30,2021-09-07,141000000.0,133290000000.0,,73790000000.0,59500000000.0,,34.977,-430000000.0,43815000000.0,43815000000.0,39507000000.0,-2563000000.0,2.343,2.743,65109000000.0,3540000000.0,61569000000.0,65109000000.0,0.0,647000000.0,0.0,0.031,0.5,-1377000000.0,-730000000.0,-0.016,-730000000.0,-1377000000.0,-2066000000.0,-2.52,-2.52,-2.52,35607000000.0,,35607000000.0,88492192429.0,15.0,10.316,2504000000.0,2.46,1.0,7415000000.0,0.158,47542000000.0,689000000.0,75549000000.0,,14922000000.0,96000000.0,96000000.0,0.0,97679000000.0,31493000000.0,66186000000.0,65421192429.0,1793000000.0,-203000000.0,23000000.0,0.0,-510000000.0,-520000000.0,-621000000.0,7000000.0,2934000000.0,0.0,-2563000000.0,-2563000000.0,-2563000000.0,1000000.0,0.0,-0.055,8788000000.0,-1373000000.0,20313000000.0,-0.198,1.837,21.756,21.888,10249000000.0,0.0,64.35,0.349,0.35,14158000000.0,40965000000.0,46922000000.0,46922000000.0,0.0,,,,,55000000.0,4867000000.0,1.0,1016646347.0,1018000000,1018000000.0,46.092,85748000000.0,0.0,497000000.0,3054000000.0,84.232,42297000000.0
13,CVS,MRQ,2018-03-31,2018-03-31,2018-03-31,2021-09-07,172000000.0,135139000000.0,,71798000000.0,63341000000.0,,38.064,-482000000.0,42023000000.0,42023000000.0,38834000000.0,998000000.0,2.374,2.494,65094000000.0,3542000000.0,61552000000.0,65094000000.0,0.0,644000000.0,0.0,0.032,0.5,1993000000.0,2637000000.0,0.058,2637000000.0,1993000000.0,1470000000.0,0.98,0.98,0.98,38673000000.0,,38673000000.0,88420045487.0,9.0,7.343,1873000000.0,1.844,1.0,6909000000.0,0.151,51503000000.0,523000000.0,76459000000.0,,14824000000.0,119000000.0,119000000.0,0.0,96462000000.0,30248000000.0,66214000000.0,63114045487.0,40364000000.0,372000000.0,107000000.0,38099000000.0,-508000000.0,38140000000.0,-131000000.0,-23000000.0,2355000000.0,0.0,998000000.0,998000000.0,998000000.0,0.0,0.0,0.022,4913000000.0,1996000000.0,18982000000.0,0.51,1.632,9.465,9.527,10144000000.0,0.0,62.21,0.339,0.34,13964000000.0,44040000000.0,45743000000.0,45743000000.0,0.0,,,,,55000000.0,4913000000.0,1.0,1014532157.0,1016000000,1019000000.0,45.023,83636000000.0,0.0,472000000.0,3058000000.0,82.319,41550000000.0
14,CVS,MRQ,2017-12-31,2017-12-31,2017-12-31,2021-09-07,-165000000.0,95131000000.0,,31229000000.0,63902000000.0,,37.171,-526000000.0,1696000000.0,1696000000.0,40492000000.0,3287000000.0,1.019,1.524,27002000000.0,4821000000.0,22181000000.0,27002000000.0,0.0,622000000.0,0.0,0.028,0.5,3127000000.0,3749000000.0,0.077,3749000000.0,3127000000.0,2809000000.0,3.22,3.2,3.22,37691000000.0,,37691000000.0,96745950812.0,10.0,8.199,-662000000.0,-0.653,1.0,7914000000.0,0.163,52081000000.0,318000000.0,37708000000.0,,15296000000.0,223000000.0,111000000.0,112000000.0,57436000000.0,30648000000.0,26788000000.0,73441950812.0,-775000000.0,-720000000.0,15000000.0,1166000000.0,-510000000.0,670000000.0,-1310000000.0,-97000000.0,-136000000.0,1000000.0,3287000000.0,3287000000.0,3287000000.0,0.0,0.0,0.068,4579000000.0,3335000000.0,8863000000.0,0.155,1.949,11.091,11.206,10292000000.0,0.0,72.5,0.397,0.4,13181000000.0,43556000000.0,48406000000.0,48406000000.0,0.0,,,,,61000000.0,4739000000.0,1.0,1012992425.0,1014000000,1018000000.0,47.738,43050000000.0,0.0,-478000000.0,2996000000.0,42.456,581000000.0
15,CVS,MRQ,2017-09-30,2017-09-30,2017-09-30,2021-09-07,-147000000.0,92853000000.0,,29923000000.0,62930000000.0,,34.314,-517000000.0,2485000000.0,2485000000.0,39064000000.0,1285000000.0,1.049,1.663,25789000000.0,2403000000.0,23386000000.0,25789000000.0,0.0,615000000.0,0.0,0.024,0.5,2307000000.0,2922000000.0,0.063,2922000000.0,2307000000.0,2062000000.0,1.26,1.26,1.26,34863000000.0,,34863000000.0,107337043681.0,12.0,9.179,2094000000.0,2.061,1.0,7117000000.0,0.154,51472000000.0,245000000.0,36172000000.0,,14147000000.0,75000000.0,75000000.0,0.0,57985000000.0,28513000000.0,29472000000.0,82667043681.0,392000000.0,-186000000.0,-275000000.0,-990000000.0,-511000000.0,-1786000000.0,-433000000.0,270000000.0,2611000000.0,0.0,1285000000.0,1285000000.0,1285000000.0,0.0,0.0,0.028,4810000000.0,2307000000.0,17706000000.0,0.397,2.371,16.396,16.802,9914000000.0,0.0,81.32,0.453,0.453,12440000000.0,40779000000.0,46181000000.0,46181000000.0,0.0,,,,,65000000.0,4618000000.0,1.0,1016564728.0,1016000000,1020000000.0,45.454,41381000000.0,0.0,777000000.0,4442000000.0,40.729,1410000000.0
16,CVS,MRQ,2017-06-30,2017-06-30,2017-06-30,2021-09-07,-306000000.0,92525000000.0,,29404000000.0,63121000000.0,,33.505,-423000000.0,2094000000.0,2094000000.0,38759000000.0,1098000000.0,1.095,1.71,26764000000.0,1142000000.0,25622000000.0,26764000000.0,0.0,623000000.0,0.0,0.023,0.5,2111000000.0,2734000000.0,0.06,2734000000.0,2111000000.0,1864000000.0,1.07,1.07,1.07,34142000000.0,,34142000000.0,107188277723.0,11.0,8.861,1576000000.0,1.547,1.0,6926000000.0,0.152,51484000000.0,247000000.0,38854000000.0,,14271000000.0,75000000.0,75000000.0,0.0,58378000000.0,26857000000.0,31521000000.0,81972277723.0,-100000000.0,-182000000.0,-272000000.0,-668000000.0,-512000000.0,-1502000000.0,-597000000.0,8000000.0,1999000000.0,0.0,1098000000.0,1098000000.0,1098000000.0,-1000000.0,0.0,0.024,4816000000.0,2110000000.0,17582000000.0,0.467,2.401,15.475,16.028,10073000000.0,0.0,80.46,0.453,0.453,12274000000.0,40005000000.0,45685000000.0,45685000000.0,0.0,,,,,53000000.0,4674000000.0,1.0,1018795398.0,1019000000,1024000000.0,44.833,41041000000.0,0.0,766000000.0,4210000000.0,40.276,2547000000.0
17,CVS,MRQ,2017-03-31,2017-03-31,2017-03-31,2021-09-07,-296000000.0,92670000000.0,,29457000000.0,63213000000.0,,32.851,-452000000.0,2217000000.0,2217000000.0,37943000000.0,953000000.0,1.079,1.739,27433000000.0,1811000000.0,25622000000.0,27433000000.0,0.0,619000000.0,0.0,0.023,0.5,1776000000.0,2395000000.0,0.054,2395000000.0,1776000000.0,1524000000.0,0.92,0.91,0.92,33837000000.0,,33837000000.0,104677418992.0,11.0,8.878,3081000000.0,2.991,1.0,6571000000.0,0.148,51653000000.0,252000000.0,38945000000.0,,14306000000.0,85000000.0,85000000.0,0.0,58828000000.0,27288000000.0,31540000000.0,80517418992.0,-1137000000.0,-93000000.0,-3500000000.0,-106000000.0,-516000000.0,-4133000000.0,-537000000.0,8000000.0,3533000000.0,0.0,952000000.0,952000000.0,952000000.0,9000000.0,1000000.0,0.021,4785000000.0,1786000000.0,16797000000.0,0.543,2.38,15.717,16.32,10057000000.0,0.0,78.5,0.45,0.452,12114000000.0,39419000000.0,44514000000.0,44514000000.0,0.0,,,,,55000000.0,4778000000.0,1.0,1025699605.0,1030000000,1035000000.0,43.217,41017000000.0,0.0,572000000.0,4214000000.0,39.822,2169000000.0
18,CVS,MRQ,2016-12-31,2016-12-31,2016-12-31,2021-09-07,-305000000.0,94462000000.0,,31042000000.0,63420000000.0,,34.615,-639000000.0,3371000000.0,3371000000.0,38408000000.0,1707000000.0,1.183,1.565,27531000000.0,1916000000.0,25615000000.0,27531000000.0,0.0,628000000.0,0.0,0.022,0.425,3015000000.0,3643000000.0,0.079,3643000000.0,3015000000.0,2753000000.0,1.59,1.58,1.59,36830000000.0,,36830000000.0,108696715220.0,11.0,8.919,1482000000.0,1.393,1.0,7583000000.0,0.165,51760000000.0,262000000.0,40612000000.0,,14760000000.0,87000000.0,87000000.0,0.0,57628000000.0,26250000000.0,31378000000.0,84152715220.0,1182000000.0,-191000000.0,-442000000.0,776000000.0,-456000000.0,-121000000.0,-818000000.0,-25000000.0,2121000000.0,0.0,1707000000.0,1707000000.0,1707000000.0,0.0,0.0,0.037,4540000000.0,3043000000.0,17397000000.0,0.267,2.285,15.827,16.006,10175000000.0,0.0,78.91,0.474,0.477,12164000000.0,38983000000.0,45991000000.0,45991000000.0,0.0,,,,,56000000.0,4563000000.0,1.0,1066439174.0,1064000000,1070000000.0,43.225,42702000000.0,0.0,1046000000.0,4214000000.0,40.133,4792000000.0
19,CVS,MRQ,2016-09-30,2016-09-30,2016-09-30,2021-09-07,-319000000.0,94156000000.0,,30939000000.0,63217000000.0,,33.66,-494000000.0,2189000000.0,2189000000.0,37123000000.0,1541000000.0,1.157,1.619,26733000000.0,1123000000.0,25610000000.0,26733000000.0,0.0,611000000.0,0.0,0.018,0.425,2714000000.0,3325000000.0,0.075,3325000000.0,2714000000.0,2461000000.0,1.44,1.43,1.44,35949000000.0,,35949000000.0,122391471960.0,13.0,10.326,3440000000.0,3.221,1.0,7492000000.0,0.168,51781000000.0,253000000.0,40178000000.0,,14348000000.0,74000000.0,74000000.0,0.0,58202000000.0,26741000000.0,31461000000.0,94882471960.0,1062000000.0,-165000000.0,44000000.0,-2011000000.0,-455000000.0,-2451000000.0,-421000000.0,238000000.0,3934000000.0,0.0,1540000000.0,1540000000.0,1540000000.0,1000000.0,1000000.0,0.035,4675000000.0,2817000000.0,16762000000.0,0.295,2.639,18.575,19.015,9901000000.0,0.0,88.99,0.549,0.55,13625000000.0,37732000000.0,44615000000.0,44615000000.0,0.0,,,,,59000000.0,4668000000.0,1.0,1066214990.0,1068000000,1073000000.0,41.774,42375000000.0,0.0,921000000.0,4254000000.0,39.677,4198000000.0
20,CVS,MRQ,2016-06-30,2016-06-30,2016-06-30,2021-09-07,-317000000.0,92748000000.0,,29448000000.0,63300000000.0,,32.486,-495000000.0,1127000000.0,1127000000.0,36710000000.0,924000000.0,1.108,1.668,28636000000.0,3036000000.0,25600000000.0,28636000000.0,0.0,619000000.0,0.0,0.016,0.425,1808000000.0,2427000000.0,0.056,2427000000.0,1808000000.0,1528000000.0,0.86,0.86,0.86,34760000000.0,,34760000000.0,128516875088.0,14.0,11.273,1152000000.0,1.077,1.0,7015000000.0,0.16,51829000000.0,280000000.0,41859000000.0,,14177000000.0,80000000.0,80000000.0,0.0,57982000000.0,26569000000.0,31413000000.0,102826875088.0,-652000000.0,-117000000.0,-1805000000.0,621000000.0,-459000000.0,-1702000000.0,-598000000.0,14000000.0,1647000000.0,1000000.0,924000000.0,924000000.0,924000000.0,0.0,0.0,0.021,4665000000.0,2350000000.0,16289000000.0,0.494,2.958,21.36,22.009,9981000000.0,0.0,95.74,0.617,0.614,13183000000.0,36647000000.0,43725000000.0,43725000000.0,0.0,,,,,50000000.0,4658000000.0,1.0,1074022092.0,1070000000,1075000000.0,40.864,40919000000.0,0.0,604000000.0,4260000000.0,38.242,2879000000.0
21,CVS,MRQ,2016-03-31,2016-03-31,2016-03-31,2021-09-07,-339000000.0,92634000000.0,,29413000000.0,63221000000.0,,32.99,-596000000.0,1779000000.0,1779000000.0,36471000000.0,1147000000.0,1.199,1.571,27469000000.0,1202000000.0,26267000000.0,27469000000.0,0.0,617000000.0,0.0,0.014,0.425,2175000000.0,2792000000.0,0.065,2792000000.0,2175000000.0,1892000000.0,1.04,1.04,1.04,36025000000.0,,36025000000.0,138951454315.0,15.0,11.853,1843000000.0,1.688,1.0,6744000000.0,0.156,51865000000.0,283000000.0,41922000000.0,,13912000000.0,85000000.0,85000000.0,0.0,56603000000.0,24537000000.0,32066000000.0,113946454315.0,-680000000.0,-51000000.0,-1962000000.0,0.0,-470000000.0,-2487000000.0,-633000000.0,14000000.0,2439000000.0,1000000.0,1146000000.0,1146000000.0,1146000000.0,0.0,1000000.0,0.027,4568000000.0,2176000000.0,15891000000.0,0.409,3.163,22.074,22.452,9862000000.0,0.0,103.73,0.711,0.707,13025000000.0,36182000000.0,43215000000.0,43215000000.0,0.0,,,,,57000000.0,4559000000.0,1.0,1098490835.0,1092000000,1099000000.0,39.574,40769000000.0,0.0,746000000.0,4232000000.0,37.334,4876000000.0
22,CVS,MRQ,2015-12-31,2015-12-31,2015-12-31,2021-09-07,-358000000.0,92437000000.0,,29158000000.0,63279000000.0,,33.631,-870000000.0,2459000000.0,2459000000.0,33845000000.0,1499000000.0,1.258,1.485,27464000000.0,1197000000.0,26267000000.0,27464000000.0,0.0,582000000.0,0.0,0.014,0.35,2727000000.0,3309000000.0,0.08,3309000000.0,2727000000.0,2451000000.0,1.34,1.34,1.34,37196000000.0,,37196000000.0,132594395702.0,14.0,11.477,2828000000.0,2.557,1.0,7301000000.0,0.177,51984000000.0,276000000.0,42289000000.0,,14001000000.0,88000000.0,88000000.0,0.0,55234000000.0,23169000000.0,32065000000.0,108262395702.0,-431000000.0,-1972000000.0,-1045000000.0,-7000000.0,-391000000.0,-1697000000.0,-2420000000.0,422000000.0,3698000000.0,-12000000.0,1498000000.0,1498000000.0,1498000000.0,1000000.0,1000000.0,0.036,4572000000.0,2729000000.0,15143000000.0,0.261,2.911,20.673,20.981,9855000000.0,0.0,97.77,0.706,0.713,11888000000.0,35506000000.0,41146000000.0,41146000000.0,0.0,,,,,55000000.0,4551000000.0,1.0,1107317129.0,1106000000,1114000000.0,37.203,40453000000.0,0.0,953000000.0,4217000000.0,36.576,5989000000.0
23,CVS,MRQ,2015-09-30,2015-09-30,2015-09-30,2021-09-07,-316000000.0,92362000000.0,,30753000000.0,61609000000.0,,33.37,-534000000.0,2890000000.0,2890000000.0,31983000000.0,1247000000.0,1.435,1.484,27222000000.0,451000000.0,26771000000.0,27222000000.0,0.0,532000000.0,0.0,0.014,0.35,2340000000.0,2872000000.0,0.074,2872000000.0,2340000000.0,2079000000.0,1.11,1.11,1.11,37174000000.0,,37174000000.0,119426628094.0,13.0,10.805,1286000000.0,1.154,1.0,6661000000.0,0.172,50639000000.0,261000000.0,44621000000.0,,13282000000.0,121000000.0,121000000.0,0.0,55182000000.0,21434000000.0,33748000000.0,107525628094.0,1646000000.0,-9391000000.0,-871000000.0,10972000000.0,-391000000.0,9743000000.0,-9910000000.0,15000000.0,1820000000.0,-7000000.0,1246000000.0,1246000000.0,1246000000.0,-10000000.0,1000000.0,0.032,4330000000.0,2331000000.0,14347000000.0,0.315,2.892,21.25,21.632,9494000000.0,0.0,96.48,0.721,0.72,12804000000.0,34398000000.0,38644000000.0,38644000000.0,0.0,,,,,87000000.0,4330000000.0,1.0,1114486195.0,1114000000,1121000000.0,34.689,41723000000.0,1077000000.0,833000000.0,5449000000.0,37.453,9319000000.0
24,CVS,MRQ,2015-06-30,2015-06-30,2015-06-30,2021-09-07,-255000000.0,74668000000.0,,26401000000.0,48267000000.0,,33.031,-517000000.0,1244000000.0,1244000000.0,30767000000.0,1272000000.0,1.295,1.011,13145000000.0,1512000000.0,11633000000.0,13145000000.0,0.0,488000000.0,0.0,0.012,0.35,2262000000.0,2750000000.0,0.074,2750000000.0,2262000000.0,2096000000.0,1.13,1.12,1.13,37127000000.0,,37127000000.0,129583331577.0,15.0,12.48,520000000.0,0.463,1.0,6402000000.0,0.172,37805000000.0,166000000.0,28378000000.0,,12384000000.0,160000000.0,160000000.0,0.0,37535000000.0,20386000000.0,17149000000.0,118339331577.0,-274000000.0,-51000000.0,-842000000.0,438000000.0,-395000000.0,-761000000.0,-546000000.0,22000000.0,1037000000.0,-4000000.0,1272000000.0,1272000000.0,1272000000.0,0.0,0.0,0.034,4140000000.0,2262000000.0,13331000000.0,0.31,3.187,24.851,25.151,9019000000.0,0.0,104.88,0.813,0.81,10892000000.0,33544000000.0,37169000000.0,37169000000.0,0.0,,,,,44000000.0,4140000000.0,1.0,1128330774.0,1124000000,1132000000.0,33.069,36863000000.0,989000000.0,824000000.0,4026000000.0,32.796,6015000000.0
25,CVS,MRQ,2015-03-31,2015-03-31,2015-03-31,2021-09-07,-264000000.0,73930000000.0,,25622000000.0,48308000000.0,,32.793,-411000000.0,1518000000.0,1518000000.0,30168000000.0,1221000000.0,1.3,0.999,12762000000.0,1073000000.0,11689000000.0,12762000000.0,0.0,490000000.0,0.0,0.011,0.35,2132000000.0,2622000000.0,0.072,2622000000.0,2132000000.0,1998000000.0,1.08,1.07,1.08,36990000000.0,,36990000000.0,126611335192.0,15.0,12.258,1573000000.0,1.395,1.0,6164000000.0,0.17,37882000000.0,134000000.0,27579000000.0,,12231000000.0,116000000.0,116000000.0,0.0,36935000000.0,19713000000.0,17222000000.0,116137335192.0,-963000000.0,-61000000.0,-1881000000.0,-185000000.0,-399000000.0,-2406000000.0,-544000000.0,-72000000.0,1984000000.0,3000000.0,1221000000.0,1221000000.0,1221000000.0,0.0,0.0,0.034,4032000000.0,2132000000.0,12704000000.0,0.324,3.14,24.522,25.112,8871000000.0,0.0,103.21,0.812,0.814,10162000000.0,32667000000.0,36332000000.0,36332000000.0,0.0,,,,,44000000.0,4032000000.0,1.0,1125252739.0,1128000000,1136000000.0,32.209,36048000000.0,1001000000.0,777000000.0,4020000000.0,31.957,5909000000.0
26,CVS,MRQ,2014-12-31,2014-12-31,2014-12-31,2021-09-07,-217000000.0,74187000000.0,,25983000000.0,48204000000.0,,33.209,-697000000.0,2481000000.0,2481000000.0,30422000000.0,1321000000.0,1.366,0.954,12890000000.0,1260000000.0,11630000000.0,12890000000.0,0.0,489000000.0,0.0,0.011,0.275,2320000000.0,2809000000.0,0.076,2809000000.0,2320000000.0,2189000000.0,1.14,1.14,1.14,37958000000.0,,37958000000.0,122332192670.0,15.0,11.984,2726000000.0,2.385,1.0,6633000000.0,0.179,37916000000.0,131000000.0,27653000000.0,,11930000000.0,34000000.0,34000000.0,0.0,36224000000.0,19027000000.0,17197000000.0,110408192670.0,1349000000.0,-47000000.0,-1157000000.0,-104000000.0,-317000000.0,-1561000000.0,-511000000.0,233000000.0,3423000000.0,-2000000.0,1321000000.0,1321000000.0,1321000000.0,1000000.0,0.0,0.036,4312000000.0,2321000000.0,11951000000.0,0.241,2.909,23.774,24.198,8843000000.0,0.0,96.31,0.792,0.802,9687000000.0,31849000000.0,37055000000.0,37055000000.0,0.0,,,,,44000000.0,4312000000.0,1.0,1146383477.0,1143000000,1151000000.0,32.419,36271000000.0,985000000.0,868000000.0,4036000000.0,31.733,6956000000.0
27,CVS,MRQ,2014-09-30,2014-09-30,2014-09-30,2021-09-07,-160000000.0,73576000000.0,,25337000000.0,48239000000.0,,32.933,-544000000.0,1132000000.0,1132000000.0,28553000000.0,948000000.0,1.391,0.931,13056000000.0,1347000000.0,11709000000.0,13056000000.0,0.0,477000000.0,0.0,0.013,0.275,1725000000.0,2202000000.0,0.063,2202000000.0,1725000000.0,1572000000.0,0.82,0.81,0.82,38104000000.0,,38104000000.0,103934257254.0,13.0,10.318,1101000000.0,0.952,1.0,6468000000.0,0.185,38005000000.0,153000000.0,29282000000.0,,11613000000.0,78000000.0,78000000.0,0.0,35467000000.0,18213000000.0,17254000000.0,92175257254.0,-480000000.0,-144000000.0,-688000000.0,-787000000.0,-324000000.0,-1775000000.0,-349000000.0,339000000.0,1645000000.0,-1000000.0,948000000.0,948000000.0,948000000.0,0.0,0.0,0.027,4222000000.0,2246000000.0,11433000000.0,0.335,2.419,20.091,20.355,8694000000.0,0.0,79.59,0.682,0.681,10828000000.0,30845000000.0,35021000000.0,35021000000.0,0.0,,,,,44000000.0,4222000000.0,1.0,1158126112.0,1157000000,1164000000.0,30.269,35571000000.0,1042000000.0,624000000.0,4051000000.0,30.744,7124000000.0
28,CVS,MRQ,2014-06-30,2014-06-30,2014-06-30,2021-09-07,-132000000.0,72593000000.0,,24138000000.0,48455000000.0,,32.73,-501000000.0,1612000000.0,1612000000.0,28278000000.0,1246000000.0,1.452,0.904,13371000000.0,1119000000.0,12252000000.0,13371000000.0,0.0,488000000.0,0.0,0.013,0.275,2208000000.0,2696000000.0,0.078,2696000000.0,2208000000.0,2050000000.0,1.07,1.06,1.07,38130000000.0,,38130000000.0,98768869848.0,11.0,9.425,396000000.0,0.34,1.0,6324000000.0,0.183,38032000000.0,158000000.0,29691000000.0,,11360000000.0,100000000.0,100000000.0,0.0,34461000000.0,16629000000.0,17832000000.0,88124869848.0,-1154000000.0,-54000000.0,-1088000000.0,-41000000.0,-322000000.0,-1423000000.0,-625000000.0,-70000000.0,897000000.0,-3000000.0,1246000000.0,1246000000.0,1246000000.0,0.0,0.0,0.036,4116000000.0,2208000000.0,10698000000.0,0.257,2.311,18.025,18.294,8820000000.0,0.0,75.37,0.667,0.665,9533000000.0,30221000000.0,34602000000.0,34602000000.0,0.0,,,,,42000000.0,4116000000.0,1.0,1169230063.0,1165000000,1174000000.0,29.701,34561000000.0,979000000.0,804000000.0,4091000000.0,29.666,7509000000.0
29,CVS,MRQ,2014-03-31,2014-03-31,2014-03-31,2021-09-07,-139000000.0,72822000000.0,,24460000000.0,48362000000.0,,32.381,-383000000.0,2766000000.0,2766000000.0,26747000000.0,1129000000.0,1.509,0.906,13410000000.0,565000000.0,12845000000.0,13410000000.0,0.0,477000000.0,0.0,0.013,0.275,2024000000.0,2501000000.0,0.077,2501000000.0,2024000000.0,1866000000.0,0.96,0.95,0.96,38210000000.0,,38210000000.0,97829496898.0,12.0,9.587,1789000000.0,1.516,1.0,5942000000.0,0.182,38125000000.0,158000000.0,29128000000.0,,11188000000.0,82000000.0,82000000.0,0.0,34610000000.0,16213000000.0,18397000000.0,88516496898.0,-1323000000.0,-2194000000.0,-647000000.0,0.0,-325000000.0,-935000000.0,-2560000000.0,17000000.0,2172000000.0,0.0,1129000000.0,1129000000.0,1129000000.0,0.0,0.0,0.035,3918000000.0,2024000000.0,10516000000.0,0.286,2.317,18.569,18.856,8676000000.0,0.0,74.86,0.688,0.686,9086000000.0,29297000000.0,32689000000.0,32689000000.0,0.0,,,,,35000000.0,3918000000.0,1.0,1182427156.0,1180000000,1190000000.0,27.703,34697000000.0,929000000.0,737000000.0,4053000000.0,29.404,8247000000.0
30,CVS,MRQ,2013-12-31,2013-12-31,2013-12-31,2021-09-07,-149000000.0,71526000000.0,,25325000000.0,46201000000.0,,31.881,-613000000.0,4089000000.0,4089000000.0,26491000000.0,1265000000.0,1.642,0.885,13402000000.0,561000000.0,12841000000.0,13402000000.0,0.0,458000000.0,0.0,0.013,0.225,2216000000.0,2674000000.0,0.081,2674000000.0,2216000000.0,2081000000.0,1.06,1.04,1.06,37938000000.0,,37938000000.0,93886490732.0,12.0,9.484,925000000.0,0.777,1.0,6339000000.0,0.193,36071000000.0,135000000.0,29343000000.0,,11045000000.0,88000000.0,88000000.0,0.0,33588000000.0,15425000000.0,18163000000.0,85186490732.0,2584000000.0,-61000000.0,-1635000000.0,3150000000.0,-268000000.0,1261000000.0,-213000000.0,461000000.0,1538000000.0,-2000000.0,1265000000.0,1265000000.0,1265000000.0,1000000.0,0.0,0.039,4122000000.0,2217000000.0,10096000000.0,0.212,2.245,18.551,18.984,8615000000.0,0.0,71.57,0.672,0.687,8729000000.0,28493000000.0,32830000000.0,32830000000.0,0.0,,,,,40000000.0,4122000000.0,1.0,1190254167.0,1190000000,1202000000.0,27.588,35455000000.0,902000000.0,816000000.0,3901000000.0,29.794,9900000000.0
31,CVS,MRQ,2013-09-30,2013-09-30,2013-09-30,2021-09-07,-194000000.0,67805000000.0,,21432000000.0,46373000000.0,,31.637,-524000000.0,1505000000.0,1505000000.0,25905000000.0,1249000000.0,1.42,0.76,10205000000.0,1386000000.0,8819000000.0,10205000000.0,0.0,461000000.0,0.0,0.015,0.225,2148000000.0,2609000000.0,0.082,2609000000.0,2148000000.0,2026000000.0,1.03,1.02,1.03,38534000000.0,,38534000000.0,77911964472.0,10.0,8.101,1179000000.0,0.968,1.0,6027000000.0,0.189,36137000000.0,122000000.0,25270000000.0,,10825000000.0,108000000.0,108000000.0,0.0,29271000000.0,15098000000.0,14173000000.0,69709964472.0,331000000.0,-54000000.0,-1402000000.0,814000000.0,-276000000.0,-850000000.0,-529000000.0,49000000.0,1703000000.0,7000000.0,1249000000.0,1249000000.0,1249000000.0,6000000.0,0.0,0.039,3873000000.0,2154000000.0,9772000000.0,0.218,1.809,15.69,15.72,8749000000.0,0.0,56.75,0.556,0.552,8035000000.0,27551000000.0,31932000000.0,31932000000.0,0.0,,,,,35000000.0,3873000000.0,1.0,1228369418.0,1218000000,1226000000.0,26.217,31668000000.0,558000000.0,777000000.0,3791000000.0,26.0,6334000000.0
32,CVS,MRQ,2013-06-30,2013-06-30,2013-06-30,2021-09-07,-198000000.0,66284000000.0,,19869000000.0,46415000000.0,,31.708,-480000000.0,1174000000.0,1174000000.0,25407000000.0,1124000000.0,1.566,0.704,9376000000.0,18000000.0,9358000000.0,9376000000.0,0.0,449000000.0,0.0,0.014,0.225,1971000000.0,2420000000.0,0.077,2420000000.0,1971000000.0,1845000000.0,0.92,0.91,0.92,38906000000.0,,38906000000.0,78123773728.0,11.0,8.436,422000000.0,0.344,1.0,5841000000.0,0.187,36211000000.0,126000000.0,25585000000.0,,10578000000.0,5000000.0,5000000.0,0.0,27378000000.0,12690000000.0,14688000000.0,70010773728.0,-377000000.0,-46000000.0,-196000000.0,-300000000.0,-276000000.0,-751000000.0,-526000000.0,0.0,902000000.0,-2000000.0,1124000000.0,1124000000.0,1124000000.0,1000000.0,0.0,0.036,3869000000.0,1972000000.0,9171000000.0,0.245,1.799,16.669,16.917,8708000000.0,0.0,57.18,0.566,0.568,7093000000.0,26573000000.0,31248000000.0,31248000000.0,0.0,,,,,32000000.0,3869000000.0,1.0,1224392685.0,1227000000,1236000000.0,25.467,30073000000.0,606000000.0,721000000.0,3796000000.0,24.509,7179000000.0
33,CVS,MRQ,2013-03-31,2013-03-31,2013-03-31,2021-09-07,-182000000.0,66068000000.0,,19727000000.0,46341000000.0,,31.014,-313000000.0,1551000000.0,1551000000.0,25174000000.0,954000000.0,1.495,0.729,9664000000.0,312000000.0,9352000000.0,9664000000.0,0.0,502000000.0,0.0,0.013,0.225,1694000000.0,2196000000.0,0.071,2196000000.0,1694000000.0,1568000000.0,0.77,0.77,0.77,38209000000.0,,38209000000.0,76156374337.0,11.0,8.481,1327000000.0,1.077,1.0,5577000000.0,0.181,36313000000.0,126000000.0,24673000000.0,,10592000000.0,5000000.0,5000000.0,0.0,27859000000.0,13195000000.0,14664000000.0,67703374337.0,176000000.0,-254000000.0,-243000000.0,-390000000.0,-277000000.0,-897000000.0,-567000000.0,0.0,1640000000.0,0.0,954000000.0,954000000.0,954000000.0,0.0,0.0,0.031,3883000000.0,1694000000.0,9360000000.0,0.292,1.772,16.75,17.078,8556000000.0,0.0,54.99,0.55,0.55,6635000000.0,25728000000.0,30751000000.0,30751000000.0,0.0,,,,,34000000.0,3883000000.0,1.0,1231194296.0,1232000000,1241000000.0,24.96,29755000000.0,604000000.0,614000000.0,3774000000.0,24.152,6532000000.0
34,CVS,MRQ,2012-12-31,2012-12-31,2012-12-31,2021-09-07,-181000000.0,66221000000.0,,20161000000.0,46060000000.0,,30.341,-693000000.0,1375000000.0,1375000000.0,25102000000.0,1116000000.0,1.425,0.759,9828000000.0,695000000.0,9133000000.0,9828000000.0,0.0,456000000.0,0.0,0.013,0.163,1937000000.0,2393000000.0,0.076,2393000000.0,1937000000.0,1777000000.0,0.89,0.88,0.89,37653000000.0,,37653000000.0,69084586581.0,10.0,8.024,1038000000.0,0.836,1.0,6279000000.0,0.2,36148000000.0,160000000.0,24376000000.0,,11032000000.0,5000000.0,5000000.0,0.0,28568000000.0,14150000000.0,14418000000.0,60277586581.0,142000000.0,-75000000.0,-170000000.0,-558000000.0,-202000000.0,-923000000.0,-666000000.0,102000000.0,1731000000.0,0.0,1116000000.0,1116000000.0,1116000000.0,0.0,0.0,0.036,3994000000.0,2285000000.0,9044000000.0,0.183,1.601,15.6,15.905,8632000000.0,0.0,48.35,0.49,0.499,6479000000.0,24998000000.0,31381000000.0,31381000000.0,0.0,,,,,35000000.0,3994000000.0,1.0,1246692587.0,1241000000,1250000000.0,25.287,30073000000.0,693000000.0,661000000.0,3784000000.0,24.233,6011000000.0
35,CVS,MRQ,2012-09-30,2012-09-30,2012-09-30,2021-09-07,-170000000.0,64796000000.0,,18879000000.0,45917000000.0,,29.183,-496000000.0,1233000000.0,1233000000.0,24580000000.0,1006000000.0,1.423,0.755,10040000000.0,830000000.0,9210000000.0,10040000000.0,0.0,443000000.0,0.0,0.013,0.163,1809000000.0,2252000000.0,0.075,2252000000.0,1809000000.0,1675000000.0,0.8,0.79,0.8,36916000000.0,,36916000000.0,69191661068.0,10.0,8.105,427000000.0,0.338,1.0,5647000000.0,0.187,36223000000.0,134000000.0,24117000000.0,,10487000000.0,5000000.0,5000000.0,0.0,27880000000.0,13263000000.0,14617000000.0,61601661068.0,-590000000.0,-29000000.0,-1844000000.0,623000000.0,-207000000.0,-1415000000.0,-98000000.0,427000000.0,923000000.0,0.0,1006000000.0,1006000000.0,1006000000.0,5000000.0,0.0,0.033,3833000000.0,1814000000.0,8815000000.0,0.204,1.669,16.156,16.303,8369000000.0,0.0,48.42,0.513,0.51,6407000000.0,24123000000.0,30227000000.0,30227000000.0,0.0,,,,,33000000.0,3833000000.0,1.0,1272235875.0,1265000000,1274000000.0,23.895,28573000000.0,535000000.0,669000000.0,3894000000.0,22.587,5616000000.0
36,CVS,MRQ,2012-06-30,2012-06-30,2012-06-30,2021-09-07,-171000000.0,65589000000.0,,19299000000.0,46290000000.0,,29.666,-442000000.0,1823000000.0,1823000000.0,25265000000.0,965000000.0,1.469,0.73,9413000000.0,205000000.0,9208000000.0,9413000000.0,0.0,431000000.0,0.0,0.012,0.163,1708000000.0,2139000000.0,0.07,2139000000.0,1708000000.0,1576000000.0,0.76,0.75,0.76,37913000000.0,,37913000000.0,66884610423.0,10.0,8.081,789000000.0,0.617,1.0,5449000000.0,0.177,36316000000.0,132000000.0,23727000000.0,,10428000000.0,5000000.0,5000000.0,0.0,27676000000.0,13136000000.0,14540000000.0,59884610423.0,-388000000.0,-200000000.0,-948000000.0,198000000.0,-209000000.0,-977000000.0,-642000000.0,0.0,1231000000.0,0.0,966000000.0,966000000.0,966000000.0,1000000.0,-1000000.0,0.031,3741000000.0,1708000000.0,8551000000.0,0.214,1.58,16.295,16.571,8614000000.0,0.0,46.73,0.514,0.513,6124000000.0,23324000000.0,30714000000.0,30714000000.0,0.0,,,,,28000000.0,3741000000.0,1.0,1281502470.0,1278000000,1287000000.0,24.033,29273000000.0,535000000.0,610000000.0,3894000000.0,22.905,6163000000.0
37,CVS,MRQ,2012-03-31,2012-03-31,2012-03-31,2021-09-07,-171000000.0,66006000000.0,,19891000000.0,46115000000.0,,29.294,-376000000.0,2211000000.0,2211000000.0,25685000000.0,775000000.0,1.483,0.735,9211000000.0,5000000.0,9206000000.0,9211000000.0,0.0,423000000.0,0.0,0.012,0.163,1404000000.0,1827000000.0,0.059,1827000000.0,1404000000.0,1272000000.0,0.6,0.59,0.6,38053000000.0,,38053000000.0,66947559936.0,10.0,8.352,2410000000.0,1.855,1.0,5113000000.0,0.166,36230000000.0,132000000.0,23364000000.0,,10677000000.0,5000000.0,5000000.0,0.0,27953000000.0,13412000000.0,14541000000.0,58346559936.0,798000000.0,-67000000.0,-532000000.0,-802000000.0,-211000000.0,-1545000000.0,-443000000.0,0.0,2786000000.0,0.0,776000000.0,776000000.0,776000000.0,1000000.0,-1000000.0,0.025,3709000000.0,1404000000.0,8901000000.0,0.272,1.533,16.552,16.842,8517000000.0,0.0,44.8,0.52,0.519,6109000000.0,22566000000.0,30798000000.0,30798000000.0,0.0,,,,,36000000.0,3709000000.0,1.0,1302378570.0,1299000000,1309000000.0,23.709,29776000000.0,538000000.0,496000000.0,3875000000.0,22.922,6479000000.0
38,CVS,MRQ,2011-12-31,2011-12-31,2011-12-31,2021-09-07,-172000000.0,64543000000.0,,18594000000.0,45949000000.0,,29.225,-701000000.0,1413000000.0,1413000000.0,22741000000.0,1064000000.0,1.555,0.696,10014000000.0,806000000.0,9208000000.0,10014000000.0,0.0,396000000.0,0.0,0.012,0.125,1923000000.0,2319000000.0,0.082,2319000000.0,1923000000.0,1776000000.0,0.81,0.8,0.81,38051000000.0,,38051000000.0,62141484001.0,10.0,7.894,120000000.0,0.092,1.0,5556000000.0,0.196,36327000000.0,147000000.0,24861000000.0,,10046000000.0,5000000.0,5000000.0,0.0,26492000000.0,11956000000.0,14536000000.0,53080484001.0,-294000000.0,215000000.0,-358000000.0,-753000000.0,-166000000.0,-1268000000.0,153000000.0,639000000.0,821000000.0,0.0,1065000000.0,1065000000.0,1065000000.0,36000000.0,-1000000.0,0.038,3598000000.0,1958000000.0,7857000000.0,0.154,1.395,15.332,15.745,8467000000.0,0.0,40.78,0.496,0.51,6047000000.0,22090000000.0,28297000000.0,28297000000.0,0.0,,,,,35000000.0,3598000000.0,1.0,1301630309.0,1302000000,1320000000.0,21.733,28216000000.0,503000000.0,711000000.0,3853000000.0,21.671,6638000000.0
39,CVS,MRQ,2011-09-30,2011-09-30,2011-09-30,2021-09-07,-152000000.0,65251000000.0,,18938000000.0,46313000000.0,,28.143,-457000000.0,1707000000.0,1707000000.0,21496000000.0,867000000.0,1.533,0.741,10768000000.0,601000000.0,10167000000.0,10768000000.0,0.0,407000000.0,0.0,0.014,0.125,1585000000.0,1992000000.0,0.075,1992000000.0,1585000000.0,1430000000.0,0.65,0.65,0.65,37487000000.0,,37487000000.0,54029210702.0,9.0,7.023,1505000000.0,1.13,1.0,5178000000.0,0.194,36453000000.0,155000000.0,25509000000.0,,10379000000.0,5000000.0,5000000.0,0.0,27764000000.0,12350000000.0,15414000000.0,45173210702.0,-521000000.0,-40000000.0,-1505000000.0,-317000000.0,-167000000.0,-1986000000.0,-497000000.0,0.0,1962000000.0,0.0,868000000.0,868000000.0,868000000.0,0.0,-1000000.0,0.033,3594000000.0,1584000000.0,7490000000.0,0.192,1.205,13.197,13.277,8642000000.0,0.0,33.59,0.437,0.433,5901000000.0,21192000000.0,26674000000.0,26674000000.0,0.0,,,,,35000000.0,3594000000.0,1.0,1344841045.0,1332000000,1340000000.0,20.026,28798000000.0,444000000.0,562000000.0,3868000000.0,21.62,6588000000.0
40,CVS,MRQ,2011-06-30,2011-06-30,2011-06-30,2021-09-07,-153000000.0,65487000000.0,,19065000000.0,46422000000.0,,28.224,-413000000.0,2228000000.0,2228000000.0,21328000000.0,815000000.0,1.622,0.712,11084000000.0,916000000.0,10168000000.0,11084000000.0,0.0,391000000.0,0.0,0.011,0.125,1487000000.0,1878000000.0,0.071,1878000000.0,1487000000.0,1339000000.0,0.6,0.6,0.6,38244000000.0,,38244000000.0,58569271874.0,10.0,7.765,794000000.0,0.586,1.0,5086000000.0,0.193,36719000000.0,148000000.0,25872000000.0,,10111000000.0,5000000.0,5000000.0,0.0,27243000000.0,11752000000.0,15491000000.0,50956271874.0,66000000.0,-1355000000.0,-347000000.0,1162000000.0,-170000000.0,626000000.0,-1767000000.0,1000000.0,1207000000.0,0.0,816000000.0,816000000.0,816000000.0,-2000000.0,-1000000.0,0.031,3602000000.0,1484000000.0,7507000000.0,0.208,1.332,15.148,15.215,8483000000.0,0.0,37.58,0.507,0.507,5892000000.0,20491000000.0,26414000000.0,26414000000.0,0.0,,,,,29000000.0,3602000000.0,1.0,1355941242.0,1355000000,1364000000.0,19.494,28768000000.0,502000000.0,523000000.0,3948000000.0,21.231,7313000000.0
41,CVS,MRQ,2011-03-31,2011-03-31,2011-03-31,2021-09-07,-143000000.0,62828000000.0,,18380000000.0,44448000000.0,,27.841,-297000000.0,2162000000.0,2162000000.0,20953000000.0,712000000.0,1.603,0.657,9775000000.0,1106000000.0,8669000000.0,9775000000.0,0.0,374000000.0,0.0,0.011,0.125,1309000000.0,1683000000.0,0.065,1683000000.0,1309000000.0,1175000000.0,0.52,0.52,0.52,37919000000.0,,37919000000.0,55585731680.0,9.0,7.379,1569000000.0,1.152,1.0,4742000000.0,0.185,35358000000.0,134000000.0,23618000000.0,,10181000000.0,6000000.0,6000000.0,0.0,24909000000.0,11465000000.0,13444000000.0,46955731680.0,735000000.0,-11000000.0,-360000000.0,-301000000.0,-171000000.0,-832000000.0,-299000000.0,9000000.0,1866000000.0,0.0,713000000.0,713000000.0,713000000.0,-3000000.0,-1000000.0,0.028,3437000000.0,1305000000.0,7130000000.0,0.24,1.238,13.938,13.839,8350000000.0,0.0,34.32,0.479,0.477,5348000000.0,19845000000.0,25695000000.0,25695000000.0,0.0,,,,,36000000.0,3437000000.0,1.0,1368174000.0,1362000000,1371000000.0,18.866,27470000000.0,509000000.0,462000000.0,3710000000.0,20.169,6915000000.0
42,CVS,MRQ,2010-12-31,2010-12-31,2010-12-31,2021-09-07,-143000000.0,62169000000.0,,17706000000.0,44463000000.0,,27.639,-616000000.0,1427000000.0,1427000000.0,19135000000.0,1025000000.0,1.599,0.649,10057000000.0,1405000000.0,8652000000.0,10057000000.0,0.0,373000000.0,0.0,0.01,0.087,1767000000.0,2140000000.0,0.087,2140000000.0,1767000000.0,1630000000.0,0.76,0.75,0.76,37700000000.0,,37700000000.0,57407476000.0,9.0,7.543,1159000000.0,0.85,1.0,5454000000.0,0.222,35453000000.0,137000000.0,24276000000.0,,10695000000.0,4000000.0,4000000.0,0.0,24469000000.0,11070000000.0,13399000000.0,47245476000.0,448000000.0,-19000000.0,114000000.0,-1085000000.0,-119000000.0,-1075000000.0,-252000000.0,383000000.0,1775000000.0,0.0,1026000000.0,1026000000.0,1026000000.0,-5000000.0,-1000000.0,0.042,3693000000.0,1761000000.0,6595000000.0,0.114,1.253,13.786,13.853,8322000000.0,0.0,34.77,0.493,0.496,4925000000.0,19303000000.0,24589000000.0,24589000000.0,0.0,,,,,38000000.0,3693000000.0,1.0,1358800000.0,1364000000,1374000000.0,18.027,26716000000.0,511000000.0,604000000.0,3655000000.0,19.587,6636000000.0
43,CVS,MRQ,2010-09-30,2010-09-30,2010-09-30,2021-09-07,-133000000.0,61713000000.0,,17339000000.0,44374000000.0,,26.939,-499000000.0,979000000.0,979000000.0,18696000000.0,808000000.0,1.485,0.684,11141000000.0,2488000000.0,8653000000.0,11141000000.0,0.0,370000000.0,0.0,0.011,0.087,1472000000.0,1842000000.0,0.078,1842000000.0,1472000000.0,1335000000.0,0.59,0.59,0.59,36637000000.0,,36637000000.0,53597120460.0,9.0,6.945,793000000.0,0.583,1.0,5015000000.0,0.212,35549000000.0,137000000.0,24652000000.0,,10585000000.0,4000000.0,4000000.0,0.0,25076000000.0,11674000000.0,13402000000.0,42743120460.0,-128000000.0,-133000000.0,26000000.0,-819000000.0,-119000000.0,-912000000.0,-508000000.0,124000000.0,1292000000.0,0.0,809000000.0,809000000.0,809000000.0,7000000.0,-1000000.0,0.034,3537000000.0,1478000000.0,6522000000.0,0.147,1.167,12.386,12.538,8356000000.0,0.0,31.47,0.442,0.442,5111000000.0,18396000000.0,23711000000.0,23711000000.0,0.0,,,,,37000000.0,3537000000.0,1.0,1358218000.0,1360000000,1368000000.0,17.435,26164000000.0,479000000.0,526000000.0,3653000000.0,19.238,5665000000.0
44,CVS,MRQ,2010-06-30,2010-06-30,2010-06-30,2021-09-07,-133000000.0,61524000000.0,,17270000000.0,44254000000.0,,26.396,-467000000.0,1107000000.0,1107000000.0,18987000000.0,821000000.0,1.507,0.715,11961000000.0,2507000000.0,9454000000.0,11961000000.0,0.0,368000000.0,0.0,0.011,0.087,1500000000.0,1868000000.0,0.078,1868000000.0,1500000000.0,1365000000.0,0.61,0.6,0.61,35872000000.0,,35872000000.0,50227118880.0,8.0,6.489,185000000.0,0.136,1.0,5020000000.0,0.209,35621000000.0,135000000.0,25298000000.0,,10389000000.0,4000000.0,4000000.0,0.0,25652000000.0,11459000000.0,14193000000.0,39901118880.0,60000000.0,-16000000.0,-565000000.0,578000000.0,-119000000.0,-109000000.0,-483000000.0,0.0,652000000.0,0.0,821000000.0,821000000.0,821000000.0,1000000.0,0.0,0.034,3519000000.0,1501000000.0,6349000000.0,0.143,1.112,10.893,11.148,8248000000.0,0.0,29.32,0.408,0.408,5101000000.0,17705000000.0,24007000000.0,24007000000.0,0.0,,,,,38000000.0,3519000000.0,1.0,1360884000.0,1359000000,1369000000.0,17.665,25903000000.0,498000000.0,544000000.0,3633000000.0,19.06,5811000000.0
45,CVS,MRQ,2010-03-31,2010-03-31,2010-03-31,2021-09-07,-130000000.0,61284000000.0,,17155000000.0,44129000000.0,,25.753,-389000000.0,1047000000.0,1047000000.0,19014000000.0,770000000.0,1.391,0.717,11373000000.0,2919000000.0,8454000000.0,11373000000.0,0.0,358000000.0,0.0,0.009,0.087,1409000000.0,1767000000.0,0.074,1767000000.0,1409000000.0,1281000000.0,0.56,0.55,0.56,35694000000.0,,35694000000.0,60926228400.0,9.0,7.76,671000000.0,0.484,1.0,4746000000.0,0.2,35711000000.0,128000000.0,23562000000.0,,10275000000.0,4000000.0,4000000.0,0.0,25590000000.0,12337000000.0,13253000000.0,50837228400.0,-39000000.0,-9000000.0,-790000000.0,199000000.0,-122000000.0,-702000000.0,-397000000.0,1000000.0,1060000000.0,0.0,771000000.0,771000000.0,771000000.0,2000000.0,-1000000.0,0.032,3336000000.0,1410000000.0,6520000000.0,0.155,1.424,13.637,13.901,8044000000.0,0.0,36.56,0.516,0.514,5149000000.0,17004000000.0,23760000000.0,23760000000.0,0.0,,,,,37000000.0,3336000000.0,1.0,1390515000.0,1386000000,1396000000.0,17.143,25573000000.0,501000000.0,510000000.0,3655000000.0,18.451,4818000000.0
46,CVS,MRQ,2009-12-31,2009-12-31,2009-12-31,2021-09-07,-135000000.0,61641000000.0,,17537000000.0,44104000000.0,,25.53,-780000000.0,1086000000.0,1086000000.0,19762000000.0,1050000000.0,1.426,0.723,11175000000.0,2419000000.0,8756000000.0,11175000000.0,0.0,352000000.0,0.0,0.009,0.076,1888000000.0,2240000000.0,0.089,2240000000.0,1888000000.0,1756000000.0,0.75,0.74,0.75,35768000000.0,,35768000000.0,56263090030.0,9.0,7.204,1025000000.0,0.732,1.0,5546000000.0,0.219,35807000000.0,132000000.0,23623000000.0,,10343000000.0,5000000.0,5000000.0,0.0,25873000000.0,12300000000.0,13573000000.0,45433590030.0,-44000000.0,-58000000.0,-924000000.0,-786000000.0,-108000000.0,-1825000000.0,-24000000.0,814000000.0,1805000000.0,0.0,1050000000.0,1050000000.0,1050000000.0,-6000000.0,0.0,0.041,3664000000.0,1882000000.0,6635000000.0,0.101,1.27,12.293,12.484,7923000000.0,0.0,32.21,0.463,0.47,5457000000.0,16355000000.0,25308000000.0,25308000000.0,0.0,,,,,52000000.0,3664000000.0,1.0,1410543000.0,1401000000,1414000000.0,18.064,25834000000.0,506000000.0,706000000.0,3678000000.0,18.44,5237000000.0
47,CVS,MRQ,2009-09-30,2009-09-30,2009-09-30,2021-09-07,-143700000.0,61879300000.0,,17397900000.0,44481400000.0,,24.965,-660000000.0,1130600000.0,1130600000.0,19630000000.0,1021000000.0,1.37,0.735,11960100000.0,3203900000.0,8756200000.0,11960100000.0,0.0,301000000.0,0.0,0.008,0.076,1564000000.0,1865000000.0,0.076,1865000000.0,1564000000.0,1441000000.0,0.71,0.71,0.71,35674900000.0,,35674900000.0,61392611680.0,10.0,8.02,247000000.0,0.173,1.0,5012000000.0,0.203,35826400000.0,123000000.0,24182000000.0,,9975900000.0,4700000.0,4700000.0,0.0,26204400000.0,12700400000.0,13504000000.0,51581111680.0,-95000000.0,-17000000.0,-1394000000.0,921000000.0,-110000000.0,-565000000.0,-437000000.0,240000000.0,907000000.0,0.0,1021000000.0,1021000000.0,1021000000.0,2000000.0,0.0,0.041,3446000000.0,1566000000.0,6871000000.0,0.107,1.446,14.351,14.353,8277400000.0,0.0,35.74,0.531,0.526,5692900000.0,15412700000.0,24642000000.0,24642000000.0,0.0,,,,,38000000.0,3446000000.0,1.0,1443232000.0,1429000000,1445000000.0,17.244,26052900000.0,424300000.0,420000000.0,3595500000.0,18.232,4697500000.0
48,CVS,MRQ,2009-06-30,2009-06-30,2009-06-30,2021-09-07,-141000000.0,61036000000.0,,16771600000.0,44264400000.0,,24.812,-621000000.0,1225300000.0,1225300000.0,19819000000.0,886000000.0,1.314,0.688,11036800000.0,3731600000.0,7305200000.0,11036800000.0,0.0,382000000.0,0.0,0.009,0.076,1597000000.0,1979000000.0,0.08,1979000000.0,1597000000.0,1469000000.0,0.61,0.6,0.61,36151600000.0,,36151600000.0,56529127470.0,9.0,7.553,-69000000.0,-0.047,1.0,5052000000.0,0.203,35780600000.0,128000000.0,22303100000.0,,9400500000.0,0.0,0.0,0.0,24884400000.0,12763800000.0,12120600000.0,46398927470.0,228000000.0,-39000000.0,36000000.0,-90000000.0,-111000000.0,-161000000.0,-163000000.0,497000000.0,552000000.0,0.0,886000000.0,886000000.0,886000000.0,3000000.0,0.0,0.036,3452000000.0,1600000000.0,6563200000.0,0.125,1.283,14.036,13.917,8119700000.0,0.0,31.87,0.497,0.498,5519800000.0,14501400000.0,24871000000.0,24871000000.0,0.0,,,,,53000000.0,3452000000.0,1.0,1455881000.0,1457000000,1472000000.0,17.07,25255400000.0,405200000.0,583000000.0,3707100000.0,17.334,4007800000.0
49,CVS,MRQ,2009-03-31,2009-03-31,2009-03-31,2021-09-07,-141900000.0,60656100000.0,,16088600000.0,44567500000.0,,24.337,-464000000.0,997400000.0,997400000.0,18646000000.0,738000000.0,1.399,0.719,11127600000.0,2071300000.0,9056300000.0,11127600000.0,0.0,354000000.0,0.0,0.01,0.076,1372000000.0,1726000000.0,0.074,1726000000.0,1372000000.0,1230000000.0,0.51,0.5,0.51,35289200000.0,,35289200000.0,50414307350.0,9.0,6.959,307000000.0,0.212,1.0,4748000000.0,0.203,35856700000.0,142000000.0,23430800000.0,,9052400000.0,0.0,0.0,0.0,25366900000.0,11498800000.0,13868100000.0,40012107350.0,-355000000.0,13000000.0,55000000.0,-627000000.0,-110000000.0,-681000000.0,-445000000.0,6000000.0,771000000.0,0.0,738000000.0,738000000.0,738000000.0,5000000.0,0.0,0.032,3371000000.0,1377000000.0,6500100000.0,0.149,1.134,12.539,12.383,8325400000.0,0.0,27.49,0.447,0.445,5358200000.0,13726500000.0,23394000000.0,23394000000.0,0.0,,,,,22000000.0,3371000000.0,1.0,1455515000.0,1450000000,1469000000.0,16.134,24799400000.0,419600000.0,492000000.0,3703500000.0,17.103,4589800000.0
50,CVS,MRQ,2008-12-31,2008-12-31,2008-12-31,2021-09-07,-143000000.0,60960000000.0,,16526000000.0,44434000000.0,,24.03,-691400000.0,1352000000.0,1352000000.0,18919100000.0,952700000.0,1.225,0.763,11754000000.0,3697000000.0,8057000000.0,11754000000.0,0.0,353800000.0,0.0,0.009,0.069,1731100000.0,2084900000.0,0.086,2084900000.0,1731100000.0,1580400000.0,0.66,0.64,0.66,34574000000.0,,34574000000.0,49721792720.0,8.0,6.917,1077300000.0,0.749,1.0,5223200000.0,0.216,35940000000.0,150700000.0,21932000000.0,,9153000000.0,0.0,0.0,0.0,26386000000.0,13490000000.0,12896000000.0,41277192720.0,70300000.0,-2623100000.0,14300000.0,1709000000.0,-112500000.0,1608500000.0,-3306900000.0,7600000.0,1768700000.0,0.0,952700000.0,949300000.0,949300000.0,500000.0,0.0,0.039,3491600000.0,1731600000.0,6615000000.0,0.105,1.194,12.907,12.888,8125000000.0,3400000.0,28.74,0.472,0.471,5384000000.0,13098000000.0,24142300000.0,24142300000.0,0.0,,,,,24300000.0,3491600000.0,1.0,1436228000.0,1438800000,1469000000.0,16.779,25020000000.0,435000000.0,627700000.0,3702000000.0,17.389,3036000000.0
51,CVS,MRQ,2008-09-30,2008-09-27,2008-09-27,2021-09-07,-47200000.0,55951500000.0,,14968800000.0,40982700000.0,,23.501,-500300000.0,1282300000.0,1282300000.0,16462800000.0,736000000.0,1.515,0.659,9726900000.0,1679400000.0,8047500000.0,9726900000.0,0.0,310900000.0,0.0,0.007,0.069,1383400000.0,1694300000.0,0.081,1694300000.0,1383400000.0,1270700000.0,0.51,0.5,0.51,33735800000.0,,33735800000.0,58962636320.0,10.0,8.6,285900000.0,0.199,1.0,4400600000.0,0.211,34122200000.0,112700000.0,20390400000.0,,8345400000.0,0.0,0.0,0.0,22215700000.0,9883500000.0,12332200000.0,50202736320.0,666600000.0,-55400000.0,34800000.0,351300000.0,-98400000.0,290800000.0,-410400000.0,145300000.0,786200000.0,0.0,736000000.0,732500000.0,732500000.0,82800000.0,0.0,0.035,2934400000.0,1466200000.0,5712600000.0,0.135,1.488,16.406,16.346,6489500000.0,3500000.0,34.98,0.589,0.589,4799500000.0,12245700000.0,20863400000.0,20863400000.0,0.0,,,,,5900000.0,2934400000.0,1.0,1435184000.0,1435500000,1469700000.0,14.534,21829300000.0,360200000.0,534700000.0,3445600000.0,15.207,5085300000.0
52,CVS,MRQ,2008-06-30,2008-06-28,2008-06-28,2021-09-07,-48000000.0,54467000000.0,,13605400000.0,40861600000.0,,23.055,-573800000.0,615700000.0,615700000.0,16767100000.0,774800000.0,1.544,0.65,9375600000.0,1027300000.0,8348300000.0,9375600000.0,0.0,310000000.0,0.0,0.006,0.06,1429400000.0,1739400000.0,0.082,1739400000.0,1429400000.0,1314700000.0,0.54,0.53,0.54,33010200000.0,,33010200000.0,65766363060.0,12.0,9.765,77500000.0,0.054,1.0,4373200000.0,0.207,34197200000.0,114700000.0,20218900000.0,,8001400000.0,0.0,0.0,0.0,21456800000.0,8810800000.0,12646000000.0,56846363060.0,-202500000.0,11600000.0,85800000.0,-362600000.0,-86200000.0,-337900000.0,-515900000.0,46300000.0,651300000.0,0.0,774800000.0,771200000.0,771200000.0,48700000.0,0.0,0.036,2895100000.0,1478100000.0,5532600000.0,0.111,1.722,18.863,18.938,6305100000.0,3600000.0,39.77,0.67,0.671,4457700000.0,11608300000.0,21140300000.0,21140300000.0,0.0,,,,,48600000.0,2895100000.0,1.0,1429378000.0,1431800000,1468700000.0,14.765,20269800000.0,360400000.0,539900000.0,3437700000.0,14.157,4794600000.0
53,CVS,MRQ,2008-03-31,2008-03-29,2008-03-29,2021-09-07,-48900000.0,54567000000.0,,13914200000.0,40652800000.0,,22.487,-395500000.0,818200000.0,818200000.0,17033000000.0,748500000.0,1.423,0.697,9738200000.0,1389200000.0,8349000000.0,9738200000.0,0.0,299300000.0,0.0,0.006,0.06,1370100000.0,1669400000.0,0.078,1669400000.0,1370100000.0,1239200000.0,0.52,0.51,0.52,32151800000.0,,32151800000.0,67917557150.0,13.0,10.27,345300000.0,0.242,1.0,4293000000.0,0.201,34266400000.0,130900000.0,19440500000.0,,7989300000.0,0.0,0.0,0.0,22415200000.0,9780100000.0,12635100000.0,58492257150.0,-238400000.0,15900000.0,170100000.0,-743700000.0,-85900000.0,-632400000.0,-346800000.0,32800000.0,740800000.0,0.0,748500000.0,745000000.0,745000000.0,0.0,0.0,0.035,2922900000.0,1370100000.0,5886300000.0,0.115,1.819,19.744,20.025,6021500000.0,3500000.0,40.85,0.692,0.691,4623500000.0,10919700000.0,21326000000.0,21326000000.0,0.0,,,,,13200000.0,2922900000.0,1.0,1431879000.0,1429800000,1467700000.0,14.915,20300600000.0,342200000.0,490700000.0,3430200000.0,14.198,4134100000.0
54,CVS,MRQ,2007-12-31,2007-12-29,2007-12-29,2021-09-07,-49700000.0,54721900000.0,,14149400000.0,40572500000.0,,21.753,-571000000.0,1056600000.0,1056600000.0,17491800000.0,815000000.0,1.314,0.747,10481900000.0,2132200000.0,8349700000.0,10481900000.0,0.0,276500000.0,0.0,0.006,0.06,1476600000.0,1753100000.0,0.08,1753100000.0,1476600000.0,1338900000.0,0.57,0.56,0.57,31321900000.0,,31321900000.0,67508740000.0,14.0,11.464,786300000.0,0.546,1.0,4451100000.0,0.203,34351900000.0,137700000.0,19029000000.0,,8008200000.0,27500000.0,27500000.0,0.0,23400000000.0,10766300000.0,12633700000.0,59075640000.0,329600000.0,-22800000.0,-2303000000.0,1358800000.0,-102400000.0,-997400000.0,-30300000.0,563500000.0,1357300000.0,0.0,815000000.0,811400000.0,811400000.0,0.0,0.0,0.037,2974500000.0,1476600000.0,6077300000.0,0.105,1.886,22.522,20.305,5852800000.0,3600000.0,40.0,0.774,0.696,4579600000.0,10287000000.0,21942900000.0,21942900000.0,0.0,,,,,18700000.0,2974500000.0,1.0,1476891000.0,1439900000,1483000000.0,15.239,20370000000.0,329400000.0,523900000.0,3426100000.0,14.147,3383100000.0
55,CVS,MRQ,2007-09-30,2007-09-29,2007-09-29,2021-09-07,-70100000.0,54891600000.0,,13735400000.0,41156200000.0,,22.247,-436100000.0,727100000.0,727100000.0,16300000000.0,689500000.0,1.512,0.674,9160200000.0,765200000.0,8395000000.0,9160200000.0,0.0,301700000.0,0.0,0.005,0.06,1271100000.0,1572800000.0,0.077,1572800000.0,1271100000.0,1143600000.0,0.47,0.45,0.47,32785700000.0,,32785700000.0,67272104780.0,17.0,13.225,9400000.0,0.006,1.0,4195200000.0,0.205,34713600000.0,127500000.0,19528300000.0,,7891600000.0,27500000.0,27500000.0,0.0,22105900000.0,9082800000.0,13023100000.0,58688304780.0,-85200000.0,-19900000.0,120900000.0,-235900000.0,-88200000.0,-184500000.0,-346200000.0,109800000.0,445500000.0,0.0,689500000.0,686100000.0,686100000.0,0.0,0.0,0.033,2924100000.0,1271100000.0,5885600000.0,0.128,1.79,26.372,20.858,6075100000.0,3400000.0,39.63,0.883,0.879,4512900000.0,9573800000.0,20495200000.0,20495200000.0,0.0,,,,,12300000.0,2924100000.0,1.0,1480906000.0,1473700000,1521200000.0,13.907,20178000000.0,430000000.0,454100000.0,3740200000.0,13.692,4652600000.0
56,CVS,MRQ,2007-06-30,2007-06-30,2007-06-30,2021-09-07,-70900000.0,54606100000.0,,13530400000.0,41075700000.0,,21.459,-393200000.0,812300000.0,812300000.0,16544800000.0,723600000.0,1.422,0.705,9396100000.0,1000500000.0,8395600000.0,9396100000.0,0.0,308000000.0,0.0,0.005,0.06,1309800000.0,1617800000.0,0.078,1617800000.0,1309800000.0,1203900000.0,0.48,0.47,0.48,32024900000.0,,32024900000.0,63112638500.0,19.0,14.871,326300000.0,0.219,1.0,4158500000.0,0.201,34849900000.0,105900000.0,18824400000.0,,7749000000.0,123500000.0,123500000.0,0.0,22581200000.0,9515600000.0,13065600000.0,57012538500.0,101600000.0,33700000.0,-2691800000.0,2585300000.0,-92100000.0,-176200000.0,-441700000.0,-82200000.0,719500000.0,0.0,723600000.0,720100000.0,720100000.0,0.0,0.0,0.035,2848700000.0,1309800000.0,6002800000.0,0.125,1.78,31.326,20.593,5870700000.0,3500000.0,36.45,0.997,0.952,4283700000.0,8972500000.0,20703300000.0,20703300000.0,0.0,,,,,24700000.0,2848700000.0,1.0,1564130000.0,1492400000,1542500000.0,13.872,19756200000.0,415200000.0,480300000.0,3772400000.0,13.238,4014800000.0
57,CVS,MRQ,2007-03-31,2007-03-31,2007-03-31,2021-09-07,-71800000.0,51035800000.0,,13232100000.0,37803700000.0,,37.558,-298700000.0,710700000.0,710700000.0,9885400000.0,408900000.0,1.049,0.5,6810800000.0,3915400000.0,2895400000.0,6810800000.0,0.0,208800000.0,0.0,0.005,0.049,736500000.0,945300000.0,0.072,945300000.0,736500000.0,672600000.0,0.45,0.43,0.45,34031400000.0,,34031400000.0,32789089320.0,13.0,9.632,409000000.0,0.451,1.0,3303200000.0,0.25,31838000000.0,63900000.0,12686600000.0,,7427100000.0,27500000.0,27500000.0,0.0,17004400000.0,12611300000.0,4393100000.0,28262389320.0,180000000.0,-1975000000.0,56900000.0,1711800000.0,-40300000.0,1736100000.0,-2263800000.0,9900000.0,707700000.0,0.0,408900000.0,405400000.0,405400000.0,0.0,0.0,0.031,2566700000.0,736500000.0,5940000000.0,0.109,0.83,19.705,20.082,5675200000.0,3500000.0,34.14,0.601,0.658,4485400000.0,8341000000.0,13188600000.0,13188600000.0,0.0,,,,,22300000.0,2566700000.0,1.0,827838000.0,906100000,939800000.0,14.555,19197800000.0,427700000.0,263700000.0,594200000.0,21.187,620800000.0
58,CVS,MRQ,2006-12-31,2006-12-30,2006-12-30,2021-09-07,-72600000.0,20574100000.0,,10395800000.0,10178300000.0,,12.029,-642500000.0,530700000.0,530700000.0,8751200000.0,417200000.0,1.484,1.075,5057400000.0,2187000000.0,2870400000.0,5057400000.0,0.0,201400000.0,0.0,0.005,0.039,749300000.0,950700000.0,0.079,950700000.0,749300000.0,668200000.0,0.5,0.49,0.5,9917600000.0,,9917600000.0,31548386880.0,13.0,9.937,106700000.0,0.129,1.0,3317100000.0,0.275,4513400000.0,81100000.0,13582400000.0,,7108900000.0,0.0,0.0,0.0,10656500000.0,7005000000.0,3651500000.0,25456486880.0,136100000.0,-23200000.0,31900000.0,-1320100000.0,-45800000.0,-1322900000.0,709800000.0,1375500000.0,749200000.0,0.0,417200000.0,413800000.0,413800000.0,0.0,0.0,0.034,2567800000.0,749300000.0,2867800000.0,0.078,2.567,18.787,18.733,5333600000.0,3400000.0,30.91,0.581,0.579,2381700000.0,7966600000.0,12068300000.0,12068300000.0,0.0,,,,,19300000.0,2567800000.0,1.0,823568000.0,824500000,856200000.0,14.637,16060700000.0,365100000.0,251000000.0,0.0,19.479,3390800000.0
59,CVS,MRQ,2006-09-30,2006-09-30,2006-09-30,2021-09-07,-91400000.0,21127400000.0,,9943100000.0,11184300000.0,,11.473,-448800000.0,394600000.0,394600000.0,8173200000.0,284200000.0,1.306,1.239,6486500000.0,3206600000.0,3279900000.0,6486500000.0,0.0,193400000.0,0.0,0.005,0.039,536800000.0,730200000.0,0.065,730200000.0,536800000.0,461600000.0,0.34,0.33,0.34,9434400000.0,,9434400000.0,32141242520.0,14.0,10.774,-179200000.0,-0.218,1.0,3035600000.0,0.271,4612100000.0,75200000.0,14991000000.0,,7014500000.0,0.0,0.0,0.0,11693000000.0,7616200000.0,4076800000.0,26384042520.0,-137700000.0,-204600000.0,72500000.0,197000000.0,-31800000.0,251300000.0,-658600000.0,-5200000.0,269600000.0,0.0,284200000.0,280700000.0,280700000.0,0.0,0.0,0.025,2498800000.0,536800000.0,2816700000.0,0.115,2.797,19.631,19.585,6192600000.0,3500000.0,32.12,0.636,0.637,2197400000.0,7595200000.0,11208800000.0,11208800000.0,0.0,,,,,18800000.0,2498800000.0,1.0,821421000.0,822300000,855400000.0,13.631,16515300000.0,375600000.0,177400000.0,0.0,20.084,2326900000.0
60,CVS,MRQ,2006-06-30,2006-07-01,2006-07-01,2021-09-07,-84600000.0,20301400000.0,,9549700000.0,10751700000.0,,11.09,-368800000.0,532300000.0,532300000.0,7769700000.0,337900000.0,1.106,1.235,6289500000.0,4509300000.0,1780200000.0,6289500000.0,0.0,183100000.0,0.0,0.005,0.039,595000000.0,778100000.0,0.074,778100000.0,595000000.0,556600000.0,0.41,0.4,0.41,9082000000.0,,9082000000.0,26883225600.0,12.0,9.467,183100000.0,0.224,1.0,2794700000.0,0.265,4541400000.0,38400000.0,12885100000.0,,6638800000.0,0.0,0.0,0.0,11219400000.0,8632100000.0,2587300000.0,25125125600.0,145200000.0,-3981300000.0,21800000.0,3945900000.0,-31700000.0,3943400000.0,-4350100000.0,0.0,551900000.0,0.0,337900000.0,334400000.0,334400000.0,0.0,0.0,0.032,2199700000.0,595000000.0,2707100000.0,0.095,2.766,19.143,19.068,5839500000.0,3500000.0,30.7,0.64,0.641,2031500000.0,7342800000.0,10564400000.0,10564400000.0,0.0,,,,,16300000.0,2199700000.0,1.0,818408000.0,818900000,850600000.0,12.901,15760000000.0,384900000.0,218700000.0,0.0,19.245,917600000.0
61,CVS,MRQ,2006-03-31,2006-04-01,2006-04-01,2021-09-07,-89600000.0,15448200000.0,,8431300000.0,7016900000.0,,10.676,-279200000.0,387100000.0,387100000.0,7330200000.0,329600000.0,1.927,0.772,2145200000.0,553000000.0,1592200000.0,2145200000.0,0.0,155400000.0,0.0,0.005,0.039,560500000.0,715900000.0,0.072,715900000.0,560500000.0,539400000.0,0.4,0.39,0.4,8719800000.0,,8719800000.0,26091796440.0,13.0,9.711,-107500000.0,-0.132,1.0,2649000000.0,0.265,2566100000.0,21100000.0,10265300000.0,,5704800000.0,0.0,0.0,0.0,6728400000.0,4374900000.0,2353500000.0,24416096440.0,-126300000.0,-15100000.0,61400000.0,-44000000.0,-31600000.0,-3700000.0,-294300000.0,0.0,171700000.0,0.0,329600000.0,326100000.0,326100000.0,0.0,0.0,0.033,2088500000.0,560500000.0,2437600000.0,0.098,2.8,19.525,19.396,4096400000.0,3500000.0,29.87,0.646,0.645,2015000000.0,7036600000.0,9979200000.0,9979200000.0,0.0,,,,,15500000.0,2088500000.0,1.0,817412000.0,816800000,848500000.0,12.217,12882100000.0,358800000.0,209800000.0,0.0,15.771,4056400000.0
62,CVS,MRQ,2005-12-31,2005-12-31,2005-12-31,2021-09-07,-90300000.0,15283400000.0,,8392700000.0,6890700000.0,,10.23,-352100000.0,513400000.0,513400000.0,7237100000.0,406400000.0,1.831,0.834,2189100000.0,595000000.0,1594100000.0,2189100000.0,0.0,155900000.0,0.0,0.005,0.036,603100000.0,759000000.0,0.078,759000000.0,603100000.0,576200000.0,0.49,0.48,0.49,8331200000.0,,8331200000.0,23933558320.0,12.0,9.175,408500000.0,0.502,1.0,2495400000.0,0.256,2592100000.0,26900000.0,9783100000.0,,5719800000.0,0.0,0.0,0.0,6952200000.0,4583900000.0,2368300000.0,21511058320.0,145200000.0,-23700000.0,6000000.0,-574700000.0,-43700000.0,-612400000.0,-3000000.0,372800000.0,760600000.0,0.0,406400000.0,402800000.0,402800000.0,0.0,0.0,0.041,1892300000.0,603100000.0,2467500000.0,0.073,2.582,17.769,17.732,3952600000.0,3600000.0,26.42,0.581,0.579,1839600000.0,6738600000.0,9732500000.0,9732500000.0,0.0,,,,,0.0,1892300000.0,1.0,814196000.0,814400000,842200000.0,11.951,12691300000.0,363600000.0,169800000.0,0.0,15.584,3808800000.0
63,CVS,MRQ,2005-09-30,2005-10-01,2005-10-01,2021-09-07,-53400000.0,15225900000.0,,8159900000.0,7066000000.0,,9.779,-388500000.0,368200000.0,368200000.0,6569400000.0,252700000.0,1.659,0.914,2790700000.0,1162800000.0,1627900000.0,2790700000.0,0.0,147700000.0,0.0,0.005,0.036,438900000.0,586600000.0,0.065,586600000.0,438900000.0,411600000.0,0.31,0.3,0.31,7955600000.0,,7955600000.0,26011103060.0,15.0,10.91,-138100000.0,-0.17,1.0,2401000000.0,0.268,2603900000.0,27300000.0,10125000000.0,,5696700000.0,0.0,0.0,0.0,7270300000.0,4919500000.0,2350800000.0,23582403060.0,-45900000.0,-27900000.0,41800000.0,-52100000.0,-29400000.0,-39700000.0,-256600000.0,159800000.0,250400000.0,0.0,252700000.0,249200000.0,249200000.0,0.0,0.0,0.028,1962100000.0,438900000.0,2324900000.0,0.116,2.964,22.256,22.145,4108500000.0,3500000.0,29.01,0.651,0.652,1783200000.0,6375900000.0,8970400000.0,8970400000.0,0.0,,,,,0.0,1962100000.0,1.0,812906000.0,813500000,845000000.0,11.027,12622000000.0,348900000.0,158900000.0,0.0,15.516,3240400000.0
64,CVS,MRQ,2005-06-30,2005-07-02,2005-07-02,2021-09-07,-54100000.0,14765800000.0,,7794300000.0,6971500000.0,,9.474,-414600000.0,414100000.0,414100000.0,6704200000.0,275900000.0,1.661,0.922,2842800000.0,1213100000.0,1629700000.0,2842800000.0,0.0,147600000.0,0.0,0.005,0.036,477700000.0,625300000.0,0.069,625300000.0,477700000.0,449400000.0,0.34,0.33,0.34,7682500000.0,,7682500000.0,26180026800.0,16.0,11.728,143700000.0,0.177,1.0,2417400000.0,0.265,2650800000.0,28300000.0,9851800000.0,,5360400000.0,0.0,0.0,0.0,7083300000.0,4691900000.0,2391400000.0,23532126800.0,90300000.0,73700000.0,26400000.0,-128900000.0,-29400000.0,-131900000.0,-336100000.0,4800000.0,558300000.0,0.0,275900000.0,272400000.0,272400000.0,0.0,0.0,0.03,1939700000.0,477700000.0,2054800000.0,0.106,3.063,23.736,23.618,3972200000.0,3500000.0,29.05,0.67,0.67,1703800000.0,6152600000.0,9121600000.0,9121600000.0,0.0,,,,,0.0,1939700000.0,1.0,810056000.0,810900000,841900000.0,11.249,12115000000.0,355200000.0,173500000.0,0.0,14.94,3102400000.0
65,CVS,MRQ,2005-03-31,2005-04-02,2005-04-02,2021-09-07,-54800000.0,14818000000.0,,8017700000.0,6800300000.0,,9.173,-308400000.0,323800000.0,323800000.0,6801400000.0,289700000.0,1.605,1.002,2971700000.0,1338600000.0,1633100000.0,2971700000.0,0.0,137900000.0,0.0,0.005,0.036,499800000.0,637700000.0,0.069,637700000.0,499800000.0,471800000.0,0.35,0.34,0.35,7400800000.0,,7400800000.0,23307676160.0,15.0,11.151,-265600000.0,-0.329,1.0,2380800000.0,0.259,2762100000.0,28000000.0,9709800000.0,,5550600000.0,0.0,0.0,0.0,7417200000.0,4994000000.0,2423200000.0,20857876160.0,-68500000.0,-10000000.0,104200000.0,129500000.0,-29100000.0,204600000.0,-315900000.0,2500000.0,42800000.0,0.0,289700000.0,286200000.0,286200000.0,0.0,0.0,0.031,1881000000.0,499800000.0,2130700000.0,0.103,2.818,21.96,21.847,3689200000.0,3500000.0,25.78,0.633,0.631,1795200000.0,5906100000.0,9182200000.0,9182200000.0,0.0,,,,,0.0,1881000000.0,1.0,809072000.0,806800000,837200000.0,11.381,12055900000.0,383700000.0,182100000.0,0.0,14.943,3023700000.0
66,CVS,MRQ,2004-12-31,2005-01-01,2005-01-01,2021-09-07,-55500000.0,14546800000.0,,7919500000.0,6627300000.0,,8.722,-536000000.0,392300000.0,392300000.0,6561000000.0,255100000.0,1.63,1.082,2842100000.0,916200000.0,1925900000.0,2842100000.0,0.0,188700000.0,0.0,0.006,0.033,345900000.0,534600000.0,0.06,534600000.0,345900000.0,317200000.0,0.31,0.3,0.31,6987200000.0,,6987200000.0,20608629550.0,14.0,10.56,-340400000.0,-0.425,1.0,2362200000.0,0.265,2766400000.0,28700000.0,9371400000.0,,5453900000.0,0.0,0.0,0.0,7559600000.0,4858800000.0,2700800000.0,18030929550.0,37900000.0,13300000.0,28800000.0,-67600000.0,-40800000.0,-79600000.0,-78100000.0,444600000.0,195600000.0,0.0,255100000.0,251800000.0,251800000.0,0.0,0.0,0.028,2016300000.0,345900000.0,2275900000.0,0.106,2.581,19.932,19.942,3505900000.0,3300000.0,22.535,0.589,0.587,1764200000.0,5645500000.0,8923200000.0,8923200000.0,0.0,,,,,0.0,2016300000.0,1.0,800130000.0,801100000,835600000.0,11.139,11780400000.0,380700000.0,62100000.0,0.0,14.705,3060700000.0
67,CVS,MRQ,2004-09-30,2004-10-02,2004-10-02,2021-09-07,-57400000.0,14345500000.0,,7697700000.0,6647800000.0,,8.401,-341500000.0,354400000.0,354400000.0,5838600000.0,184600000.0,1.587,1.137,2932100000.0,979800000.0,1952300000.0,2932100000.0,0.0,118600000.0,0.0,0.006,0.033,316000000.0,434600000.0,0.055,434600000.0,316000000.0,300200000.0,0.23,0.22,0.23,6714100000.0,,6714100000.0,17430944000.0,11.0,8.969,-182100000.0,-0.228,1.0,2070800000.0,0.262,2744600000.0,15800000.0,9327600000.0,,5412400000.0,0.0,0.0,0.0,7631400000.0,4851000000.0,2780400000.0,17278044000.0,-268500000.0,-2266200000.0,35600000.0,2156200000.0,-26500000.0,2165300000.0,-2593200000.0,14500000.0,159400000.0,0.0,184600000.0,181000000.0,181000000.0,0.0,0.0,0.023,1754800000.0,316000000.0,2309900000.0,0.143,2.573,18.933,18.647,3503000000.0,3600000.0,21.63,0.593,0.594,1578900000.0,5431200000.0,7909400000.0,7909400000.0,0.0,,,,,0.0,1754800000.0,1.0,798800000.0,799200000,833000000.0,9.897,11600900000.0,422800000.0,115600000.0,0.0,14.516,2846700000.0
68,CVS,MRQ,2004-06-30,2004-07-03,2004-07-03,2021-09-07,-47400000.0,10513500000.0,,6177000000.0,4336500000.0,,8.202,-264800000.0,622900000.0,622900000.0,5116600000.0,234500000.0,2.087,0.61,775800000.0,23300000.0,752500000.0,775800000.0,0.0,96100000.0,0.0,0.006,0.033,387200000.0,483300000.0,0.07,483300000.0,387200000.0,381200000.0,0.29,0.28,0.29,6528800000.0,,6528800000.0,16676101320.0,11.0,8.725,-27900000.0,-0.035,1.0,1826500000.0,0.263,1284400000.0,6000000.0,6422200000.0,,4003300000.0,0.0,0.0,0.0,3984700000.0,2959800000.0,1024900000.0,16551601320.0,-28600000.0,-18900000.0,41700000.0,-200000.0,-26300000.0,15200000.0,-280700000.0,3000000.0,236900000.0,0.0,234500000.0,230800000.0,230800000.0,0.0,0.0,0.033,1439300000.0,387200000.0,1656400000.0,0.114,2.535,18.075,17.88,2838600000.0,3700000.0,20.83,0.6,0.601,1216300000.0,5273000000.0,6943100000.0,6943100000.0,0.0,,,,,0.0,1439300000.0,1.0,794604000.0,796000000,830000000.0,8.722,9229100000.0,275600000.0,146700000.0,41600000.0,11.594,3217200000.0
69,CVS,MRQ,2004-03-31,2004-04-03,2004-04-03,2021-09-07,-36900000.0,10364800000.0,,6206200000.0,4158600000.0,,7.924,-191100000.0,651500000.0,651500000.0,5046900000.0,244600000.0,2.031,0.65,776000000.0,23200000.0,752800000.0,776000000.0,0.0,93400000.0,0.0,0.007,0.033,405600000.0,499000000.0,0.073,499000000.0,405600000.0,397800000.0,0.305,0.295,0.305,6280700000.0,,6280700000.0,14019822440.0,9.0,7.577,131200000.0,0.166,1.0,1771700000.0,0.26,1289900000.0,7800000.0,6143800000.0,,3923400000.0,0.0,0.0,0.0,4084100000.0,3055600000.0,1028500000.0,13786722440.0,-191700000.0,-21900000.0,23700000.0,-300200000.0,-26200000.0,-302700000.0,-211300000.0,1700000.0,322300000.0,0.0,244600000.0,241000000.0,241000000.0,0.0,0.0,0.035,1366100000.0,405600000.0,1635100000.0,0.108,2.195,15.649,15.458,2659600000.0,3600000.0,17.39,0.509,0.509,1287900000.0,5064800000.0,6818600000.0,6818600000.0,0.0,,,,,0.0,1366100000.0,1.0,792796000.0,792600000,824400000.0,8.603,9074900000.0,278200000.0,153200000.0,41600000.0,11.45,3150600000.0
70,CVS,MRQ,2003-12-31,2004-01-03,2004-01-03,2021-09-07,-36900000.0,10543100000.0,,6496500000.0,4046600000.0,,7.617,-355900000.0,843200000.0,843200000.0,5487100000.0,263400000.0,1.862,0.751,1076300000.0,323200000.0,753100000.0,1076300000.0,0.0,87900000.0,0.0,0.006,0.029,438600000.0,526500000.0,0.071,526500000.0,438600000.0,427600000.0,0.335,0.32,0.335,6021800000.0,,6021800000.0,14507332260.0,10.0,8.218,-143700000.0,-0.182,1.0,1965100000.0,0.264,1292700000.0,11000000.0,5994300000.0,,4016500000.0,0.0,0.0,0.0,4521300000.0,3489200000.0,1032100000.0,14126932260.0,115900000.0,87700000.0,9900000.0,-300000.0,-37200000.0,-27600000.0,-68700000.0,199500000.0,212200000.0,0.0,263400000.0,259800000.0,259800000.0,0.0,0.0,0.035,1526500000.0,438600000.0,1666400000.0,0.087,2.346,16.965,16.873,2542100000.0,3600000.0,17.885,0.531,0.531,1349600000.0,4846500000.0,7452200000.0,7452200000.0,0.0,,,,,0.0,1526500000.0,1.0,789876000.0,790600000,819600000.0,9.426,9250400000.0,252100000.0,164200000.0,41600000.0,11.7,3007300000.0
71,CVS,MRQ,2003-09-30,2003-09-27,2003-09-27,2021-09-07,-44600000.0,10149300000.0,,6062900000.0,4086400000.0,,7.274,-349500000.0,727300000.0,727300000.0,4719500000.0,187800000.0,1.795,0.767,1107700000.0,332100000.0,775600000.0,1107700000.0,0.0,85800000.0,0.0,0.007,0.029,316700000.0,402500000.0,0.063,402500000.0,316700000.0,304900000.0,0.235,0.23,0.235,5743600000.0,,5743600000.0,12848320160.0,10.0,7.772,62200000.0,0.079,1.0,1658600000.0,0.26,1268600000.0,11800000.0,5883000000.0,,4024000000.0,0.0,0.0,0.0,4405700000.0,3378100000.0,1027600000.0,12307120160.0,160500000.0,-19700000.0,13800000.0,-200000.0,-22700000.0,-9100000.0,-242100000.0,127100000.0,411700000.0,0.0,187800000.0,184100000.0,184100000.0,0.0,0.0,0.029,1341900000.0,316700000.0,1699600000.0,0.123,2.143,15.998,15.908,2597700000.0,3700000.0,15.59,0.483,0.483,1080200000.0,4620300000.0,6378100000.0,6378100000.0,0.0,,,,,0.0,1341900000.0,1.0,789424000.0,789600000,816600000.0,8.078,8880700000.0,207300000.0,117100000.0,0.0,11.247,2684800000.0
72,CVS,MRQ,2003-06-30,2003-06-28,2003-06-28,2021-09-07,-44600000.0,9620700000.0,,5696100000.0,3924600000.0,,7.061,-234400000.0,566800000.0,566800000.0,4811100000.0,199800000.0,1.885,0.729,1108000000.0,332100000.0,775900000.0,1108000000.0,0.0,85400000.0,0.0,0.008,0.029,337000000.0,422400000.0,0.066,422400000.0,337000000.0,324300000.0,0.25,0.245,0.25,5564000000.0,,5564000000.0,11413411200.0,9.0,7.115,-73000000.0,-0.093,1.0,1633800000.0,0.254,1254000000.0,12700000.0,5885300000.0,,3800700000.0,0.0,0.0,0.0,4056700000.0,3022600000.0,1034100000.0,10953311200.0,-81300000.0,-15900000.0,2400000.0,-200000.0,-22700000.0,-20500000.0,-222200000.0,28100000.0,161400000.0,0.0,199800000.0,196100000.0,196100000.0,0.0,0.0,0.03,1296800000.0,337000000.0,1463600000.0,0.116,1.969,14.685,14.632,2448100000.0,3700000.0,13.9,0.439,0.438,1088600000.0,4455200000.0,6444900000.0,6444900000.0,0.0,,,,,0.0,1296800000.0,1.0,788008000.0,788000000,813200000.0,8.179,8366700000.0,215400000.0,124500000.0,0.0,10.618,2673500000.0
73,CVS,MRQ,2003-03-31,2003-03-29,2003-03-29,2021-09-07,-44600000.0,9665600000.0,,5877100000.0,3788500000.0,,6.836,-168500000.0,648100000.0,648100000.0,4707300000.0,196300000.0,1.809,0.797,1108200000.0,332100000.0,776100000.0,1108200000.0,0.0,82600000.0,0.0,0.009,0.029,331300000.0,413900000.0,0.066,413900000.0,331300000.0,318700000.0,0.245,0.24,0.245,5378800000.0,,5378800000.0,10212518300.0,8.0,6.551,15100000.0,0.019,1.0,1605500000.0,0.254,1256400000.0,12600000.0,5619600000.0,,3872300000.0,0.0,0.0,0.0,4286800000.0,3249700000.0,1037100000.0,9799818300.0,-52300000.0,-52100000.0,12200000.0,-4900000.0,-22600000.0,-15300000.0,-220600000.0,0.0,183600000.0,0.0,196300000.0,192700000.0,192700000.0,0.0,0.0,0.031,1274200000.0,331300000.0,1618800000.0,0.118,1.822,13.564,13.533,2316100000.0,3600000.0,12.45,0.4,0.399,1106300000.0,4278100000.0,6312800000.0,6312800000.0,0.0,,,,,0.0,1274200000.0,1.0,787134000.0,786800000,811400000.0,8.023,8409200000.0,219600000.0,122400000.0,0.0,10.688,2627400000.0
74,CVS,MRQ,2002-12-31,2002-12-28,2002-12-28,2021-09-07,-44600000.0,9645300000.0,,5982100000.0,3663200000.0,,6.614,-304000000.0,700400000.0,700400000.0,4732100000.0,200100000.0,1.926,0.856,1113100000.0,36800000.0,1076300000.0,1113100000.0,0.0,79400000.0,0.0,0.01,0.029,334900000.0,414300000.0,0.065,414300000.0,334900000.0,322800000.0,0.25,0.245,0.25,5197000000.0,,5197000000.0,10201554590.0,8.0,6.727,177900000.0,0.226,1.0,1612700000.0,0.254,1230300000.0,12100000.0,5721800000.0,,4013900000.0,0.0,0.0,0.0,4448300000.0,3105900000.0,1342400000.0,9426654590.0,483100000.0,68500000.0,1100000.0,146400000.0,-37300000.0,110200000.0,-109000000.0,126500000.0,481900000.0,0.0,200100000.0,196400000.0,196400000.0,0.0,0.0,0.031,1277800000.0,334900000.0,1707900000.0,0.116,1.814,13.432,13.402,2215800000.0,3700000.0,11.995,0.39,0.389,1019300000.0,4104400000.0,6344800000.0,6344800000.0,0.0,,,,,0.0,1277800000.0,1.0,785882000.0,785800000,810000000.0,8.074,8415000000.0,223000000.0,122700000.0,0.0,10.709,2876200000.0
75,CVS,MRQ,2002-09-30,2002-09-28,2002-09-28,2021-09-07,0.0,9053800000.0,,5431700000.0,3622100000.0,,6.431,-210200000.0,217300000.0,217300000.0,4395100000.0,164400000.0,1.801,0.793,992200000.0,184500000.0,807700000.0,992200000.0,0.0,77100000.0,0.0,0.008,0.029,276500000.0,353600000.0,0.06,353600000.0,276500000.0,265100000.0,0.205,0.2,0.205,5050900000.0,,5050900000.0,11742477050.0,17.0,11.62,164400000.0,0.209,1.0,1481300000.0,0.252,1220000000.0,11400000.0,5593300000.0,,3983000000.0,0.0,0.0,0.0,4002900000.0,3015400000.0,987500000.0,10753177050.0,-116000000.0,-36000000.0,15200000.0,-330300000.0,-22600000.0,-337700000.0,-152900000.0,93300000.0,374600000.0,0.0,164400000.0,160700000.0,160700000.0,0.0,0.0,0.027,1204800000.0,276500000.0,1560800000.0,0.141,2.129,28.945,28.832,2201100000.0,3700000.0,13.695,0.452,0.452,986300000.0,3941500000.0,5876400000.0,5876400000.0,0.0,,,,,0.0,1204800000.0,1.0,785190000.0,785400000,810800000.0,7.482,7833800000.0,200000000.0,100700000.0,35300000.0,9.974,2416300000.0
76,CVS,MRQ,2002-06-30,2002-06-29,2002-06-29,2021-09-07,0.0,8995500000.0,,5461500000.0,3534000000.0,,6.241,-201600000.0,333300000.0,333300000.0,4508400000.0,176400000.0,1.754,0.839,1322600000.0,514700000.0,807900000.0,1322600000.0,0.0,78800000.0,0.0,0.008,0.029,298300000.0,377100000.0,0.063,377100000.0,298300000.0,284500000.0,0.22,0.215,0.22,4892700000.0,,4892700000.0,13041049800.0,20.0,13.616,97000000.0,0.124,1.0,1481100000.0,0.247,1197600000.0,13800000.0,5674300000.0,,3876000000.0,0.0,0.0,0.0,4102800000.0,3112900000.0,989900000.0,11993149800.0,-120200000.0,-18500000.0,2700000.0,-178900000.0,-22500000.0,-198700000.0,-220100000.0,0.0,298600000.0,0.0,176400000.0,172700000.0,172700000.0,0.0,0.0,0.029,1182800000.0,298300000.0,1335200000.0,0.132,2.451,36.255,36.0,2152200000.0,3700000.0,15.3,0.514,0.514,1004100000.0,3799700000.0,5989500000.0,5989500000.0,0.0,,,,,0.0,1182800000.0,1.0,783866000.0,784000000,812200000.0,7.64,7797900000.0,204500000.0,108100000.0,35300000.0,9.946,2348600000.0
77,CVS,MRQ,2002-03-31,2002-03-30,2002-03-30,2021-09-07,0.0,9211600000.0,,5819600000.0,3392000000.0,,6.047,-375300000.0,453500000.0,453500000.0,4477000000.0,175700000.0,1.672,0.945,1501400000.0,691200000.0,810200000.0,1501400000.0,0.0,75000000.0,0.0,0.007,0.029,296500000.0,371500000.0,0.062,371500000.0,296500000.0,283400000.0,0.22,0.215,0.22,4735700000.0,,4735700000.0,14282882989.0,21.0,14.242,-325600000.0,-0.416,1.0,1493700000.0,0.25,1185000000.0,13100000.0,5594000000.0,,4098400000.0,0.0,0.0,0.0,4475900000.0,3480500000.0,995400000.0,13446582989.0,217200000.0,-14000000.0,15000000.0,428800000.0,-22500000.0,421300000.0,-253800000.0,135500000.0,49700000.0,0.0,175700000.0,172000000.0,172000000.0,0.0,0.0,0.029,1197200000.0,296500000.0,1515200000.0,0.132,2.839,38.157,38.144,2025100000.0,3700000.0,17.165,0.589,0.589,1008900000.0,3645900000.0,5970700000.0,5970700000.0,0.0,,,,,0.0,1197200000.0,1.0,783372152.0,783200000,809400000.0,7.623,8026600000.0,210600000.0,107700000.0,35300000.0,10.248,2339100000.0
78,CVS,MRQ,2001-12-31,2001-12-29,2001-12-29,2021-09-07,0.0,8636300000.0,,5409900000.0,3226400000.0,,5.84,-239600000.0,236300000.0,236300000.0,4543200000.0,-130300000.0,1.765,0.891,1072600000.0,262200000.0,810400000.0,1072600000.0,0.0,81300000.0,0.0,0.008,0.029,-173000000.0,-91700000.0,-0.015,-91700000.0,-173000000.0,-187100000.0,-0.17,-0.16,-0.17,4566900000.0,,4566900000.0,12778122370.0,17.0,11.708,39400000.0,0.05,1.0,1407300000.0,0.237,1193200000.0,14100000.0,5214300000.0,,3918600000.0,0.0,0.0,0.0,4069400000.0,3065100000.0,1004300000.0,11723522370.0,-170300000.0,123200000.0,2200000.0,-367900000.0,-37400000.0,-403100000.0,-46200000.0,70200000.0,279000000.0,0.0,-130300000.0,-133900000.0,-133900000.0,0.0,0.0,-0.023,1580300000.0,-173000000.0,1535800000.0,-0.171,2.567,29.419,29.412,1847300000.0,3600000.0,15.0,0.527,0.529,966200000.0,3492700000.0,5950500000.0,5950500000.0,0.0,,,,,0.0,1580300000.0,1.0,781568158.0,782000000,808200000.0,7.609,7443100000.0,250700000.0,-56800000.0,0.0,9.518,2344800000.0
79,CVS,MRQ,2001-09-30,2001-09-29,2001-09-29,2021-09-07,0.0,8945500000.0,,5664500000.0,3281000000.0,,6.019,-196900000.0,406600000.0,406600000.0,4039000000.0,123700000.0,1.743,0.898,1461200000.0,625000000.0,836200000.0,1461200000.0,0.0,80700000.0,0.0,0.007,0.029,220200000.0,300900000.0,0.056,300900000.0,220200000.0,204100000.0,0.155,0.15,0.155,4713000000.0,,4713000000.0,14063141640.0,11.0,8.635,77700000.0,0.099,1.0,1371800000.0,0.254,850700000.0,16100000.0,5899100000.0,,4068100000.0,0.0,0.0,0.0,4232500000.0,3250300000.0,982200000.0,12999441640.0,132800000.0,-24200000.0,-115800000.0,123700000.0,-22600000.0,-14700000.0,-127100000.0,94000000.0,274600000.0,0.0,123700000.0,120000000.0,120000000.0,0.0,0.0,0.022,1151600000.0,220200000.0,1550700000.0,0.187,2.758,17.602,17.566,1952500000.0,3700000.0,16.6,0.597,0.597,956500000.0,3660400000.0,5410800000.0,5410800000.0,0.0,,,,,0.0,1151600000.0,1.0,783098894.0,783000000,812000000.0,6.91,8094800000.0,132500000.0,80400000.0,28000000.0,10.338,2414200000.0
80,CVS,MRQ,2001-06-30,2001-06-30,2001-06-30,2021-09-07,0.0,8571700000.0,,5355700000.0,3216000000.0,,6.006,-144800000.0,273800000.0,273800000.0,4035800000.0,198000000.0,1.871,0.813,1337500000.0,501100000.0,836400000.0,1337500000.0,0.0,80200000.0,0.0,0.006,0.029,342000000.0,422200000.0,0.077,422200000.0,342000000.0,326900000.0,0.245,0.24,0.245,4727000000.0,,4727000000.0,16289678301.0,12.0,9.653,75500000.0,0.096,1.0,1458400000.0,0.265,858300000.0,15100000.0,5914000000.0,,3920000000.0,0.0,0.0,0.0,3844700000.0,2863100000.0,981600000.0,15181678301.0,-26000000.0,-17500000.0,9000000.0,-70400000.0,-22600000.0,-84000000.0,-162300000.0,0.0,220300000.0,0.0,198000000.0,194300000.0,194300000.0,0.0,0.0,0.035,1116400000.0,342000000.0,1423700000.0,0.118,3.212,19.63,19.495,1886500000.0,3700000.0,19.3,0.713,0.714,934100000.0,3559200000.0,5494200000.0,5494200000.0,0.0,,,,,0.0,1116400000.0,1.0,786615456.0,787000000,822200000.0,6.981,7713400000.0,129400000.0,128900000.0,28000000.0,9.801,2492600000.0
81,CVS,MRQ,2001-03-31,2001-03-31,2001-03-31,2021-09-07,0.0,8374800000.0,,5244200000.0,3130600000.0,,5.777,-119700000.0,299800000.0,299800000.0,3932500000.0,221700000.0,1.837,0.845,1407800000.0,571200000.0,836600000.0,1407800000.0,0.0,78600000.0,0.0,0.004,0.029,381400000.0,460000000.0,0.085,460000000.0,381400000.0,365700000.0,0.28,0.27,0.28,4538200000.0,,4538200000.0,23792913431.0,17.0,14.225,-213000000.0,-0.271,1.0,1453400000.0,0.27,860100000.0,15700000.0,5768500000.0,,3821400000.0,0.0,0.0,0.0,3836600000.0,2854200000.0,982400000.0,22982213431.0,-37500000.0,-81500000.0,22900000.0,256700000.0,-22600000.0,257000000.0,-201200000.0,0.0,-93300000.0,0.0,221700000.0,218000000.0,218000000.0,0.0,0.0,0.04,1072000000.0,381400000.0,1230800000.0,0.104,5.064,30.164,29.842,1802300000.0,3700000.0,29.245,1.108,1.108,893700000.0,3383900000.0,5385900000.0,5385900000.0,0.0,,,,,0.0,1072000000.0,1.0,785851032.0,785600000,822600000.0,6.856,7514700000.0,126900000.0,144000000.0,28000000.0,9.566,2390000000.0
82,CVS,MRQ,2000-12-31,2000-12-30,2000-12-30,2021-09-07,0.0,7949500000.0,,4936600000.0,3012900000.0,,5.496,-189100000.0,337300000.0,337300000.0,4060300000.0,209500000.0,1.665,0.847,1148000000.0,611200000.0,536800000.0,1148000000.0,0.0,76400000.0,0.0,0.004,0.029,369200000.0,445600000.0,0.081,445600000.0,369200000.0,349100000.0,0.265,0.255,0.265,4304600000.0,,4304600000.0,24746182031.0,19.0,15.282,288900000.0,0.369,1.0,1428500000.0,0.26,818500000.0,20100000.0,4977600000.0,,3557600000.0,0.0,0.0,0.0,3644900000.0,2964100000.0,680800000.0,23483682031.0,122400000.0,244900000.0,43700000.0,-312900000.0,-37300000.0,-306500000.0,-49100000.0,-104900000.0,478000000.0,0.0,209500000.0,206200000.0,206200000.0,0.0,0.0,0.038,1059300000.0,369200000.0,1351500000.0,0.109,5.455,32.108,32.053,1742100000.0,3300000.0,29.97,1.169,1.167,824500000.0,3184700000.0,5488800000.0,5488800000.0,0.0,,,,,0.0,1059300000.0,1.0,783572974.0,783200000,820200000.0,7.008,7131000000.0,124900000.0,139600000.0,28000000.0,9.105,1972500000.0
83,CVS,MRQ,2000-09-30,2000-09-30,2000-09-30,2021-09-07,0.0,8121600000.0,,5072200000.0,3049400000.0,,5.217,-187300000.0,214900000.0,214900000.0,3619000000.0,158700000.0,1.513,0.991,1477400000.0,919600000.0,557800000.0,1477400000.0,0.0,75000000.0,0.0,0.005,0.029,284700000.0,359700000.0,0.073,359700000.0,284700000.0,264600000.0,0.2,0.195,0.2,4079900000.0,,4079900000.0,19455477424.0,15.0,12.335,131100000.0,0.168,1.0,1297400000.0,0.264,805800000.0,20100000.0,5225900000.0,,3778700000.0,0.0,0.0,0.0,4041700000.0,3352400000.0,689300000.0,18091777424.0,32400000.0,-154500000.0,6200000.0,-68800000.0,-22500000.0,-85100000.0,-200900000.0,140900000.0,318400000.0,0.0,158700000.0,154900000.0,154900000.0,0.0,0.0,0.032,1012700000.0,284700000.0,1450400000.0,0.145,4.434,25.568,25.445,1786900000.0,3800000.0,23.155,0.915,0.915,795200000.0,3012400000.0,4916400000.0,4916400000.0,0.0,,,,,0.0,1012700000.0,1.0,781333510.0,782000000,815000000.0,6.287,7315800000.0,149400000.0,105900000.0,27200000.0,9.355,1719800000.0
84,CVS,MRQ,2000-06-30,2000-07-01,2000-07-01,2021-09-07,0.0,7676500000.0,,4721400000.0,2955100000.0,,5.038,-162700000.0,182500000.0,182500000.0,3607000000.0,186500000.0,1.549,0.952,1546200000.0,988200000.0,558000000.0,1546200000.0,0.0,73400000.0,0.0,0.006,0.029,333900000.0,407300000.0,0.082,407300000.0,333900000.0,310900000.0,0.235,0.23,0.235,3932600000.0,,3932600000.0,16869002400.0,14.0,11.192,-33200000.0,-0.043,1.0,1335800000.0,0.27,741300000.0,23000000.0,5250600000.0,,3500100000.0,0.0,0.0,0.0,3743900000.0,3048300000.0,695600000.0,15607302400.0,-54100000.0,-34800000.0,-11600000.0,48000000.0,-22500000.0,13900000.0,-197500000.0,0.0,129500000.0,0.0,186500000.0,182800000.0,182800000.0,0.0,0.0,0.037,1001900000.0,333900000.0,1103900000.0,0.123,3.969,23.27,23.256,1778300000.0,3700000.0,20.0,0.814,0.814,759100000.0,2876100000.0,4942800000.0,4942800000.0,0.0,,,,,0.0,1001900000.0,1.0,780365120.0,780600000,816000000.0,6.332,6935200000.0,144500000.0,124400000.0,27200000.0,8.884,1673100000.0
85,CVS,MRQ,2000-03-31,2000-04-01,2000-04-01,2021-09-07,0.0,7691000000.0,,4856900000.0,2834100000.0,,4.795,-137400000.0,236600000.0,236600000.0,3439500000.0,191300000.0,1.5,1.05,1498300000.0,940100000.0,558200000.0,1498300000.0,0.0,71800000.0,0.0,0.006,0.029,334900000.0,406700000.0,0.086,406700000.0,334900000.0,318800000.0,0.24,0.235,0.24,3750900000.0,,3750900000.0,15408537158.0,13.0,10.562,-283100000.0,-0.362,1.0,1300000000.0,0.274,738400000.0,16100000.0,4976900000.0,,3658300000.0,0.0,0.0,0.0,3940100000.0,3237400000.0,702700000.0,14611737158.0,6600000.0,-55600000.0,-103700000.0,471500000.0,-22500000.0,345300000.0,-193000000.0,0.0,-145700000.0,0.0,191300000.0,187500000.0,187500000.0,0.0,0.0,0.04,965100000.0,334900000.0,1284100000.0,0.121,3.896,22.587,22.627,1678900000.0,3800000.0,18.78,0.786,0.79,702500000.0,2712100000.0,4739500000.0,4739500000.0,0.0,,,,,0.0,965100000.0,1.0,778047772.0,782200000,814200000.0,6.059,6952600000.0,137900000.0,127500000.0,23000000.0,8.889,1619500000.0
86,CVS,MRQ,1999-12-31,2000-01-01,2000-01-01,2021-09-07,0.0,7275400000.0,,4608000000.0,2667400000.0,,4.695,-236200000.0,230000000.0,230000000.0,3823200000.0,186300000.0,1.595,0.977,1026800000.0,468300000.0,558500000.0,1026800000.0,0.0,71100000.0,0.0,0.006,0.029,332400000.0,403500000.0,0.078,403500000.0,332400000.0,315800000.0,0.235,0.225,0.235,3679700000.0,,3679700000.0,16641533920.0,15.0,11.774,174500000.0,0.223,1.0,1360400000.0,0.262,706900000.0,16600000.0,4475400000.0,,3445500000.0,0.0,0.0,0.0,3595700000.0,2889900000.0,705800000.0,15628333920.0,60100000.0,-80000000.0,2500000.0,-142500000.0,-37300000.0,-177300000.0,-173300000.0,142900000.0,410700000.0,0.0,186300000.0,182400000.0,182400000.0,0.0,0.0,0.035,1028000000.0,332400000.0,1454200000.0,0.123,4.247,25.191,25.082,1601000000.0,3900000.0,19.94,0.864,0.862,699300000.0,2543500000.0,5183600000.0,5183600000.0,0.0,,,,,0.0,1028000000.0,1.0,783768000.0,783800000,820200000.0,6.613,6568500000.0,139400000.0,129500000.0,27200000.0,8.38,1718100000.0
87,CVS,MRQ,1999-09-30,1999-09-25,1999-09-25,2021-09-07,0.0,7174300000.0,,4646500000.0,2527800000.0,,4.484,-208000000.0,169900000.0,169900000.0,3170700000.0,121600000.0,1.561,1.042,1183100000.0,607900000.0,575200000.0,1183100000.0,0.0,70100000.0,0.0,0.006,0.029,219700000.0,289800000.0,0.067,289800000.0,219700000.0,206000000.0,0.15,0.15,0.15,3514000000.0,,3514000000.0,16809689460.0,16.0,12.554,-9000000.0,-0.011,1.0,1141100000.0,0.265,699700000.0,13700000.0,4510400000.0,,3373400000.0,0.0,0.0,0.0,3660300000.0,2977400000.0,682900000.0,15743789460.0,-62400000.0,-4400000.0,2600000.0,-115400000.0,-22500000.0,-135300000.0,-126100000.0,86300000.0,199000000.0,0.0,121600000.0,118000000.0,118000000.0,0.0,0.0,0.027,921400000.0,219700000.0,1383900000.0,0.193,4.48,27.177,27.155,1541100000.0,3600000.0,20.095,0.92,0.921,770500000.0,2394400000.0,4311800000.0,4311800000.0,0.0,,,,,0.0,921400000.0,1.0,783468000.0,783600000,796200000.0,5.503,6474600000.0,0.0,84400000.0,0.0,8.263,1669100000.0
88,CVS,MRQ,1999-06-30,1999-06-26,1999-06-26,2021-09-07,0.0,6845800000.0,,4379700000.0,2466100000.0,,4.362,-158000000.0,232300000.0,232300000.0,3172000000.0,162600000.0,1.602,1.007,1298200000.0,721800000.0,576400000.0,1298200000.0,0.0,68700000.0,0.0,0.004,0.029,290200000.0,358900000.0,0.082,358900000.0,290200000.0,275700000.0,0.205,0.2,0.205,3411700000.0,,3411700000.0,21177886200.0,21.0,16.403,-55900000.0,-0.071,1.0,1190400000.0,0.273,700900000.0,14500000.0,4476100000.0,,3107700000.0,0.0,0.0,0.0,3434100000.0,2734700000.0,699400000.0,20202186200.0,95500000.0,-15000000.0,8400000.0,180400000.0,-22400000.0,166400000.0,-173000000.0,0.0,102100000.0,0.0,162600000.0,159000000.0,159000000.0,0.0,0.0,0.036,900200000.0,290200000.0,1006900000.0,0.141,5.921,36.459,36.401,1481100000.0,3600000.0,25.845,1.223,1.224,727100000.0,2295500000.0,4362400000.0,4362400000.0,0.0,,,,,0.0,900200000.0,1.0,781667100.0,782200000,817400000.0,5.577,6144900000.0,0.0,113100000.0,0.0,7.856,1645000000.0
89,CVS,MRQ,1999-03-31,1999-03-27,1999-03-27,2021-09-07,0.0,6792000000.0,,4432600000.0,2359400000.0,,4.18,-92300000.0,136800000.0,136800000.0,3071100000.0,164600000.0,1.578,1.081,1112500000.0,537000000.0,575500000.0,1112500000.0,0.0,68000000.0,0.0,0.005,0.029,293200000.0,361200000.0,0.085,361200000.0,293200000.0,278900000.0,0.205,0.2,0.205,3264200000.0,,3264200000.0,19827493560.0,24.0,18.612,-77800000.0,-0.1,1.0,1169400000.0,0.276,690900000.0,14300000.0,4267800000.0,,3286300000.0,0.0,0.0,0.0,3527800000.0,2809000000.0,718800000.0,18963493560.0,-44000000.0,-1700000.0,6900000.0,51100000.0,-22500000.0,35500000.0,-94000000.0,0.0,14500000.0,0.0,164600000.0,161000000.0,161000000.0,0.0,0.0,0.038,876200000.0,293200000.0,1203300000.0,0.141,5.81,46.674,46.76,1378800000.0,3600000.0,24.315,1.192,1.193,699300000.0,2163300000.0,4240500000.0,4240500000.0,0.0,,,,,0.0,876200000.0,1.0,779909256.0,781000000,816400000.0,5.43,6101100000.0,0.0,114300000.0,0.0,7.812,1623600000.0
90,CVS,MRQ,1998-12-31,1998-12-31,1998-12-31,2021-09-07,0.0,6686200000.0,,4349200000.0,2337000000.0,,3.987,-126000000.0,180800000.0,180800000.0,3084600000.0,144700000.0,1.388,1.149,1061400000.0,785700000.0,275700000.0,1061400000.0,0.0,63900000.0,0.0,0.004,0.029,265200000.0,329100000.0,0.079,329100000.0,265200000.0,249500000.0,0.18,0.185,0.18,3110600000.0,,3110600000.0,22311504540.0,30.0,22.276,111500000.0,0.143,1.0,1106500000.0,0.264,724600000.0,15700000.0,3708900000.0,,3190200000.0,0.0,0.0,0.0,3575600000.0,3133300000.0,442300000.0,21447504540.0,55400000.0,-76500000.0,8700000.0,48200000.0,-36500000.0,20400000.0,-202500000.0,0.0,237500000.0,0.0,144700000.0,141300000.0,141300000.0,0.0,0.0,0.034,841300000.0,265200000.0,1286300000.0,0.161,6.895,57.826,57.292,1351200000.0,3400000.0,27.5,1.404,1.394,650300000.0,2021100000.0,4191100000.0,4191100000.0,0.0,,,,,0.0,841300000.0,1.0,779909256.0,780200000,878200000.0,5.372,5961600000.0,248700000.0,104800000.0,24300000.0,7.641,1215900000.0
91,CVS,MRQ,1998-09-30,1998-09-26,1998-09-26,2021-09-07,0.0,6510000000.0,,4157600000.0,2352400000.0,,3.816,-138300000.0,125400000.0,125400000.0,2729800000.0,96200000.0,1.343,1.19,989400000.0,701200000.0,288200000.0,989400000.0,0.0,60800000.0,0.0,0.005,0.029,181100000.0,241900000.0,0.065,241900000.0,181100000.0,166000000.0,0.12,0.115,0.12,2972300000.0,,2972300000.0,18638506431.0,26.0,16.088,76600000.0,0.098,1.0,995300000.0,0.267,820100000.0,15100000.0,3458500000.0,,3147600000.0,0.0,0.0,0.0,3537700000.0,3095400000.0,442300000.0,17738206431.0,63500000.0,-40500000.0,22600000.0,27200000.0,-22400000.0,27400000.0,-178800000.0,0.0,214900000.0,0.0,96200000.0,92800000.0,92800000.0,0.0,0.0,0.025,814200000.0,181100000.0,1168200000.0,0.242,5.968,49.041,47.958,1267800000.0,3400000.0,22.78,1.207,1.207,566700000.0,1911800000.0,3725100000.0,3725100000.0,0.0,,,,,0.0,814200000.0,1.0,778674558.0,779000000,792200000.0,4.782,5689900000.0,0.0,69800000.0,0.0,7.304,1062200000.0
92,CVS,MRQ,1998-06-30,1998-06-27,1998-06-27,2021-09-07,0.0,6062600000.0,,3848900000.0,2213700000.0,,3.702,-111500000.0,62000000.0,62000000.0,2735400000.0,14600000.0,1.404,1.122,962300000.0,673900000.0,288400000.0,962300000.0,0.0,61200000.0,0.0,0.006,0.028,71900000.0,133100000.0,0.035,133100000.0,71900000.0,53000000.0,0.015,0.015,0.015,2856800000.0,,2856800000.0,15480035229.0,22.0,14.466,-122500000.0,-0.159,1.0,1020500000.0,0.272,811400000.0,18900000.0,3409500000.0,,2938000000.0,0.0,0.0,0.0,3205800000.0,2742000000.0,463800000.0,14656535229.0,-73700000.0,-16600000.0,76000000.0,10400000.0,-21000000.0,65400000.0,-128100000.0,0.0,-11000000.0,0.0,14600000.0,11200000.0,11200000.0,0.0,0.0,0.003,948600000.0,71900000.0,865700000.0,1.867,5.13,42.153,41.446,1171900000.0,3400000.0,19.065,1.025,1.029,499300000.0,1831800000.0,3755900000.0,3755900000.0,0.0,,,,,0.0,948600000.0,1.0,768766600.0,771600000,789200000.0,4.868,5251200000.0,0.0,38400000.0,0.0,6.806,1106900000.0
93,CVS,MRQ,1998-03-31,1998-03-28,1998-03-28,2021-09-07,0.0,5794600000.0,,3810700000.0,1983900000.0,,3.239,-76000000.0,112200000.0,112200000.0,2594600000.0,129000000.0,1.323,1.336,935700000.0,663100000.0,272600000.0,935700000.0,0.0,63800000.0,0.0,0.006,0.028,233800000.0,297600000.0,0.083,297600000.0,233800000.0,222600000.0,0.165,0.16,0.165,2480100000.0,,2480100000.0,12957990503.0,17.0,11.896,-225000000.0,-0.294,1.0,1006900000.0,0.28,810000000.0,11200000.0,2928200000.0,,2973100000.0,0.0,0.0,0.0,3314500000.0,2879900000.0,434600000.0,12796690503.0,-56900000.0,0.0,13800000.0,176900000.0,-22600000.0,168100000.0,-76000000.0,0.0,-149000000.0,0.0,129000000.0,125600000.0,125600000.0,0.0,0.0,0.035,773100000.0,233800000.0,1171600000.0,0.17,5.16,32.096,36.426,983000000.0,3400000.0,18.578,0.868,0.965,436000000.0,1653300000.0,3601500000.0,3601500000.0,0.0,,,,,0.0,773100000.0,1.0,688827372.0,765800000,801800000.0,4.703,4984600000.0,0.0,93600000.0,0.0,6.509,930800000.0
94,CVS,MRQ,1997-12-31,1997-12-31,1997-12-31,2021-09-07,0.0,5920500000.0,,3883700000.0,2036800000.0,,3.432,-210900000.0,192500000.0,192500000.0,2644500000.0,135500000.0,1.367,1.254,798700000.0,508300000.0,290400000.0,798700000.0,0.0,242600000.0,0.0,0.007,0.028,243300000.0,485900000.0,0.134,485900000.0,243300000.0,237500000.0,0.175,0.17,0.175,2626500000.0,,2626500000.0,11192870363.0,40.0,21.332,-541300000.0,-0.707,1.0,971800000.0,0.269,711500000.0,5800000.0,2974900000.0,,2882400000.0,0.0,0.0,0.0,3294000000.0,2840300000.0,453700000.0,11031570363.0,800000.0,192700000.0,8300000.0,376900000.0,-35800000.0,349400000.0,-18200000.0,0.0,-330400000.0,0.0,135500000.0,132100000.0,132100000.0,0.0,0.0,0.037,728500000.0,243300000.0,1233700000.0,0.16,4.2,146.892,160.15,1072300000.0,3400000.0,16.015,0.802,0.879,452400000.0,1739100000.0,3616300000.0,3616300000.0,0.0,,,,,0.0,728500000.0,1.0,688827372.0,765200000,828400000.0,4.726,5209000000.0,0.0,102000000.0,0.0,6.807,1043400000.0
95,CVS,MRQ,1997-09-30,1997-09-27,1997-09-27,2021-09-07,0.0,5357400000.0,,3327300000.0,2030100000.0,,2.929,-33000000.0,151900000.0,151900000.0,2423100000.0,82200000.0,1.272,1.396,313200000.0,0.0,313200000.0,313200000.0,0.0,0.0,0.0,0.113,0.028,153500000.0,153500000.0,0.046,153500000.0,153500000.0,144300000.0,0.105,0.1,0.105,2236100000.0,,2236100000.0,10191087481.0,15.0,10.666,209000000.0,0.274,1.0,905600000.0,0.272,819600000.0,9200000.0,2082900000.0,,2499800000.0,0.0,0.0,0.0,3121300000.0,2616200000.0,505100000.0,9674287481.0,82700000.0,0.0,24700000.0,-192400000.0,-21200000.0,-188900000.0,29600000.0,62600000.0,242000000.0,0.0,82200000.0,78800000.0,78800000.0,0.0,0.0,0.024,752100000.0,153500000.0,1167200000.0,0.267,4.326,28.58,31.96,955700000.0,3400000.0,14.062,0.661,0.733,346800000.0,1472300000.0,3328700000.0,3328700000.0,0.0,,,,,0.0,752100000.0,1.0,687949332.0,763400000,776000000.0,4.36,4537800000.0,0.0,62100000.0,0.0,5.944,711100000.0
96,CVS,MRQ,1997-06-30,1997-06-28,1997-06-28,2021-09-07,0.0,5310900000.0,,3180200000.0,2130700000.0,,2.465,-48200000.0,74900000.0,74900000.0,3069300000.0,65500000.0,1.351,1.474,591700000.0,0.0,591700000.0,591700000.0,0.0,0.0,0.0,0.123,0.028,152300000.0,152300000.0,0.036,152300000.0,152300000.0,135100000.0,0.065,0.062,0.065,2146700000.0,,2146700000.0,5527409320.0,8.0,5.866,-19300000.0,-0.022,1.0,1127300000.0,0.269,827000000.0,17200000.0,2646700000.0,,2346800000.0,4100000.0,4100000.0,0.0,3164200000.0,2354000000.0,810200000.0,5568009320.0,-275700000.0,0.0,111200000.0,-595800000.0,-18900000.0,-503500000.0,198900000.0,247100000.0,28900000.0,0.0,65500000.0,62200000.0,62200000.0,100000.0,0.0,0.015,974900000.0,152400000.0,918200000.0,0.431,2.594,16.586,28.75,1022600000.0,3300000.0,12.938,0.399,0.807,379500000.0,1433700000.0,4196600000.0,4196600000.0,0.0,,,,,0.0,974900000.0,1.0,430377532.0,870800000,915600000.0,4.819,4483900000.0,0.0,69600000.0,78300000.0,5.149,826200000.0
97,CVS,MRQ,1997-03-31,1997-03-29,1997-03-29,2021-09-07,0.0,2758600000.0,,1901600000.0,857000000.0,,1.97,-49500000.0,334600000.0,334600000.0,2260700000.0,82700000.0,1.82,1.102,294000000.0,0.0,294000000.0,294000000.0,0.0,0.0,0.0,0.134,0.028,161200000.0,161200000.0,0.051,161200000.0,161200000.0,148300000.0,0.12,0.117,0.12,1312500000.0,,1312500000.0,,,,-95800000.0,-0.144,1.0,900100000.0,0.285,119800000.0,12900000.0,1553500000.0,,1053800000.0,179500000.0,179500000.0,0.0,1446100000.0,1044700000.0,401400000.0,5077177548.0,-122100000.0,0.0,24900000.0,-39500000.0,-11700000.0,-26300000.0,-49500000.0,0.0,-46300000.0,0.0,82700000.0,79200000.0,79200000.0,-100000.0,0.0,0.025,739000000.0,161100000.0,421500000.0,0.233,3.868,22.017,37.016,605900000.0,3500000.0,11.845,0.408,0.635,163800000.0,1360700000.0,3160800000.0,3160800000.0,0.0,,,,,0.0,739000000.0,1.0,428634660.0,666400000,700800000.0,4.743,2638800000.0,0.0,65600000.0,34200000.0,3.96,856900000.0
98,CVS,MRQ,1996-12-31,1996-12-31,1996-12-31,2021-09-07,0.0,5693700000.0,,3528900000.0,2164800000.0,,2.993,-267500000.0,471800000.0,471800000.0,2877700000.0,121900000.0,1.662,1.592,1184300000.0,0.0,1184300000.0,1184300000.0,0.0,262800000.0,0.0,0.153,1.503,225700000.0,488500000.0,0.123,488500000.0,225700000.0,210900000.0,0.15,,0.15,2196400000.0,,2196400000.0,,,,-207400000.0,-0.283,1.0,1082900000.0,0.273,916500000.0,14800000.0,3366900000.0,,2328200000.0,181400000.0,181400000.0,0.0,3497300000.0,2122800000.0,1374500000.0,4434225558.0,367300000.0,-120100000.0,41900000.0,483400000.0,-38400000.0,461100000.0,-153900000.0,233700000.0,60100000.0,0.0,121900000.0,118300000.0,118300000.0,3200000.0,0.0,0.03,873300000.0,209600000.0,1046300000.0,10.02,2.019,22.892,39.038,965500000.0,3600000.0,10.345,0.375,0.642,350700000.0,1587800000.0,3960600000.0,3960600000.0,0.0,,,,,0.0,873300000.0,1.0,428634660.0,733800000,,5.397,4777200000.0,0.0,89000000.0,0.0,6.51,1406100000.0
99,CVS,MRQ,1996-09-30,1996-09-28,1996-09-28,2021-09-07,,,,,,,,-119100000.0,,,1911100000.0,79600000.0,,,,,,,,0.0,,0.016,0.028,140200000.0,140200000.0,0.053,140200000.0,140200000.0,123800000.0,0.115,,0.115,,,,,,,38600000.0,0.058,1.0,727000000.0,0.276,,16400000.0,,,,,,,,,,,13000000.0,-13400000.0,5000000.0,-65700000.0,-12000000.0,-72700000.0,-72000000.0,60500000.0,157700000.0,0.0,79600000.0,76000000.0,76000000.0,-18800000.0,0.0,0.029,631200000.0,95800000.0,,0.243,,,,,3600000.0,10.97,,,,,2638100000.0,2638100000.0,0.0,,,,,0.0,631200000.0,1.0,,666400000,,3.959,,,44200000.0,,,
100,CVS,MRQ,1996-06-30,1996-06-29,1996-06-29,2021-09-07,,,,,,,,93400000.0,,,1919700000.0,-39300000.0,,,,,,,,0.0,,0.024,0.028,67200000.0,67200000.0,0.025,67200000.0,67200000.0,42500000.0,-0.065,,-0.065,,,,,,,471500000.0,0.709,1.0,755000000.0,0.282,,24700000.0,,,,,,,,,,,-14800000.0,0.0,15200000.0,-617100000.0,-75500000.0,-677900000.0,285000000.0,191600000.0,378100000.0,0.0,-39300000.0,-42900000.0,-42900000.0,153500000.0,0.0,-0.016,613600000.0,141400000.0,,-0.431,,,,,3600000.0,10.125,,,,,2674700000.0,2674700000.0,0.0,,,,,0.0,613600000.0,1.0,,664800000,,4.023,,,81800000.0,,,
101,CVS,MRQ,1996-03-31,1996-03-30,1996-03-30,2021-09-07,,,,,,,,-35700000.0,,,896400000.0,14200000.0,,,,,,,,0.0,,0.035,0.028,47800000.0,47800000.0,0.038,47800000.0,47800000.0,42200000.0,0.025,,0.025,,,,,,,-304400000.0,-0.723,1.0,362000000.0,0.288,,5600000.0,,,,,,,,,,,-39600000.0,0.0,0.0,275900000.0,-11600000.0,264800000.0,-35700000.0,0.0,-268700000.0,0.0,14200000.0,10700000.0,10700000.0,26400000.0,0.0,0.009,290600000.0,71400000.0,,1.12,,,,,3500000.0,9.03,,,,,1258400000.0,1258400000.0,0.0,,,,,0.0,290600000.0,1.0,,420800000,,2.99,,,28000000.0,,,
102,CVS,MRQ,1995-12-31,1995-12-31,1995-12-31,2021-09-07,0.0,3961600000.0,,2560000000.0,1401600000.0,,2.364,,129600000.0,129600000.0,,,1.424,1.56,379700000.0,52000000.0,327700000.0,379700000.0,0.0,,0.0,0.049,0.095,,,,,,,,,,1547800000.0,,1547800000.0,,,,,,1.0,,,195600000.0,,2218400000.0,,1673000000.0,175000000.0,175000000.0,0.0,2413800000.0,1797700000.0,616100000.0,,,,,,,,,,,,,,,,,,,,690700000.0,,,,-8.542,1114400000.0,,7.688,,0.516,296400000.0,1660400000.0,,,,,,,,,,1.0,,654800000,,,3766000000.0,0.0,,9100000.0,5.751,762300000.0
0,CVS,MRT,2021-06-30,2021-06-30,2021-06-30,2021-09-07,1170000000.0,231164000000.0,231095750000.0,56559000000.0,174605000000.0,1.204,55.53,-2562000000.0,7119000000.0,7119000000.0,228952000000.0,7209000000.0,0.954,2.152,79654000000.0,1851000000.0,77803000000.0,79654000000.0,0.0,2253000000.0,4567000000.0,0.024,2.0,12423000000.0,14676000000.0,0.053,14676000000.0,12423000000.0,9721000000.0,5.47,5.45,5.47,73244000000.0,70572500000.0,73244000000.0,186573423156.0,15.0,12.713,11618000000.0,8.808,1.0,49371000000.0,0.177,109632000000.0,2702000000.0,134756000000.0,135893250000.0,16979000000.0,25142000000.0,3006000000.0,22136000000.0,157599000000.0,59311000000.0,98288000000.0,109854423156.0,-7808000000.0,634000000.0,428000000.0,-14026000000.0,-2615000000.0,-16410000000.0,-5578000000.0,-3716000000.0,14180000000.0,0.0,7203000000.0,7203000000.0,7203000000.0,9000000.0,6000000.0,0.026,35695000000.0,13676000000.0,11052000000.0,0.366,1.5,15.251,15.254,33140000000.0,0.0,83.44,0.395,0.395,24164000000.0,53331000000.0,278323000000.0,278323000000.0,0.0,0.031,0.102,0.091,0.045,221000000.0,35695000000.0,1.0,1316567871.0,1319000000,1327000000.0,211.011,121532000000.0,0.0,2518000000.0,6557000000.0,92.139,-2752000000.0
1,CVS,MRT,2021-03-31,2021-03-31,2021-03-31,2021-09-07,1022000000.0,229606000000.0,232178500000.0,55719000000.0,173887000000.0,1.167,53.96,-2524000000.0,5598000000.0,5598000000.0,221524000000.0,7404000000.0,0.927,2.236,82317000000.0,4460000000.0,77857000000.0,82317000000.0,0.0,2253000000.0,4440000000.0,0.027,2.0,12774000000.0,15027000000.0,0.055,15027000000.0,12774000000.0,9943000000.0,5.63,5.61,5.63,70850000000.0,69267000000.0,70850000000.0,175841231083.0,14.0,11.702,12928000000.0,9.846,1.0,49524000000.0,0.183,110191000000.0,2831000000.0,136030000000.0,136379500000.0,17618000000.0,24215000000.0,3190000000.0,21025000000.0,158442000000.0,60104000000.0,98338000000.0,98653231083.0,-4426000000.0,503000000.0,322000000.0,-11663000000.0,-2628000000.0,-14074000000.0,-5804000000.0,-3778000000.0,15452000000.0,0.0,7395000000.0,7395000000.0,7395000000.0,9000000.0,9000000.0,0.027,35494000000.0,14030000000.0,10804000000.0,0.355,1.392,13.341,13.362,33153000000.0,0.0,75.23,0.364,0.364,23855000000.0,51203000000.0,271048000000.0,271048000000.0,0.0,0.032,0.107,0.094,0.047,221000000.0,35494000000.0,1.0,1311354926.0,1313000000,1322000000.0,206.434,119415000000.0,0.0,2548000000.0,6610000000.0,90.948,-4385000000.0
2,CVS,MRT,2020-12-31,2020-12-31,2020-12-31,2021-09-07,1414000000.0,230715000000.0,232436750000.0,56369000000.0,174346000000.0,1.156,53.009,-2437000000.0,7854000000.0,7854000000.0,219660000000.0,7192000000.0,0.909,2.32,85042000000.0,7078000000.0,77964000000.0,85042000000.0,0.0,4441000000.0,4270000000.0,0.029,2.0,12655000000.0,17096000000.0,0.064,17096000000.0,12655000000.0,9748000000.0,5.48,5.46,5.48,69389000000.0,67839500000.0,69389000000.0,167415791913.0,13.0,9.793,13428000000.0,10.258,1.0,49046000000.0,0.183,110694000000.0,2907000000.0,135192000000.0,137521250000.0,18496000000.0,23812000000.0,3000000000.0,20812000000.0,161014000000.0,62017000000.0,98997000000.0,89398791913.0,2176000000.0,-26000000.0,264000000.0,-5673000000.0,-2624000000.0,-8155000000.0,-5534000000.0,-3071000000.0,15865000000.0,0.0,7179000000.0,7179000000.0,7179000000.0,9000000.0,13000000.0,0.027,35135000000.0,13911000000.0,11138000000.0,0.365,1.288,12.453,12.464,33335000000.0,0.0,68.3,0.333,0.333,21742000000.0,49640000000.0,268706000000.0,268706000000.0,0.0,0.031,0.106,0.092,0.047,400000000.0,35135000000.0,1.0,1308913498.0,1309000000,1314000000.0,205.276,120021000000.0,0.0,2569000000.0,6794000000.0,91.689,-5648000000.0
3,CVS,MRT,2020-09-30,2020-09-30,2020-09-30,2021-09-07,1255000000.0,232898000000.0,230370250000.0,59211000000.0,173687000000.0,1.155,52.524,-2291000000.0,9256000000.0,9256000000.0,217261000000.0,7961000000.0,0.954,2.38,87273000000.0,7232000000.0,80041000000.0,87273000000.0,0.0,2210000000.0,3964000000.0,0.034,2.0,13834000000.0,16044000000.0,0.06,16044000000.0,13834000000.0,10871000000.0,6.08,6.05,6.08,68807000000.0,66458250000.0,68807000000.0,153610281480.0,11.0,9.574,12641000000.0,9.65,1.0,48780000000.0,0.183,111276000000.0,2963000000.0,137595000000.0,138622000000.0,17478000000.0,23047000000.0,2831000000.0,20216000000.0,163786000000.0,62044000000.0,101742000000.0,76428281480.0,4063000000.0,-77000000.0,276000000.0,-3352000000.0,-2631000000.0,-5860000000.0,-5009000000.0,-2672000000.0,14932000000.0,0.0,7953000000.0,7953000000.0,7953000000.0,0.0,8000000.0,0.03,34356000000.0,14424000000.0,11677000000.0,0.329,1.111,9.61,9.605,32833000000.0,0.0,58.4,0.287,0.288,23816000000.0,49328000000.0,266041000000.0,266041000000.0,0.0,0.035,0.12,0.1,0.052,207000000.0,34356000000.0,1.0,1308703450.0,1310000000,1315000000.0,203.085,121622000000.0,0.0,2918000000.0,7253000000.0,92.841,-2833000000.0
4,CVS,MRT,2020-06-30,2020-06-30,2020-06-30,2021-09-07,1213000000.0,235495000000.0,227174000000.0,62506000000.0,172989000000.0,1.161,51.965,-2358000000.0,14869000000.0,14869000000.0,215212000000.0,8271000000.0,0.981,2.457,92051000000.0,9958000000.0,82093000000.0,92051000000.0,0.0,2188000000.0,3636000000.0,0.031,2.0,14173000000.0,16361000000.0,0.062,16361000000.0,14173000000.0,11194000000.0,6.32,6.29,6.32,68022000000.0,64910000000.0,68022000000.0,167159691225.0,12.0,10.217,13628000000.0,10.411,1.0,48583000000.0,0.184,112282000000.0,2979000000.0,136701000000.0,138936000000.0,16519000000.0,21190000000.0,2596000000.0,18594000000.0,167140000000.0,63694000000.0,103446000000.0,84921691225.0,8807000000.0,-962000000.0,265000000.0,-216000000.0,-2612000000.0,-2711000000.0,-4468000000.0,-1182000000.0,15986000000.0,0.0,8259000000.0,8259000000.0,8259000000.0,0.0,12000000.0,0.031,34480000000.0,14103000000.0,9919000000.0,0.316,1.248,10.282,10.28,32792000000.0,0.0,64.97,0.322,0.322,22520000000.0,48768000000.0,263795000000.0,263795000000.0,0.0,0.036,0.127,0.102,0.054,227000000.0,34480000000.0,1.0,1307090830.0,1309000000,1314000000.0,201.524,123213000000.0,0.0,2935000000.0,7136000000.0,94.128,-1188000000.0
5,CVS,MRT,2020-03-31,2020-03-31,2020-03-31,2021-09-07,687000000.0,230639000000.0,223026250000.0,58958000000.0,171681000000.0,1.174,49.877,-2483000000.0,10081000000.0,10081000000.0,215276000000.0,7216000000.0,0.99,2.536,92319000000.0,7845000000.0,84474000000.0,92319000000.0,0.0,3260000000.0,3110000000.0,0.034,2.0,12827000000.0,16087000000.0,0.061,16087000000.0,12827000000.0,9841000000.0,5.54,5.52,5.54,65140000000.0,63225000000.0,65140000000.0,160694793814.0,13.0,9.989,11722000000.0,8.975,1.0,46609000000.0,0.178,112720000000.0,2986000000.0,140597000000.0,140195750000.0,16976000000.0,19472000000.0,2632000000.0,16840000000.0,165165000000.0,59560000000.0,105605000000.0,77375793814.0,4169000000.0,-933000000.0,263000000.0,-3530000000.0,-2606000000.0,-5991000000.0,-4045000000.0,-666000000.0,14205000000.0,0.0,7220000000.0,7220000000.0,7220000000.0,0.0,-4000000.0,0.028,33854000000.0,12755000000.0,10223000000.0,0.361,1.188,10.717,10.709,32818000000.0,0.0,59.33,0.295,0.296,23037000000.0,46455000000.0,261885000000.0,261885000000.0,0.0,0.032,0.114,0.091,0.049,339000000.0,33854000000.0,1.0,1304159680.0,1306000000,1312000000.0,200.525,117919000000.0,0.0,2621000000.0,7121000000.0,90.29,-602000000.0
6,CVS,MRT,2019-12-31,2019-12-31,2019-12-31,2021-09-07,1019000000.0,222449000000.0,220308500000.0,50302000000.0,172147000000.0,1.166,49.088,-2457000000.0,5683000000.0,5683000000.0,211248000000.0,6631000000.0,0.944,2.478,89002000000.0,5377000000.0,83625000000.0,89002000000.0,0.0,4371000000.0,2991000000.0,0.027,2.0,12035000000.0,16406000000.0,0.064,16406000000.0,12035000000.0,9000000000.0,5.1,5.08,5.1,63864000000.0,61861500000.0,63864000000.0,181133616080.0,15.0,11.041,10391000000.0,7.987,1.0,45528000000.0,0.177,112870000000.0,3035000000.0,139595000000.0,141188750000.0,17516000000.0,19687000000.0,2373000000.0,17314000000.0,158279000000.0,53303000000.0,104976000000.0,96648616080.0,1659000000.0,-444000000.0,210000000.0,-5320000000.0,-2603000000.0,-7850000000.0,-3339000000.0,-480000000.0,12848000000.0,0.0,6634000000.0,6634000000.0,6634000000.0,0.0,-3000000.0,0.026,33541000000.0,11987000000.0,10492000000.0,0.392,1.513,14.569,14.567,32904000000.0,0.0,74.29,0.376,0.376,19617000000.0,45108000000.0,256776000000.0,256776000000.0,0.0,0.03,0.107,0.085,0.047,453000000.0,33541000000.0,1.0,1300964007.0,1301000000,1305000000.0,197.368,109579000000.0,0.0,2366000000.0,7294000000.0,84.227,-3001000000.0
7,CVS,MRT,2019-09-30,2019-09-30,2019-09-30,2021-09-07,950000000.0,220113000000.0,213810250000.0,48185000000.0,171928000000.0,1.143,48.091,-2475000000.0,5193000000.0,5193000000.0,200809000000.0,4466000000.0,0.917,2.51,89678000000.0,6646000000.0,83032000000.0,89678000000.0,0.0,4082000000.0,2938000000.0,0.032,2.0,9802000000.0,13884000000.0,0.057,13884000000.0,9802000000.0,6768000000.0,3.35,3.35,3.35,62614000000.0,60451750000.0,62614000000.0,167882328257.0,17.0,12.092,10218000000.0,7.848,1.0,43502000000.0,0.178,113203000000.0,3034000000.0,138851000000.0,132943750000.0,16028000000.0,19676000000.0,2334000000.0,17342000000.0,157180000000.0,52544000000.0,104636000000.0,82022328257.0,-36358000000.0,-41864000000.0,211000000.0,-2111000000.0,-2462000000.0,-4518000000.0,-44529000000.0,-216000000.0,12693000000.0,-4000000.0,4468000000.0,4468000000.0,4468000000.0,-1000000.0,-2000000.0,0.018,33728000000.0,9774000000.0,9442000000.0,0.597,1.31,18.358,18.827,32408000000.0,0.0,63.07,0.336,0.336,19789000000.0,44017000000.0,244311000000.0,244311000000.0,0.0,0.021,0.074,0.074,0.04,463000000.0,31500000000.0,1.0,1300496722.0,1302000000,1305000000.0,187.643,106910000000.0,0.0,2300000000.0,7279000000.0,82.112,-4359000000.0
8,CVS,MRT,2019-06-30,2019-06-30,2019-06-30,2021-09-07,684000000.0,218904000000.0,191658500000.0,46901000000.0,172003000000.0,1.184,47.104,-2414000000.0,6063000000.0,6063000000.0,187463000000.0,4327000000.0,0.95,2.567,91923000000.0,6133000000.0,85790000000.0,91923000000.0,0.0,3610000000.0,2907000000.0,0.037,2.0,9494000000.0,13104000000.0,0.058,13104000000.0,9494000000.0,6533000000.0,3.54,3.54,3.54,61282000000.0,53952750000.0,61282000000.0,160441528529.0,17.0,12.244,8448000000.0,6.493,1.0,39528000000.0,0.174,113648000000.0,2961000000.0,141740000000.0,117221750000.0,15511000000.0,19435000000.0,2462000000.0,16973000000.0,157305000000.0,49376000000.0,107929000000.0,70787528529.0,-37719000000.0,-41813000000.0,223000000.0,-2008000000.0,-2326000000.0,-4243000000.0,-44334000000.0,-135000000.0,10862000000.0,-4000000.0,4328000000.0,4328000000.0,4328000000.0,-1000000.0,-1000000.0,0.019,30108000000.0,9420000000.0,9160000000.0,0.565,1.155,16.356,15.393,32348000000.0,0.0,54.49,0.312,0.312,18174000000.0,43136000000.0,226991000000.0,226991000000.0,0.0,0.023,0.08,0.081,0.042,396000000.0,27880000000.0,1.0,1299092100.0,1301000000,1302000000.0,174.474,105256000000.0,0.0,2205000000.0,7375000000.0,80.904,-2475000000.0
9,CVS,MRT,2019-03-31,2019-03-31,2019-03-31,2021-09-07,433000000.0,219768000000.0,170255000000.0,47857000000.0,171911000000.0,1.236,45.983,-2271000000.0,5896000000.0,5896000000.0,174913000000.0,-167000000.0,0.945,2.677,95550000000.0,8701000000.0,86849000000.0,95550000000.0,0.0,3185000000.0,2732000000.0,0.037,2.0,4749000000.0,7934000000.0,0.038,7934000000.0,4749000000.0,1871000000.0,-0.47,-0.47,-0.47,59686000000.0,47534000000.0,59686000000.0,139321641158.0,29.0,17.56,6187000000.0,4.767,1.0,35569000000.0,0.169,114222000000.0,2878000000.0,144569000000.0,100674000000.0,15448000000.0,18836000000.0,2426000000.0,16410000000.0,159762000000.0,50631000000.0,109131000000.0,69951641158.0,-36096000000.0,-41890000000.0,236000000.0,1569000000.0,-2179000000.0,-505000000.0,-44045000000.0,87000000.0,8458000000.0,-4000000.0,-171000000.0,-171000000.0,-171000000.0,0.0,4000000.0,-0.001,30854000000.0,4715000000.0,8290000000.0,-4.255,1.172,-409.074,-114.745,32340000000.0,0.0,53.93,0.332,0.333,19509000000.0,41859000000.0,210482000000.0,210482000000.0,0.0,-0.001,-0.004,0.047,0.023,339000000.0,24705000000.0,1.0,1297082165.0,1298000000,1302000000.0,162.159,105546000000.0,0.0,2042000000.0,7540000000.0,81.314,-2774000000.0
10,CVS,MRT,2018-12-31,2018-12-31,2018-12-31,2021-09-07,102000000.0,196456000000.0,149097750000.0,45243000000.0,151213000000.0,1.305,55.771,-2037000000.0,4059000000.0,4059000000.0,163041000000.0,-596000000.0,1.028,2.369,73429000000.0,1985000000.0,71444000000.0,73429000000.0,0.0,2718000000.0,2939000000.0,0.031,2.0,4027000000.0,6745000000.0,0.035,6745000000.0,4027000000.0,1408000000.0,-0.57,-0.57,-0.57,58225000000.0,42280750000.0,58225000000.0,88050715722.0,22.0,13.054,6828000000.0,6.54,1.0,31538000000.0,0.162,115202000000.0,2619000000.0,106615000000.0,83646500000.0,16450000000.0,18254000000.0,2522000000.0,15732000000.0,137913000000.0,44009000000.0,93904000000.0,66751715722.0,2395000000.0,-41394000000.0,242000000.0,38265000000.0,-2038000000.0,36819000000.0,-43285000000.0,125000000.0,8865000000.0,-4000000.0,-594000000.0,-594000000.0,-594000000.0,0.0,-2000000.0,-0.003,27517000000.0,4021000000.0,8925000000.0,-3.509,1.146,-112.377,-114.947,11349000000.0,0.0,65.52,0.343,0.352,17631000000.0,40911000000.0,194579000000.0,194579000000.0,0.0,-0.004,-0.014,0.048,0.021,280000000.0,21368000000.0,1.0,1018799080.0,1044000000,1044000000.0,186.378,81254000000.0,0.0,2002000000.0,7677000000.0,77.83,1234000000.0
11,CVS,MRT,2018-09-30,2018-09-30,2018-09-30,2021-09-07,129000000.0,131506000000.0,123766500000.0,71981000000.0,59525000000.0,1.524,35.9,-1978000000.0,41587000000.0,41587000000.0,158774000000.0,3112000000.0,2.443,2.591,62886000000.0,2139000000.0,60747000000.0,62886000000.0,0.0,2533000000.0,0.0,0.025,2.0,6316000000.0,8849000000.0,0.047,8849000000.0,6316000000.0,4112000000.0,3.04,3.02,3.04,36618000000.0,37147250000.0,36618000000.0,101435981155.0,16.0,11.463,4272000000.0,4.188,1.0,29787000000.0,0.158,47382000000.0,2204000000.0,75963000000.0,66419750000.0,14818000000.0,105000000.0,105000000.0,0.0,94884000000.0,29460000000.0,65424000000.0,80141981155.0,39152000000.0,-611000000.0,229000000.0,37000000000.0,-2038000000.0,35597000000.0,-2696000000.0,-151000000.0,6250000000.0,1000000.0,3112000000.0,3112000000.0,3112000000.0,1000000.0,0.0,0.017,23255000000.0,6532000000.0,21161000000.0,0.658,2.189,25.753,25.895,10419000000.0,0.0,78.72,0.425,0.426,14837000000.0,41843000000.0,188561000000.0,188561000000.0,0.0,0.025,0.084,0.095,0.033,233000000.0,19494000000.0,1.0,1018063785.0,1020000000,1022000000.0,184.864,84124000000.0,0.0,1000000000.0,3052000000.0,82.475,42521000000.0
12,CVS,MRT,2018-06-30,2018-06-30,2018-06-30,2021-09-07,141000000.0,133290000000.0,114103250000.0,73790000000.0,59500000000.0,1.641,34.977,-1955000000.0,43815000000.0,43815000000.0,157897000000.0,3007000000.0,2.343,2.743,65109000000.0,3540000000.0,61569000000.0,65109000000.0,0.0,2528000000.0,0.0,0.031,2.0,6050000000.0,8578000000.0,0.046,8578000000.0,6050000000.0,4275000000.0,2.94,2.92,2.94,35607000000.0,36708500000.0,35607000000.0,88492192429.0,15.0,10.316,5809000000.0,5.706,1.0,29355000000.0,0.157,47542000000.0,1775000000.0,75549000000.0,56472000000.0,14922000000.0,96000000.0,96000000.0,0.0,97679000000.0,31493000000.0,66186000000.0,65421192429.0,41774000000.0,-737000000.0,-130000000.0,38275000000.0,-2039000000.0,36504000000.0,-2495000000.0,157000000.0,7764000000.0,1000000.0,3007000000.0,3007000000.0,3007000000.0,1000000.0,0.0,0.016,23090000000.0,6265000000.0,20313000000.0,0.68,1.837,21.756,21.888,10249000000.0,0.0,64.35,0.349,0.35,14158000000.0,40965000000.0,187252000000.0,187252000000.0,0.0,0.026,0.082,0.107,0.032,236000000.0,19137000000.0,1.0,1016646347.0,1018000000,1018000000.0,183.941,85748000000.0,0.0,1268000000.0,3054000000.0,84.232,42297000000.0
13,CVS,MRT,2018-03-31,2018-03-31,2018-03-31,2021-09-07,172000000.0,135139000000.0,103912000000.0,71798000000.0,63341000000.0,1.79,38.064,-1948000000.0,42023000000.0,42023000000.0,157149000000.0,6668000000.0,2.374,2.494,65094000000.0,3542000000.0,61552000000.0,65094000000.0,0.0,2504000000.0,0.0,0.032,2.0,9538000000.0,12042000000.0,0.065,12042000000.0,9538000000.0,8205000000.0,6.53,6.51,6.53,38673000000.0,36342250000.0,38673000000.0,88420045487.0,9.0,7.343,4881000000.0,4.804,1.0,28866000000.0,0.155,51503000000.0,1333000000.0,76459000000.0,47298250000.0,14824000000.0,119000000.0,119000000.0,0.0,96462000000.0,30248000000.0,66214000000.0,63114045487.0,39881000000.0,-716000000.0,-425000000.0,37607000000.0,-2041000000.0,35522000000.0,-2471000000.0,158000000.0,6829000000.0,1000000.0,6668000000.0,6668000000.0,6668000000.0,-1000000.0,0.0,0.036,19118000000.0,9748000000.0,18982000000.0,0.306,1.632,9.465,9.527,10144000000.0,0.0,62.21,0.339,0.34,13964000000.0,44040000000.0,186015000000.0,186015000000.0,0.0,0.064,0.183,0.202,0.051,234000000.0,18944000000.0,1.0,1014532157.0,1016000000,1019000000.0,183.086,83636000000.0,0.0,1537000000.0,3058000000.0,82.319,41550000000.0
14,CVS,MRT,2017-12-31,2017-12-31,2017-12-31,2021-09-07,-165000000.0,95131000000.0,93294750000.0,31229000000.0,63902000000.0,1.981,36.952,-1918000000.0,1696000000.0,1696000000.0,156258000000.0,6623000000.0,1.019,1.524,27002000000.0,4821000000.0,22181000000.0,27002000000.0,0.0,2479000000.0,0.0,0.028,2.0,9321000000.0,11800000000.0,0.064,11800000000.0,9321000000.0,8259000000.0,6.47,6.44,6.47,37691000000.0,35133250000.0,37691000000.0,96745950812.0,10.0,8.199,6089000000.0,5.97,1.0,28528000000.0,0.154,52081000000.0,1062000000.0,37708000000.0,37919750000.0,15296000000.0,223000000.0,111000000.0,112000000.0,57436000000.0,30648000000.0,26788000000.0,73441950812.0,-1620000000.0,-1181000000.0,-4032000000.0,-598000000.0,-2049000000.0,-6751000000.0,-2877000000.0,189000000.0,8007000000.0,1000000.0,6622000000.0,6622000000.0,6622000000.0,8000000.0,1000000.0,0.036,18990000000.0,9538000000.0,8863000000.0,0.309,1.949,11.091,11.206,10292000000.0,0.0,72.5,0.397,0.4,13181000000.0,43556000000.0,184786000000.0,184786000000.0,0.0,0.071,0.188,0.246,0.05,234000000.0,18809000000.0,1.0,1012992425.0,1020000000,1024000000.0,181.163,43050000000.0,0.0,1637000000.0,2996000000.0,42.206,581000000.0
15,CVS,MRT,2017-09-30,2017-09-30,2017-09-30,2021-09-07,-147000000.0,92853000000.0,93127500000.0,29923000000.0,62930000000.0,1.958,34.314,-2031000000.0,2485000000.0,2485000000.0,154174000000.0,5043000000.0,1.049,1.663,25789000000.0,2403000000.0,23386000000.0,25789000000.0,0.0,2485000000.0,0.0,0.024,1.925,9209000000.0,11694000000.0,0.064,11694000000.0,9209000000.0,8203000000.0,4.84,4.82,4.84,34863000000.0,34918000000.0,34863000000.0,107337043681.0,12.0,9.179,8233000000.0,8.103,1.0,28197000000.0,0.155,51472000000.0,1006000000.0,36172000000.0,38645750000.0,14147000000.0,75000000.0,75000000.0,0.0,57985000000.0,28513000000.0,29472000000.0,82667043681.0,337000000.0,-652000000.0,-4489000000.0,-988000000.0,-1995000000.0,-7542000000.0,-2385000000.0,261000000.0,10264000000.0,0.0,5042000000.0,5042000000.0,5042000000.0,8000000.0,1000000.0,0.028,18951000000.0,9246000000.0,17706000000.0,0.398,2.371,16.396,16.802,9914000000.0,0.0,81.32,0.453,0.453,12440000000.0,40779000000.0,182371000000.0,182371000000.0,0.0,0.054,0.144,0.238,0.05,229000000.0,18633000000.0,1.0,1016564728.0,1016000000,1020000000.0,179.499,41381000000.0,0.0,3161000000.0,4442000000.0,40.729,1410000000.0
16,CVS,MRT,2017-06-30,2017-06-30,2017-06-30,2021-09-07,-306000000.0,92525000000.0,93453250000.0,29404000000.0,63121000000.0,1.935,33.505,-2008000000.0,2094000000.0,2094000000.0,152233000000.0,5299000000.0,1.095,1.71,26764000000.0,1142000000.0,25622000000.0,26764000000.0,0.0,2481000000.0,0.0,0.023,1.85,9616000000.0,12097000000.0,0.067,12097000000.0,9616000000.0,8602000000.0,5.02,4.99,5.02,34142000000.0,35189500000.0,34142000000.0,107188277723.0,11.0,8.861,9579000000.0,9.4,1.0,28572000000.0,0.158,51484000000.0,1014000000.0,38854000000.0,39647250000.0,14271000000.0,75000000.0,75000000.0,0.0,58378000000.0,26857000000.0,31521000000.0,81972277723.0,1007000000.0,-631000000.0,-4170000000.0,-2009000000.0,-1939000000.0,-8207000000.0,-2373000000.0,229000000.0,11587000000.0,0.0,5297000000.0,5297000000.0,5297000000.0,9000000.0,2000000.0,0.029,18816000000.0,9756000000.0,17582000000.0,0.369,2.401,15.475,16.028,10073000000.0,0.0,80.46,0.453,0.453,12274000000.0,40005000000.0,180805000000.0,180805000000.0,0.0,0.057,0.151,0.243,0.053,223000000.0,18683000000.0,1.0,1018795398.0,1019000000,1024000000.0,177.434,41041000000.0,0.0,3305000000.0,4210000000.0,40.276,2547000000.0
17,CVS,MRT,2017-03-31,2017-03-31,2017-03-31,2021-09-07,-296000000.0,92670000000.0,93509000000.0,29457000000.0,63213000000.0,1.913,32.851,-2080000000.0,2217000000.0,2217000000.0,150184000000.0,5125000000.0,1.079,1.739,27433000000.0,1811000000.0,25622000000.0,27433000000.0,0.0,2477000000.0,0.0,0.023,1.775,9313000000.0,11790000000.0,0.066,11790000000.0,9313000000.0,8266000000.0,4.81,4.78,4.81,33837000000.0,35344000000.0,33837000000.0,104677418992.0,11.0,8.878,9155000000.0,8.888,1.0,28661000000.0,0.16,51653000000.0,1047000000.0,38945000000.0,40398500000.0,14306000000.0,85000000.0,85000000.0,0.0,58828000000.0,27288000000.0,31540000000.0,80517418992.0,455000000.0,-566000000.0,-5703000000.0,-720000000.0,-1886000000.0,-8407000000.0,-2374000000.0,235000000.0,11235000000.0,1000000.0,5123000000.0,5123000000.0,5123000000.0,10000000.0,2000000.0,0.029,18665000000.0,9996000000.0,16797000000.0,0.369,2.38,15.717,16.32,10057000000.0,0.0,78.5,0.45,0.452,12114000000.0,39419000000.0,178845000000.0,178845000000.0,0.0,0.055,0.145,0.231,0.052,220000000.0,18667000000.0,1.0,1025699605.0,1030000000,1035000000.0,173.636,41017000000.0,0.0,3143000000.0,4214000000.0,39.822,2169000000.0
18,CVS,MRT,2016-12-31,2016-12-31,2016-12-31,2021-09-07,-305000000.0,94462000000.0,93500000000.0,31042000000.0,63420000000.0,1.899,34.324,-2224000000.0,3371000000.0,3371000000.0,148712000000.0,5319000000.0,1.183,1.565,27531000000.0,1916000000.0,25615000000.0,27531000000.0,0.0,2475000000.0,0.0,0.022,1.7,9712000000.0,12187000000.0,0.069,12187000000.0,9712000000.0,8634000000.0,4.93,4.9,4.93,36830000000.0,35891000000.0,36830000000.0,108696715220.0,11.0,8.919,7917000000.0,7.378,1.0,28834000000.0,0.162,51760000000.0,1078000000.0,40612000000.0,41142750000.0,14760000000.0,87000000.0,87000000.0,0.0,57628000000.0,26250000000.0,31378000000.0,84152715220.0,912000000.0,-524000000.0,-4165000000.0,-614000000.0,-1840000000.0,-6761000000.0,-2470000000.0,241000000.0,10141000000.0,2000000.0,5317000000.0,5317000000.0,5317000000.0,1000000.0,2000000.0,0.03,18448000000.0,10386000000.0,17397000000.0,0.345,2.285,15.827,16.006,10175000000.0,0.0,78.91,0.474,0.477,12164000000.0,38983000000.0,177546000000.0,177546000000.0,0.0,0.057,0.148,0.236,0.055,222000000.0,18448000000.0,1.0,1066439174.0,1073000000,1079000000.0,165.467,42702000000.0,0.0,3317000000.0,4214000000.0,39.797,4792000000.0
19,CVS,MRT,2016-09-30,2016-09-30,2016-09-30,2021-09-07,-319000000.0,94156000000.0,92993750000.0,30939000000.0,63217000000.0,1.857,33.66,-2455000000.0,2189000000.0,2189000000.0,144149000000.0,5111000000.0,1.157,1.619,26733000000.0,1123000000.0,25610000000.0,26733000000.0,0.0,2429000000.0,0.0,0.018,1.625,9424000000.0,11853000000.0,0.069,11853000000.0,9424000000.0,8332000000.0,4.68,4.67,4.68,35949000000.0,35982500000.0,35949000000.0,122391471960.0,13.0,10.326,9263000000.0,8.673,1.0,28552000000.0,0.165,51781000000.0,1092000000.0,40178000000.0,41562000000.0,14348000000.0,74000000.0,74000000.0,0.0,58202000000.0,26741000000.0,31461000000.0,94882471960.0,-701000000.0,-2305000000.0,-4768000000.0,-1397000000.0,-1775000000.0,-8337000000.0,-4072000000.0,688000000.0,11718000000.0,-10000000.0,5108000000.0,5108000000.0,5108000000.0,2000000.0,3000000.0,0.03,18480000000.0,10072000000.0,16762000000.0,0.347,2.639,18.575,19.015,9901000000.0,0.0,88.99,0.549,0.55,13625000000.0,37732000000.0,172701000000.0,172701000000.0,0.0,0.055,0.142,0.227,0.055,221000000.0,18436000000.0,1.0,1066214990.0,1068000000,1073000000.0,161.705,42375000000.0,0.0,3224000000.0,4254000000.0,39.677,4198000000.0
20,CVS,MRT,2016-06-30,2016-06-30,2016-06-30,2021-09-07,-317000000.0,92748000000.0,92545250000.0,29448000000.0,63300000000.0,1.802,32.486,-2495000000.0,1127000000.0,1127000000.0,139009000000.0,4817000000.0,1.108,1.668,28636000000.0,3036000000.0,25600000000.0,28636000000.0,0.0,2350000000.0,0.0,0.016,1.55,9050000000.0,11400000000.0,0.068,11400000000.0,9050000000.0,7950000000.0,4.35,4.35,4.35,34760000000.0,36288750000.0,34760000000.0,128516875088.0,14.0,11.273,7109000000.0,6.644,1.0,27721000000.0,0.166,51829000000.0,1100000000.0,41859000000.0,42672750000.0,14177000000.0,80000000.0,80000000.0,0.0,57982000000.0,26569000000.0,31413000000.0,102826875088.0,-117000000.0,-11531000000.0,-5683000000.0,11586000000.0,-1711000000.0,3857000000.0,-13561000000.0,465000000.0,9604000000.0,-17000000.0,4814000000.0,4814000000.0,4814000000.0,-9000000.0,3000000.0,0.029,18135000000.0,9586000000.0,16289000000.0,0.356,2.958,21.36,22.009,9981000000.0,0.0,95.74,0.617,0.614,13183000000.0,36647000000.0,166730000000.0,166730000000.0,0.0,0.052,0.133,0.212,0.054,249000000.0,18098000000.0,1.0,1074022092.0,1070000000,1075000000.0,155.822,40919000000.0,0.0,3136000000.0,4260000000.0,38.242,2879000000.0
21,CVS,MRT,2016-03-31,2016-03-31,2016-03-31,2021-09-07,-339000000.0,92634000000.0,88025250000.0,29413000000.0,63221000000.0,1.82,32.99,-2517000000.0,1779000000.0,1779000000.0,133066000000.0,5165000000.0,1.199,1.571,27469000000.0,1202000000.0,26267000000.0,27469000000.0,0.0,2219000000.0,0.0,0.014,1.475,9504000000.0,11723000000.0,0.073,11723000000.0,9504000000.0,8518000000.0,4.62,4.61,4.62,36025000000.0,36880500000.0,36025000000.0,138951454315.0,15.0,11.853,6477000000.0,5.931,1.0,27108000000.0,0.169,51865000000.0,986000000.0,41922000000.0,39302500000.0,13912000000.0,85000000.0,85000000.0,0.0,56603000000.0,24537000000.0,32066000000.0,113946454315.0,261000000.0,-11465000000.0,-4720000000.0,11403000000.0,-1647000000.0,4798000000.0,-13509000000.0,473000000.0,8994000000.0,-22000000.0,5162000000.0,5162000000.0,5162000000.0,-9000000.0,3000000.0,0.032,17610000000.0,9498000000.0,15891000000.0,0.319,3.163,22.074,22.452,9862000000.0,0.0,103.73,0.711,0.707,13025000000.0,36182000000.0,160174000000.0,160174000000.0,0.0,0.059,0.14,0.242,0.059,243000000.0,17580000000.0,1.0,1098490835.0,1092000000,1099000000.0,146.679,40769000000.0,0.0,3356000000.0,4232000000.0,37.334,4876000000.0
22,CVS,MRT,2015-12-31,2015-12-31,2015-12-31,2021-09-07,-358000000.0,92437000000.0,83349250000.0,29158000000.0,63279000000.0,1.839,33.27,-2332000000.0,2459000000.0,2459000000.0,126762000000.0,5239000000.0,1.258,1.485,27464000000.0,1197000000.0,26267000000.0,27464000000.0,0.0,2092000000.0,0.0,0.014,1.4,9461000000.0,11553000000.0,0.075,11553000000.0,9461000000.0,8623000000.0,4.66,4.63,4.66,37196000000.0,37121750000.0,37196000000.0,132594395702.0,14.0,11.477,6207000000.0,5.552,1.0,26528000000.0,0.173,51984000000.0,838000000.0,42289000000.0,35716750000.0,14001000000.0,88000000.0,88000000.0,0.0,55234000000.0,23169000000.0,32065000000.0,108262395702.0,-22000000.0,-11475000000.0,-4639000000.0,11218000000.0,-1576000000.0,4879000000.0,-13420000000.0,387000000.0,8539000000.0,-20000000.0,5237000000.0,5237000000.0,5237000000.0,-9000000.0,2000000.0,0.034,17074000000.0,9454000000.0,15143000000.0,0.3,2.911,20.673,20.981,9855000000.0,0.0,97.77,0.706,0.713,11888000000.0,35506000000.0,153290000000.0,153290000000.0,0.0,0.063,0.141,0.265,0.062,230000000.0,17053000000.0,1.0,1107317129.0,1118000000,1126000000.0,137.111,40453000000.0,0.0,3386000000.0,4217000000.0,36.183,5989000000.0
23,CVS,MRT,2015-09-30,2015-09-30,2015-09-30,2021-09-07,-316000000.0,92362000000.0,78786750000.0,30753000000.0,61609000000.0,1.894,33.37,-2159000000.0,2890000000.0,2890000000.0,123340000000.0,5061000000.0,1.435,1.484,27222000000.0,451000000.0,26771000000.0,27222000000.0,0.0,1999000000.0,0.0,0.014,1.325,9054000000.0,11053000000.0,0.074,11053000000.0,9054000000.0,8362000000.0,4.46,4.44,4.46,37174000000.0,37312250000.0,37174000000.0,119426628094.0,13.0,10.805,6105000000.0,5.48,1.0,25860000000.0,0.173,50639000000.0,692000000.0,44621000000.0,32057750000.0,13282000000.0,121000000.0,121000000.0,0.0,55182000000.0,21434000000.0,33748000000.0,107525628094.0,1758000000.0,-9550000000.0,-4751000000.0,11121000000.0,-1502000000.0,5015000000.0,-11511000000.0,198000000.0,8264000000.0,-10000000.0,5060000000.0,5060000000.0,5060000000.0,-9000000.0,1000000.0,0.034,16814000000.0,9046000000.0,14347000000.0,0.297,2.892,21.25,21.632,9494000000.0,0.0,96.48,0.721,0.72,12804000000.0,34398000000.0,149200000000.0,149200000000.0,0.0,0.064,0.136,0.282,0.061,219000000.0,16814000000.0,1.0,1114486195.0,1114000000,1121000000.0,133.932,41723000000.0,1077000000.0,3302000000.0,5449000000.0,37.453,9319000000.0
24,CVS,MRT,2015-06-30,2015-06-30,2015-06-30,2021-09-07,-255000000.0,74668000000.0,74090250000.0,26401000000.0,48267000000.0,1.965,33.031,-2169000000.0,1244000000.0,1244000000.0,119910000000.0,4762000000.0,1.295,1.011,13145000000.0,1512000000.0,11633000000.0,13145000000.0,0.0,1944000000.0,0.0,0.012,1.25,8439000000.0,10383000000.0,0.071,10383000000.0,8439000000.0,7855000000.0,4.17,4.14,4.17,37127000000.0,37544750000.0,37127000000.0,129583331577.0,15.0,12.48,5920000000.0,5.267,1.0,25667000000.0,0.176,37805000000.0,584000000.0,28378000000.0,28223000000.0,12384000000.0,160000000.0,160000000.0,0.0,37535000000.0,20386000000.0,17149000000.0,118339331577.0,-368000000.0,-303000000.0,-4568000000.0,-638000000.0,-1435000000.0,-6503000000.0,-1950000000.0,522000000.0,8089000000.0,-4000000.0,4762000000.0,4762000000.0,4762000000.0,1000000.0,0.0,0.033,16706000000.0,8961000000.0,13331000000.0,0.3,3.187,24.851,25.151,9019000000.0,0.0,104.88,0.813,0.81,10892000000.0,33544000000.0,145577000000.0,145577000000.0,0.0,0.064,0.127,0.299,0.058,176000000.0,16706000000.0,1.0,1128330774.0,1124000000,1132000000.0,129.517,36863000000.0,989000000.0,3093000000.0,4026000000.0,32.796,6015000000.0
25,CVS,MRT,2015-03-31,2015-03-31,2015-03-31,2021-09-07,-264000000.0,73930000000.0,73571500000.0,25622000000.0,48308000000.0,1.944,32.793,-2153000000.0,1518000000.0,1518000000.0,117421000000.0,4736000000.0,1.3,0.999,12762000000.0,1073000000.0,11689000000.0,12762000000.0,0.0,1944000000.0,0.0,0.011,1.175,8385000000.0,10329000000.0,0.072,10329000000.0,8385000000.0,7809000000.0,4.11,4.08,4.11,36990000000.0,37795500000.0,36990000000.0,126611335192.0,15.0,12.258,5796000000.0,5.138,1.0,25589000000.0,0.179,37882000000.0,576000000.0,27579000000.0,28551250000.0,12231000000.0,116000000.0,116000000.0,0.0,36935000000.0,19713000000.0,17222000000.0,116137335192.0,-1248000000.0,-306000000.0,-4814000000.0,-1117000000.0,-1362000000.0,-7165000000.0,-2029000000.0,430000000.0,7949000000.0,-3000000.0,4736000000.0,4736000000.0,4736000000.0,1000000.0,0.0,0.033,16682000000.0,8907000000.0,12704000000.0,0.286,3.14,24.522,25.112,8871000000.0,0.0,103.21,0.812,0.814,10162000000.0,32667000000.0,143010000000.0,143010000000.0,0.0,0.064,0.125,0.294,0.059,174000000.0,16682000000.0,1.0,1125252739.0,1128000000,1136000000.0,126.782,36048000000.0,1001000000.0,3073000000.0,4020000000.0,31.957,5909000000.0
26,CVS,MRT,2014-12-31,2014-12-31,2014-12-31,2021-09-07,-217000000.0,74187000000.0,73294500000.0,25983000000.0,48204000000.0,1.901,32.694,-2125000000.0,2481000000.0,2481000000.0,114000000000.0,4644000000.0,1.366,0.954,12890000000.0,1260000000.0,11630000000.0,12890000000.0,0.0,1931000000.0,0.0,0.011,1.1,8277000000.0,10208000000.0,0.073,10208000000.0,8277000000.0,7677000000.0,3.98,3.96,3.98,37958000000.0,38100500000.0,37958000000.0,122332192670.0,15.0,11.984,6012000000.0,5.178,1.0,25367000000.0,0.182,37916000000.0,600000000.0,27653000000.0,28938500000.0,11930000000.0,34000000.0,34000000.0,0.0,36224000000.0,19027000000.0,17197000000.0,110408192670.0,-1608000000.0,-2439000000.0,-3580000000.0,-932000000.0,-1288000000.0,-5694000000.0,-4045000000.0,519000000.0,8137000000.0,-6000000.0,4644000000.0,4644000000.0,4644000000.0,1000000.0,0.0,0.033,16568000000.0,8799000000.0,11951000000.0,0.276,2.909,23.774,24.198,8843000000.0,0.0,96.31,0.792,0.802,9687000000.0,31849000000.0,139367000000.0,139367000000.0,0.0,0.063,0.122,0.286,0.059,165000000.0,16568000000.0,1.0,1146383477.0,1161000000,1169000000.0,120.04,36271000000.0,985000000.0,3033000000.0,4036000000.0,31.241,6956000000.0
27,CVS,MRT,2014-09-30,2014-09-30,2014-09-30,2021-09-07,-160000000.0,73576000000.0,72629250000.0,25337000000.0,48239000000.0,1.861,32.933,-2041000000.0,1132000000.0,1132000000.0,110069000000.0,4588000000.0,1.391,0.931,13056000000.0,1347000000.0,11709000000.0,13056000000.0,0.0,1900000000.0,0.0,0.013,1.05,8173000000.0,10073000000.0,0.075,10073000000.0,8173000000.0,7569000000.0,3.91,3.86,3.91,38104000000.0,38095500000.0,38104000000.0,103934257254.0,13.0,10.318,4211000000.0,3.64,1.0,25073000000.0,0.186,38005000000.0,604000000.0,29282000000.0,29361000000.0,11613000000.0,78000000.0,78000000.0,0.0,35467000000.0,18213000000.0,17254000000.0,92175257254.0,-373000000.0,-2453000000.0,-4058000000.0,2322000000.0,-1239000000.0,-2872000000.0,-3747000000.0,747000000.0,6252000000.0,-6000000.0,4588000000.0,4588000000.0,4588000000.0,1000000.0,0.0,0.034,16378000000.0,8695000000.0,11433000000.0,0.269,2.419,20.091,20.355,8694000000.0,0.0,79.59,0.682,0.681,10828000000.0,30845000000.0,135142000000.0,135142000000.0,0.0,0.063,0.12,0.278,0.06,161000000.0,16378000000.0,1.0,1158126112.0,1157000000,1164000000.0,116.804,35571000000.0,1042000000.0,2981000000.0,4051000000.0,30.744,7124000000.0
28,CVS,MRT,2014-06-30,2014-06-30,2014-06-30,2021-09-07,-132000000.0,72593000000.0,71186500000.0,24138000000.0,48455000000.0,1.855,32.73,-2021000000.0,1612000000.0,1612000000.0,107421000000.0,4889000000.0,1.452,0.904,13371000000.0,1119000000.0,12252000000.0,13371000000.0,0.0,1884000000.0,0.0,0.013,1.0,8596000000.0,10480000000.0,0.079,10480000000.0,8596000000.0,8023000000.0,4.12,4.07,4.12,38130000000.0,38203000000.0,38130000000.0,98768869848.0,11.0,9.425,4289000000.0,3.682,1.0,24632000000.0,0.187,38032000000.0,573000000.0,29691000000.0,28358000000.0,11360000000.0,100000000.0,100000000.0,0.0,34461000000.0,16629000000.0,17832000000.0,88124869848.0,438000000.0,-2363000000.0,-4772000000.0,3923000000.0,-1191000000.0,-1947000000.0,-3927000000.0,457000000.0,6310000000.0,2000000.0,4889000000.0,4889000000.0,4889000000.0,7000000.0,0.0,0.037,16029000000.0,8603000000.0,10698000000.0,0.243,2.311,18.025,18.294,8820000000.0,0.0,75.37,0.667,0.665,9533000000.0,30221000000.0,132053000000.0,132053000000.0,0.0,0.069,0.128,0.303,0.065,152000000.0,16029000000.0,1.0,1169230063.0,1165000000,1174000000.0,113.35,34561000000.0,979000000.0,3134000000.0,4091000000.0,29.666,7509000000.0
29,CVS,MRT,2014-03-31,2014-03-31,2014-03-31,2021-09-07,-139000000.0,72822000000.0,69609250000.0,24460000000.0,48362000000.0,1.849,32.381,-2000000000.0,2766000000.0,2766000000.0,104550000000.0,4767000000.0,1.509,0.906,13410000000.0,565000000.0,12845000000.0,13410000000.0,0.0,1845000000.0,0.0,0.013,0.95,8359000000.0,10204000000.0,0.079,10204000000.0,8359000000.0,7818000000.0,3.97,3.92,3.97,38210000000.0,38397000000.0,38210000000.0,97829496898.0,12.0,9.587,4315000000.0,3.657,1.0,24149000000.0,0.188,38125000000.0,541000000.0,29128000000.0,27331500000.0,11188000000.0,82000000.0,82000000.0,0.0,34610000000.0,16213000000.0,18397000000.0,88516496898.0,1215000000.0,-2355000000.0,-3880000000.0,3664000000.0,-1145000000.0,-1275000000.0,-3828000000.0,527000000.0,6315000000.0,3000000.0,4767000000.0,4767000000.0,4767000000.0,8000000.0,0.0,0.037,15782000000.0,8367000000.0,10516000000.0,0.239,2.317,18.569,18.856,8676000000.0,0.0,74.86,0.688,0.686,9086000000.0,29297000000.0,128699000000.0,128699000000.0,0.0,0.068,0.124,0.306,0.065,142000000.0,15782000000.0,1.0,1182427156.0,1180000000,1190000000.0,109.067,34697000000.0,929000000.0,3051000000.0,4053000000.0,29.404,8247000000.0
30,CVS,MRT,2013-12-31,2013-12-31,2013-12-31,2021-09-07,-149000000.0,71526000000.0,67920750000.0,25325000000.0,46201000000.0,1.866,31.173,-1930000000.0,4089000000.0,4089000000.0,102978000000.0,4592000000.0,1.642,0.885,13402000000.0,561000000.0,12841000000.0,13402000000.0,0.0,1870000000.0,0.0,0.013,0.9,8029000000.0,9899000000.0,0.078,9899000000.0,8029000000.0,7520000000.0,3.77,3.74,3.77,37938000000.0,38396750000.0,37938000000.0,93886490732.0,12.0,9.484,3853000000.0,3.166,1.0,23783000000.0,0.188,36071000000.0,509000000.0,29343000000.0,26217750000.0,11045000000.0,88000000.0,88000000.0,0.0,33588000000.0,15425000000.0,18163000000.0,85186490732.0,2714000000.0,-415000000.0,-3476000000.0,3274000000.0,-1097000000.0,-1237000000.0,-1835000000.0,510000000.0,5783000000.0,3000000.0,4592000000.0,4592000000.0,4592000000.0,8000000.0,0.0,0.036,15746000000.0,8037000000.0,10096000000.0,0.239,2.245,18.551,18.984,8615000000.0,0.0,71.57,0.672,0.687,8729000000.0,28493000000.0,126761000000.0,126761000000.0,0.0,0.068,0.12,0.306,0.063,141000000.0,15746000000.0,1.0,1190254167.0,1217000000,1226000000.0,104.159,35455000000.0,902000000.0,2928000000.0,3901000000.0,29.133,9900000000.0
31,CVS,MRT,2013-09-30,2013-09-30,2013-09-30,2021-09-07,-194000000.0,67805000000.0,66594500000.0,21432000000.0,46373000000.0,1.882,31.637,-2010000000.0,1505000000.0,1505000000.0,101588000000.0,4443000000.0,1.42,0.76,10205000000.0,1386000000.0,8819000000.0,10205000000.0,0.0,1868000000.0,0.0,0.015,0.838,7750000000.0,9618000000.0,0.077,9618000000.0,7750000000.0,7216000000.0,3.61,3.58,3.61,38534000000.0,38325500000.0,38534000000.0,77911964472.0,10.0,8.101,3966000000.0,3.256,1.0,23724000000.0,0.189,36137000000.0,534000000.0,25270000000.0,24976000000.0,10825000000.0,108000000.0,108000000.0,0.0,29271000000.0,15098000000.0,14173000000.0,69709964472.0,272000000.0,-429000000.0,-2011000000.0,-434000000.0,-1031000000.0,-3421000000.0,-2288000000.0,151000000.0,5976000000.0,5000000.0,4443000000.0,4443000000.0,4443000000.0,7000000.0,0.0,0.035,15619000000.0,8105000000.0,9772000000.0,0.232,1.809,15.69,15.72,8749000000.0,0.0,56.75,0.556,0.552,8035000000.0,27551000000.0,125312000000.0,125312000000.0,0.0,0.067,0.116,0.31,0.062,136000000.0,15619000000.0,1.0,1228369418.0,1218000000,1226000000.0,102.883,31668000000.0,558000000.0,2773000000.0,3791000000.0,26.0,6334000000.0
32,CVS,MRT,2013-06-30,2013-06-30,2013-06-30,2021-09-07,-198000000.0,66284000000.0,65842250000.0,19869000000.0,46415000000.0,1.877,31.708,-1982000000.0,1174000000.0,1174000000.0,100263000000.0,4200000000.0,1.566,0.704,9376000000.0,18000000.0,9358000000.0,9376000000.0,0.0,1850000000.0,0.0,0.014,0.775,7411000000.0,9261000000.0,0.075,9261000000.0,7411000000.0,6865000000.0,3.38,3.35,3.38,38906000000.0,37921000000.0,38906000000.0,78123773728.0,11.0,8.436,3214000000.0,2.619,1.0,23344000000.0,0.189,36211000000.0,546000000.0,25585000000.0,24687750000.0,10578000000.0,5000000.0,5000000.0,0.0,27378000000.0,12690000000.0,14688000000.0,70010773728.0,-649000000.0,-404000000.0,-2453000000.0,-625000000.0,-962000000.0,-3986000000.0,-1857000000.0,529000000.0,5196000000.0,-2000000.0,4200000000.0,4200000000.0,4200000000.0,6000000.0,0.0,0.034,15579000000.0,7765000000.0,9171000000.0,0.229,1.799,16.669,16.917,8708000000.0,0.0,57.18,0.566,0.568,7093000000.0,26573000000.0,123607000000.0,123607000000.0,0.0,0.064,0.111,0.3,0.06,134000000.0,15579000000.0,1.0,1224392685.0,1227000000,1236000000.0,100.739,30073000000.0,606000000.0,2665000000.0,3796000000.0,24.509,7179000000.0
33,CVS,MRT,2013-03-31,2013-03-31,2013-03-31,2021-09-07,-182000000.0,66068000000.0,65668500000.0,19727000000.0,46341000000.0,1.874,31.014,-1944000000.0,1551000000.0,1551000000.0,100121000000.0,4041000000.0,1.495,0.729,9664000000.0,312000000.0,9352000000.0,9664000000.0,0.0,1832000000.0,0.0,0.013,0.713,7148000000.0,8980000000.0,0.073,8980000000.0,7148000000.0,6596000000.0,3.22,3.19,3.22,38209000000.0,37672750000.0,38209000000.0,76156374337.0,11.0,8.481,3581000000.0,2.907,1.0,22952000000.0,0.186,36313000000.0,552000000.0,24673000000.0,24223250000.0,10592000000.0,5000000.0,5000000.0,0.0,27859000000.0,13195000000.0,14664000000.0,67703374337.0,-660000000.0,-558000000.0,-3205000000.0,-127000000.0,-895000000.0,-4212000000.0,-1973000000.0,529000000.0,5525000000.0,0.0,4042000000.0,4042000000.0,4042000000.0,6000000.0,-1000000.0,0.033,15451000000.0,7501000000.0,9360000000.0,0.221,1.772,16.75,17.078,8556000000.0,0.0,54.99,0.55,0.55,6635000000.0,25728000000.0,123073000000.0,123073000000.0,0.0,0.062,0.107,0.295,0.058,130000000.0,15451000000.0,1.0,1231194296.0,1232000000,1241000000.0,99.897,29755000000.0,604000000.0,2554000000.0,3774000000.0,24.152,6532000000.0
34,CVS,MRT,2012-12-31,2012-12-31,2012-12-31,2021-09-07,-181000000.0,66221000000.0,65653000000.0,20161000000.0,46060000000.0,1.875,29.625,-2007000000.0,1375000000.0,1375000000.0,100632000000.0,3862000000.0,1.425,0.759,9828000000.0,695000000.0,9133000000.0,9828000000.0,0.0,1753000000.0,0.0,0.013,0.65,6857000000.0,8610000000.0,0.07,8610000000.0,6857000000.0,6300000000.0,3.04,3.01,3.04,37653000000.0,37633750000.0,37653000000.0,69084586581.0,10.0,8.024,4664000000.0,3.67,1.0,22488000000.0,0.183,36148000000.0,557000000.0,24376000000.0,23896000000.0,11032000000.0,5000000.0,5000000.0,0.0,28568000000.0,14150000000.0,14418000000.0,60277586581.0,-38000000.0,-371000000.0,-3494000000.0,-539000000.0,-829000000.0,-4860000000.0,-1849000000.0,529000000.0,6671000000.0,0.0,3864000000.0,3864000000.0,3864000000.0,7000000.0,-2000000.0,0.031,15278000000.0,7210000000.0,9044000000.0,0.214,1.601,15.6,15.905,8632000000.0,0.0,48.35,0.49,0.499,6479000000.0,24998000000.0,123120000000.0,123120000000.0,0.0,0.059,0.103,0.287,0.056,132000000.0,15278000000.0,1.0,1246692587.0,1271000000,1280000000.0,96.869,30073000000.0,693000000.0,2436000000.0,3784000000.0,23.661,6011000000.0
35,CVS,MRT,2012-09-30,2012-09-30,2012-09-30,2021-09-07,-170000000.0,64796000000.0,65233500000.0,18879000000.0,45917000000.0,1.84,29.183,-2015000000.0,1233000000.0,1233000000.0,98271000000.0,3810000000.0,1.423,0.755,10040000000.0,830000000.0,9210000000.0,10040000000.0,0.0,1693000000.0,0.0,0.013,0.613,6844000000.0,8537000000.0,0.071,8537000000.0,6844000000.0,6299000000.0,2.97,2.93,2.97,36916000000.0,37733250000.0,36916000000.0,69191661068.0,10.0,8.105,3746000000.0,2.961,1.0,21765000000.0,0.181,36223000000.0,545000000.0,24117000000.0,24017250000.0,10487000000.0,5000000.0,5000000.0,0.0,27880000000.0,13263000000.0,14617000000.0,61601661068.0,-474000000.0,-81000000.0,-3682000000.0,-734000000.0,-793000000.0,-5205000000.0,-1030000000.0,1066000000.0,5761000000.0,0.0,3813000000.0,3813000000.0,3813000000.0,43000000.0,-3000000.0,0.032,14881000000.0,6884000000.0,8815000000.0,0.206,1.669,16.156,16.303,8369000000.0,0.0,48.42,0.513,0.51,6407000000.0,24123000000.0,120036000000.0,120036000000.0,0.0,0.058,0.101,0.285,0.057,132000000.0,14881000000.0,1.0,1272235875.0,1265000000,1274000000.0,94.89,28573000000.0,535000000.0,2486000000.0,3894000000.0,22.587,5616000000.0
36,CVS,MRT,2012-06-30,2012-06-30,2012-06-30,2021-09-07,-171000000.0,65589000000.0,65347250000.0,19299000000.0,46290000000.0,1.783,29.666,-1976000000.0,1823000000.0,1823000000.0,95187000000.0,3671000000.0,1.469,0.73,9413000000.0,205000000.0,9208000000.0,9413000000.0,0.0,1657000000.0,0.0,0.012,0.575,6620000000.0,8277000000.0,0.071,8277000000.0,6620000000.0,6054000000.0,2.82,2.79,2.82,37913000000.0,37876000000.0,37913000000.0,66884610423.0,10.0,8.081,4824000000.0,3.775,1.0,21296000000.0,0.183,36316000000.0,566000000.0,23727000000.0,24365250000.0,10428000000.0,5000000.0,5000000.0,0.0,27676000000.0,13136000000.0,14540000000.0,59884610423.0,-405000000.0,-92000000.0,-3343000000.0,-1674000000.0,-753000000.0,-5776000000.0,-1429000000.0,639000000.0,6800000000.0,0.0,3675000000.0,3675000000.0,3675000000.0,38000000.0,-4000000.0,0.032,14642000000.0,6654000000.0,8551000000.0,0.204,1.58,16.295,16.571,8614000000.0,0.0,46.73,0.514,0.513,6124000000.0,23324000000.0,116483000000.0,116483000000.0,0.0,0.056,0.097,0.272,0.057,134000000.0,14642000000.0,1.0,1281502470.0,1278000000,1287000000.0,91.145,29273000000.0,535000000.0,2379000000.0,3894000000.0,22.905,6163000000.0
37,CVS,MRT,2012-03-31,2012-03-31,2012-03-31,2021-09-07,-171000000.0,66006000000.0,65321750000.0,19891000000.0,46115000000.0,1.717,29.294,-1947000000.0,2211000000.0,2211000000.0,91250000000.0,3521000000.0,1.483,0.735,9211000000.0,5000000.0,9206000000.0,9211000000.0,0.0,1617000000.0,0.0,0.012,0.537,6399000000.0,8016000000.0,0.071,8016000000.0,6399000000.0,5817000000.0,2.66,2.64,2.66,38053000000.0,37958750000.0,38053000000.0,66947559936.0,10.0,8.352,4829000000.0,3.717,1.0,20933000000.0,0.187,36230000000.0,582000000.0,23364000000.0,24901500000.0,10677000000.0,5000000.0,5000000.0,0.0,27953000000.0,13412000000.0,14541000000.0,58346559936.0,49000000.0,-1247000000.0,-2742000000.0,-710000000.0,-714000000.0,-4173000000.0,-2554000000.0,640000000.0,6776000000.0,0.0,3525000000.0,3525000000.0,3525000000.0,35000000.0,-4000000.0,0.031,14503000000.0,6430000000.0,8901000000.0,0.202,1.533,16.552,16.842,8517000000.0,0.0,44.8,0.52,0.519,6109000000.0,22566000000.0,112183000000.0,112183000000.0,0.0,0.054,0.093,0.257,0.057,135000000.0,14503000000.0,1.0,1302378570.0,1299000000,1309000000.0,86.361,29776000000.0,538000000.0,2292000000.0,3875000000.0,22.922,6479000000.0
38,CVS,MRT,2011-12-31,2011-12-31,2011-12-31,2021-09-07,-172000000.0,64543000000.0,64527250000.0,18594000000.0,45949000000.0,1.659,28.439,-1868000000.0,1413000000.0,1413000000.0,86518000000.0,3458000000.0,1.555,0.696,10014000000.0,806000000.0,9208000000.0,10014000000.0,0.0,1568000000.0,0.0,0.012,0.5,6304000000.0,7872000000.0,0.074,7872000000.0,6304000000.0,5720000000.0,2.59,2.57,2.59,38051000000.0,37925250000.0,38051000000.0,62141484001.0,10.0,7.894,3988000000.0,2.981,1.0,20562000000.0,0.192,36327000000.0,584000000.0,24861000000.0,24965000000.0,10046000000.0,5000000.0,5000000.0,0.0,26492000000.0,11956000000.0,14536000000.0,53080484001.0,-14000000.0,-1191000000.0,-2570000000.0,-209000000.0,-674000000.0,-3460000000.0,-2410000000.0,649000000.0,5856000000.0,0.0,3462000000.0,3462000000.0,3462000000.0,31000000.0,-4000000.0,0.032,14231000000.0,6331000000.0,7857000000.0,0.193,1.395,15.332,15.745,8467000000.0,0.0,40.78,0.496,0.51,6047000000.0,22090000000.0,107080000000.0,107080000000.0,0.0,0.054,0.091,0.253,0.059,135000000.0,14231000000.0,1.0,1301630309.0,1338000000,1347000000.0,80.03,28216000000.0,503000000.0,2258000000.0,3853000000.0,21.088,6638000000.0
39,CVS,MRT,2011-09-30,2011-09-30,2011-09-30,2021-09-07,-152000000.0,65251000000.0,63933750000.0,18938000000.0,46313000000.0,1.617,28.143,-1783000000.0,1707000000.0,1707000000.0,82912000000.0,3419000000.0,1.533,0.741,10768000000.0,601000000.0,10167000000.0,10768000000.0,0.0,1545000000.0,0.0,0.014,0.463,6148000000.0,7693000000.0,0.074,7693000000.0,6148000000.0,5574000000.0,2.53,2.52,2.53,37487000000.0,37837500000.0,37487000000.0,54029210702.0,9.0,7.023,5027000000.0,3.774,1.0,20460000000.0,0.198,36453000000.0,574000000.0,25509000000.0,24818750000.0,10379000000.0,5000000.0,5000000.0,0.0,27764000000.0,12350000000.0,15414000000.0,45173210702.0,728000000.0,-1425000000.0,-2098000000.0,-541000000.0,-627000000.0,-3267000000.0,-2815000000.0,393000000.0,6810000000.0,0.0,3423000000.0,3423000000.0,3423000000.0,-10000000.0,-4000000.0,0.033,14326000000.0,6134000000.0,7490000000.0,0.183,1.205,13.197,13.277,8642000000.0,0.0,33.59,0.437,0.433,5901000000.0,21192000000.0,103372000000.0,103372000000.0,0.0,0.054,0.09,0.248,0.059,138000000.0,14326000000.0,1.0,1344841045.0,1332000000,1340000000.0,77.607,28798000000.0,444000000.0,2151000000.0,3868000000.0,21.62,6588000000.0
40,CVS,MRT,2011-06-30,2011-06-30,2011-06-30,2021-09-07,-153000000.0,65487000000.0,63049250000.0,19065000000.0,46422000000.0,1.593,28.224,-1825000000.0,2228000000.0,2228000000.0,80112000000.0,3360000000.0,1.622,0.712,11084000000.0,916000000.0,10168000000.0,11084000000.0,0.0,1508000000.0,0.0,0.011,0.425,6035000000.0,7543000000.0,0.075,7543000000.0,6035000000.0,5479000000.0,2.47,2.46,2.47,38244000000.0,37625000000.0,38244000000.0,58569271874.0,10.0,7.765,4315000000.0,3.185,1.0,20297000000.0,0.202,36719000000.0,556000000.0,25872000000.0,24604500000.0,10111000000.0,5000000.0,5000000.0,0.0,27243000000.0,11752000000.0,15491000000.0,50956271874.0,1121000000.0,-1518000000.0,-567000000.0,-1043000000.0,-579000000.0,-2193000000.0,-2826000000.0,517000000.0,6140000000.0,0.0,3364000000.0,3364000000.0,3364000000.0,-3000000.0,-4000000.0,0.034,14269000000.0,6028000000.0,7507000000.0,0.172,1.332,15.148,15.215,8483000000.0,0.0,37.58,0.507,0.507,5892000000.0,20491000000.0,100409000000.0,100409000000.0,0.0,0.053,0.089,0.245,0.06,140000000.0,14269000000.0,1.0,1355941242.0,1355000000,1364000000.0,74.103,28768000000.0,502000000.0,2115000000.0,3948000000.0,21.231,7313000000.0
41,CVS,MRT,2011-03-31,2011-03-31,2011-03-31,2021-09-07,-143000000.0,62828000000.0,62058500000.0,18380000000.0,44448000000.0,1.579,27.841,-1879000000.0,2162000000.0,2162000000.0,77771000000.0,3366000000.0,1.603,0.657,9775000000.0,1106000000.0,8669000000.0,9775000000.0,0.0,1485000000.0,0.0,0.011,0.387,6048000000.0,7533000000.0,0.077,7533000000.0,6048000000.0,5505000000.0,2.48,2.46,2.48,37919000000.0,37032000000.0,37919000000.0,55585731680.0,9.0,7.379,3706000000.0,2.721,1.0,20231000000.0,0.206,35358000000.0,543000000.0,23618000000.0,24461000000.0,10181000000.0,6000000.0,6000000.0,0.0,24909000000.0,11465000000.0,13444000000.0,46955731680.0,1115000000.0,-179000000.0,-785000000.0,-1627000000.0,-528000000.0,-2928000000.0,-1542000000.0,516000000.0,5585000000.0,0.0,3369000000.0,3369000000.0,3369000000.0,0.0,-3000000.0,0.034,14186000000.0,6045000000.0,7130000000.0,0.156,1.238,13.938,13.839,8350000000.0,0.0,34.32,0.479,0.477,5348000000.0,19845000000.0,98002000000.0,98002000000.0,0.0,0.054,0.091,0.247,0.062,149000000.0,14186000000.0,1.0,1368174000.0,1362000000,1371000000.0,71.954,27470000000.0,509000000.0,2136000000.0,3710000000.0,20.169,6915000000.0
42,CVS,MRT,2010-12-31,2010-12-31,2010-12-31,2021-09-07,-143000000.0,62169000000.0,61672500000.0,17706000000.0,44463000000.0,1.553,27.579,-1971000000.0,1427000000.0,1427000000.0,75559000000.0,3424000000.0,1.599,0.649,10057000000.0,1405000000.0,8652000000.0,10057000000.0,0.0,1469000000.0,0.0,0.01,0.35,6142000000.0,7611000000.0,0.079,7611000000.0,6142000000.0,5606000000.0,2.51,2.49,2.51,37700000000.0,36475750000.0,37700000000.0,57407476000.0,9.0,7.543,2808000000.0,2.054,1.0,20219000000.0,0.211,35453000000.0,536000000.0,24276000000.0,24447000000.0,10695000000.0,4000000.0,4000000.0,0.0,24469000000.0,11070000000.0,13399000000.0,47245476000.0,341000000.0,-177000000.0,-1215000000.0,-1127000000.0,-479000000.0,-2798000000.0,-1640000000.0,508000000.0,4779000000.0,0.0,3427000000.0,3427000000.0,3427000000.0,-2000000.0,-3000000.0,0.036,14082000000.0,6137000000.0,6595000000.0,0.139,1.253,13.786,13.853,8322000000.0,0.0,34.77,0.493,0.496,4925000000.0,19303000000.0,95778000000.0,95778000000.0,0.0,0.056,0.094,0.251,0.064,150000000.0,14082000000.0,1.0,1358800000.0,1367000000,1377000000.0,70.064,26716000000.0,511000000.0,2179000000.0,3655000000.0,19.544,6636000000.0
43,CVS,MRT,2010-09-30,2010-09-30,2010-09-30,2021-09-07,-133000000.0,61713000000.0,61540500000.0,17339000000.0,44374000000.0,1.573,26.939,-2135000000.0,979000000.0,979000000.0,76459000000.0,3449000000.0,1.485,0.684,11141000000.0,2488000000.0,8653000000.0,11141000000.0,0.0,1448000000.0,0.0,0.011,0.339,6269000000.0,7717000000.0,0.08,7717000000.0,6269000000.0,5737000000.0,2.51,2.48,2.51,36637000000.0,35992750000.0,36637000000.0,53597120460.0,9.0,6.945,2674000000.0,1.966,1.0,20327000000.0,0.21,35549000000.0,532000000.0,24652000000.0,24283750000.0,10585000000.0,4000000.0,4000000.0,0.0,25076000000.0,11674000000.0,13402000000.0,42743120460.0,-151000000.0,-216000000.0,-2253000000.0,-828000000.0,-468000000.0,-3548000000.0,-1412000000.0,939000000.0,4809000000.0,0.0,3451000000.0,3451000000.0,3451000000.0,4000000.0,-2000000.0,0.036,14056000000.0,6271000000.0,6522000000.0,0.135,1.167,12.386,12.538,8356000000.0,0.0,31.47,0.442,0.442,5111000000.0,18396000000.0,96786000000.0,96786000000.0,0.0,0.056,0.096,0.258,0.065,164000000.0,14056000000.0,1.0,1358218000.0,1360000000,1368000000.0,71.166,26164000000.0,479000000.0,2286000000.0,3653000000.0,19.238,5665000000.0
44,CVS,MRT,2010-06-30,2010-06-30,2010-06-30,2021-09-07,-133000000.0,61524000000.0,61582075000.0,17270000000.0,44254000000.0,1.587,26.396,-2296000000.0,1107000000.0,1107000000.0,77393000000.0,3662000000.0,1.507,0.715,11961000000.0,2507000000.0,9454000000.0,11961000000.0,0.0,1379000000.0,0.0,0.011,0.327,6361000000.0,7740000000.0,0.079,7740000000.0,6361000000.0,5843000000.0,2.63,2.6,2.63,35872000000.0,35752225000.0,35872000000.0,50227118880.0,8.0,6.489,2128000000.0,1.566,1.0,20324000000.0,0.208,35621000000.0,518000000.0,25298000000.0,24166250000.0,10389000000.0,4000000.0,4000000.0,0.0,25652000000.0,11459000000.0,14193000000.0,39901118880.0,-118000000.0,-100000000.0,-3673000000.0,912000000.0,-459000000.0,-3201000000.0,-1341000000.0,1055000000.0,4424000000.0,0.0,3663000000.0,3663000000.0,3663000000.0,-1000000.0,-1000000.0,0.037,13965000000.0,6359000000.0,6349000000.0,0.124,1.112,10.893,11.148,8248000000.0,0.0,29.32,0.408,0.408,5101000000.0,17705000000.0,97717000000.0,97717000000.0,0.0,0.059,0.102,0.263,0.065,165000000.0,13965000000.0,1.0,1360884000.0,1359000000,1369000000.0,71.904,25903000000.0,498000000.0,2180000000.0,3633000000.0,19.06,5811000000.0
45,CVS,MRT,2010-03-31,2010-03-31,2010-03-31,2021-09-07,-130000000.0,61284000000.0,61460075000.0,17155000000.0,44129000000.0,1.604,25.753,-2450000000.0,1047000000.0,1047000000.0,78225000000.0,3727000000.0,1.391,0.717,11373000000.0,2919000000.0,8454000000.0,11373000000.0,0.0,1393000000.0,0.0,0.009,0.316,6458000000.0,7851000000.0,0.08,7851000000.0,6458000000.0,5947000000.0,2.63,2.6,2.63,35694000000.0,35822125000.0,35694000000.0,60926228400.0,9.0,7.76,1874000000.0,1.352,1.0,20356000000.0,0.206,35711000000.0,511000000.0,23562000000.0,23417525000.0,10275000000.0,4000000.0,4000000.0,0.0,25590000000.0,12337000000.0,13253000000.0,50837228400.0,50000000.0,-123000000.0,-3072000000.0,244000000.0,-451000000.0,-3253000000.0,-1021000000.0,1552000000.0,4324000000.0,0.0,3728000000.0,3728000000.0,3728000000.0,1000000.0,-1000000.0,0.038,13898000000.0,6458000000.0,6520000000.0,0.12,1.424,13.637,13.901,8044000000.0,0.0,36.56,0.516,0.514,5149000000.0,17004000000.0,98581000000.0,98581000000.0,0.0,0.061,0.104,0.276,0.066,180000000.0,13898000000.0,1.0,1390515000.0,1386000000,1396000000.0,71.126,25573000000.0,501000000.0,2219000000.0,3655000000.0,18.451,4818000000.0
46,CVS,MRT,2009-12-31,2009-12-31,2009-12-31,2021-09-07,-135000000.0,61641000000.0,61303100000.0,17537000000.0,44104000000.0,1.602,24.943,-2525000000.0,1086000000.0,1086000000.0,77857000000.0,3696000000.0,1.426,0.723,11175000000.0,2419000000.0,8756000000.0,11175000000.0,0.0,1389000000.0,0.0,0.009,0.305,6421000000.0,7810000000.0,0.08,7810000000.0,6421000000.0,5896000000.0,2.58,2.55,2.58,35768000000.0,35720925000.0,35768000000.0,56263090030.0,9.0,7.204,1510000000.0,1.053,1.0,20358000000.0,0.207,35807000000.0,525000000.0,23623000000.0,23384725000.0,10343000000.0,5000000.0,5000000.0,0.0,25873000000.0,12300000000.0,13573000000.0,45433590030.0,-266000000.0,-101000000.0,-2227000000.0,-582000000.0,-439000000.0,-3232000000.0,-1069000000.0,1557000000.0,4035000000.0,0.0,3696000000.0,3696000000.0,3696000000.0,4000000.0,0.0,0.038,13933000000.0,6425000000.0,6635000000.0,0.118,1.27,12.293,12.484,7923000000.0,0.0,32.21,0.463,0.47,5457000000.0,16355000000.0,98215000000.0,98215000000.0,0.0,0.06,0.103,0.275,0.065,165000000.0,13933000000.0,1.0,1410543000.0,1434000000,1450000000.0,68.49,25834000000.0,506000000.0,2200000000.0,3678000000.0,18.015,5237000000.0
47,CVS,MRT,2009-09-30,2009-09-30,2009-09-30,2021-09-07,-143700000.0,61879300000.0,61132850000.0,17397900000.0,44481400000.0,1.588,24.965,-2436400000.0,1130600000.0,1130600000.0,77014100000.0,3597700000.0,1.37,0.735,11960100000.0,3203900000.0,8756200000.0,11960100000.0,0.0,1390800000.0,0.0,0.008,0.298,6264100000.0,7654900000.0,0.079,7654900000.0,6264100000.0,5720400000.0,2.49,2.45,2.49,35674900000.0,35422425000.0,35674900000.0,61392611680.0,10.0,8.02,1562300000.0,1.093,1.0,20035200000.0,0.206,35826400000.0,543700000.0,24182000000.0,22961975000.0,9975900000.0,4700000.0,4700000.0,0.0,26204400000.0,12700400000.0,13504000000.0,51581111680.0,-151700000.0,-2666100000.0,-1288700000.0,1913000000.0,-443500000.0,201500000.0,-4351900000.0,750600000.0,3998700000.0,0.0,3597700000.0,3594300000.0,3594300000.0,10500000.0,0.0,0.037,13760600000.0,6274600000.0,6871000000.0,0.12,1.446,14.351,14.353,8277400000.0,3400000.0,35.74,0.531,0.526,5692900000.0,15412700000.0,97049300000.0,97049300000.0,0.0,0.059,0.101,0.273,0.065,137300000.0,13760600000.0,1.0,1443232000.0,1429000000,1445000000.0,67.914,26052900000.0,424300000.0,2122700000.0,3595500000.0,18.232,4697500000.0
48,CVS,MRT,2009-06-30,2009-06-30,2009-06-30,2021-09-07,-141000000.0,61036000000.0,59650900000.0,16771600000.0,44264400000.0,1.564,24.812,-2276700000.0,1225300000.0,1225300000.0,73846900000.0,3312700000.0,1.314,0.688,11036800000.0,3731600000.0,7305200000.0,11036800000.0,0.0,1400700000.0,0.0,0.009,0.29,6083500000.0,7484200000.0,0.08,7484200000.0,6083500000.0,5550100000.0,2.29,2.24,2.29,36151600000.0,34937650000.0,36151600000.0,56529127470.0,9.0,7.553,1601200000.0,1.099,1.0,19423800000.0,0.208,35780600000.0,533400000.0,22303100000.0,22014075000.0,9400500000.0,0.0,0.0,0.0,24884400000.0,12763800000.0,12120600000.0,46398927470.0,609900000.0,-2704500000.0,140100000.0,1343300000.0,-431900000.0,1057300000.0,-4325300000.0,655900000.0,3877900000.0,0.0,3312700000.0,3305800000.0,3305800000.0,91300000.0,0.0,0.035,13249000000.0,6174800000.0,6563200000.0,0.127,1.283,14.036,13.917,8119700000.0,6900000.0,31.87,0.497,0.498,5519800000.0,14501400000.0,93270700000.0,93270700000.0,0.0,0.055,0.095,0.276,0.065,105200000.0,13249000000.0,1.0,1455881000.0,1457000000,1472000000.0,64.016,25255400000.0,405200000.0,2237400000.0,3707100000.0,17.334,4007800000.0
49,CVS,MRT,2009-03-31,2009-03-31,2009-03-31,2021-09-07,-141900000.0,60656100000.0,58008650000.0,16088600000.0,44567500000.0,1.544,24.337,-2229500000.0,997400000.0,997400000.0,70795000000.0,3201500000.0,1.399,0.719,11127600000.0,2071300000.0,9056300000.0,11127600000.0,0.0,1328700000.0,0.0,0.01,0.274,5915900000.0,7244600000.0,0.081,7244600000.0,5915900000.0,5395800000.0,2.22,2.17,2.22,35289200000.0,34152300000.0,35289200000.0,50414307350.0,9.0,6.959,1747700000.0,1.205,1.0,18745000000.0,0.209,35856700000.0,520100000.0,23430800000.0,21493025000.0,9052400000.0,0.0,0.0,0.0,25366900000.0,11498800000.0,13868100000.0,40012107350.0,179400000.0,-2653900000.0,189900000.0,1070700000.0,-407100000.0,880400000.0,-4678200000.0,205200000.0,3977200000.0,0.0,3201500000.0,3191000000.0,3191000000.0,137000000.0,0.0,0.036,12692100000.0,6052900000.0,6500100000.0,0.123,1.134,12.539,12.383,8325400000.0,10500000.0,27.49,0.447,0.445,5358200000.0,13726500000.0,89540000000.0,89540000000.0,0.0,0.055,0.093,0.275,0.066,100800000.0,12692100000.0,1.0,1455515000.0,1450000000,1469000000.0,61.752,24799400000.0,419600000.0,2194300000.0,3703500000.0,17.103,4589800000.0
50,CVS,MRT,2008-12-31,2008-12-31,2008-12-31,2021-09-07,-143000000.0,60960000000.0,56486375000.0,16526000000.0,44434000000.0,1.549,24.11,-2161000000.0,1352000000.0,1352000000.0,69182000000.0,3212000000.0,1.225,0.763,11754000000.0,3697000000.0,8057000000.0,11754000000.0,0.0,1274000000.0,0.0,0.009,0.258,5914000000.0,7188000000.0,0.082,7188000000.0,5914000000.0,5405000000.0,2.23,2.18,2.23,34574000000.0,33367950000.0,34574000000.0,49721792720.0,8.0,6.917,1786000000.0,1.245,1.0,18290000000.0,0.209,35940000000.0,509000000.0,21932000000.0,20495450000.0,9153000000.0,0.0,0.0,0.0,26386000000.0,13490000000.0,12896000000.0,41277192720.0,296000000.0,-2651000000.0,305000000.0,954000000.0,-383000000.0,929000000.0,-4580000000.0,232000000.0,3947000000.0,0.0,3212000000.0,3198000000.0,3198000000.0,132000000.0,0.0,0.037,12244000000.0,6046000000.0,6615000000.0,0.116,1.194,12.907,12.888,8125000000.0,14000000.0,28.74,0.472,0.471,5384000000.0,13098000000.0,87472000000.0,87472000000.0,0.0,0.057,0.096,0.289,0.068,92000000.0,12244000000.0,1.0,1436228000.0,1434000000,1469000000.0,60.999,25020000000.0,435000000.0,2193000000.0,3702000000.0,17.448,3036000000.0
51,CVS,MRT,2008-09-30,2008-09-27,2008-09-27,2021-09-07,-47200000.0,55951500000.0,54926850000.0,14968800000.0,40982700000.0,1.552,23.501,-2040600000.0,1282300000.0,1282300000.0,67754700000.0,3074300000.0,1.515,0.659,9726900000.0,1679400000.0,8047500000.0,9726900000.0,0.0,1196700000.0,0.0,0.007,0.249,5659500000.0,6856200000.0,0.08,6856200000.0,5659500000.0,5163500000.0,2.14,2.1,2.14,33735800000.0,32554925000.0,33735800000.0,58962636320.0,10.0,8.6,1495000000.0,1.041,1.0,17517900000.0,0.205,34122200000.0,496000000.0,20390400000.0,19769700000.0,8345400000.0,0.0,0.0,0.0,22215700000.0,9883500000.0,12332200000.0,50202736320.0,555300000.0,-50700000.0,-2012300000.0,603800000.0,-372900000.0,-1676900000.0,-1303400000.0,787900000.0,3535600000.0,0.0,3074300000.0,3060100000.0,3060100000.0,131500000.0,0.0,0.036,11726900000.0,5791000000.0,5712600000.0,0.116,1.488,16.406,16.346,6489500000.0,14200000.0,34.98,0.589,0.589,4799500000.0,12245700000.0,85272600000.0,85272600000.0,0.0,0.056,0.094,0.286,0.066,86400000.0,11726900000.0,1.0,1435184000.0,1435500000,1469700000.0,59.403,21829300000.0,360200000.0,2089200000.0,3445600000.0,15.207,5085300000.0
52,CVS,MRT,2008-06-30,2008-06-28,2008-06-28,2021-09-07,-48000000.0,54467000000.0,54661875000.0,13605400000.0,40861600000.0,1.553,23.055,-1976400000.0,615700000.0,615700000.0,67591900000.0,3027800000.0,1.544,0.65,9375600000.0,1027300000.0,8348300000.0,9375600000.0,0.0,1187500000.0,0.0,0.006,0.24,5547200000.0,6734700000.0,0.079,6734700000.0,5547200000.0,5036400000.0,2.1,2.05,2.1,33010200000.0,32317400000.0,33010200000.0,65766363060.0,12.0,9.765,1218500000.0,0.851,1.0,17312500000.0,0.204,34197200000.0,510800000.0,20218900000.0,19554175000.0,8001400000.0,0.0,0.0,0.0,21456800000.0,8810800000.0,12646000000.0,56846363060.0,-196500000.0,-15200000.0,-1926200000.0,16600000.0,-362700000.0,-2152200000.0,-1239200000.0,752400000.0,3194900000.0,0.0,3027800000.0,3013700000.0,3013700000.0,48700000.0,0.0,0.035,11716600000.0,5595900000.0,5532600000.0,0.114,1.722,18.863,18.938,6305100000.0,14100000.0,39.77,0.67,0.671,4457700000.0,11608300000.0,84904400000.0,84904400000.0,0.0,0.055,0.093,0.284,0.065,92800000.0,11716600000.0,1.0,1429378000.0,1431800000,1468700000.0,59.299,20269800000.0,360400000.0,2008600000.0,3437700000.0,14.157,4794600000.0
53,CVS,MRT,2008-03-31,2008-03-29,2008-03-29,2021-09-07,-48900000.0,54567000000.0,54696650000.0,13914200000.0,40652800000.0,1.544,22.487,-1795800000.0,818200000.0,818200000.0,67369600000.0,2976600000.0,1.423,0.697,9738200000.0,1389200000.0,8349000000.0,9738200000.0,0.0,1185500000.0,0.0,0.006,0.24,5427600000.0,6613100000.0,0.078,6613100000.0,5427600000.0,4925600000.0,2.04,1.99,2.04,32151800000.0,32071075000.0,32151800000.0,67917557150.0,13.0,10.27,1467300000.0,1.026,1.0,17097800000.0,0.202,34266400000.0,502000000.0,19440500000.0,19205550000.0,7989300000.0,0.0,0.0,0.0,22415200000.0,9780100000.0,12635100000.0,58492257150.0,107600000.0,6900000.0,-4703800000.0,2964500000.0,-368600000.0,-1990500000.0,-1165000000.0,623900000.0,3263100000.0,0.0,2976600000.0,2962600000.0,2962600000.0,0.0,0.0,0.035,11670200000.0,5427600000.0,5886300000.0,0.118,1.819,19.744,20.025,6021500000.0,14000000.0,40.85,0.692,0.691,4623500000.0,10919700000.0,84467400000.0,84467400000.0,0.0,0.054,0.092,0.283,0.064,68900000.0,11670200000.0,1.0,1431879000.0,1429800000,1467700000.0,59.076,20300600000.0,342200000.0,1949000000.0,3430200000.0,14.198,4134100000.0
54,CVS,MRT,2007-12-31,2007-12-29,2007-12-29,2021-09-07,-49700000.0,54721900000.0,53813850000.0,14149400000.0,40572500000.0,1.418,23.586,-1699000000.0,1056600000.0,1056600000.0,60222000000.0,2637000000.0,1.314,0.747,10481900000.0,2132200000.0,8349700000.0,10481900000.0,0.0,1095000000.0,0.0,0.006,0.229,4794000000.0,5889000000.0,0.077,5889000000.0,4794000000.0,4359000000.0,1.97,1.92,1.97,31321900000.0,32540975000.0,31321900000.0,67508740000.0,14.0,11.464,1531000000.0,1.153,1.0,16108000000.0,0.211,34351900000.0,435000000.0,19029000000.0,17517075000.0,8008200000.0,27500000.0,27500000.0,0.0,23400000000.0,10766300000.0,12633700000.0,59075640000.0,526000000.0,-1984000000.0,-4817000000.0,5420000000.0,-323000000.0,378000000.0,-3082000000.0,601000000.0,3230000000.0,0.0,2637000000.0,2623000000.0,2623000000.0,0.0,0.0,0.034,11314000000.0,4794000000.0,6077300000.0,0.116,1.886,22.522,20.305,5852800000.0,14000000.0,40.0,0.774,0.696,4579600000.0,10287000000.0,76330000000.0,76330000000.0,0.0,0.049,0.081,0.274,0.063,78000000.0,11314000000.0,1.0,1476891000.0,1328000000,1372000000.0,57.477,20370000000.0,329400000.0,1722000000.0,3426100000.0,15.339,3383100000.0
55,CVS,MRT,2007-09-30,2007-09-29,2007-09-29,2021-09-07,-70100000.0,54891600000.0,45276900000.0,13735400000.0,41156200000.0,1.468,22.247,-1770500000.0,727100000.0,727100000.0,51481400000.0,2239200000.0,1.512,0.674,9160200000.0,765200000.0,8395000000.0,9160200000.0,0.0,1019900000.0,0.0,0.005,0.208,4066700000.0,5086600000.0,0.077,5086600000.0,4066700000.0,3688300000.0,1.9,1.84,1.9,32785700000.0,27189900000.0,32785700000.0,67272104780.0,17.0,13.225,851400000.0,0.578,1.0,14974000000.0,0.225,34713600000.0,378400000.0,19528300000.0,16155425000.0,7891600000.0,27500000.0,27500000.0,0.0,22105900000.0,9082800000.0,13023100000.0,58688304780.0,332500000.0,-1984400000.0,-2482100000.0,2741100000.0,-266400000.0,52500000.0,-2341900000.0,1413000000.0,2621900000.0,0.0,2239200000.0,2225400000.0,2225400000.0,0.0,0.0,0.033,10907300000.0,4066700000.0,5885600000.0,0.109,1.79,26.372,20.858,6075100000.0,13800000.0,39.63,0.883,0.879,4512900000.0,9573800000.0,66455400000.0,66455400000.0,0.0,0.049,0.082,0.252,0.061,78600000.0,10907300000.0,1.0,1480906000.0,1473700000,1521200000.0,45.094,20178000000.0,430000000.0,1449100000.0,3740200000.0,13.692,4652600000.0
56,CVS,MRT,2007-06-30,2007-06-30,2007-06-30,2021-09-07,-70900000.0,54606100000.0,36835850000.0,13530400000.0,41075700000.0,1.552,21.459,-1783200000.0,812300000.0,812300000.0,43354600000.0,1833900000.0,1.422,0.705,9396100000.0,1000500000.0,8395600000.0,9396100000.0,0.0,911600000.0,0.0,0.005,0.186,3332400000.0,4244000000.0,0.074,4244000000.0,3332400000.0,3006300000.0,1.77,1.72,1.77,32024900000.0,21352075000.0,32024900000.0,63112638500.0,19.0,14.871,662800000.0,0.444,1.0,13814400000.0,0.242,34849900000.0,326100000.0,18824400000.0,15021100000.0,7749000000.0,123500000.0,123500000.0,0.0,22581200000.0,9515600000.0,13065600000.0,57012538500.0,280000000.0,-2169100000.0,-2530500000.0,3174000000.0,-210000000.0,488300000.0,-2654300000.0,1298000000.0,2446000000.0,0.0,1833900000.0,1820000000.0,1820000000.0,0.0,0.0,0.032,10482000000.0,3332400000.0,6002800000.0,0.105,1.78,31.326,20.593,5870700000.0,13900000.0,36.45,0.997,0.952,4283700000.0,8972500000.0,57169000000.0,57169000000.0,0.0,0.049,0.085,0.222,0.058,85100000.0,10482000000.0,1.0,1564130000.0,1492400000,1542500000.0,38.307,19756200000.0,415200000.0,1172400000.0,3772400000.0,13.238,4014800000.0
57,CVS,MRT,2007-03-31,2007-03-31,2007-03-31,2021-09-07,-71800000.0,51035800000.0,28259675000.0,13232100000.0,37803700000.0,1.664,37.558,-1758800000.0,710700000.0,710700000.0,34579500000.0,1448200000.0,1.049,0.5,6810800000.0,3915400000.0,2895400000.0,6810800000.0,0.0,786700000.0,0.0,0.005,0.165,2617600000.0,3404300000.0,0.072,3404300000.0,2617600000.0,2359000000.0,1.7,1.65,1.7,34031400000.0,15616350000.0,34031400000.0,32789089320.0,13.0,9.632,519600000.0,0.573,1.0,12450600000.0,0.265,31838000000.0,258600000.0,12686600000.0,13536275000.0,7427100000.0,27500000.0,27500000.0,0.0,17004400000.0,12611300000.0,4393100000.0,28262389320.0,323600000.0,-6184100000.0,183100000.0,4534600000.0,-149600000.0,4607900000.0,-6562700000.0,1380200000.0,2278400000.0,0.0,1448200000.0,1434300000.0,1434300000.0,0.0,0.0,0.03,9833000000.0,2617600000.0,5940000000.0,0.097,0.83,19.705,20.082,5675200000.0,13900000.0,34.14,0.601,0.658,4485400000.0,8341000000.0,47030100000.0,47030100000.0,0.0,0.051,0.092,0.193,0.056,76700000.0,9833000000.0,1.0,827838000.0,906100000,939800000.0,51.904,19197800000.0,427700000.0,910800000.0,594200000.0,21.187,620800000.0
58,CVS,MRT,2006-12-31,2006-12-30,2006-12-30,2021-09-07,-72600000.0,20574100000.0,19362775000.0,10395800000.0,10178300000.0,2.263,12.086,-1739300000.0,530700000.0,530700000.0,32079200000.0,1368900000.0,1.484,1.075,5057400000.0,2187000000.0,2870400000.0,5057400000.0,0.0,733300000.0,0.0,0.005,0.155,2441600000.0,3174900000.0,0.072,3174900000.0,2441600000.0,2225800000.0,1.65,1.6,1.65,9917600000.0,9288450000.0,9917600000.0,31548386880.0,13.0,9.937,3100000.0,0.004,1.0,11742200000.0,0.268,4513400000.0,215800000.0,13582400000.0,12930950000.0,7108900000.0,0.0,0.0,0.0,10656500000.0,7005000000.0,3651500000.0,25456486880.0,17300000.0,-4224200000.0,187600000.0,2778800000.0,-140900000.0,2868100000.0,-4593200000.0,1370300000.0,1742400000.0,0.0,1368900000.0,1355000000.0,1355000000.0,0.0,0.0,0.031,9300600000.0,2441600000.0,2867800000.0,0.094,2.567,18.787,18.733,5333600000.0,13900000.0,30.91,0.581,0.579,2381700000.0,7966600000.0,43821400000.0,43821400000.0,0.0,0.07,0.146,0.189,0.056,69900000.0,9300600000.0,1.0,823568000.0,820600000,853200000.0,53.402,16060700000.0,365100000.0,856900000.0,0.0,19.572,3390800000.0
59,CVS,MRT,2006-09-30,2006-09-30,2006-09-30,2021-09-07,-91400000.0,21127400000.0,18040100000.0,9943100000.0,11184300000.0,2.3,11.473,-1448900000.0,394600000.0,394600000.0,30510200000.0,1358100000.0,1.306,1.239,6486500000.0,3206600000.0,3279900000.0,6486500000.0,0.0,687800000.0,0.0,0.005,0.152,2295400000.0,2983200000.0,0.072,2983200000.0,2295400000.0,2133800000.0,1.64,1.6,1.64,9434400000.0,8891850000.0,9434400000.0,32141242520.0,14.0,10.774,304900000.0,0.371,1.0,10974700000.0,0.265,4612100000.0,161600000.0,14991000000.0,11981125000.0,7014500000.0,0.0,0.0,0.0,11693000000.0,7616200000.0,4076800000.0,26384042520.0,26400000.0,-4224700000.0,161700000.0,3524200000.0,-138800000.0,3578600000.0,-5306000000.0,367600000.0,1753800000.0,0.0,1358100000.0,1344000000.0,1344000000.0,0.0,0.0,0.032,8679300000.0,2295400000.0,2816700000.0,0.093,2.797,19.631,19.585,6192600000.0,14100000.0,32.12,0.636,0.637,2197400000.0,7595200000.0,41484900000.0,41484900000.0,0.0,0.075,0.151,0.192,0.055,50600000.0,8679300000.0,1.0,821421000.0,822300000,855400000.0,50.45,16515300000.0,375600000.0,775700000.0,0.0,20.084,2326900000.0
60,CVS,MRT,2006-06-30,2006-07-01,2006-07-01,2021-09-07,-84600000.0,20301400000.0,16564725000.0,9549700000.0,10751700000.0,2.369,11.09,-1388600000.0,532300000.0,532300000.0,28906400000.0,1326600000.0,1.106,1.235,6289500000.0,4509300000.0,1780200000.0,6289500000.0,0.0,642100000.0,0.0,0.005,0.15,2197500000.0,2839600000.0,0.072,2839600000.0,2197500000.0,2083800000.0,1.61,1.57,1.61,9082000000.0,8522150000.0,9082000000.0,26883225600.0,12.0,9.467,346000000.0,0.423,1.0,10340100000.0,0.263,4541400000.0,113700000.0,12885100000.0,10764625000.0,6638800000.0,0.0,0.0,0.0,11219400000.0,8632100000.0,2587300000.0,25125125600.0,118200000.0,-4048000000.0,131000000.0,3275100000.0,-136400000.0,3287600000.0,-4904000000.0,532600000.0,1734600000.0,0.0,1326600000.0,1312500000.0,1312500000.0,0.0,0.0,0.033,8142600000.0,2197500000.0,2707100000.0,0.093,2.766,19.143,19.068,5839500000.0,14100000.0,30.7,0.64,0.641,2031500000.0,7342800000.0,39246500000.0,39246500000.0,0.0,0.079,0.154,0.204,0.056,31800000.0,8142600000.0,1.0,818408000.0,818900000,850600000.0,47.926,15760000000.0,384900000.0,757200000.0,0.0,19.245,917600000.0
61,CVS,MRT,2006-03-31,2006-04-01,2006-04-01,2021-09-07,-89600000.0,15448200000.0,15180825000.0,8431300000.0,7016900000.0,2.49,10.676,-1434400000.0,387100000.0,387100000.0,27840900000.0,1264600000.0,1.927,0.772,2145200000.0,553000000.0,1592200000.0,2145200000.0,0.0,606600000.0,0.0,0.005,0.147,2080200000.0,2686800000.0,0.071,2686800000.0,2080200000.0,1976600000.0,1.54,1.5,1.54,8719800000.0,8172275000.0,8719800000.0,26091796440.0,13.0,9.711,306600000.0,0.375,1.0,9962800000.0,0.264,2566100000.0,103600000.0,10265300000.0,10006300000.0,5704800000.0,0.0,0.0,0.0,6728400000.0,4374900000.0,2353500000.0,24416096440.0,63300000.0,7000000.0,135600000.0,-799700000.0,-134100000.0,-787700000.0,-890000000.0,537400000.0,1741000000.0,0.0,1264600000.0,1250500000.0,1250500000.0,0.0,0.0,0.033,7882600000.0,2080200000.0,2437600000.0,0.095,2.8,19.525,19.396,4096400000.0,14100000.0,29.87,0.646,0.645,2015000000.0,7036600000.0,37803700000.0,37803700000.0,0.0,0.082,0.153,0.208,0.055,15500000.0,7882600000.0,1.0,817412000.0,816800000,848500000.0,46.283,12882100000.0,358800000.0,712000000.0,0.0,15.771,4056400000.0
62,CVS,MRT,2005-12-31,2005-12-31,2005-12-31,2021-09-07,-90300000.0,15283400000.0,15023275000.0,8392700000.0,6890700000.0,2.463,10.268,-1463600000.0,513400000.0,513400000.0,27312100000.0,1224700000.0,1.831,0.834,2189100000.0,595000000.0,1594100000.0,2189100000.0,0.0,589100000.0,0.0,0.005,0.145,2019500000.0,2608600000.0,0.07,2608600000.0,2019500000.0,1909000000.0,1.49,1.45,1.49,8331200000.0,7842525000.0,8331200000.0,23933558320.0,12.0,9.175,148500000.0,0.183,1.0,9694600000.0,0.262,2592100000.0,110500000.0,9783100000.0,9867425000.0,5719800000.0,0.0,0.0,0.0,6952200000.0,4583900000.0,2368300000.0,21511058320.0,121100000.0,12100000.0,178400000.0,-626200000.0,-131600000.0,-579400000.0,-911600000.0,539900000.0,1612100000.0,0.0,1224700000.0,1210600000.0,1210600000.0,0.0,0.0,0.033,7675100000.0,2019500000.0,2467500000.0,0.097,2.582,17.769,17.732,3952600000.0,14100000.0,26.42,0.581,0.579,1839600000.0,6738600000.0,37006700000.0,37006700000.0,0.0,0.081,0.154,0.205,0.055,0.0,7675100000.0,1.0,814196000.0,811400000,841600000.0,45.608,12691300000.0,363600000.0,684300000.0,0.0,15.641,3808800000.0
63,CVS,MRT,2005-09-30,2005-10-01,2005-10-01,2021-09-07,-53400000.0,15225900000.0,14839125000.0,8159900000.0,7066000000.0,2.439,9.779,-1647500000.0,368200000.0,368200000.0,26636000000.0,1073400000.0,1.659,0.914,2790700000.0,1162800000.0,1627900000.0,2790700000.0,0.0,621900000.0,0.0,0.005,0.142,1762300000.0,2384200000.0,0.066,2384200000.0,1762300000.0,1650000000.0,1.31,1.27,1.31,7955600000.0,7506525000.0,7955600000.0,26011103060.0,15.0,10.91,-600400000.0,-0.738,1.0,9561400000.0,0.264,2603900000.0,112300000.0,10125000000.0,9764500000.0,5696700000.0,0.0,0.0,0.0,7270300000.0,4919500000.0,2350800000.0,23582403060.0,13800000.0,49100000.0,201200000.0,-119100000.0,-128700000.0,-46600000.0,-986700000.0,611700000.0,1047100000.0,0.0,1073400000.0,1059600000.0,1059600000.0,0.0,0.0,0.029,7799100000.0,1762300000.0,2324900000.0,0.108,2.964,22.256,22.145,4108500000.0,13800000.0,29.01,0.651,0.652,1783200000.0,6375900000.0,36197400000.0,36197400000.0,0.0,0.071,0.141,0.18,0.049,0.0,7799100000.0,1.0,812906000.0,813500000,845000000.0,44.496,12622000000.0,348900000.0,576600000.0,0.0,15.516,3240400000.0
64,CVS,MRT,2005-06-30,2005-07-02,2005-07-02,2021-09-07,-54100000.0,14765800000.0,14619025000.0,7794300000.0,6971500000.0,2.403,9.474,-1600500000.0,414100000.0,414100000.0,25905200000.0,1005300000.0,1.661,0.922,2842800000.0,1213100000.0,1629700000.0,2842800000.0,0.0,592800000.0,0.0,0.005,0.139,1639400000.0,2232200000.0,0.064,2232200000.0,1639400000.0,1538600000.0,1.23,1.19,1.23,7682500000.0,7196150000.0,7682500000.0,26180026800.0,16.0,11.728,-644400000.0,-0.795,1.0,9231200000.0,0.263,2650800000.0,100800000.0,9851800000.0,9565150000.0,5360400000.0,0.0,0.0,0.0,7083300000.0,4691900000.0,2391400000.0,23532126800.0,-208800000.0,-2189200000.0,195000000.0,2089200000.0,-125800000.0,2158400000.0,-3323300000.0,466400000.0,956100000.0,0.0,1005300000.0,991400000.0,991400000.0,0.0,0.0,0.028,7591800000.0,1639400000.0,2054800000.0,0.113,3.063,23.736,23.618,3972200000.0,13900000.0,29.05,0.67,0.67,1703800000.0,6152600000.0,35136400000.0,35136400000.0,0.0,0.068,0.138,0.171,0.047,0.0,7591800000.0,1.0,810056000.0,810900000,841900000.0,43.33,12115000000.0,355200000.0,533300000.0,0.0,14.94,3102400000.0
65,CVS,MRT,2005-03-31,2005-04-02,2005-04-02,2021-09-07,-54800000.0,14818000000.0,13555950000.0,8017700000.0,6800300000.0,2.431,9.173,-1450700000.0,323800000.0,323800000.0,24317600000.0,963900000.0,1.605,1.002,2971700000.0,1338600000.0,1633100000.0,2971700000.0,0.0,541300000.0,0.0,0.005,0.136,1548900000.0,2090200000.0,0.063,2090200000.0,1548900000.0,1470400000.0,1.18,1.14,1.18,7400800000.0,6907725000.0,7400800000.0,23307676160.0,15.0,11.151,-816000000.0,-1.011,1.0,8640300000.0,0.262,2762100000.0,78500000.0,9709800000.0,8707750000.0,5550600000.0,0.0,0.0,0.0,7417200000.0,4994000000.0,2423200000.0,20857876160.0,-327700000.0,-2281800000.0,210300000.0,2217900000.0,-122700000.0,2305500000.0,-3267900000.0,464600000.0,634700000.0,0.0,963900000.0,949800000.0,949800000.0,0.0,0.0,0.029,7091400000.0,1548900000.0,2130700000.0,0.115,2.818,21.96,21.847,3689200000.0,14100000.0,25.78,0.633,0.631,1795200000.0,5906100000.0,32957900000.0,32957900000.0,0.0,0.07,0.137,0.178,0.047,0.0,7091400000.0,1.0,809072000.0,806800000,837200000.0,40.85,12055900000.0,383700000.0,506500000.0,0.0,14.943,3023700000.0
66,CVS,MRT,2004-12-31,2005-01-01,2005-01-01,2021-09-07,-55500000.0,14546800000.0,12442650000.0,7919500000.0,6627300000.0,2.459,8.765,-1333400000.0,392300000.0,392300000.0,22563100000.0,918800000.0,1.63,1.082,2842100000.0,916200000.0,1925900000.0,2842100000.0,0.0,496800000.0,0.0,0.006,0.133,1454700000.0,1951500000.0,0.064,1951500000.0,1454700000.0,1396400000.0,1.13,1.1,1.13,6987200000.0,6627700000.0,6987200000.0,20608629550.0,14.0,10.56,-419200000.0,-0.526,1.0,8031200000.0,0.263,2766400000.0,58300000.0,9371400000.0,7816250000.0,5453900000.0,0.0,0.0,0.0,7559600000.0,4858800000.0,2700800000.0,18030929550.0,-450900000.0,-2293700000.0,129800000.0,1788200000.0,-119800000.0,1798200000.0,-3163300000.0,463800000.0,914200000.0,0.0,918800000.0,904600000.0,904600000.0,0.0,0.0,0.03,6576500000.0,1454700000.0,2275900000.0,0.118,2.581,19.932,19.942,3505900000.0,14200000.0,22.535,0.589,0.587,1764200000.0,5645500000.0,30594300000.0,30594300000.0,0.0,0.073,0.136,0.186,0.048,0.0,6576500000.0,1.0,800130000.0,797200000,830800000.0,38.377,11780400000.0,380700000.0,477600000.0,0.0,14.777,3060700000.0
67,CVS,MRT,2004-09-30,2004-10-02,2004-10-02,2021-09-07,-57400000.0,14345500000.0,11441725000.0,7697700000.0,6647800000.0,2.545,8.401,-1153300000.0,354400000.0,354400000.0,21489200000.0,927100000.0,1.587,1.137,2932100000.0,979800000.0,1952300000.0,2932100000.0,0.0,396000000.0,0.0,0.006,0.128,1547400000.0,1943400000.0,0.067,1943400000.0,1547400000.0,1506800000.0,1.16,1.115,1.16,6714100000.0,6386350000.0,6714100000.0,17430944000.0,11.0,8.969,-222500000.0,-0.278,1.0,7634100000.0,0.262,2744600000.0,40600000.0,9327600000.0,6971975000.0,5412400000.0,0.0,0.0,0.0,7631400000.0,4851000000.0,2780400000.0,17278044000.0,-372900000.0,-2219300000.0,110900000.0,1855500000.0,-116200000.0,1850200000.0,-3153900000.0,218700000.0,930800000.0,0.0,927100000.0,912600000.0,912600000.0,0.0,0.0,0.031,6086700000.0,1547400000.0,2309900000.0,0.11,2.573,18.933,18.647,3503000000.0,14500000.0,21.63,0.593,0.594,1578900000.0,5431200000.0,29123300000.0,29123300000.0,0.0,0.08,0.143,0.222,0.053,0.0,6086700000.0,1.0,798800000.0,799200000,833000000.0,36.441,11600900000.0,422800000.0,579700000.0,0.0,14.516,2846700000.0
68,CVS,MRT,2004-06-30,2004-07-03,2004-07-03,2021-09-07,-47400000.0,10513500000.0,10392675000.0,6177000000.0,4336500000.0,2.655,8.202,-1161300000.0,622900000.0,622900000.0,20370100000.0,930300000.0,2.087,0.61,775800000.0,23300000.0,752500000.0,775800000.0,0.0,363200000.0,0.0,0.006,0.124,1548100000.0,1911300000.0,0.069,1911300000.0,1548100000.0,1511500000.0,1.165,1.125,1.165,6528800000.0,6143725000.0,6528800000.0,16676101320.0,11.0,8.725,21800000.0,0.027,1.0,7221900000.0,0.262,1284400000.0,36600000.0,6422200000.0,6110825000.0,4003300000.0,0.0,0.0,0.0,3984700000.0,2959800000.0,1024900000.0,16551601320.0,56100000.0,27200000.0,89100000.0,-300900000.0,-112400000.0,-324200000.0,-802800000.0,331300000.0,1183100000.0,0.0,930300000.0,915700000.0,915700000.0,0.0,0.0,0.033,5673800000.0,1548100000.0,1656400000.0,0.106,2.535,18.075,17.88,2838600000.0,14600000.0,20.83,0.6,0.601,1216300000.0,5273000000.0,27592000000.0,27592000000.0,0.0,0.088,0.149,0.253,0.056,0.0,5673800000.0,1.0,794604000.0,796000000,830000000.0,34.663,9229100000.0,275600000.0,581200000.0,41600000.0,11.594,3217200000.0
69,CVS,MRT,2004-03-31,2004-04-03,2004-04-03,2021-09-07,-36900000.0,10364800000.0,10169475000.0,6206200000.0,4158600000.0,2.664,7.924,-1130900000.0,651500000.0,651500000.0,20064600000.0,895600000.0,2.031,0.65,776000000.0,23200000.0,752800000.0,776000000.0,0.0,352500000.0,0.0,0.007,0.119,1497900000.0,1850400000.0,0.068,1850400000.0,1497900000.0,1454600000.0,1.125,1.09,1.125,6280700000.0,5902525000.0,6280700000.0,14019822440.0,9.0,7.577,-23300000.0,-0.029,1.0,7029200000.0,0.259,1289900000.0,43300000.0,6143800000.0,5976600000.0,3923400000.0,0.0,0.0,0.0,4084100000.0,3055600000.0,1028500000.0,13786722440.0,3400000.0,30200000.0,49800000.0,-300900000.0,-108800000.0,-359900000.0,-744300000.0,356400000.0,1107600000.0,0.0,895600000.0,881000000.0,881000000.0,0.0,0.0,0.033,5531300000.0,1497900000.0,1635100000.0,0.106,2.195,15.649,15.458,2659600000.0,14600000.0,17.39,0.509,0.509,1287900000.0,5064800000.0,27093800000.0,27093800000.0,0.0,0.087,0.149,0.251,0.055,0.0,5531300000.0,1.0,792796000.0,792600000,824400000.0,34.183,9074900000.0,278200000.0,559000000.0,41600000.0,11.45,3150600000.0
70,CVS,MRT,2003-12-31,2004-01-03,2004-01-03,2021-09-07,-36900000.0,10543100000.0,9994675000.0,6496500000.0,4046600000.0,2.66,7.634,-1108300000.0,843200000.0,843200000.0,19725000000.0,847300000.0,1.862,0.751,1076300000.0,323200000.0,753100000.0,1076300000.0,0.0,341700000.0,0.0,0.006,0.115,1423600000.0,1765300000.0,0.066,1765300000.0,1423600000.0,1375500000.0,1.06,1.03,1.06,6021800000.0,5677050000.0,6021800000.0,14507332260.0,10.0,8.218,-139400000.0,-0.177,1.0,6863000000.0,0.258,1292700000.0,48100000.0,5994300000.0,5845550000.0,4016500000.0,0.0,0.0,0.0,4521300000.0,3489200000.0,1032100000.0,14126932260.0,142800000.0,0.0,38300000.0,-5600000.0,-105200000.0,-72500000.0,-753600000.0,354700000.0,968900000.0,0.0,847300000.0,832700000.0,832700000.0,0.0,0.0,0.031,5439400000.0,1423600000.0,1666400000.0,0.108,2.346,16.965,16.873,2542100000.0,14600000.0,17.885,0.531,0.531,1349600000.0,4846500000.0,26588000000.0,26588000000.0,0.0,0.083,0.147,0.244,0.054,0.0,5439400000.0,1.0,789876000.0,788800000,815400000.0,33.707,9250400000.0,252100000.0,528200000.0,41600000.0,11.727,3007300000.0
71,CVS,MRT,2003-09-30,2003-09-27,2003-09-27,2021-09-07,-44600000.0,10149300000.0,9770225000.0,6062900000.0,4086400000.0,2.608,7.274,-1056400000.0,727300000.0,727300000.0,18970000000.0,784000000.0,1.795,0.767,1107700000.0,332100000.0,775600000.0,1107700000.0,0.0,333200000.0,0.0,0.007,0.115,1319900000.0,1653100000.0,0.065,1653100000.0,1319900000.0,1270700000.0,0.98,0.96,0.98,5743600000.0,5470850000.0,5743600000.0,12848320160.0,10.0,7.772,182200000.0,0.231,1.0,6510600000.0,0.256,1268600000.0,49200000.0,5883000000.0,5777425000.0,4024000000.0,0.0,0.0,0.0,4405700000.0,3378100000.0,1027600000.0,12307120160.0,510000000.0,-19200000.0,29500000.0,141100000.0,-105300000.0,65300000.0,-793900000.0,281700000.0,1238600000.0,0.0,784000000.0,769300000.0,769300000.0,0.0,0.0,0.03,5190700000.0,1319900000.0,1699600000.0,0.117,2.143,15.998,15.908,2597700000.0,14700000.0,15.59,0.483,0.483,1080200000.0,4620300000.0,25480600000.0,25480600000.0,0.0,0.079,0.141,0.228,0.052,0.0,5190700000.0,1.0,789424000.0,789600000,816600000.0,32.27,8880700000.0,207300000.0,486700000.0,0.0,11.247,2684800000.0
72,CVS,MRT,2003-06-30,2003-06-28,2003-06-28,2021-09-07,-44600000.0,9620700000.0,9496350000.0,5696100000.0,3924600000.0,2.63,7.061,-917100000.0,566800000.0,566800000.0,18645600000.0,760600000.0,1.885,0.729,1108000000.0,332100000.0,775900000.0,1108000000.0,0.0,324500000.0,0.0,0.008,0.115,1279700000.0,1604200000.0,0.064,1604200000.0,1279700000.0,1230900000.0,0.95,0.93,0.95,5564000000.0,5297675000.0,5564000000.0,11413411200.0,9.0,7.115,284400000.0,0.361,1.0,6333300000.0,0.254,1254000000.0,48800000.0,5885300000.0,5705000000.0,3800700000.0,0.0,0.0,0.0,4056700000.0,3022600000.0,1034100000.0,10953311200.0,233500000.0,-35500000.0,30900000.0,-189000000.0,-105200000.0,-263300000.0,-704700000.0,247900000.0,1201500000.0,0.0,760600000.0,745900000.0,745900000.0,0.0,0.0,0.03,5053600000.0,1279700000.0,1463600000.0,0.121,1.969,14.685,14.632,2448100000.0,14700000.0,13.9,0.439,0.438,1088600000.0,4455200000.0,24978900000.0,24978900000.0,0.0,0.079,0.141,0.224,0.051,0.0,5053600000.0,1.0,788008000.0,788000000,813200000.0,31.699,8366700000.0,215400000.0,470300000.0,0.0,10.618,2673500000.0
73,CVS,MRT,2003-03-31,2003-03-29,2003-03-29,2021-09-07,-44600000.0,9665600000.0,9340050000.0,5877100000.0,3788500000.0,2.626,6.836,-884300000.0,648100000.0,648100000.0,18342900000.0,737200000.0,1.809,0.797,1108200000.0,332100000.0,776100000.0,1108200000.0,0.0,317900000.0,0.0,0.009,0.115,1241000000.0,1558900000.0,0.064,1558900000.0,1241000000.0,1191100000.0,0.92,0.9,0.92,5378800000.0,5129850000.0,5378800000.0,10212518300.0,8.0,6.551,454400000.0,0.578,1.0,6180600000.0,0.252,1256400000.0,49900000.0,5619600000.0,5652250000.0,3872300000.0,0.0,0.0,0.0,4286800000.0,3249700000.0,1037100000.0,9799818300.0,194600000.0,-38100000.0,31200000.0,-367700000.0,-105000000.0,-441500000.0,-702600000.0,219800000.0,1338700000.0,0.0,737200000.0,722500000.0,722500000.0,0.0,0.0,0.029,4939600000.0,1241000000.0,1618800000.0,0.125,1.822,13.564,13.533,2316100000.0,14700000.0,12.45,0.4,0.399,1106300000.0,4278100000.0,24523500000.0,24523500000.0,0.0,0.077,0.141,0.22,0.051,0.0,4939600000.0,1.0,787134000.0,786800000,811400000.0,31.169,8409200000.0,219600000.0,453900000.0,0.0,10.688,2627400000.0
74,CVS,MRT,2002-12-31,2002-12-28,2002-12-28,2021-09-07,-44600000.0,9645300000.0,9226550000.0,5982100000.0,3663200000.0,2.621,6.624,-1091100000.0,700400000.0,700400000.0,18112700000.0,716600000.0,1.926,0.856,1113100000.0,36800000.0,1076300000.0,1113100000.0,0.0,310300000.0,0.0,0.01,0.115,1206200000.0,1516500000.0,0.063,1516500000.0,1206200000.0,1155800000.0,0.895,0.875,0.895,5197000000.0,4969075000.0,5197000000.0,10201554590.0,8.0,6.727,113700000.0,0.145,1.0,6068800000.0,0.251,1230300000.0,50400000.0,5721800000.0,5645850000.0,4013900000.0,0.0,0.0,0.0,4448300000.0,3105900000.0,1342400000.0,9426654590.0,464100000.0,0.0,34000000.0,66000000.0,-104900000.0,-4900000.0,-735800000.0,355300000.0,1204800000.0,0.0,716600000.0,701800000.0,701800000.0,0.0,0.0,0.029,4862600000.0,1206200000.0,1707900000.0,0.128,1.814,13.432,13.402,2215800000.0,14800000.0,11.995,0.39,0.389,1019300000.0,4104400000.0,24181500000.0,24181500000.0,0.0,0.076,0.141,0.214,0.05,0.0,4862600000.0,1.0,785882000.0,784600000,810600000.0,30.82,8415000000.0,223000000.0,439200000.0,0.0,10.725,2876200000.0
75,CVS,MRT,2002-09-30,2002-09-28,2002-09-28,2021-09-07,0.0,9053800000.0,8974300000.0,5431700000.0,3622100000.0,2.651,6.431,-1026700000.0,217300000.0,217300000.0,17923700000.0,386200000.0,1.801,0.793,992200000.0,184500000.0,807700000.0,992200000.0,0.0,312200000.0,0.0,0.008,0.115,698300000.0,1010500000.0,0.042,1010500000.0,698300000.0,645900000.0,0.475,0.47,0.475,5050900000.0,4811550000.0,5050900000.0,11742477050.0,17.0,11.62,-24800000.0,-0.032,1.0,5863400000.0,0.246,1220000000.0,52400000.0,5593300000.0,5518975000.0,3983000000.0,0.0,0.0,0.0,4002900000.0,3015400000.0,987500000.0,10753177050.0,-189300000.0,54700000.0,35100000.0,-448300000.0,-105000000.0,-518200000.0,-673000000.0,299000000.0,1001900000.0,0.0,386200000.0,371500000.0,371500000.0,0.0,0.0,0.016,5165100000.0,698300000.0,1560800000.0,0.242,2.129,28.945,28.832,2201100000.0,14700000.0,13.695,0.452,0.452,986300000.0,3941500000.0,23787100000.0,23787100000.0,0.0,0.041,0.077,0.127,0.029,0.0,5165100000.0,1.0,785190000.0,785400000,810800000.0,30.287,7833800000.0,200000000.0,259700000.0,35300000.0,9.974,2416300000.0
76,CVS,MRT,2002-06-30,2002-06-29,2002-06-29,2021-09-07,0.0,8995500000.0,8947225000.0,5461500000.0,3534000000.0,2.607,6.241,-1013400000.0,333300000.0,333300000.0,17567600000.0,345500000.0,1.754,0.839,1322600000.0,514700000.0,807900000.0,1322600000.0,0.0,315800000.0,0.0,0.008,0.115,642000000.0,957800000.0,0.041,957800000.0,642000000.0,584900000.0,0.425,0.42,0.425,4892700000.0,4727075000.0,4892700000.0,13041049800.0,20.0,13.616,-111500000.0,-0.142,1.0,5753900000.0,0.247,1197600000.0,57100000.0,5674300000.0,5595425000.0,3876000000.0,0.0,0.0,0.0,4102800000.0,3112900000.0,989900000.0,11993149800.0,59500000.0,66500000.0,-95900000.0,5700000.0,-105000000.0,-195200000.0,-647200000.0,299700000.0,901900000.0,0.0,345500000.0,330800000.0,330800000.0,0.0,0.0,0.014,5111900000.0,642000000.0,1335200000.0,0.271,2.451,36.255,36.0,2152200000.0,14700000.0,15.3,0.514,0.514,1004100000.0,3799700000.0,23321500000.0,23321500000.0,0.0,0.037,0.07,0.115,0.028,0.0,5111900000.0,1.0,783866000.0,784000000,812200000.0,29.747,7797900000.0,204500000.0,239400000.0,35300000.0,9.946,2348600000.0
77,CVS,MRT,2002-03-31,2002-03-30,2002-03-30,2021-09-07,0.0,9211600000.0,8841275000.0,5819600000.0,3392000000.0,2.582,6.047,-956600000.0,453500000.0,453500000.0,17095000000.0,367100000.0,1.672,0.945,1501400000.0,691200000.0,810200000.0,1501400000.0,0.0,317200000.0,0.0,0.007,0.115,685700000.0,1002900000.0,0.044,1002900000.0,685700000.0,627300000.0,0.45,0.445,0.45,4735700000.0,4685650000.0,4735700000.0,14282882989.0,21.0,14.242,-133000000.0,-0.17,1.0,5731200000.0,0.251,1185000000.0,58400000.0,5594000000.0,5655350000.0,4098400000.0,0.0,0.0,0.0,4475900000.0,3480500000.0,995400000.0,13446582989.0,153700000.0,67500000.0,-89600000.0,114200000.0,-105100000.0,-80500000.0,-589400000.0,299700000.0,823600000.0,0.0,367100000.0,352400000.0,352400000.0,0.0,0.0,0.015,5045500000.0,685700000.0,1515200000.0,0.256,2.839,38.157,38.144,2025100000.0,14700000.0,17.165,0.589,0.589,1008900000.0,3645900000.0,22826200000.0,22826200000.0,0.0,0.04,0.075,0.121,0.03,0.0,5045500000.0,1.0,783372152.0,783200000,809400000.0,29.145,8026600000.0,210600000.0,260200000.0,35300000.0,10.248,2339100000.0
78,CVS,MRT,2001-12-31,2001-12-29,2001-12-29,2021-09-07,0.0,8636300000.0,8632075000.0,5409900000.0,3226400000.0,2.577,5.822,-701000000.0,236300000.0,236300000.0,16550400000.0,413200000.0,1.765,0.891,1072600000.0,262200000.0,810400000.0,1072600000.0,0.0,320800000.0,0.0,0.008,0.115,770600000.0,1091400000.0,0.049,1091400000.0,770600000.0,709600000.0,0.51,0.5,0.51,4566900000.0,4636275000.0,4566900000.0,12778122370.0,17.0,11.708,-20400000.0,-0.026,1.0,5691000000.0,0.256,1193200000.0,61000000.0,5214300000.0,5698975000.0,3918600000.0,0.0,0.0,0.0,4069400000.0,3065100000.0,1004300000.0,11723522370.0,-101000000.0,0.0,-81700000.0,-57900000.0,-105200000.0,-244800000.0,-536800000.0,164200000.0,680600000.0,0.0,413200000.0,398500000.0,398500000.0,0.0,0.0,0.018,4920400000.0,770600000.0,1535800000.0,0.225,2.567,29.419,29.412,1847300000.0,14700000.0,15.0,0.527,0.529,966200000.0,3492700000.0,22241400000.0,22241400000.0,0.0,0.046,0.086,0.135,0.035,0.0,4920400000.0,1.0,781568158.0,784400000,816600000.0,28.355,7443100000.0,250700000.0,296400000.0,0.0,9.489,2344800000.0
79,CVS,MRT,2001-09-30,2001-09-29,2001-09-29,2021-09-07,0.0,8945500000.0,8460375000.0,5664500000.0,3281000000.0,2.574,6.019,-650500000.0,406600000.0,406600000.0,16067600000.0,752900000.0,1.743,0.898,1461200000.0,625000000.0,836200000.0,1461200000.0,0.0,315900000.0,0.0,0.007,0.115,1312800000.0,1628700000.0,0.075,1628700000.0,1312800000.0,1245800000.0,0.945,0.915,0.945,4713000000.0,4570700000.0,4713000000.0,14063141640.0,11.0,8.635,229100000.0,0.293,1.0,5712100000.0,0.262,850700000.0,67000000.0,5899100000.0,5639800000.0,4068100000.0,0.0,0.0,0.0,4232500000.0,3250300000.0,982200000.0,12999441640.0,191700000.0,121700000.0,-40200000.0,-2900000.0,-105100000.0,-148200000.0,-539700000.0,-10900000.0,879600000.0,0.0,752900000.0,738500000.0,738500000.0,0.0,0.0,0.034,4399300000.0,1312800000.0,1550700000.0,0.122,2.758,17.602,17.566,1952500000.0,14400000.0,16.6,0.597,0.597,956500000.0,3660400000.0,21779700000.0,21779700000.0,0.0,0.087,0.162,0.233,0.06,0.0,4399300000.0,1.0,783098894.0,783000000,812000000.0,27.816,8094800000.0,132500000.0,492900000.0,28000000.0,10.338,2414200000.0
80,CVS,MRT,2001-06-30,2001-06-30,2001-06-30,2021-09-07,0.0,8571700000.0,8254400000.0,5355700000.0,3216000000.0,2.579,6.006,-640900000.0,273800000.0,273800000.0,15647600000.0,787900000.0,1.871,0.813,1337500000.0,501100000.0,836400000.0,1337500000.0,0.0,310200000.0,0.0,0.006,0.115,1377300000.0,1687500000.0,0.079,1687500000.0,1377300000.0,1306300000.0,0.99,0.96,0.99,4727000000.0,4412425000.0,4727000000.0,16289678301.0,12.0,9.653,282500000.0,0.359,1.0,5637700000.0,0.265,858300000.0,71000000.0,5914000000.0,5471500000.0,3920000000.0,0.0,0.0,0.0,3844700000.0,2863100000.0,981600000.0,15181678301.0,91300000.0,-8600000.0,81800000.0,-195400000.0,-105000000.0,-218600000.0,-613500000.0,36000000.0,923400000.0,0.0,787900000.0,773400000.0,773400000.0,0.0,0.0,0.036,4260400000.0,1377300000.0,1423700000.0,0.116,3.212,19.63,19.495,1886500000.0,14500000.0,19.3,0.713,0.714,934100000.0,3559200000.0,21285300000.0,21285300000.0,0.0,0.094,0.175,0.252,0.065,0.0,4260400000.0,1.0,786615456.0,787000000,822200000.0,27.046,7713400000.0,129400000.0,518400000.0,28000000.0,9.801,2492600000.0
81,CVS,MRT,2001-03-31,2001-03-31,2001-03-31,2021-09-07,0.0,8374800000.0,8030600000.0,5244200000.0,3130600000.0,2.582,5.777,-658800000.0,299800000.0,299800000.0,15218800000.0,776400000.0,1.837,0.845,1407800000.0,571200000.0,836600000.0,1407800000.0,0.0,303400000.0,0.0,0.004,0.116,1369200000.0,1672600000.0,0.081,1672600000.0,1369200000.0,1290300000.0,0.98,0.95,0.98,4538200000.0,4213825000.0,4538200000.0,23792913431.0,17.0,14.225,173800000.0,0.221,1.0,5515100000.0,0.266,860100000.0,78900000.0,5768500000.0,5305650000.0,3821400000.0,0.0,0.0,0.0,3836600000.0,2854200000.0,982400000.0,22982213431.0,63200000.0,-25900000.0,61200000.0,-77000000.0,-104900000.0,-120700000.0,-648700000.0,36000000.0,832600000.0,0.0,776400000.0,761900000.0,761900000.0,0.0,0.0,0.037,4145900000.0,1369200000.0,1230800000.0,0.118,5.064,30.164,29.842,1802300000.0,14500000.0,29.245,1.108,1.108,893700000.0,3383900000.0,20733900000.0,20733900000.0,0.0,0.095,0.181,0.258,0.066,0.0,4145900000.0,1.0,785851032.0,785600000,822600000.0,26.392,7514700000.0,126900000.0,513900000.0,28000000.0,9.566,2390000000.0
82,CVS,MRT,2000-12-31,2000-12-30,2000-12-30,2021-09-07,0.0,7949500000.0,7859650000.0,4936600000.0,3012900000.0,2.556,5.505,-676500000.0,337300000.0,337300000.0,14725800000.0,746000000.0,1.665,0.847,1148000000.0,611200000.0,536800000.0,1148000000.0,0.0,296600000.0,0.0,0.004,0.116,1322700000.0,1619300000.0,0.081,1619300000.0,1322700000.0,1243400000.0,0.935,0.915,0.935,4304600000.0,4017000000.0,4304600000.0,24746182031.0,19.0,15.282,103700000.0,0.133,1.0,5361700000.0,0.267,818500000.0,79300000.0,4977600000.0,5107750000.0,3557600000.0,0.0,0.0,0.0,3644900000.0,2964100000.0,680800000.0,23483682031.0,107300000.0,0.0,-65400000.0,137800000.0,-104800000.0,-32400000.0,-640500000.0,36000000.0,780200000.0,0.0,746000000.0,731400000.0,731400000.0,0.0,0.0,0.036,4039000000.0,1322700000.0,1351500000.0,0.124,5.455,32.108,32.053,1742100000.0,14600000.0,29.97,1.169,1.167,824500000.0,3184700000.0,20087500000.0,20087500000.0,0.0,0.093,0.182,0.259,0.066,0.0,4039000000.0,1.0,783572974.0,782000000,816000000.0,25.687,7131000000.0,124900000.0,497400000.0,28000000.0,9.119,1972500000.0
83,CVS,MRT,2000-09-30,2000-09-30,2000-09-30,2021-09-07,0.0,8121600000.0,7691125000.0,5072200000.0,3049400000.0,2.572,5.217,-723600000.0,214900000.0,214900000.0,14488700000.0,722800000.0,1.513,0.991,1477400000.0,919600000.0,557800000.0,1477400000.0,0.0,291300000.0,0.0,0.005,0.116,1285900000.0,1577200000.0,0.08,1577200000.0,1285900000.0,1210100000.0,0.91,0.885,0.91,4079900000.0,3860775000.0,4079900000.0,19455477424.0,15.0,12.335,-10700000.0,-0.014,1.0,5293600000.0,0.268,805800000.0,75800000.0,5225900000.0,4982200000.0,3778700000.0,0.0,0.0,0.0,4041700000.0,3352400000.0,689300000.0,18091777424.0,45000000.0,-324900000.0,-106600000.0,308200000.0,-104800000.0,96800000.0,-764700000.0,283800000.0,712900000.0,0.0,722800000.0,707600000.0,707600000.0,0.0,0.0,0.036,4007700000.0,1285900000.0,1450400000.0,0.127,4.434,25.568,25.445,1786900000.0,15200000.0,23.155,0.915,0.915,795200000.0,3012400000.0,19782300000.0,19782300000.0,0.0,0.092,0.183,0.258,0.065,0.0,4007700000.0,1.0,781333510.0,782000000,815000000.0,25.297,7315800000.0,149400000.0,487300000.0,27200000.0,9.355,1719800000.0
84,CVS,MRT,2000-06-30,2000-07-01,2000-07-01,2021-09-07,0.0,7676500000.0,7454300000.0,4721400000.0,2955100000.0,2.573,5.038,-744300000.0,182500000.0,182500000.0,14040400000.0,685700000.0,1.549,0.952,1546200000.0,988200000.0,558000000.0,1546200000.0,0.0,286400000.0,0.0,0.006,0.116,1220900000.0,1507300000.0,0.079,1507300000.0,1220900000.0,1151500000.0,0.86,0.84,0.86,3932600000.0,3719300000.0,3932600000.0,16869002400.0,14.0,11.192,-150800000.0,-0.193,1.0,5137300000.0,0.268,741300000.0,69400000.0,5250600000.0,4803325000.0,3500100000.0,0.0,0.0,0.0,3743900000.0,3048300000.0,695600000.0,15607302400.0,-49800000.0,-174800000.0,-110200000.0,261600000.0,-104800000.0,46600000.0,-689900000.0,229200000.0,593500000.0,0.0,685700000.0,670700000.0,670700000.0,0.0,0.0,0.035,3916400000.0,1220900000.0,1103900000.0,0.135,3.969,23.27,23.256,1778300000.0,15000000.0,20.0,0.814,0.814,759100000.0,2876100000.0,19177700000.0,19177700000.0,0.0,0.09,0.18,0.254,0.064,0.0,3916400000.0,1.0,780365120.0,780600000,816000000.0,24.568,6935200000.0,144500000.0,465800000.0,27200000.0,8.884,1673100000.0
85,CVS,MRT,2000-03-31,2000-04-01,2000-04-01,2021-09-07,0.0,7691000000.0,7246625000.0,4856900000.0,2834100000.0,2.566,4.795,-739600000.0,236600000.0,236600000.0,13605400000.0,661800000.0,1.5,1.05,1498300000.0,940100000.0,558200000.0,1498300000.0,0.0,281700000.0,0.0,0.006,0.116,1177200000.0,1458900000.0,0.078,1458900000.0,1177200000.0,1116300000.0,0.83,0.81,0.83,3750900000.0,3589075000.0,3750900000.0,15408537158.0,13.0,10.562,-173500000.0,-0.222,1.0,4991900000.0,0.268,738400000.0,60900000.0,4976900000.0,4609700000.0,3658300000.0,0.0,0.0,0.0,3940100000.0,3237400000.0,702700000.0,14611737158.0,99800000.0,-155000000.0,-90200000.0,394000000.0,-104700000.0,199100000.0,-665400000.0,229200000.0,566100000.0,0.0,661800000.0,646900000.0,646900000.0,0.0,0.0,0.035,3814700000.0,1177200000.0,1284100000.0,0.14,3.896,22.587,22.627,1678900000.0,14900000.0,18.78,0.786,0.79,702500000.0,2712100000.0,18597300000.0,18597300000.0,0.0,0.089,0.18,0.255,0.063,0.0,3814700000.0,1.0,778047772.0,782200000,814200000.0,23.776,6952600000.0,137900000.0,454500000.0,23000000.0,8.889,1619500000.0
86,CVS,MRT,1999-12-31,2000-01-01,2000-01-01,2021-09-07,0.0,7275400000.0,7021875000.0,4608000000.0,2667400000.0,2.577,4.702,-694500000.0,230000000.0,230000000.0,13236900000.0,635100000.0,1.595,0.977,1026800000.0,468300000.0,558500000.0,1026800000.0,0.0,277900000.0,0.0,0.006,0.116,1135500000.0,1413400000.0,0.078,1413400000.0,1135500000.0,1076400000.0,0.795,0.775,0.795,3679700000.0,3467400000.0,3679700000.0,16641533920.0,15.0,11.774,31800000.0,0.041,1.0,4861400000.0,0.269,706900000.0,59100000.0,4475400000.0,4432425000.0,3445500000.0,0.0,0.0,0.0,3595700000.0,2889900000.0,705800000.0,15628333920.0,49200000.0,-101100000.0,20400000.0,-26400000.0,-104700000.0,-110700000.0,-566400000.0,229200000.0,726300000.0,0.0,635100000.0,620400000.0,620400000.0,0.0,0.0,0.034,3725900000.0,1135500000.0,1454200000.0,0.146,4.247,25.191,25.082,1601000000.0,14700000.0,19.94,0.864,0.862,699300000.0,2543500000.0,18098300000.0,18098300000.0,0.0,0.088,0.179,0.256,0.063,0.0,3725900000.0,1.0,783768000.0,782600000,817800000.0,23.126,6568500000.0,139400000.0,441300000.0,27200000.0,8.393,1718100000.0
87,CVS,MRT,1999-09-30,1999-09-25,1999-09-25,2021-09-07,0.0,7174300000.0,6874575000.0,4646500000.0,2527800000.0,2.488,4.484,-584300000.0,169900000.0,169900000.0,12498400000.0,593500000.0,1.561,1.042,1183100000.0,607900000.0,575200000.0,1183100000.0,0.0,270700000.0,0.0,0.006,0.116,1068300000.0,1339000000.0,0.078,1339000000.0,1068300000.0,1010100000.0,0.74,0.735,0.74,3514000000.0,3325125000.0,3514000000.0,16809689460.0,16.0,12.554,-31200000.0,-0.04,1.0,4607400000.0,0.269,699700000.0,58200000.0,4510400000.0,4240800000.0,3373400000.0,0.0,0.0,0.0,3660300000.0,2977400000.0,682900000.0,15743789460.0,44500000.0,-97600000.0,26600000.0,164300000.0,-103900000.0,87000000.0,-595600000.0,86300000.0,553100000.0,0.0,593500000.0,579300000.0,579300000.0,0.0,0.0,0.034,3539100000.0,1068300000.0,1383900000.0,0.157,4.48,27.177,27.155,1541100000.0,14200000.0,20.095,0.92,0.921,770500000.0,2394400000.0,17105800000.0,17105800000.0,0.0,0.084,0.174,0.252,0.062,0.0,3539100000.0,1.0,783468000.0,783600000,796200000.0,21.83,6474600000.0,0.0,416600000.0,0.0,8.263,1669100000.0
88,CVS,MRT,1999-06-30,1999-06-26,1999-06-26,2021-09-07,0.0,6845800000.0,6708500000.0,4379700000.0,2466100000.0,2.462,4.362,-514600000.0,232300000.0,232300000.0,12057500000.0,568100000.0,1.602,1.007,1298200000.0,721800000.0,576400000.0,1298200000.0,0.0,261400000.0,0.0,0.004,0.116,1029700000.0,1291100000.0,0.078,1291100000.0,1029700000.0,970100000.0,0.71,0.7,0.71,3411700000.0,3189700000.0,3411700000.0,21177886200.0,21.0,16.403,54400000.0,0.07,1.0,4461600000.0,0.27,700900000.0,59600000.0,4476100000.0,3977825000.0,3107700000.0,0.0,0.0,0.0,3434100000.0,2734700000.0,699400000.0,20202186200.0,170400000.0,-133700000.0,46600000.0,306900000.0,-103800000.0,249700000.0,-648300000.0,0.0,569000000.0,0.0,568100000.0,554100000.0,554100000.0,0.0,0.0,0.034,3431900000.0,1029700000.0,1006900000.0,0.163,5.921,36.459,36.401,1481100000.0,14000000.0,25.845,1.223,1.224,727100000.0,2295500000.0,16519100000.0,16519100000.0,0.0,0.083,0.174,0.259,0.062,0.0,3431900000.0,1.0,781667100.0,782200000,817400000.0,21.119,6144900000.0,0.0,402000000.0,0.0,7.856,1645000000.0
89,CVS,MRT,1999-03-31,1999-03-27,1999-03-27,2021-09-07,0.0,6792000000.0,6512700000.0,4432600000.0,2359400000.0,2.443,4.18,-468100000.0,136800000.0,136800000.0,11620900000.0,420100000.0,1.578,1.081,1112500000.0,537000000.0,575500000.0,1112500000.0,0.0,253900000.0,0.0,0.005,0.115,811400000.0,1065300000.0,0.067,1065300000.0,811400000.0,747400000.0,0.52,0.515,0.52,3264200000.0,3050975000.0,3264200000.0,19827493560.0,24.0,18.612,-12200000.0,-0.016,1.0,4291700000.0,0.27,690900000.0,64000000.0,4267800000.0,3711175000.0,3286300000.0,0.0,0.0,0.0,3527800000.0,2809000000.0,718800000.0,18963493560.0,1200000.0,-135300000.0,114200000.0,136900000.0,-102400000.0,148700000.0,-603400000.0,0.0,455900000.0,0.0,420100000.0,406300000.0,406300000.0,0.0,0.0,0.026,3480300000.0,811400000.0,1203300000.0,0.221,5.81,46.674,46.76,1378800000.0,13800000.0,24.315,1.192,1.193,699300000.0,2163300000.0,15912600000.0,15912600000.0,0.0,0.062,0.133,0.219,0.051,0.0,3480300000.0,1.0,779909256.0,781000000,816400000.0,20.375,6101100000.0,0.0,327300000.0,0.0,7.812,1623600000.0
90,CVS,MRT,1998-12-31,1998-12-31,1998-12-31,2021-09-07,0.0,6686200000.0,6263350000.0,4349200000.0,2337000000.0,2.439,4.018,-451800000.0,180800000.0,180800000.0,11144400000.0,384500000.0,1.388,1.149,1061400000.0,785700000.0,275700000.0,1061400000.0,0.0,249700000.0,0.0,0.004,0.113,751900000.0,1001600000.0,0.066,1001600000.0,751900000.0,691000000.0,0.48,0.475,0.48,3110600000.0,2854950000.0,3110600000.0,22311504540.0,30.0,22.276,-159400000.0,-0.206,1.0,4129200000.0,0.27,724600000.0,60900000.0,3708900000.0,3376275000.0,3190200000.0,0.0,0.0,0.0,3575600000.0,3133300000.0,442300000.0,21447504540.0,-11700000.0,-133600000.0,121100000.0,262700000.0,-102500000.0,281300000.0,-585400000.0,0.0,292400000.0,0.0,384500000.0,370900000.0,370900000.0,0.0,0.0,0.024,3377300000.0,751900000.0,1286300000.0,0.235,6.895,57.826,57.292,1351200000.0,13600000.0,27.5,1.404,1.394,650300000.0,2021100000.0,15273600000.0,15273600000.0,0.0,0.059,0.13,0.223,0.049,0.0,3377300000.0,1.0,779909256.0,774200000,810400000.0,19.728,5961600000.0,248700000.0,306500000.0,24300000.0,7.7,1215900000.0
91,CVS,MRT,1998-09-30,1998-09-26,1998-09-26,2021-09-07,0.0,6510000000.0,6071925000.0,4157600000.0,2352400000.0,2.421,3.816,-536700000.0,125400000.0,125400000.0,10704300000.0,375300000.0,1.343,1.19,989400000.0,701200000.0,288200000.0,989400000.0,0.0,428400000.0,0.0,0.005,0.112,730100000.0,1158500000.0,0.079,1158500000.0,730100000.0,679100000.0,0.475,0.46,0.475,2972300000.0,2733925000.0,2972300000.0,18638506431.0,26.0,16.088,-812200000.0,-1.043,1.0,3994500000.0,0.272,820100000.0,51000000.0,3458500000.0,3192775000.0,3147600000.0,0.0,0.0,0.0,3537700000.0,3095400000.0,442300000.0,17738206431.0,-66300000.0,135600000.0,120700000.0,591400000.0,-101800000.0,610300000.0,-401100000.0,0.0,-275500000.0,0.0,375300000.0,361700000.0,361700000.0,0.0,0.0,0.025,3264400000.0,730100000.0,1168200000.0,0.236,5.968,49.041,47.958,1267800000.0,13600000.0,22.78,1.207,1.207,566700000.0,1911800000.0,14698800000.0,14698800000.0,0.0,0.06,0.132,0.229,0.05,0.0,3264400000.0,1.0,778674558.0,779000000,792200000.0,18.869,5689900000.0,0.0,303800000.0,0.0,7.304,1062200000.0
92,CVS,MRT,1998-06-30,1998-06-27,1998-06-27,2021-09-07,0.0,6062600000.0,5783775000.0,3848900000.0,2213700000.0,2.473,3.702,-431400000.0,62000000.0,62000000.0,10397600000.0,361300000.0,1.404,1.122,962300000.0,673900000.0,288400000.0,962300000.0,0.0,367600000.0,0.0,0.006,0.11,702500000.0,1070100000.0,0.075,1070100000.0,702500000.0,657400000.0,0.46,0.445,0.46,2856800000.0,2549875000.0,2856800000.0,15480035229.0,22.0,14.466,-679800000.0,-0.881,1.0,3904800000.0,0.273,811400000.0,45100000.0,3409500000.0,2848875000.0,2938000000.0,0.0,0.0,0.0,3205800000.0,2742000000.0,463800000.0,14656535229.0,-47100000.0,176100000.0,122800000.0,371800000.0,-100600000.0,394000000.0,-192700000.0,62600000.0,-248400000.0,0.0,361300000.0,347700000.0,347700000.0,0.0,0.0,0.024,3202300000.0,702500000.0,865700000.0,0.239,5.13,42.153,41.446,1171900000.0,13600000.0,19.065,1.025,1.029,499300000.0,1831800000.0,14302400000.0,14302400000.0,0.0,0.06,0.136,0.247,0.049,0.0,3202300000.0,1.0,768766600.0,771600000,789200000.0,18.536,5251200000.0,0.0,296100000.0,0.0,6.806,1106900000.0
93,CVS,MRT,1998-03-31,1998-03-28,1998-03-28,2021-09-07,0.0,5794600000.0,5595850000.0,3810700000.0,1983900000.0,2.635,3.239,-368100000.0,112200000.0,112200000.0,10731500000.0,412200000.0,1.323,1.336,935700000.0,663100000.0,272600000.0,935700000.0,0.0,306400000.0,0.0,0.006,0.11,782900000.0,1089300000.0,0.074,1089300000.0,782900000.0,739500000.0,0.51,0.492,0.51,2480100000.0,2372350000.0,2480100000.0,12957990503.0,17.0,11.896,-576600000.0,-0.753,1.0,4011600000.0,0.272,810000000.0,43400000.0,2928200000.0,2658175000.0,2973100000.0,0.0,0.0,0.0,3314500000.0,2879900000.0,434600000.0,12796690503.0,-249100000.0,192700000.0,158000000.0,-234400000.0,-98500000.0,-174900000.0,134300000.0,309700000.0,-208500000.0,0.0,412200000.0,398700000.0,398700000.0,100000.0,0.0,0.027,3228600000.0,783000000.0,1171600000.0,0.216,5.16,32.096,36.426,983000000.0,13500000.0,18.578,0.868,0.965,436000000.0,1653300000.0,14743100000.0,14743100000.0,0.0,0.071,0.168,0.295,0.053,0.0,3228600000.0,1.0,688827372.0,765800000,801800000.0,19.252,4984600000.0,0.0,327300000.0,0.0,6.509,930800000.0
94,CVS,MRT,1997-12-31,1997-12-31,1997-12-31,2021-09-07,0.0,5920500000.0,4836850000.0,3883700000.0,2036800000.0,2.843,3.482,-341600000.0,192500000.0,192500000.0,10031300000.0,88800000.0,1.367,1.254,798700000.0,508300000.0,290400000.0,798700000.0,0.0,242600000.0,0.0,0.007,0.11,282100000.0,524700000.0,0.038,524700000.0,282100000.0,238000000.0,0.1,0.095,0.1,2626500000.0,2080450000.0,2626500000.0,11192870363.0,40.0,21.332,-447400000.0,-0.593,1.0,3718300000.0,0.27,711500000.0,44100000.0,2974900000.0,2314500000.0,2882400000.0,0.0,0.0,0.0,3294000000.0,2840300000.0,453700000.0,11031570363.0,-314300000.0,192700000.0,169100000.0,-450800000.0,-87600000.0,-369300000.0,160800000.0,309700000.0,-105800000.0,0.0,88800000.0,75100000.0,75100000.0,-17500000.0,0.0,0.005,3436600000.0,281700000.0,1233700000.0,1.1,4.2,146.892,160.15,1072300000.0,13700000.0,16.015,0.802,0.879,452400000.0,1739100000.0,13749600000.0,13749600000.0,0.0,0.016,0.036,0.122,0.021,0.0,3436600000.0,1.0,688827372.0,754400000,770200000.0,18.226,5209000000.0,0.0,149200000.0,0.0,6.905,1043400000.0
95,CVS,MRT,1997-09-30,1997-09-27,1997-09-27,2021-09-07,0.0,5357400000.0,4780150000.0,3327300000.0,2030100000.0,3.064,2.929,-398200000.0,151900000.0,151900000.0,10630800000.0,352300000.0,1.272,1.396,313200000.0,0.0,313200000.0,313200000.0,0.0,262800000.0,0.0,0.113,1.586,692700000.0,955500000.0,0.065,955500000.0,692700000.0,638600000.0,0.44,,0.44,2236100000.0,1972925000.0,2236100000.0,10191087481.0,15.0,10.666,-113500000.0,-0.149,1.0,4015900000.0,0.274,819600000.0,54100000.0,2082900000.0,2412500000.0,2499800000.0,0.0,0.0,0.0,3121300000.0,2616200000.0,505100000.0,9674287481.0,52200000.0,-120100000.0,202700000.0,-344300000.0,-90200000.0,-257600000.0,25100000.0,543400000.0,284700000.0,0.0,352300000.0,338500000.0,338500000.0,3200000.0,0.0,0.023,3339300000.0,676600000.0,1167200000.0,3.605,4.326,28.58,31.96,955700000.0,13800000.0,14.062,0.661,0.733,346800000.0,1472300000.0,14646700000.0,14646700000.0,0.0,0.071,0.172,0.287,0.047,0.0,3339300000.0,1.0,687949332.0,763400000,,19.186,4537800000.0,0.0,286300000.0,0.0,5.944,711100000.0
96,CVS,MRT,1997-06-30,1997-06-28,1997-06-28,2021-09-07,0.0,5310900000.0,,3180200000.0,2130700000.0,,2.465,-484300000.0,74900000.0,74900000.0,10118800000.0,349700000.0,1.351,1.474,591700000.0,0.0,591700000.0,591700000.0,0.0,262800000.0,0.0,0.123,1.586,679400000.0,942200000.0,0.068,942200000.0,679400000.0,618100000.0,0.45,,0.45,2146700000.0,,2146700000.0,5527409320.0,8.0,5.866,-283900000.0,-0.326,1.0,3837300000.0,0.275,827000000.0,61300000.0,2646700000.0,,2346800000.0,4100000.0,4100000.0,0.0,3164200000.0,2354000000.0,810200000.0,5568009320.0,-17500000.0,-133500000.0,183000000.0,-217600000.0,-81000000.0,-141400000.0,-76500000.0,541300000.0,200400000.0,0.0,349700000.0,335700000.0,335700000.0,-15600000.0,0.0,0.024,3218400000.0,618900000.0,918200000.0,3.524,2.594,16.586,28.75,1022600000.0,14000000.0,12.938,0.399,0.807,379500000.0,1433700000.0,13956100000.0,13956100000.0,0.0,,,,0.049,0.0,3218400000.0,1.0,430377532.0,870800000,,16.027,4483900000.0,0.0,268400000.0,78300000.0,5.149,826200000.0
97,CVS,MRT,1997-03-31,1997-03-29,1997-03-29,2021-09-07,0.0,2758600000.0,,1901600000.0,857000000.0,,1.97,-342700000.0,334600000.0,334600000.0,8969200000.0,244900000.0,1.82,1.102,294000000.0,0.0,294000000.0,294000000.0,0.0,262800000.0,0.0,0.134,1.586,594300000.0,857100000.0,0.069,857100000.0,594300000.0,525500000.0,0.32,,0.32,1312500000.0,,1312500000.0,,,,206900000.0,0.31,1.0,3465000000.0,0.279,119800000.0,68800000.0,1553500000.0,,1053800000.0,179500000.0,179500000.0,0.0,1446100000.0,1044700000.0,401400000.0,5077177548.0,243400000.0,-133500000.0,87000000.0,-238900000.0,-137600000.0,-315800000.0,9600000.0,485800000.0,549600000.0,0.0,244900000.0,230600000.0,230600000.0,137800000.0,0.0,0.019,2857100000.0,607900000.0,421500000.0,4.956,3.868,22.017,37.016,605900000.0,14300000.0,11.845,0.408,0.635,163800000.0,1360700000.0,12434200000.0,12434200000.0,0.0,,,,0.048,0.0,2857100000.0,1.0,428634660.0,666400000,,18.659,2638800000.0,0.0,280600000.0,34200000.0,3.96,856900000.0
98,CVS,MRT,1996-12-31,1996-12-31,1996-12-31,2021-09-07,0.0,5693700000.0,4827650000.0,3528900000.0,2164800000.0,2.451,2.993,-328900000.0,471800000.0,471800000.0,8530700000.0,208200000.0,1.662,1.592,1184300000.0,0.0,1184300000.0,1184300000.0,0.0,262800000.0,0.0,0.153,1.586,554700000.0,817500000.0,0.069,817500000.0,554700000.0,479200000.0,0.265,0.26,0.265,2196400000.0,1872100000.0,2196400000.0,,,,-1700000.0,-0.002,1.0,3300900000.0,0.279,916500000.0,75500000.0,3366900000.0,2792650000.0,2328200000.0,181400000.0,181400000.0,0.0,3497300000.0,2122800000.0,1374500000.0,4434225558.0,325900000.0,-133500000.0,62100000.0,76500000.0,-137500000.0,-24700000.0,23400000.0,485800000.0,327200000.0,0.0,208200000.0,193700000.0,193700000.0,164200000.0,0.0,0.016,2709000000.0,591900000.0,1046300000.0,5.985,2.019,22.892,39.038,965500000.0,14500000.0,10.345,0.375,0.642,350700000.0,1587800000.0,11831600000.0,11831600000.0,0.0,0.04,0.103,0.199,0.047,0.0,2709000000.0,1.0,428634660.0,733800000,767200000.0,16.124,4777200000.0,0.0,271000000.0,0.0,6.51,1406100000.0
99,CVS,MRT,1996-09-30,1996-09-28,1996-09-28,2021-09-07,,,,,,,,,,,,,,,,,,,,,,0.016,0.177,,,,,,,,,,,,,,,,,,1.0,,,,,,,,,,,,,,,,,,,,,,,,,,,,,,,,,,,,,,,,10.97,,,,,,,,,,,,,,1.0,,666400000,,,,,,,,
100,CVS,MRT,1996-06-30,1996-06-29,1996-06-29,2021-09-07,,,,,,,,,,,,,,,,,,,,,,0.024,0.245,,,,,,,,,,,,,,,,,,1.0,,,,,,,,,,,,,,,,,,,,,,,,,,,,,,,,,,,,,,,,10.125,,,,,,,,,,,,,,1.0,,664800000,,,,,,,,
101,CVS,MRT,1996-03-31,1996-03-30,1996-03-30,2021-09-07,,,,,,,,,,,,,,,,,,,,,,0.035,0.312,,,,,,,,,,,,,,,,,,1.0,,,,,,,,,,,,,,,,,,,,,,,,,,,,,,,,,,,,,,,,9.03,,,,,,,,,,,,,,1.0,,420800000,,,,,,,,
102,CVS,MRT,1995-12-31,1995-12-31,1995-12-31,2021-09-07,0.0,3961600000.0,,2560000000.0,1401600000.0,,2.364,-528900000.0,129600000.0,129600000.0,7016500000.0,-572800000.0,1.424,1.56,379700000.0,52000000.0,327700000.0,379700000.0,0.0,327700000.0,0.0,0.049,0.38,-399900000.0,-72200000.0,-0.007,-72200000.0,-399900000.0,-514400000.0,-0.9,-0.897,-0.9,1547800000.0,,1547800000.0,,,,-68900000.0,-0.105,1.0,2746900000.0,0.281,195600000.0,114500000.0,2218400000.0,,1673000000.0,175000000.0,175000000.0,0.0,2413800000.0,1797700000.0,616100000.0,,24300000.0,418800000.0,-25100000.0,-51600000.0,-240000000.0,-325600000.0,-110100000.0,0.0,460000000.0,0.0,-572800000.0,-589800000.0,-589800000.0,630600000.0,0.0,-0.06,2516200000.0,230700000.0,690700000.0,-0.422,,,-8.542,1114400000.0,17000000.0,7.688,,0.516,296400000.0,1660400000.0,9763400000.0,9763400000.0,0.0,,,,-0.041,0.0,2516200000.0,1.0,,654800000,657200000.0,14.911,3766000000.0,0.0,58400000.0,9100000.0,5.751,762300000.0
103,CVS,MRT,1994-12-31,1994-12-31,1994-12-31,2021-09-07,,,,,,,,-421400000.0,,,3088200000.0,307500000.0,,,,,,,,206300000.0,,0.049,0.38,401000000.0,607300000.0,0.14,607300000.0,401000000.0,370200000.0,0.688,,0.688,,,,,,,77000000.0,0.182,1.0,1241900000.0,0.287,,30800000.0,,,,,,,,,,,36000000.0,50300000.0,0.0,132500000.0,-225500000.0,-91300000.0,-371100000.0,0.0,498400000.0,0.0,307500000.0,290500000.0,290500000.0,-217200000.0,0.0,0.067,1058100000.0,183800000.0,,0.552,,,11.221,,17000000.0,7.72,,0.752,,,4330100000.0,4330100000.0,0.0,,,,0.093,0.0,1058100000.0,1.0,,422000000,,10.261,,,62700000.0,,,
