None,ticker,dimension,calendardate,datekey,reportperiod,lastupdated,accoci,assets,assetsavg,assetsc,assetsnc,assetturnover,bvps,capex,cashneq,cashnequsd,cor,consolinc,currentratio,de,debt,debtc,debtnc,debtusd,deferredrev,depamor,deposits,divyield,dps,ebit,ebitda,ebitdamargin,ebitdausd,ebitusd,ebt,eps,epsdil,epsusd,equity,equityavg,equityusd,ev,evebit,evebitda,fcf,fcfps,fxusd,gp,grossmargin,intangibles,intexp,invcap,invcapavg,inventory,investments,investmentsc,investmentsnc,liabilities,liabilitiesc,liabilitiesnc,marketcap,ncf,ncfbus,ncfcommon,ncfdebt,ncfdiv,ncff,ncfi,ncfinv,ncfo,ncfx,netinc,netinccmn,netinccmnusd,netincdis,netincnci,netmargin,opex,opinc,payables,payoutratio,pb,pe,pe1,ppnenet,prefdivis,price,ps,ps1,receivables,retearn,revenue,revenueusd,rnd,roa,roe,roic,ros,sbcomp,sgna,sharefactor,sharesbas,shareswa,shareswadil,sps,tangibles,taxassets,taxexp,taxliabilities,tbvps,workingcapital
0,IT,MRY,2020-12-31,2020-12-31,2020-12-31,2021-08-03,-99228000.0,7315967000.0,6941802250.0,2323058000.0,4992909000.0,0.591,12.209,-83888000.0,712583000.0,712583000.0,1345024000.0,266745000.0,0.788,5.709,2758967000.0,20515000.0,2738452000.0,2758967000.0,1974548000.0,300835000.0,0.0,0.0,0.0,441769000.0,742604000.0,0.181,742604000.0,441769000.0,326133000.0,2.99,2.96,2.99,1090428000.0,1002356250.0,1090428000.0,16512838186.0,37.0,22.236,819390000.0,9.174,1.0,2754379000.0,0.672,3752545000.0,115636000.0,2662312000.0,2897212500.0,0.0,0.0,0.0,0.0,6225539000.0,2947494000.0,3278045000.0,14302864186.0,403166000.0,0.0,-158217000.0,-232221000.0,0.0,-416224000.0,-83888000.0,0.0,903278000.0,28581000.0,266745000.0,266745000.0,266745000.0,0.0,0.0,0.065,2264229000.0,490150000.0,952431000.0,0.0,13.117,53.62,53.575,984048000.0,0.0,160.19,3.489,3.49,1241508000.0,2255467000.0,4099403000.0,4099403000.0,0.0,0.038,0.266,0.152,0.108,62540000.0,2038963000.0,1.0,89286873.0,89315000,90017000.0,45.898,3563422000.0,0.0,59388000.0,0.0,39.897,-624436000.0
1,IT,MRY,2019-12-31,2019-12-31,2019-12-31,2021-08-03,-77938000.0,7151294000.0,6833238500.0,2018741000.0,5132553000.0,0.621,10.45,-149016000.0,280836000.0,280836000.0,1550568000.0,233290000.0,0.707,6.619,3016139000.0,139718000.0,2876421000.0,3016139000.0,1928020000.0,298245000.0,0.0,0.0,0.0,378570000.0,676815000.0,0.159,676815000.0,378570000.0,275739000.0,2.6,2.56,2.6,938593000.0,919737250.0,938593000.0,16436477061.0,43.0,24.285,416420000.0,4.636,1.0,2694753000.0,0.635,3862813000.0,102831000.0,3167250000.0,3092345750.0,0.0,0.0,0.0,0.0,6212701000.0,2856534000.0,3356167000.0,13784702061.0,118559000.0,-25989000.0,-181413000.0,-104579000.0,0.0,-285992000.0,-160885000.0,14120000.0,565436000.0,3614000.0,233290000.0,233290000.0,233290000.0,0.0,0.0,0.055,2324666000.0,370087000.0,788796000.0,0.0,14.687,59.088,59.269,1047495000.0,0.0,154.1,3.247,3.26,1326012000.0,1988722000.0,4245321000.0,4245321000.0,0.0,0.034,0.254,0.122,0.089,69008000.0,2103424000.0,1.0,89452966.0,89817000,90971000.0,47.266,3288481000.0,0.0,42449000.0,0.0,36.613,-837793000.0
2,IT,MRY,2018-12-31,2018-12-31,2018-12-31,2021-08-03,-39867000.0,6201474000.0,6303564000.0,1811739000.0,4389735000.0,0.631,9.367,-126873000.0,156368000.0,156368000.0,1468800000.0,122456000.0,0.691,6.289,2281687000.0,165578000.0,2116109000.0,2281687000.0,1745244000.0,255601000.0,0.0,0.0,0.0,307895000.0,563496000.0,0.142,563496000.0,307895000.0,181121000.0,1.35,1.33,1.35,850757000.0,925327000.0,850757000.0,13579551989.0,44.0,24.099,344285000.0,3.791,1.0,2506654000.0,0.631,3965701000.0,126774000.0,1740157000.0,1847869250.0,0.0,0.0,0.0,0.0,5350717000.0,2620935000.0,2729782000.0,11619788989.0,-401906000.0,510924000.0,-246143000.0,-1010972000.0,0.0,-1257115000.0,384051000.0,0.0,471158000.0,-6489000.0,122456000.0,122456000.0,122456000.0,0.0,0.0,0.031,2246939000.0,259715000.0,710113000.0,0.0,13.658,94.89,94.696,267665000.0,0.0,127.84,2.923,2.921,1255118000.0,1755432000.0,3975454000.0,3975454000.0,0.0,0.019,0.132,0.167,0.077,66172000.0,1884141000.0,1.0,90893218.0,90827000,92122000.0,43.77,2235773000.0,0.0,58665000.0,0.0,24.616,-809196000.0
3,IT,MRY,2017-12-31,2017-12-31,2017-12-31,2021-08-03,1508000.0,7283173000.0,6163713000.0,2588608000.0,4694565000.0,0.537,11.117,-110765000.0,538908000.0,538908000.0,1320198000.0,3279000.0,0.917,6.406,3278845000.0,379721000.0,2899124000.0,3278845000.0,1630198000.0,240171000.0,0.0,0.0,0.0,130000.0,240301000.0,0.073,240301000.0,130000.0,-127817000.0,0.04,0.04,0.04,983465000.0,700841750.0,983465000.0,13875538713.0,106735.0,57.742,143752000.0,1.625,1.0,1991296000.0,0.601,4279316000.0,127947000.0,2921209000.0,2406623500.0,0.0,0.0,0.0,0.0,6299708000.0,2822585000.0,3477123000.0,11163724713.0,41802000.0,-2641780000.0,-29561000.0,2620562000.0,0.0,2539830000.0,-2752545000.0,0.0,254517000.0,25902000.0,3279000.0,3279000.0,3279000.0,0.0,0.0,0.001,1997625000.0,-6329000.0,666821000.0,0.0,11.351,3404.613,3078.75,221507000.0,0.0,123.15,3.371,3.29,1176843000.0,1647284000.0,3311494000.0,3311494000.0,0.0,0.001,0.005,0.0,0.0,78943000.0,1599004000.0,1.0,90651439.0,88466000,89790000.0,37.432,3003857000.0,0.0,-131096000.0,0.0,33.955,-233977000.0
4,IT,MRY,2016-12-31,2016-12-31,2016-12-31,2021-08-03,-49683000.0,2367335000.0,2290276250.0,1343196000.0,1024139000.0,1.067,0.737,-49863000.0,474233000.0,474233000.0,945648000.0,193582000.0,0.92,37.887,694391000.0,30000000.0,664391000.0,694391000.0,989478000.0,61969000.0,0.0,0.0,0.0,315996000.0,377965000.0,0.155,377965000.0,315996000.0,288431000.0,2.34,2.31,2.34,60878000.0,-28779500.0,60878000.0,8620051976.0,27.0,22.806,315769000.0,3.824,1.0,1498892000.0,0.613,815254000.0,27565000.0,311990000.0,418065000.0,0.0,0.0,0.0,0.0,2306457000.0,1460249000.0,846208000.0,8349380976.0,92887000.0,-48196000.0,-49711000.0,-120000000.0,0.0,-174686000.0,-98059000.0,0.0,365632000.0,-5640000.0,193582000.0,193582000.0,193582000.0,0.0,0.0,0.079,1193751000.0,305141000.0,440771000.0,0.0,137.149,43.131,43.192,121606000.0,0.0,101.07,3.416,3.414,643013000.0,1644005000.0,2444540000.0,2444540000.0,0.0,0.085,-6.726,0.756,0.129,46661000.0,1089184000.0,1.0,82609884.0,82571000,83820000.0,29.605,1552081000.0,0.0,94849000.0,0.0,18.797,-117053000.0
5,IT,MRY,2015-12-31,2015-12-31,2015-12-31,2021-08-03,-44402000.0,2168517000.0,1977617000.0,1140997000.0,1027520000.0,1.094,-1.579,-46128000.0,372976000.0,372976000.0,839076000.0,175635000.0,0.862,-17.379,818831000.0,35000000.0,783831000.0,818831000.0,900801000.0,47131000.0,0.0,0.0,0.0,294759000.0,341890000.0,0.158,341890000.0,294759000.0,272211000.0,2.09,2.06,2.09,-132400000.0,-150414250.0,-132400000.0,7983851434.0,27.0,23.352,299433000.0,3.571,1.0,1323980000.0,0.612,811903000.0,22548000.0,478977000.0,382874250.0,0.0,0.0,0.0,0.0,2300917000.0,1323492000.0,977425000.0,7515095434.0,35514000.0,-196229000.0,-501550000.0,420000000.0,0.0,-67690000.0,-242357000.0,0.0,345561000.0,-27840000.0,175635000.0,175635000.0,175635000.0,0.0,0.0,0.081,1035983000.0,287997000.0,387691000.0,0.0,-56.761,42.788,43.397,108733000.0,0.0,90.7,3.474,3.516,580763000.0,1450684000.0,2163056000.0,2163056000.0,0.0,0.089,-1.168,0.77,0.136,32289000.0,962677000.0,1.0,82856620.0,83852000,85056000.0,25.796,1356614000.0,0.0,96576000.0,0.0,16.179,-182495000.0
6,IT,MRY,2014-12-31,2014-12-31,2014-12-31,2021-08-03,-21170000.0,1904351000.0,1806956250.0,1096658000.0,807693000.0,1.119,1.804,-38486000.0,365302000.0,365302000.0,797933000.0,183766000.0,0.902,10.816,405000000.0,20000000.0,385000000.0,405000000.0,841457000.0,39412000.0,0.0,0.0,0.0,286983000.0,326395000.0,0.161,326395000.0,286983000.0,274683000.0,2.06,2.03,2.06,161171000.0,186981500.0,161171000.0,7441592449.0,26.0,22.799,308293000.0,3.451,1.0,1223508000.0,0.605,617354000.0,12300000.0,111477000.0,-66178750.0,0.0,0.0,0.0,0.0,1743180000.0,1215218000.0,527962000.0,7412812449.0,-24668000.0,-124291000.0,-432006000.0,200000000.0,0.0,-208670000.0,-162777000.0,0.0,346779000.0,-34020000.0,183766000.0,183766000.0,183766000.0,0.0,0.0,0.091,937346000.0,286162000.0,353761000.0,0.0,45.993,40.338,40.879,97990000.0,0.0,84.21,3.667,3.722,552107000.0,1275049000.0,2021441000.0,2021441000.0,0.0,0.102,0.983,-4.336,0.142,18652000.0,876067000.0,1.0,88027698.0,89337000,90719000.0,22.627,1286997000.0,0.0,90917000.0,0.0,14.406,-118560000.0
7,IT,MRY,2013-12-31,2013-12-31,2013-12-31,2021-08-03,8345000.0,1783582000.0,1648290500.0,1084882000.0,698700000.0,1.082,3.884,-36498000.0,423990000.0,423990000.0,713484000.0,182801000.0,0.935,3.936,205000000.0,68750000.0,136250000.0,205000000.0,766114000.0,34442000.0,0.0,0.0,0.0,276827000.0,311269000.0,0.174,311269000.0,276827000.0,266439000.0,1.97,1.93,1.97,361316000.0,332700500.0,361316000.0,6379692720.0,23.0,20.496,279156000.0,3.001,1.0,1070729000.0,0.6,525310000.0,10388000.0,-120641000.0,-71250750.0,0.0,0.0,0.0,0.0,1422266000.0,1159923000.0,262343000.0,6549213720.0,125301000.0,0.0,-175694000.0,0.0,0.0,-153855000.0,-36498000.0,0.0,315654000.0,-1163000.0,182801000.0,182801000.0,182801000.0,0.0,0.0,0.102,795237000.0,275492000.0,325059000.0,0.0,18.126,35.827,36.066,91759000.0,0.0,71.05,3.671,3.704,490923000.0,1091283000.0,1784213000.0,1784213000.0,0.0,0.111,0.549,-3.885,0.155,9343000.0,760458000.0,1.0,92177533.0,93015000,94830000.0,19.182,1258272000.0,0.0,83638000.0,0.0,13.528,-75041000.0
8,IT,MRY,2012-12-31,2012-12-31,2012-12-31,2021-08-03,5968000.0,1621277000.0,1457597000.0,927466000.0,693811000.0,1.109,3.282,-44337000.0,299852000.0,299852000.0,659067000.0,165903000.0,0.867,4.287,205000000.0,90000000.0,115000000.0,205000000.0,692237000.0,29771000.0,0.0,0.0,0.0,245501000.0,275272000.0,0.17,275272000.0,245501000.0,235596000.0,1.78,1.73,1.78,306673000.0,238727500.0,306673000.0,4254613343.0,17.0,15.456,235476000.0,2.52,1.0,956741000.0,0.592,531327000.0,9905000.0,-74902000.0,-34317250.0,0.0,0.0,0.0,0.0,1314604000.0,1070000000.0,244604000.0,4310004343.0,152570000.0,-10336000.0,-98874000.0,5000000.0,0.0,-72570000.0,-54673000.0,0.0,279813000.0,4543000.0,165903000.0,165903000.0,165903000.0,0.0,0.0,0.103,711034000.0,245707000.0,287763000.0,0.0,14.054,25.979,25.854,89089000.0,0.0,46.02,2.667,2.661,463968000.0,908482000.0,1615808000.0,1615808000.0,0.0,0.114,0.695,-7.154,0.152,15074000.0,678843000.0,1.0,93655027.0,93444000,95842000.0,17.292,1089950000.0,0.0,69693000.0,0.0,11.664,-142534000.0
9,IT,MRY,2011-12-31,2011-12-31,2011-12-31,2021-08-03,5793000.0,1379872000.0,1313912250.0,705785000.0,674087000.0,1.118,1.893,-41954000.0,142739000.0,142739000.0,608755000.0,136902000.0,0.766,6.591,200000000.0,50000000.0,150000000.0,200000000.0,611647000.0,32064000.0,0.0,0.0,0.0,213400000.0,245464000.0,0.167,245464000.0,213400000.0,202184000.0,1.43,1.39,1.43,181784000.0,200425000.0,181784000.0,3352570559.0,16.0,13.658,213612000.0,2.225,1.0,859833000.0,0.585,515610000.0,11216000.0,386000.0,45920500.0,0.0,0.0,0.0,0.0,1198088000.0,921137000.0,276951000.0,3299473559.0,27053000.0,0.0,-191975000.0,-20156000.0,0.0,-186559000.0,-41954000.0,0.0,255566000.0,-4495000.0,136902000.0,136902000.0,136902000.0,0.0,0.0,0.093,645771000.0,214062000.0,259490000.0,0.0,18.151,24.101,24.315,68132000.0,0.0,34.77,2.247,2.273,421033000.0,742579000.0,1468588000.0,1468588000.0,0.0,0.104,0.683,4.647,0.145,7293000.0,613707000.0,1.0,94894264.0,96019000,98846000.0,15.295,864262000.0,0.0,65282000.0,0.0,9.001,-215352000.0
10,IT,MRY,2010-12-31,2010-12-31,2010-12-31,2021-08-03,14638000.0,1285658000.0,1219282250.0,621102000.0,664556000.0,1.057,1.954,-21694000.0,120181000.0,120181000.0,552238000.0,96285000.0,0.766,5.873,220156000.0,40156000.0,180000000.0,220156000.0,523263000.0,35874000.0,0.0,0.0,0.0,150857000.0,186731000.0,0.145,186731000.0,150857000.0,134085000.0,1.01,0.96,1.01,187056000.0,141053000.0,187056000.0,3342694777.0,22.0,17.901,183805000.0,1.92,1.0,736216000.0,0.571,523849000.0,16772000.0,50632000.0,1980750.0,0.0,0.0,0.0,0.0,1098602000.0,811152000.0,287450000.0,3191106777.0,98000.0,-12151000.0,-76293000.0,-113627000.0,0.0,-171556000.0,-33845000.0,0.0,205499000.0,3509000.0,96285000.0,96285000.0,96285000.0,0.0,0.0,0.075,586951000.0,149265000.0,247733000.0,0.0,17.06,33.142,32.871,47614000.0,0.0,33.2,2.477,2.467,364818000.0,605677000.0,1288454000.0,1288454000.0,0.0,0.079,0.683,76.162,0.117,14270000.0,543174000.0,1.0,96117674.0,95747000,99834000.0,13.457,761809000.0,0.0,37800000.0,0.0,7.956,-190050000.0
11,IT,MRY,2009-12-31,2009-12-31,2009-12-31,2021-08-03,11322000.0,1215279000.0,1033254500.0,557825000.0,657454000.0,1.103,1.189,-15142000.0,116574000.0,116574000.0,498363000.0,82964000.0,0.621,9.799,329000000.0,205000000.0,124000000.0,329000000.0,437207000.0,27023000.0,0.0,0.0,0.0,132388000.0,159411000.0,0.14,159411000.0,132388000.0,115526000.0,0.88,0.85,0.88,112535000.0,56985500.0,112535000.0,1875995594.0,14.0,11.768,146795000.0,1.551,1.0,641437000.0,0.563,537725000.0,16862000.0,-8193000.0,84946000.0,0.0,0.0,0.0,0.0,1102744000.0,898173000.0,204571000.0,1723773594.0,-31508000.0,-104523000.0,11078000.0,-87250000.0,0.0,-73780000.0,-119665000.0,0.0,161937000.0,7153000.0,82964000.0,82964000.0,82964000.0,0.0,0.0,0.073,506960000.0,134477000.0,255966000.0,0.0,15.318,20.777,20.5,52466000.0,0.0,18.04,1.512,1.498,317598000.0,509392000.0,1139800000.0,1139800000.0,0.0,0.08,1.456,1.558,0.116,23674000.0,477003000.0,1.0,95552860.0,94658000,97549000.0,12.041,677554000.0,0.0,32562000.0,0.0,7.158,-340348000.0
12,IT,MRY,2008-12-31,2008-12-31,2008-12-31,2021-08-03,-1741000.0,1093065000.0,1106301750.0,554524000.0,538541000.0,1.156,-0.224,-24302000.0,140929000.0,140929000.0,572208000.0,103871000.0,0.7,-52.279,416250000.0,177750000.0,238500000.0,416250000.0,395278000.0,27495000.0,0.0,0.0,0.0,173854000.0,201349000.0,0.157,201349000.0,173854000.0,151464000.0,1.09,1.05,1.09,-21316000.0,-23874750.0,-21316000.0,1956522161.0,11.0,9.717,160048000.0,1.68,1.0,706857000.0,0.553,400752000.0,22390000.0,175225000.0,178523250.0,0.0,0.0,0.0,0.0,1114381000.0,792409000.0,321972000.0,1677193161.0,48060000.0,7847000.0,-156115000.0,21449000.0,0.0,-119835000.0,-16455000.0,0.0,184350000.0,-17076000.0,103871000.0,103871000.0,103871000.0,-6723000.0,0.0,0.081,542489000.0,164368000.0,219381000.0,0.0,-78.682,16.147,16.358,61869000.0,0.0,17.83,1.311,1.328,318511000.0,426428000.0,1279065000.0,1279065000.0,0.0,0.094,-4.351,0.974,0.136,5865000.0,514994000.0,1.0,94065797.0,95246000,99028000.0,13.429,692313000.0,0.0,47593000.0,0.0,7.269,-237885000.0
13,IT,MRY,2007-12-31,2007-12-31,2007-12-31,2021-08-03,23641000.0,1133210000.0,1094057250.0,557790000.0,575420000.0,1.068,0.169,-24136000.0,109945000.0,109945000.0,546569000.0,73553000.0,0.637,63.762,394000000.0,236500000.0,157500000.0,394000000.0,423522000.0,26389000.0,0.0,0.0,0.0,138450000.0,164839000.0,0.141,164839000.0,138450000.0,113384000.0,0.71,0.68,0.71,17498000.0,51159250.0,17498000.0,2081624477.0,15.0,12.628,124199000.0,1.199,1.0,621906000.0,0.532,419826000.0,25066000.0,121427000.0,158573750.0,0.0,0.0,0.0,0.0,1115712000.0,876012000.0,239700000.0,1832332477.0,30504000.0,0.0,-132364000.0,22743000.0,0.0,-93695000.0,-24136000.0,0.0,148335000.0,11640000.0,73553000.0,73553000.0,73553000.0,-2887000.0,0.0,0.063,492448000.0,129458000.0,215990000.0,0.0,104.717,24.912,24.732,66551000.0,0.0,17.56,1.568,1.557,354926000.0,322557000.0,1168475000.0,1168475000.0,0.0,0.067,1.438,0.873,0.118,9482000.0,456975000.0,1.0,104346952.0,103613000,108328000.0,11.277,713384000.0,0.0,39831000.0,0.0,6.885,-318222000.0
14,IT,MRY,2006-12-31,2006-12-31,2006-12-31,2021-08-03,13097000.0,1039793000.0,1004405500.0,484033000.0,555760000.0,1.033,0.233,-21113000.0,67801000.0,67801000.0,490560000.0,58192000.0,0.602,38.509,370000000.0,220000000.0,150000000.0,370000000.0,375881000.0,34197000.0,0.0,0.0,0.0,103693000.0,137890000.0,0.133,137890000.0,103693000.0,84595000.0,0.51,0.5,0.51,26318000.0,135687000.0,26318000.0,2384976586.0,23.0,17.296,85151000.0,0.753,1.0,546739000.0,0.527,414523000.0,19098000.0,123586000.0,131043500.0,0.0,0.0,0.0,0.0,1013475000.0,803883000.0,209592000.0,2257889586.0,-7062000.0,0.0,-223972000.0,123288000.0,0.0,-91525000.0,-21801000.0,0.0,106264000.0,4581000.0,58192000.0,58192000.0,58192000.0,-3934000.0,0.0,0.056,448700000.0,98039000.0,208002000.0,0.0,85.793,38.801,38.804,59715000.0,0.0,19.79,2.177,2.157,328383000.0,249004000.0,1037299000.0,1037299000.0,0.0,0.058,0.429,0.791,0.1,7501000.0,413053000.0,1.0,114092450.0,113071000,116203000.0,9.174,625270000.0,0.0,26403000.0,0.0,5.53,-319850000.0
15,IT,MRY,2005-12-31,2005-12-31,2005-12-31,2021-08-03,6320000.0,1026617000.0,941842000.0,462119000.0,564498000.0,1.05,1.306,-22356000.0,70282000.0,70282000.0,486611000.0,-2437000.0,0.719,6.003,246667000.0,66667000.0,180000000.0,246667000.0,333065000.0,35728000.0,0.0,0.0,0.0,18652000.0,54380000.0,0.055,54380000.0,18652000.0,5438000.0,-0.02,-0.02,-0.02,146588000.0,126485750.0,146588000.0,1634028851.0,88.0,30.048,4766000.0,0.042,1.0,502393000.0,0.508,419827000.0,13214000.0,140407000.0,105055250.0,0.0,0.0,0.0,0.0,880029000.0,642768000.0,237261000.0,1464487851.0,-83836000.0,-161323000.0,15395000.0,54627000.0,0.0,70022000.0,-180980000.0,0.0,27122000.0,-6008000.0,-2437000.0,-2437000.0,-2437000.0,0.0,0.0,-0.002,477113000.0,25280000.0,243036000.0,0.0,9.991,-600.939,-645.0,61770000.0,0.0,12.9,1.481,1.464,313195000.0,187652000.0,989004000.0,989004000.0,0.0,-0.003,-0.019,0.178,0.019,5502000.0,397252000.0,1.0,113526190.0,112253000,112253000.0,8.81,606790000.0,0.0,7875000.0,0.0,5.406,-180649000.0
16,IT,MRY,2004-12-31,2004-12-31,2004-12-31,2021-08-03,12722000.0,861194000.0,870768250.0,487845000.0,373349000.0,1.026,1.052,-25104000.0,160126000.0,160126000.0,434499000.0,16889000.0,0.922,5.622,190000000.0,40000000.0,150000000.0,190000000.0,307696000.0,28337000.0,0.0,0.0,0.0,38842000.0,67179000.0,0.075,67179000.0,38842000.0,34462000.0,0.14,0.13,0.14,130048000.0,263117000.0,130048000.0,1423739265.0,37.0,21.193,23097000.0,0.187,1.0,459322000.0,0.514,231897000.0,4380000.0,129973000.0,40731250.0,0.0,0.0,0.0,0.0,731146000.0,529198000.0,201948000.0,1380380265.0,-77942000.0,-3870000.0,-284346000.0,187177000.0,0.0,-97169000.0,-28974000.0,0.0,48201000.0,8106000.0,16889000.0,16889000.0,16889000.0,0.0,0.0,0.019,416663000.0,42659000.0,181502000.0,0.0,10.614,81.733,89.0,63495000.0,0.0,12.46,1.544,1.723,257689000.0,190089000.0,893821000.0,893821000.0,0.0,0.019,0.064,0.954,0.043,11303000.0,349834000.0,1.0,110784933.0,123603000,126326000.0,7.231,629297000.0,0.0,17573000.0,0.0,5.091,-41353000.0
17,IT,MRY,2003-12-31,2003-12-31,2003-12-31,2021-08-03,1310000.0,918732000.0,841698750.0,554300000.0,364432000.0,1.02,4.113,-28928000.0,229962000.0,229962000.0,410666000.0,23589000.0,1.118,1.451,0.0,0.0,0.0,0.0,315524000.0,37320000.0,0.0,0.0,0.0,54830000.0,92150000.0,0.107,92150000.0,54830000.0,35428000.0,0.26,0.25,0.26,374790000.0,73246250.0,374790000.0,1622670388.0,30.0,17.609,107409000.0,1.179,1.0,447780000.0,0.522,231372000.0,19402000.0,-38558000.0,251516500.0,0.0,0.0,0.0,0.0,543942000.0,495956000.0,47986000.0,1461982388.0,107952000.0,0.0,-1779000.0,0.0,0.0,-2961000.0,-25424000.0,-1960000.0,136337000.0,12353000.0,23589000.0,23589000.0,23589000.0,0.0,0.0,0.027,400447000.0,47333000.0,180432000.0,0.0,3.901,61.977,43.5,66541000.0,0.0,11.31,1.703,1.201,266122000.0,173200000.0,858446000.0,858446000.0,0.0,0.028,0.322,0.218,0.064,5002000.0,333411000.0,1.0,129264579.0,91123000,92579000.0,9.421,687360000.0,0.0,11839000.0,0.0,7.543,58344000.0
18,IT,MRY,2002-12-31,2002-12-31,2002-12-31,2021-08-03,-11392000.0,810080000.0,813036750.0,441942000.0,368138000.0,1.092,-0.344,-21124000.0,109657000.0,109657000.0,396489000.0,15118000.0,1.003,-29.225,351539000.0,0.0,351539000.0,351539000.0,305887000.0,45655000.0,0.0,0.0,0.0,47491000.0,93146000.0,0.105,93146000.0,47491000.0,24285000.0,0.18,0.18,0.18,-28701000.0,-14488500.0,-28701000.0,975322984.0,21.0,10.471,124702000.0,1.497,1.0,491104000.0,0.553,226114000.0,23206000.0,385294000.0,383440500.0,0.0,0.0,0.0,0.0,838781000.0,440554000.0,398227000.0,753815984.0,77382000.0,-3858000.0,-41955000.0,0.0,0.0,-42193000.0,-26251000.0,-1269000.0,145826000.0,4844000.0,15118000.0,15118000.0,15118000.0,0.0,0.0,0.017,441563000.0,49541000.0,134667000.0,0.0,-26.264,49.862,51.111,71006000.0,0.0,9.2,0.849,0.864,283068000.0,150243000.0,887593000.0,887593000.0,0.0,0.019,-1.043,0.124,0.054,4865000.0,346496000.0,1.0,81936520.0,83329000,85040000.0,10.652,583966000.0,0.0,9167000.0,0.0,7.008,1388000.0
19,IT,MRY,2001-12-31,2001-09-30,2001-09-30,2021-08-03,-14961000.0,839002000.0,849606500.0,446374000.0,392628000.0,1.133,-0.402,-57546000.0,37128000.0,37128000.0,450471000.0,-66203000.0,0.886,-25.306,341200000.0,15000000.0,326200000.0,341200000.0,351263000.0,53240000.0,0.0,0.0,0.0,-52984000.0,256000.0,0.0,256000.0,-52984000.0,-75375000.0,-0.77,-0.77,-0.77,-34518000.0,10598500.0,-34518000.0,1064485000.0,-20.0,4158.145,15922000.0,0.185,1.0,512413000.0,0.532,222233000.0,22391000.0,416827000.0,405687500.0,0.0,3250000.0,3250000.0,0.0,873520000.0,504014000.0,369506000.0,777395000.0,9987000.0,-1510000.0,-28798000.0,15000000.0,0.0,-18862000.0,-44619000.0,14437000.0,73468000.0,-354000.0,-66203000.0,-66203000.0,-66203000.0,52118000.0,0.0,-0.069,469899000.0,42514000.0,137751000.0,0.0,-22.521,-11.743,-11.753,100288000.0,0.0,9.05,0.807,0.807,300306000.0,116083000.0,962884000.0,962884000.0,0.0,-0.078,-6.246,-0.131,-0.055,2482000.0,370096000.0,1.0,85900000.0,85862000,85862000.0,11.214,616769000.0,0.0,-9172000.0,0.0,7.183,-57640000.0
20,IT,MRY,2000-12-31,2000-09-30,2000-09-30,2021-08-03,-1000.0,972361000.0,915914000.0,578774000.0,393587000.0,0.942,0.864,-54565000.0,61698000.0,61698000.0,395603000.0,25546000.0,1.004,11.996,307254000.0,0.0,307254000.0,307254000.0,384966000.0,40843000.0,0.0,0.0,0.0,85741000.0,126584000.0,0.147,126584000.0,85741000.0,60841000.0,0.3,0.29,0.3,74820000.0,74311500.0,74820000.0,1281658007.0,15.0,10.125,49766000.0,0.575,1.0,466848000.0,0.541,237105000.0,24900000.0,404381000.0,384805500.0,0.0,35404000.0,35404000.0,0.0,897541000.0,576431000.0,321110000.0,997276007.0,6731000.0,-115162000.0,-36769000.0,50000000.0,0.0,1038000.0,-98638000.0,71089000.0,104331000.0,-3831000.0,25546000.0,25546000.0,25546000.0,27578000.0,0.0,0.03,382717000.0,84131000.0,191465000.0,0.0,13.329,39.038,38.733,88402000.0,0.0,11.62,1.156,1.166,323849000.0,182286000.0,862451000.0,862451000.0,0.0,0.028,0.344,0.223,0.099,6330000.0,341874000.0,1.0,85824097.0,86564000,89108000.0,9.963,735256000.0,0.0,35295000.0,0.0,8.494,2343000.0
21,IT,MRY,1999-12-31,1999-09-30,1999-09-30,2021-08-03,-3830000.0,803444000.0,861416000.0,432184000.0,371260000.0,0.852,0.731,-31747000.0,88894000.0,88894000.0,293612000.0,88271000.0,0.916,9.787,250000000.0,0.0,250000000.0,250000000.0,354517000.0,31633000.0,0.0,0.075,1.194,140519000.0,172152000.0,0.234,172152000.0,140519000.0,139247000.0,0.87,0.84,0.87,74486000.0,389936000.0,74486000.0,1459505728.0,10.0,8.478,112168000.0,1.101,1.0,440622000.0,0.6,223100000.0,1272000.0,269570000.0,157393250.0,0.0,0.0,0.0,0.0,728958000.0,471880000.0,257078000.0,1670709728.0,-68796000.0,-57769000.0,-322944000.0,245075000.0,-125016000.0,-213785000.0,1074000.0,90590000.0,143915000.0,-54000.0,88271000.0,88271000.0,88271000.0,0.0,0.0,0.12,307254000.0,133368000.0,117363000.0,1.372,22.43,18.927,18.391,63592000.0,0.0,16.0,2.275,2.22,282047000.0,156740000.0,734234000.0,734234000.0,0.0,0.102,0.226,0.893,0.191,15096000.0,252195000.0,1.0,104419358.0,101881000,104603000.0,7.207,580344000.0,0.0,50976000.0,0.0,5.696,-39696000.0
22,IT,MRY,1998-12-31,1998-09-30,1998-09-30,2021-08-03,-2155000.0,832871000.0,758559250.0,511079000.0,321792000.0,0.846,4.141,-24269000.0,157744000.0,157744000.0,247913000.0,88347000.0,1.232,1.007,0.0,0.0,0.0,0.0,288013000.0,27266000.0,0.0,0.0,0.0,151215000.0,178481000.0,0.278,178481000.0,151215000.0,151121000.0,0.88,0.84,0.88,414938000.0,385727500.0,414938000.0,1980862372.0,13.0,11.098,120799000.0,1.206,1.0,394044000.0,0.614,155786000.0,94000.0,104506000.0,97027000.0,0.0,104550000.0,60940000.0,43610000.0,417933000.0,414835000.0,3098000.0,2121080372.0,15511000.0,-45418000.0,27684000.0,0.0,0.0,15639000.0,-145196000.0,-73034000.0,145068000.0,-182000.0,88347000.0,88347000.0,88347000.0,0.0,0.0,0.138,249995000.0,144049000.0,126822000.0,0.0,5.112,24.009,23.727,50801000.0,0.0,20.88,3.304,3.259,239243000.0,193485000.0,641957000.0,641957000.0,0.0,0.116,0.229,1.558,0.236,47273000.0,215416000.0,1.0,101584309.0,100194000,105699000.0,6.407,677085000.0,0.0,62774000.0,0.0,6.758,96244000.0
23,IT,MRY,1997-12-31,1997-09-30,1997-09-30,2021-08-03,-1098000.0,645312000.0,,425608000.0,219704000.0,,2.848,-21513000.0,142415000.0,142415000.0,202815000.0,73130000.0,1.144,1.391,0.0,0.0,0.0,0.0,257330000.0,18201000.0,0.0,0.0,0.0,123873000.0,142074000.0,0.278,142074000.0,123873000.0,123873000.0,0.77,0.71,0.77,269870000.0,,269870000.0,,,,65644000.0,0.693,1.0,308424000.0,0.603,132195000.0,0.0,-1481000.0,,0.0,46330000.0,28639000.0,17691000.0,375442000.0,372183000.0,3259000.0,,47495000.0,-33306000.0,19809000.0,0.0,0.0,44638000.0,-84300000.0,-22318000.0,87157000.0,-1835000.0,73130000.0,73130000.0,73130000.0,0.0,0.0,0.143,191811000.0,116613000.0,102390000.0,0.0,,,38.961,44102000.0,0.0,30.0,,5.56,205760000.0,105138000.0,511239000.0,511239000.0,0.0,,,,0.242,0.0,173610000.0,1.0,,94742000,102751000.0,5.396,513117000.0,0.0,50743000.0,0.0,5.416,53425000.0
24,IT,MRY,1996-12-31,1996-09-30,1996-09-30,2021-08-03,,,,,,,,-15614000.0,,,152982000.0,16438000.0,,,,,,,,12879000.0,,0.0,0.0,53130000.0,66009000.0,0.167,66009000.0,53130000.0,53130000.0,0.18,0.17,0.18,,,,,,,50075000.0,0.558,1.0,241690000.0,0.612,,0.0,,,,,,,,,,,30448000.0,-46176000.0,10564000.0,-6725000.0,0.0,31567000.0,-66808000.0,-5018000.0,65689000.0,-274000.0,16438000.0,16438000.0,16438000.0,0.0,0.0,0.042,192250000.0,49440000.0,,0.0,,,188.889,,0.0,34.0,,7.731,,,394672000.0,394672000.0,0.0,,,,0.135,0.0,144473000.0,1.0,,89739000,98854000.0,4.398,,,36692000.0,,,
0,IT,MRQ,2021-06-30,2021-06-30,2021-06-30,2021-08-03,-82978000.0,7188340000.0,,2257166000.0,4931174000.0,,6.156,-11958000.0,796257000.0,796257000.0,350802000.0,271236000.0,0.776,12.624,3208284000.0,5322000.0,3202962000.0,3208284000.0,2152043000.0,70691000.0,0.0,0.0,0.0,406577000.0,477268000.0,0.409,477268000.0,406577000.0,379187000.0,3.16,3.13,3.16,527638000.0,,527638000.0,23136462324.0,26.0,19.753,563389000.0,6.573,1.0,816517000.0,0.699,3730945000.0,27390000.0,2959816000.0,,0.0,0.0,0.0,0.0,6660702000.0,2909606000.0,3751096000.0,20847735324.0,353598000.0,-22774000.0,-680843000.0,499871000.0,0.0,-187017000.0,-34732000.0,0.0,575347000.0,864000.0,271236000.0,271236000.0,271236000.0,0.0,0.0,0.232,541803000.0,274714000.0,752241000.0,0.0,39.511,36.453,36.977,927354000.0,0.0,242.2,4.761,4.741,1102562000.0,2690803000.0,1167319000.0,1167319000.0,0.0,,,,,26190000.0,488496000.0,1.0,86076529.0,85712000,86589000.0,13.619,3457395000.0,0.0,107951000.0,0.0,40.337,-652440000.0
1,IT,MRQ,2021-03-31,2021-03-31,2021-03-31,2021-08-03,-93178000.0,6937858000.0,,1997856000.0,4940002000.0,,10.091,-12521000.0,445995000.0,445995000.0,334467000.0,164100000.0,0.71,6.781,2734722000.0,20519000.0,2714203000.0,2734722000.0,2088463000.0,74839000.0,0.0,0.0,0.0,240902000.0,315741000.0,0.286,315741000.0,240902000.0,214753000.0,1.86,1.84,1.86,891594000.0,,891594000.0,18242502587.0,33.0,21.272,144777000.0,1.639,1.0,769571000.0,0.697,3720941000.0,26149000.0,2693223000.0,,0.0,0.0,0.0,0.0,6046264000.0,2812421000.0,3233843000.0,16196118587.0,-258443000.0,0.0,-393093000.0,-10127000.0,0.0,-403220000.0,-12521000.0,0.0,157298000.0,-8145000.0,164100000.0,164100000.0,164100000.0,0.0,0.0,0.149,544159000.0,225412000.0,703439000.0,0.0,18.165,45.527,45.524,956406000.0,0.0,182.55,3.87,3.854,1175426000.0,2419567000.0,1104038000.0,1104038000.0,0.0,,,,,36086000.0,487255000.0,1.0,88721548.0,88352000,89139000.0,12.496,3216917000.0,0.0,50653000.0,0.0,36.41,-814565000.0
2,IT,MRQ,2020-12-31,2020-12-31,2020-12-31,2021-08-03,-99228000.0,7315967000.0,,2323058000.0,4992909000.0,,12.206,-23043000.0,712583000.0,712583000.0,351428000.0,119607000.0,0.788,5.709,2758967000.0,20515000.0,2738452000.0,2758967000.0,1974548000.0,75356000.0,0.0,0.0,0.0,184609000.0,259965000.0,0.234,259965000.0,184609000.0,156155000.0,1.34,1.33,1.34,1090428000.0,,1090428000.0,16512838186.0,37.0,22.236,237405000.0,2.657,1.0,761331000.0,0.684,3752545000.0,28454000.0,2662312000.0,,0.0,0.0,0.0,0.0,6225539000.0,2947494000.0,3278045000.0,14302864186.0,139206000.0,0.0,-95913000.0,-127000.0,0.0,-98199000.0,-23043000.0,0.0,260448000.0,19662000.0,119607000.0,119607000.0,119607000.0,0.0,0.0,0.107,583201000.0,178130000.0,952431000.0,0.0,13.117,53.62,53.575,984048000.0,0.0,160.19,3.489,3.49,1241508000.0,2255467000.0,1112759000.0,1112759000.0,0.0,,,,,6232000.0,525976000.0,1.0,89286873.0,89339000,90062000.0,12.455,3563422000.0,0.0,36548000.0,0.0,39.887,-624436000.0
3,IT,MRQ,2020-09-30,2020-09-30,2020-09-30,2021-08-03,-130213000.0,6840602000.0,,1865404000.0,4975198000.0,,11.608,-14980000.0,553715000.0,553715000.0,329767000.0,16964000.0,0.74,5.593,2763689000.0,20511000.0,2743178000.0,2763689000.0,1710791000.0,73591000.0,0.0,0.0,0.0,44705000.0,118296000.0,0.119,118296000.0,44705000.0,14167000.0,0.19,0.19,0.19,1037503000.0,,1037503000.0,13570349745.0,34.0,19.419,228933000.0,2.561,1.0,664851000.0,0.668,3759702000.0,30538000.0,2769312000.0,,0.0,0.0,0.0,0.0,5803099000.0,2521562000.0,3281537000.0,11149612745.0,186661000.0,0.0,1839000.0,-31000000.0,0.0,-42272000.0,-14980000.0,0.0,243913000.0,10421000.0,16964000.0,16964000.0,16964000.0,0.0,0.0,0.017,577201000.0,87650000.0,790260000.0,0.0,10.747,51.898,51.846,984704000.0,0.0,124.95,2.661,2.665,948864000.0,2135860000.0,994618000.0,994618000.0,0.0,,,,,15501000.0,521508000.0,1.0,89232595.0,89378000,89955000.0,11.128,3080900000.0,0.0,-2797000.0,0.0,34.47,-656158000.0
4,IT,MRQ,2020-06-30,2020-06-30,2020-06-30,2021-08-03,-142175000.0,6810294000.0,,1767185000.0,5043109000.0,,11.097,-21329000.0,356633000.0,356633000.0,322551000.0,55077000.0,0.696,5.871,2777370000.0,38019000.0,2739351000.0,2777370000.0,1765264000.0,74330000.0,0.0,0.0,0.0,89252000.0,163582000.0,0.168,163582000.0,89252000.0,58956000.0,0.62,0.61,0.62,991219000.0,,991219000.0,13589925582.0,32.0,18.585,321839000.0,3.603,1.0,650584000.0,0.669,3782984000.0,30296000.0,2908725000.0,,0.0,0.0,0.0,0.0,5819075000.0,2539322000.0,3279753000.0,10819616582.0,114576000.0,0.0,3380000.0,-200127000.0,0.0,-207263000.0,-21329000.0,0.0,343168000.0,14207000.0,55077000.0,55077000.0,55077000.0,0.0,0.0,0.057,550933000.0,99651000.0,736039000.0,0.0,10.915,45.221,45.272,1012073000.0,0.0,121.33,2.579,2.583,1048519000.0,2118896000.0,973135000.0,973135000.0,0.0,,,,,15678000.0,494840000.0,1.0,89175114.0,89323000,89780000.0,10.895,3027310000.0,0.0,3879000.0,0.0,33.892,-772137000.0
5,IT,MRQ,2020-03-31,2020-03-31,2020-03-31,2021-08-03,-168972000.0,6800346000.0,,1772618000.0,5027728000.0,,9.979,-24536000.0,227850000.0,227850000.0,341278000.0,75097000.0,0.701,6.638,2998159000.0,149003000.0,2849156000.0,2998159000.0,1847384000.0,77558000.0,0.0,0.0,0.0,123203000.0,200761000.0,0.197,200761000.0,123203000.0,96854000.0,0.84,0.83,0.84,890275000.0,,890275000.0,11607149909.0,25.0,15.327,31213000.0,0.35,1.0,677613000.0,0.665,3791816000.0,26349000.0,3248501000.0,,0.0,0.0,0.0,0.0,5910071000.0,2530338000.0,3379733000.0,8871846909.0,-37277000.0,0.0,-67523000.0,-967000.0,0.0,-68490000.0,-24536000.0,0.0,55749000.0,-15709000.0,75097000.0,75097000.0,75097000.0,0.0,0.0,0.074,552895000.0,124718000.0,533951000.0,0.0,9.965,30.849,31.019,1024597000.0,0.0,99.57,2.066,2.069,1148565000.0,2063819000.0,1018891000.0,1018891000.0,0.0,,,,,25129000.0,496639000.0,1.0,89101606.0,89219000,90066000.0,11.42,3008530000.0,0.0,21757000.0,0.0,33.721,-757720000.0
6,IT,MRQ,2019-12-31,2019-12-31,2019-12-31,2021-08-03,-77938000.0,7151294000.0,,2018741000.0,5132553000.0,,10.496,-53315000.0,280836000.0,280836000.0,450868000.0,67701000.0,0.707,6.619,3016139000.0,139718000.0,2876421000.0,3016139000.0,1928020000.0,76434000.0,0.0,0.0,0.0,139744000.0,216178000.0,0.18,216178000.0,139744000.0,110582000.0,0.76,0.74,0.76,938593000.0,,938593000.0,16436477061.0,43.0,24.285,29520000.0,0.33,1.0,752625000.0,0.625,3862813000.0,29162000.0,3167250000.0,,0.0,0.0,0.0,0.0,6212701000.0,2856534000.0,3356167000.0,13784702061.0,-33233000.0,-23694000.0,-53212000.0,33000.0,0.0,-53179000.0,-62889000.0,14120000.0,82835000.0,7342000.0,67701000.0,67701000.0,67701000.0,0.0,0.0,0.056,616486000.0,136139000.0,788796000.0,0.0,14.687,59.088,59.269,1047495000.0,0.0,154.1,3.247,3.26,1326012000.0,1988722000.0,1203493000.0,1203493000.0,0.0,,,,,11115000.0,557519000.0,1.0,89452966.0,89427000,90617000.0,13.458,3288481000.0,0.0,42881000.0,0.0,36.773,-837793000.0
7,IT,MRQ,2019-09-30,2019-09-30,2019-09-30,2021-08-03,-81264000.0,6737344000.0,,1706505000.0,5030839000.0,,10.236,-36222000.0,306727000.0,306727000.0,365056000.0,41388000.0,0.675,6.326,2958502000.0,130433000.0,2828069000.0,2958502000.0,1803135000.0,73534000.0,0.0,0.0,0.0,77171000.0,150705000.0,0.151,150705000.0,77171000.0,53098000.0,0.46,0.46,0.46,919657000.0,,919657000.0,15618788658.0,41.0,23.983,183301000.0,2.04,1.0,635446000.0,0.635,3876020000.0,24073000.0,2985836000.0,,0.0,0.0,0.0,0.0,5817687000.0,2527263000.0,3290424000.0,12888719658.0,92616000.0,0.0,-90720000.0,35000.0,0.0,-90685000.0,-36222000.0,0.0,219523000.0,-4342000.0,41388000.0,41388000.0,41388000.0,0.0,0.0,0.041,566299000.0,69147000.0,593695000.0,0.0,14.015,51.636,51.621,952885000.0,0.0,142.99,3.12,3.11,1028320000.0,1921021000.0,1000502000.0,1000502000.0,0.0,,,,,12954000.0,512159000.0,1.0,90137210.0,89846000,90887000.0,11.136,2861324000.0,0.0,11710000.0,0.0,31.847,-820758000.0
8,IT,MRQ,2019-06-30,2019-06-30,2019-06-30,2021-08-03,-73479000.0,6729641000.0,,1691104000.0,5038537000.0,,10.696,-39419000.0,218453000.0,218453000.0,387999000.0,103406000.0,0.681,5.982,2948522000.0,121148000.0,2827374000.0,2948522000.0,1796331000.0,73880000.0,0.0,0.0,0.0,115755000.0,189635000.0,0.177,189635000.0,115755000.0,91006000.0,1.15,1.13,1.15,963802000.0,,963802000.0,17418657229.0,48.0,27.489,188063000.0,2.087,1.0,682883000.0,0.638,3903734000.0,24749000.0,3073825000.0,,0.0,0.0,0.0,0.0,5765839000.0,2482151000.0,3283688000.0,14499151229.0,69373000.0,0.0,2275000.0,-120965000.0,0.0,-118690000.0,-39419000.0,0.0,227482000.0,-190000.0,103406000.0,103406000.0,103406000.0,0.0,0.0,0.097,566881000.0,116002000.0,564672000.0,0.0,15.044,65.913,65.959,928981000.0,0.0,160.94,3.578,3.579,1112856000.0,1879633000.0,1070882000.0,1070882000.0,0.0,,,,,13120000.0,514976000.0,1.0,90090414.0,90112000,91188000.0,11.884,2825907000.0,0.0,-12400000.0,0.0,31.36,-791047000.0
9,IT,MRQ,2019-03-31,2019-03-31,2019-03-31,2021-08-03,-61566000.0,6714675000.0,,1716013000.0,4998662000.0,,9.534,-20060000.0,149270000.0,149270000.0,346645000.0,20795000.0,0.668,6.836,3068776000.0,204863000.0,2863913000.0,3068776000.0,1837504000.0,74397000.0,0.0,0.0,0.0,45900000.0,120297000.0,0.124,120297000.0,45900000.0,21053000.0,0.23,0.23,0.23,856897000.0,,856897000.0,15732795268.0,44.0,25.231,15536000.0,0.173,1.0,623799000.0,0.643,3922791000.0,24847000.0,3142472000.0,,0.0,0.0,0.0,0.0,5857778000.0,2568918000.0,3288860000.0,13607476268.0,-10197000.0,-2295000.0,-39756000.0,16318000.0,0.0,-23438000.0,-22355000.0,0.0,35596000.0,804000.0,20795000.0,20795000.0,20795000.0,0.0,0.0,0.021,575000000.0,48799000.0,526551000.0,0.0,15.88,83.565,84.267,905590000.0,0.0,151.68,3.417,3.423,1178859000.0,1776227000.0,970444000.0,970444000.0,0.0,,,,,31819000.0,518770000.0,1.0,89711737.0,89882000,91004000.0,10.797,2791884000.0,0.0,258000.0,0.0,31.062,-852905000.0
10,IT,MRQ,2018-12-31,2018-12-31,2018-12-31,2021-08-03,-39867000.0,6201474000.0,,1811739000.0,4389735000.0,,9.411,-62242000.0,156368000.0,156368000.0,407842000.0,84020000.0,0.691,6.289,2281687000.0,165578000.0,2116109000.0,2281687000.0,1745244000.0,52520000.0,0.0,0.0,0.0,138093000.0,190613000.0,0.175,190613000.0,138093000.0,110966000.0,0.93,0.91,0.93,850757000.0,,850757000.0,13579551989.0,44.0,24.099,-17095000.0,-0.189,1.0,681037000.0,0.625,3965701000.0,27127000.0,1740157000.0,,0.0,0.0,0.0,0.0,5350717000.0,2620935000.0,2729782000.0,11619788989.0,-54584000.0,6070000.0,-152877000.0,109318000.0,0.0,-43559000.0,-56172000.0,0.0,45147000.0,-45000.0,84020000.0,84020000.0,84020000.0,0.0,0.0,0.077,551431000.0,129606000.0,710113000.0,0.0,13.658,94.89,94.696,267665000.0,0.0,127.84,2.923,2.921,1255118000.0,1755432000.0,1088879000.0,1088879000.0,0.0,,,,,10154000.0,488056000.0,1.0,90893218.0,90401000,91756000.0,12.045,2235773000.0,0.0,26946000.0,0.0,24.732,-809196000.0
11,IT,MRQ,2018-09-30,2018-09-30,2018-09-30,2021-08-03,-22684000.0,5944817000.0,,1535340000.0,4409477000.0,,10.363,-24505000.0,210997000.0,210997000.0,336112000.0,11753000.0,0.655,5.314,2170760000.0,93294000.0,2077466000.0,2170760000.0,1650647000.0,68187000.0,0.0,0.0,0.0,64937000.0,133124000.0,0.144,133124000.0,64937000.0,37953000.0,0.13,0.13,0.13,941548000.0,,941548000.0,16683694084.0,70.0,32.579,224759000.0,2.474,1.0,585562000.0,0.635,3996585000.0,26984000.0,1564399000.0,,0.0,0.0,0.0,0.0,5003269000.0,2343596000.0,2659673000.0,14394661084.0,56768000.0,98312000.0,-4622000.0,-261681000.0,0.0,-266303000.0,73807000.0,0.0,249264000.0,-3432000.0,11753000.0,11753000.0,11753000.0,0.0,0.0,0.013,532838000.0,52724000.0,599655000.0,0.0,15.288,98.767,96.061,246061000.0,0.0,158.5,3.69,3.691,979181000.0,1671412000.0,921674000.0,921674000.0,0.0,,,,,10718000.0,447537000.0,1.0,90818051.0,90854000,92148000.0,10.145,1948232000.0,0.0,26200000.0,0.0,21.444,-808256000.0
12,IT,MRQ,2018-06-30,2018-06-30,2018-06-30,2021-08-03,-24051000.0,6152937000.0,,1608484000.0,4544453000.0,,10.12,-22447000.0,141805000.0,141805000.0,367637000.0,46270000.0,0.64,5.678,2430838000.0,284009000.0,2146829000.0,2430838000.0,1687724000.0,66838000.0,0.0,0.0,0.0,112676000.0,179514000.0,0.179,179514000.0,112676000.0,75072000.0,0.51,0.5,0.51,921432000.0,,921432000.0,14911630308.0,100.0,35.139,151576000.0,1.665,1.0,633699000.0,0.633,4151810000.0,37604000.0,1776356000.0,,0.0,0.0,0.0,0.0,5231505000.0,2513804000.0,2717701000.0,12125824308.0,-61052000.0,406542000.0,-64374000.0,-553796000.0,0.0,-618170000.0,383095000.0,0.0,174023000.0,-6622000.0,46270000.0,46270000.0,46270000.0,0.0,0.0,0.046,547603000.0,86096000.0,542071000.0,0.0,13.16,141.31,134.242,225901000.0,0.0,132.9,3.185,3.178,1083990000.0,1659658000.0,1001336000.0,1001336000.0,0.0,,,,,14342000.0,460803000.0,1.0,91240213.0,91048000,92156000.0,10.998,2001127000.0,0.0,28802000.0,0.0,21.979,-905320000.0
13,IT,MRQ,2018-03-31,2018-03-31,2018-03-31,2021-08-03,32225000.0,6915028000.0,,2310662000.0,4604366000.0,,10.852,-17679000.0,189979000.0,189979000.0,357209000.0,-19587000.0,0.725,6.002,2975785000.0,789724000.0,2186061000.0,2975785000.0,1719637000.0,68056000.0,0.0,0.0,0.0,-7812000.0,60244000.0,0.063,60244000.0,-7812000.0,-42871000.0,-0.22,-0.22,-0.22,987571000.0,,987571000.0,13423810556.0,-216.0,58.463,-14955000.0,-0.164,1.0,606356000.0,0.629,4204413000.0,35059000.0,2310565000.0,,0.0,0.0,0.0,0.0,5927457000.0,3185856000.0,2741601000.0,10683873556.0,-343038000.0,0.0,-24270000.0,-304813000.0,0.0,-329083000.0,-16679000.0,0.0,2724000.0,3610000.0,-19587000.0,-19587000.0,-19587000.0,0.0,0.0,-0.02,615067000.0,-8711000.0,532538000.0,0.0,10.818,-202.572,-213.855,223086000.0,0.0,117.62,2.927,2.933,1134964000.0,1613980000.0,963565000.0,963565000.0,0.0,,,,,30958000.0,487745000.0,1.0,90833817.0,91005000,91005000.0,10.588,2710615000.0,0.0,-23284000.0,0.0,29.785,-875194000.0
14,IT,MRQ,2017-12-31,2017-12-31,2017-12-31,2021-08-03,1508000.0,7283173000.0,,2588608000.0,4694565000.0,,10.794,-35146000.0,538908000.0,538908000.0,398378000.0,107307000.0,0.917,6.406,3278845000.0,379721000.0,2899124000.0,3278845000.0,1630198000.0,71520000.0,0.0,0.0,0.0,67700000.0,139220000.0,0.137,139220000.0,67700000.0,28377000.0,1.23,1.23,1.23,983465000.0,,983465000.0,13875538713.0,106735.0,57.742,-12896000.0,-0.142,1.0,616131000.0,0.607,4279316000.0,39323000.0,2921209000.0,,0.0,0.0,0.0,0.0,6299708000.0,2822585000.0,3477123000.0,11163724713.0,-78643000.0,-10000.0,-923000.0,-64814000.0,0.0,-65737000.0,-35156000.0,0.0,22250000.0,-2475000.0,107307000.0,107307000.0,107307000.0,0.0,0.0,0.106,553237000.0,62894000.0,666821000.0,0.0,11.351,3404.613,3078.75,221507000.0,0.0,123.15,3.371,3.29,1176843000.0,1647284000.0,1014509000.0,1014509000.0,0.0,,,,,11013000.0,465371000.0,1.0,90651439.0,91109000,96405000.0,11.135,3003857000.0,0.0,-78930000.0,0.0,32.97,-233977000.0
15,IT,MRQ,2017-09-30,2017-09-30,2017-09-30,2021-08-03,-1216000.0,7011492000.0,,1812283000.0,5199209000.0,,9.527,-33992000.0,630016000.0,630016000.0,332207000.0,-48180000.0,0.73,7.121,3341830000.0,419601000.0,2922229000.0,3341830000.0,1512227000.0,68564000.0,0.0,0.0,0.0,-23178000.0,45386000.0,0.055,45386000.0,-23178000.0,-61940000.0,-0.53,-0.53,-0.53,863410000.0,,863410000.0,14099819065.0,301.0,60.906,115557000.0,1.275,1.0,495878000.0,0.599,4709511000.0,38762000.0,2531760000.0,,0.0,0.0,0.0,0.0,6148082000.0,2482035000.0,3666047000.0,11271216065.0,-2362000.0,-37592000.0,-514000.0,-79812000.0,0.0,-80327000.0,-71584000.0,0.0,149549000.0,17971000.0,-48180000.0,-48180000.0,-48180000.0,0.0,0.0,-0.058,520227000.0,-24349000.0,550207000.0,0.0,13.054,-300.222,-388.781,216021000.0,0.0,124.41,3.757,3.758,874283000.0,1539978000.0,828085000.0,828085000.0,0.0,,,,,14357000.0,421163000.0,1.0,90597348.0,90624000,90624000.0,9.138,2301981000.0,0.0,-13760000.0,0.0,25.401,-669752000.0
16,IT,MRQ,2017-06-30,2017-06-30,2017-06-30,2021-08-03,-48889000.0,6994887000.0,,1759974000.0,5234913000.0,,9.56,-30927000.0,589282000.0,589282000.0,352004000.0,-92281000.0,0.784,7.194,3417885000.0,277578000.0,3140307000.0,3417885000.0,1449211000.0,83557000.0,0.0,0.0,0.0,-98795000.0,-15238000.0,-0.018,-15238000.0,-98795000.0,-142751000.0,-1.03,-1.03,-1.03,853675000.0,,853675000.0,11570089863.0,96.0,45.813,81396000.0,0.912,1.0,491727000.0,0.583,4765269000.0,43956000.0,2814314000.0,,0.0,0.0,0.0,0.0,6141212000.0,2243907000.0,3897305000.0,11169283863.0,-642994000.0,-2493013000.0,-9168000.0,1810188000.0,0.0,1768623000.0,-2523940000.0,0.0,112323000.0,4399000.0,-92281000.0,-92281000.0,-92281000.0,0.0,0.0,-0.109,590115000.0,-98388000.0,517118000.0,0.0,13.084,271.62,212.948,197129000.0,0.0,123.51,4.067,4.016,886393000.0,1588158000.0,843731000.0,843731000.0,0.0,,,,,30997000.0,408226000.0,1.0,90432223.0,89297000,89297000.0,9.449,2229618000.0,0.0,-50470000.0,0.0,24.969,-483933000.0
17,IT,MRQ,2017-03-31,2017-03-31,2017-03-31,2021-08-03,-47832000.0,3365300000.0,,2175695000.0,1189605000.0,,1.241,-10700000.0,1227891000.0,1227891000.0,237609000.0,36433000.0,1.48,31.731,1628697000.0,29366000.0,1599331000.0,1628697000.0,1109162000.0,16530000.0,0.0,0.0,0.0,54403000.0,70933000.0,0.113,70933000.0,54403000.0,48497000.0,0.44,0.43,0.44,102817000.0,,102817000.0,9145842511.0,30.0,24.882,-40305000.0,-0.487,1.0,387560000.0,0.62,936539000.0,5906000.0,1359211000.0,,0.0,0.0,0.0,0.0,3262483000.0,1470356000.0,1792127000.0,8925684511.0,765801000.0,-111165000.0,-18956000.0,955000000.0,0.0,917271000.0,-121865000.0,0.0,-29605000.0,6007000.0,36433000.0,36433000.0,36433000.0,0.0,0.0,0.058,334046000.0,53514000.0,331828000.0,0.0,86.811,48.24,48.21,126419000.0,0.0,107.99,3.553,3.56,716487000.0,1680439000.0,625169000.0,625169000.0,0.0,,,,,22576000.0,304244000.0,1.0,82652880.0,82835000,84095000.0,7.547,2428761000.0,0.0,12064000.0,0.0,29.32,705339000.0
18,IT,MRQ,2016-12-31,2016-12-31,2016-12-31,2021-08-03,-49683000.0,2367335000.0,,1343196000.0,1024139000.0,,0.737,-12986000.0,474233000.0,474233000.0,279063000.0,66485000.0,0.92,37.887,694391000.0,30000000.0,664391000.0,694391000.0,989478000.0,15965000.0,0.0,0.0,0.0,114456000.0,130421000.0,0.185,130421000.0,114456000.0,106185000.0,0.8,0.79,0.8,60878000.0,,60878000.0,8620051976.0,27.0,22.806,70383000.0,0.852,1.0,424154000.0,0.603,815254000.0,8271000.0,311990000.0,,0.0,0.0,0.0,0.0,2306457000.0,1460249000.0,846208000.0,8349380976.0,7797000.0,-18833000.0,-3753000.0,-40000000.0,0.0,-43753000.0,-31819000.0,0.0,83369000.0,-13308000.0,66485000.0,66485000.0,66485000.0,0.0,0.0,0.095,315467000.0,108687000.0,440771000.0,0.0,137.149,43.131,43.192,121606000.0,0.0,101.07,3.416,3.414,643013000.0,1644005000.0,703217000.0,703217000.0,0.0,,,,,10533000.0,289862000.0,1.0,82609884.0,82637000,83997000.0,8.51,1552081000.0,0.0,39700000.0,0.0,18.782,-117053000.0
19,IT,MRQ,2016-09-30,2016-09-30,2016-09-30,2021-08-03,-47784000.0,2277740000.0,,1245949000.0,1031791000.0,,-0.127,-11540000.0,465734000.0,465734000.0,223122000.0,30484000.0,0.879,-217.969,736405000.0,40000000.0,696405000.0,736405000.0,1028995000.0,15752000.0,0.0,0.0,0.0,50680000.0,66432000.0,0.116,66432000.0,50680000.0,44748000.0,0.37,0.36,0.37,-10498000.0,,-10498000.0,7688851277.0,25.0,20.939,108940000.0,1.318,1.0,350937000.0,0.611,824695000.0,5932000.0,306292000.0,,0.0,0.0,0.0,0.0,2288238000.0,1417424000.0,870814000.0,7307889277.0,20780000.0,533000.0,1307000.0,-90000000.0,0.0,-88693000.0,-11007000.0,0.0,120480000.0,-99000.0,30484000.0,30484000.0,30484000.0,0.0,0.0,0.053,302211000.0,48726000.0,348429000.0,0.0,-696.122,37.892,37.799,118789000.0,0.0,88.45,3.064,3.065,560202000.0,1577521000.0,574059000.0,574059000.0,0.0,,,,,9521000.0,269902000.0,1.0,82621699.0,82638000,83803000.0,6.947,1453045000.0,0.0,14264000.0,0.0,17.583,-171475000.0
20,IT,MRQ,2016-06-30,2016-06-30,2016-06-30,2021-08-03,-48003000.0,2304521000.0,,1233656000.0,1070865000.0,,-0.64,-18777000.0,445053000.0,445053000.0,231422000.0,51626000.0,0.889,-44.623,826015000.0,70000000.0,756015000.0,826015000.0,1029765000.0,15235000.0,0.0,0.0,0.0,84547000.0,99782000.0,0.164,99782000.0,84547000.0,77191000.0,0.63,0.62,0.63,-52828000.0,,-52828000.0,8522554611.0,27.0,22.984,129675000.0,1.571,1.0,378576000.0,0.621,842019000.0,7356000.0,456223000.0,,0.0,0.0,0.0,0.0,2357349000.0,1387241000.0,970108000.0,8036497611.0,36246000.0,-29096000.0,-4358000.0,-55000000.0,0.0,-64333000.0,-47873000.0,0.0,148452000.0,4864000.0,51626000.0,51626000.0,51626000.0,0.0,0.0,0.085,295277000.0,83299000.0,287476000.0,0.0,-152.126,41.696,41.628,117255000.0,0.0,97.41,3.477,3.48,613795000.0,1538762000.0,609998000.0,609998000.0,0.0,,,,,11112000.0,272009000.0,1.0,82501772.0,82559000,83711000.0,7.389,1462502000.0,0.0,25565000.0,0.0,17.715,-153585000.0
21,IT,MRQ,2016-03-31,2016-03-31,2016-03-31,2021-08-03,-49430000.0,2211509000.0,,1179277000.0,1032232000.0,,-1.367,-6560000.0,403943000.0,403943000.0,212041000.0,44987000.0,0.913,-20.628,890000000.0,57500000.0,832500000.0,890000000.0,986301000.0,15017000.0,0.0,0.0,0.0,66313000.0,81330000.0,0.146,81330000.0,66313000.0,60307000.0,0.55,0.54,0.55,-112670000.0,,-112670000.0,7809104072.0,25.0,21.373,6771000.0,0.082,1.0,345225000.0,0.619,808587000.0,6006000.0,597755000.0,,0.0,0.0,0.0,0.0,2324179000.0,1291224000.0,1032955000.0,7357080072.0,28064000.0,-800000.0,-42907000.0,65000000.0,0.0,22093000.0,-7360000.0,0.0,13331000.0,2903000.0,44987000.0,44987000.0,44987000.0,0.0,0.0,0.081,280796000.0,64429000.0,247423000.0,0.0,-65.298,38.264,38.513,108628000.0,0.0,89.35,3.271,3.275,602877000.0,1490851000.0,557266000.0,557266000.0,0.0,,,,,15495000.0,257411000.0,1.0,82340012.0,82451000,83464000.0,6.759,1402922000.0,0.0,15320000.0,0.0,17.015,-111947000.0
22,IT,MRQ,2015-12-31,2015-12-31,2015-12-31,2021-08-03,-44402000.0,2168517000.0,,1140997000.0,1027520000.0,,-1.601,-10061000.0,372976000.0,372976000.0,257217000.0,65763000.0,0.862,-17.379,818831000.0,35000000.0,783831000.0,818831000.0,900801000.0,15209000.0,0.0,0.0,0.0,104446000.0,119655000.0,0.186,119655000.0,104446000.0,96667000.0,0.79,0.77,0.79,-132400000.0,,-132400000.0,7983851434.0,27.0,23.352,69193000.0,0.837,1.0,386551000.0,0.6,811903000.0,7779000.0,478977000.0,,0.0,0.0,0.0,0.0,2300917000.0,1323492000.0,977425000.0,7515095434.0,1947000.0,-751000.0,-54133000.0,-15000000.0,0.0,-66495000.0,-10812000.0,0.0,79254000.0,-215000.0,65763000.0,65763000.0,65763000.0,0.0,0.0,0.102,284930000.0,101621000.0,387691000.0,0.0,-56.761,42.788,43.397,108733000.0,0.0,90.7,3.474,3.516,580763000.0,1450684000.0,643768000.0,643768000.0,0.0,,,,,6531000.0,258809000.0,1.0,82856620.0,82676000,83919000.0,7.787,1356614000.0,0.0,30904000.0,0.0,16.409,-182495000.0
23,IT,MRQ,2015-09-30,2015-09-30,2015-09-30,2021-08-03,-49274000.0,2091542000.0,,1061399000.0,1030143000.0,,-1.923,-12453000.0,371244000.0,371244000.0,193602000.0,30366000.0,0.859,-14.106,840000000.0,20000000.0,820000000.0,840000000.0,925056000.0,12188000.0,0.0,0.0,0.0,57841000.0,70029000.0,0.14,70029000.0,57841000.0,51792000.0,0.37,0.36,0.37,-159589000.0,,-159589000.0,7327164862.0,26.0,22.22,104451000.0,1.259,1.0,306564000.0,0.613,820124000.0,6049000.0,505074000.0,,0.0,0.0,0.0,0.0,2251131000.0,1235100000.0,1016031000.0,6969745862.0,24279000.0,-195478000.0,-9799000.0,125000000.0,0.0,115306000.0,-207931000.0,0.0,116904000.0,-10616000.0,30366000.0,30366000.0,30366000.0,0.0,0.0,0.061,254090000.0,52474000.0,290044000.0,0.0,-43.673,41.237,42.389,109557000.0,0.0,83.93,3.314,3.312,482302000.0,1384922000.0,500166000.0,500166000.0,0.0,,,,,9483000.0,236355000.0,1.0,83042367.0,82989000,84113000.0,6.027,1271418000.0,0.0,21426000.0,0.0,15.32,-173701000.0
24,IT,MRQ,2015-06-30,2015-06-30,2015-06-30,2021-08-03,-35617000.0,1861039000.0,,1066068000.0,794971000.0,,-2.045,-11982000.0,357581000.0,357581000.0,210495000.0,51155000.0,0.885,-11.937,715000000.0,20000000.0,695000000.0,715000000.0,922227000.0,9606000.0,0.0,0.0,0.0,84752000.0,94358000.0,0.172,94358000.0,84752000.0,79512000.0,0.61,0.61,0.61,-170155000.0,,-170155000.0,7505309045.0,27.0,23.507,131758000.0,1.584,1.0,337441000.0,0.616,610112000.0,5240000.0,403826000.0,,0.0,0.0,0.0,0.0,2031194000.0,1204520000.0,826674000.0,7121962045.0,69667000.0,0.0,-115652000.0,50000000.0,0.0,-62091000.0,-11982000.0,0.0,143740000.0,6261000.0,51155000.0,51155000.0,51155000.0,0.0,0.0,0.093,252221000.0,85220000.0,262293000.0,0.0,-41.856,41.288,43.106,107112000.0,0.0,85.78,3.434,3.441,527615000.0,1354555000.0,547936000.0,547936000.0,0.0,,,,,7102000.0,237991000.0,1.0,83025904.0,83203000,84271000.0,6.586,1250927000.0,0.0,28357000.0,0.0,15.035,-138452000.0
25,IT,MRQ,2015-03-31,2015-03-31,2015-03-31,2021-08-03,-42328000.0,1789370000.0,,1000648000.0,788722000.0,,-1.612,-11632000.0,281653000.0,281653000.0,177762000.0,28351000.0,0.704,-13.826,665000000.0,285000000.0,380000000.0,665000000.0,895430000.0,10128000.0,0.0,0.0,0.0,47720000.0,57848000.0,0.123,57848000.0,47720000.0,44240000.0,0.33,0.32,0.33,-139513000.0,,-139513000.0,7378456942.0,27.0,23.308,-5969000.0,-0.069,1.0,293424000.0,0.623,608366000.0,3480000.0,143620000.0,,0.0,0.0,0.0,0.0,1928883000.0,1420731000.0,508152000.0,7338758942.0,-60379000.0,0.0,-321966000.0,260000000.0,0.0,-54410000.0,-11632000.0,0.0,5663000.0,-23270000.0,28351000.0,28351000.0,28351000.0,0.0,0.0,0.06,244742000.0,48682000.0,240301000.0,0.0,-52.603,42.085,42.563,104374000.0,0.0,83.85,3.587,3.547,526384000.0,1303401000.0,471186000.0,471186000.0,0.0,,,,,9173000.0,229522000.0,1.0,87522468.0,86539000,87773000.0,5.445,1181004000.0,0.0,15889000.0,0.0,13.647,-420083000.0
26,IT,MRQ,2014-12-31,2014-12-31,2014-12-31,2021-08-03,-21170000.0,1904351000.0,,1096658000.0,807693000.0,,1.839,-12970000.0,365302000.0,365302000.0,235875000.0,59144000.0,0.902,10.816,405000000.0,20000000.0,385000000.0,405000000.0,841457000.0,10524000.0,0.0,0.0,0.0,97002000.0,107526000.0,0.184,107526000.0,97002000.0,92288000.0,0.67,0.66,0.67,161171000.0,,161171000.0,7441592449.0,26.0,22.799,58200000.0,0.664,1.0,348104000.0,0.596,617354000.0,4714000.0,111477000.0,,0.0,0.0,0.0,0.0,1743180000.0,1215218000.0,527962000.0,7412812449.0,43616000.0,-2400000.0,-51245000.0,35000000.0,0.0,-12184000.0,-15370000.0,0.0,71170000.0,-19534000.0,59144000.0,59144000.0,59144000.0,0.0,0.0,0.101,252264000.0,95840000.0,353761000.0,0.0,45.993,40.338,40.879,97990000.0,0.0,84.21,3.667,3.722,552107000.0,1275049000.0,583979000.0,583979000.0,0.0,,,,,8502000.0,235888000.0,1.0,88027698.0,87645000,89057000.0,6.663,1286997000.0,0.0,33144000.0,0.0,14.684,-118560000.0
27,IT,MRQ,2014-09-30,2014-09-30,2014-09-30,2021-08-03,-2001000.0,1768953000.0,,959234000.0,809719000.0,,1.723,-6365000.0,341220000.0,341220000.0,188059000.0,33846000.0,0.706,10.598,370000000.0,245000000.0,125000000.0,370000000.0,847327000.0,10450000.0,0.0,0.0,0.0,49104000.0,59554000.0,0.126,59554000.0,49104000.0,46448000.0,0.38,0.38,0.38,152523000.0,,152523000.0,6588571665.0,24.0,20.719,116486000.0,1.316,1.0,282881000.0,0.601,626727000.0,2656000.0,-187866000.0,,0.0,0.0,0.0,0.0,1616430000.0,1358872000.0,257558000.0,6531496665.0,38109000.0,0.0,-78377000.0,-5000000.0,0.0,-78377000.0,-6365000.0,0.0,122851000.0,-14814000.0,33846000.0,33846000.0,33846000.0,0.0,0.0,0.072,233490000.0,49391000.0,266545000.0,0.0,42.823,35.108,35.839,93625000.0,0.0,73.47,3.336,3.321,449923000.0,1215905000.0,470940000.0,470940000.0,0.0,,,,,3808000.0,217025000.0,1.0,88900186.0,88513000,89708000.0,5.321,1142226000.0,0.0,12602000.0,0.0,12.905,-399638000.0
28,IT,MRQ,2014-06-30,2014-06-30,2014-06-30,2021-08-03,9953000.0,1796808000.0,,971769000.0,825039000.0,,2.206,-9966000.0,317925000.0,317925000.0,203178000.0,53040000.0,0.722,8.097,375000000.0,246250000.0,128750000.0,375000000.0,847877000.0,9700000.0,0.0,0.0,0.0,81936000.0,91636000.0,0.176,91636000.0,81936000.0,79256000.0,0.59,0.58,0.59,197509000.0,,197509000.0,6434415792.0,22.0,19.749,126322000.0,1.411,1.0,316642000.0,0.609,635146000.0,2680000.0,-126811000.0,,0.0,0.0,0.0,0.0,1599299000.0,1345548000.0,253751000.0,6362699792.0,33868000.0,-6621000.0,-108962000.0,20000000.0,0.0,-85833000.0,-16587000.0,0.0,136288000.0,773000.0,53040000.0,53040000.0,53040000.0,0.0,0.0,0.102,234881000.0,81761000.0,251421000.0,0.0,32.215,33.42,33.904,95831000.0,0.0,70.52,3.352,3.326,493216000.0,1182059000.0,519820000.0,519820000.0,0.0,,,,,3736000.0,218537000.0,1.0,90225465.0,89521000,90744000.0,5.807,1161662000.0,0.0,26216000.0,0.0,12.976,-373779000.0
29,IT,MRQ,2014-03-31,2014-03-31,2014-03-31,2021-08-03,8552000.0,1757713000.0,,945668000.0,812045000.0,,2.582,-9185000.0,283284000.0,283284000.0,170821000.0,37736000.0,0.747,6.425,355000000.0,222500000.0,132500000.0,355000000.0,832555000.0,8738000.0,0.0,0.0,0.0,58941000.0,67679000.0,0.152,67679000.0,58941000.0,56691000.0,0.41,0.4,0.41,236723000.0,,236723000.0,6167328263.0,22.0,19.498,7285000.0,0.079,1.0,275881000.0,0.618,624323000.0,2250000.0,-61515000.0,,0.0,0.0,0.0,0.0,1520990000.0,1266621000.0,254369000.0,6386318263.0,-140261000.0,-115270000.0,-193422000.0,150000000.0,0.0,-32276000.0,-124455000.0,0.0,16470000.0,-445000.0,37736000.0,37736000.0,37736000.0,0.0,0.0,0.084,216711000.0,59170000.0,211566000.0,0.0,26.978,34.734,34.894,94208000.0,0.0,69.44,3.501,3.49,496997000.0,1129019000.0,446702000.0,446702000.0,0.0,,,,,2606000.0,204617000.0,1.0,91968869.0,91669000,93209000.0,4.873,1133390000.0,0.0,18955000.0,0.0,12.364,-320953000.0
30,IT,MRQ,2013-12-31,2013-12-31,2013-12-31,2021-08-03,8345000.0,1783582000.0,,1084882000.0,698700000.0,,3.919,-8726000.0,423990000.0,423990000.0,210108000.0,61418000.0,0.935,3.936,205000000.0,68750000.0,136250000.0,205000000.0,766114000.0,8978000.0,0.0,0.0,0.0,90156000.0,99134000.0,0.19,99134000.0,90156000.0,86472000.0,0.67,0.65,0.67,361316000.0,,361316000.0,6379692720.0,23.0,20.496,64859000.0,0.703,1.0,310599000.0,0.596,525310000.0,3684000.0,-120641000.0,,0.0,0.0,0.0,0.0,1422266000.0,1159923000.0,262343000.0,6549213720.0,48857000.0,0.0,-22982000.0,3553000.0,0.0,-16002000.0,-8726000.0,0.0,73585000.0,612000.0,61418000.0,61418000.0,61418000.0,0.0,0.0,0.118,221842000.0,88757000.0,325059000.0,0.0,18.126,35.827,36.066,91759000.0,0.0,71.05,3.671,3.704,490923000.0,1091283000.0,520707000.0,520707000.0,0.0,,,,,706000.0,212805000.0,1.0,92177533.0,92202000,94020000.0,5.647,1258272000.0,0.0,25054000.0,0.0,13.647,-75041000.0
31,IT,MRQ,2013-09-30,2013-09-30,2013-09-30,2021-08-03,6734000.0,1628398000.0,,935155000.0,693243000.0,,3.47,-8137000.0,374521000.0,374521000.0,161735000.0,38194000.0,0.896,4.063,205000000.0,65000000.0,140000000.0,205000000.0,754120000.0,8609000.0,0.0,0.0,0.0,58748000.0,67357000.0,0.164,67357000.0,58748000.0,56624000.0,0.41,0.4,0.41,321635000.0,,321635000.0,5461151680.0,20.0,18.098,93616000.0,1.01,1.0,248970000.0,0.606,526090000.0,2124000.0,-111206000.0,,0.0,0.0,0.0,0.0,1306763000.0,1043993000.0,262770000.0,5589514680.0,36847000.0,0.0,-58067000.0,0.0,0.0,-56769000.0,-8137000.0,0.0,101753000.0,4311000.0,38194000.0,38194000.0,38194000.0,0.0,0.0,0.093,190227000.0,58743000.0,224873000.0,0.0,17.378,31.017,31.088,90198000.0,0.0,60.0,3.216,3.199,392174000.0,1029865000.0,410705000.0,410705000.0,0.0,,,,,6177000.0,181546000.0,1.0,93158578.0,92689000,94355000.0,4.431,1102308000.0,0.0,18430000.0,0.0,11.893,-108838000.0
32,IT,MRQ,2013-06-30,2013-06-30,2013-06-30,2021-08-03,2358000.0,1613787000.0,,923358000.0,690429000.0,,3.513,-9987000.0,333363000.0,333363000.0,177904000.0,46514000.0,0.91,3.91,205000000.0,61250000.0,143750000.0,205000000.0,749240000.0,8421000.0,0.0,0.0,0.0,73707000.0,82128000.0,0.184,82128000.0,73707000.0,71563000.0,0.5,0.49,0.5,328694000.0,,328694000.0,5278814982.0,20.0,18.135,110636000.0,1.182,1.0,268143000.0,0.601,524978000.0,2144000.0,-54394000.0,,0.0,0.0,0.0,0.0,1285093000.0,1014840000.0,270253000.0,5342877982.0,66458000.0,0.0,-48073000.0,0.0,0.0,-44178000.0,-9987000.0,0.0,120623000.0,-2158000.0,46514000.0,46514000.0,46514000.0,0.0,0.0,0.104,194156000.0,73987000.0,204350000.0,0.0,16.255,30.815,30.64,89415000.0,0.0,56.99,3.139,3.133,432011000.0,991671000.0,446047000.0,446047000.0,0.0,,,,,3337000.0,185629000.0,1.0,93751149.0,93574000,95188000.0,4.767,1088809000.0,0.0,25049000.0,0.0,11.636,-91482000.0
33,IT,MRQ,2013-03-31,2013-03-31,2013-03-31,2021-08-03,2763000.0,1567395000.0,,875040000.0,692355000.0,,3.41,-9648000.0,269063000.0,269063000.0,163737000.0,36675000.0,0.897,3.911,205000000.0,57500000.0,147500000.0,205000000.0,736696000.0,8434000.0,0.0,0.0,0.0,54216000.0,62650000.0,0.154,62650000.0,54216000.0,51780000.0,0.39,0.38,0.39,319157000.0,,319157000.0,4985204574.0,20.0,17.887,10045000.0,0.107,1.0,243017000.0,0.597,527002000.0,2436000.0,1238000.0,,0.0,0.0,0.0,0.0,1248238000.0,975092000.0,273146000.0,5080056574.0,-26861000.0,0.0,-46572000.0,-3553000.0,0.0,-36906000.0,-9648000.0,0.0,19693000.0,-3928000.0,36675000.0,36675000.0,36675000.0,0.0,0.0,0.09,189012000.0,54005000.0,180896000.0,0.0,15.917,30.174,30.228,88508000.0,0.0,54.41,3.073,3.08,441405000.0,945157000.0,406754000.0,406754000.0,0.0,,,,,-877000.0,180478000.0,1.0,93366230.0,93595000,95537000.0,4.346,1040393000.0,0.0,15105000.0,0.0,11.116,-100052000.0
34,IT,MRQ,2012-12-31,2012-12-31,2012-12-31,2021-08-03,5968000.0,1621277000.0,,927466000.0,693811000.0,,3.28,-13537000.0,299852000.0,299852000.0,200214000.0,58823000.0,0.867,4.287,205000000.0,90000000.0,115000000.0,205000000.0,692237000.0,8364000.0,0.0,0.0,0.0,81257000.0,89621000.0,0.189,89621000.0,81257000.0,77909000.0,0.63,0.61,0.63,306673000.0,,306673000.0,4254613343.0,17.0,15.456,57525000.0,0.615,1.0,274535000.0,0.578,531327000.0,3348000.0,-74902000.0,,0.0,0.0,0.0,0.0,1314604000.0,1070000000.0,244604000.0,4310004343.0,43329000.0,0.0,-20134000.0,5000000.0,0.0,-14196000.0,-13537000.0,0.0,71062000.0,1132000.0,58823000.0,58823000.0,58823000.0,0.0,0.0,0.124,194874000.0,79661000.0,287763000.0,0.0,14.054,25.979,25.854,89089000.0,0.0,46.02,2.667,2.661,463968000.0,908482000.0,474749000.0,474749000.0,0.0,,,,,7419000.0,186216000.0,1.0,93655027.0,93489000,95995000.0,5.078,1089950000.0,0.0,19086000.0,0.0,11.659,-142534000.0
35,IT,MRQ,2012-09-30,2012-09-30,2012-09-30,2021-08-03,8673000.0,1479148000.0,,781978000.0,697170000.0,,2.796,-10158000.0,255391000.0,255391000.0,151143000.0,31375000.0,0.807,4.657,200000000.0,80000000.0,120000000.0,200000000.0,682603000.0,7663000.0,0.0,0.0,0.0,49020000.0,56683000.0,0.151,56683000.0,49020000.0,46811000.0,0.34,0.33,0.34,261465000.0,,261465000.0,4355470312.0,19.0,16.556,99141000.0,1.06,1.0,223263000.0,0.596,532342000.0,2209000.0,-77478000.0,,0.0,0.0,0.0,0.0,1217683000.0,968893000.0,248790000.0,4305913312.0,99048000.0,-827000.0,-2816000.0,-88000.0,0.0,734000.0,-10985000.0,0.0,109299000.0,5812000.0,31375000.0,31375000.0,31375000.0,0.0,0.0,0.084,173495000.0,49768000.0,206290000.0,0.0,16.468,28.309,28.276,80344000.0,0.0,46.09,2.745,2.748,370951000.0,849659000.0,374406000.0,374406000.0,0.0,,,,,5581000.0,164888000.0,1.0,93424025.0,93522000,95611000.0,4.003,946806000.0,0.0,15436000.0,0.0,10.124,-186915000.0
36,IT,MRQ,2012-06-30,2012-06-30,2012-06-30,2021-08-03,3623000.0,1380115000.0,,686350000.0,693765000.0,,2.303,-13524000.0,150531000.0,150531000.0,161247000.0,41484000.0,0.756,5.419,200088000.0,70088000.0,130000000.0,200088000.0,659741000.0,7110000.0,0.0,0.0,0.0,62646000.0,69756000.0,0.175,69756000.0,62646000.0,60493000.0,0.44,0.43,0.44,214991000.0,,214991000.0,4117049497.0,18.0,15.806,67249000.0,0.72,1.0,236235000.0,0.594,529054000.0,2153000.0,-7739000.0,,0.0,0.0,0.0,0.0,1165124000.0,908357000.0,256767000.0,4015741497.0,16188000.0,-9509000.0,-4291000.0,-40205000.0,0.0,-41552000.0,-23033000.0,0.0,80773000.0,-4642000.0,41484000.0,41484000.0,41484000.0,0.0,0.0,0.104,173513000.0,62722000.0,178528000.0,0.0,18.679,26.56,26.739,77795000.0,0.0,43.05,2.607,2.609,389414000.0,818284000.0,397482000.0,397482000.0,0.0,,,,,4919000.0,165221000.0,1.0,93280871.0,93350000,95423000.0,4.258,851061000.0,0.0,19009000.0,0.0,9.117,-222007000.0
37,IT,MRQ,2012-03-31,2012-03-31,2012-03-31,2021-08-03,8447000.0,1349848000.0,,676820000.0,673028000.0,,1.839,-7118000.0,138985000.0,138985000.0,146463000.0,34221000.0,0.743,6.858,240293000.0,100293000.0,140000000.0,240293000.0,650666000.0,6634000.0,0.0,0.0,0.0,52578000.0,59212000.0,0.16,59212000.0,52578000.0,50383000.0,0.37,0.36,0.37,171781000.0,,171781000.0,4038510896.0,18.0,16.123,11561000.0,0.124,1.0,222708000.0,0.603,517254000.0,2195000.0,22850000.0,,0.0,0.0,0.0,0.0,1178067000.0,911052000.0,267015000.0,3981249896.0,-5995000.0,0.0,-71633000.0,40293000.0,0.0,-17556000.0,-7118000.0,0.0,18679000.0,2241000.0,34221000.0,34221000.0,34221000.0,0.0,0.0,0.093,169152000.0,53556000.0,160093000.0,0.0,23.176,28.05,28.427,69663000.0,0.0,42.64,2.64,2.641,384125000.0,776801000.0,369171000.0,369171000.0,0.0,,,,,-2845000.0,162518000.0,1.0,93368900.0,93416000,96199000.0,3.952,832594000.0,0.0,16162000.0,0.0,8.913,-234232000.0
38,IT,MRQ,2011-12-31,2011-12-31,2011-12-31,2021-08-03,5793000.0,1379872000.0,,705785000.0,674087000.0,,1.92,-18234000.0,142739000.0,142739000.0,180282000.0,45024000.0,0.766,6.591,200000000.0,50000000.0,150000000.0,200000000.0,611647000.0,7133000.0,0.0,0.0,0.0,70295000.0,77428000.0,0.181,77428000.0,70295000.0,66942000.0,0.48,0.47,0.48,181784000.0,,181784000.0,3352570559.0,16.0,13.658,60867000.0,0.643,1.0,247412000.0,0.578,515610000.0,3353000.0,386000.0,,0.0,0.0,0.0,0.0,1198088000.0,921137000.0,276951000.0,3299473559.0,-14551000.0,0.0,-68532000.0,-10000000.0,0.0,-75418000.0,-18234000.0,0.0,79101000.0,387000.0,45024000.0,45024000.0,45024000.0,0.0,0.0,0.105,177949000.0,69463000.0,259490000.0,0.0,18.151,24.101,24.315,68132000.0,0.0,34.77,2.247,2.273,421033000.0,742579000.0,427694000.0,427694000.0,0.0,,,,,5001000.0,170816000.0,1.0,94894264.0,94690000,96983000.0,4.517,864262000.0,0.0,21918000.0,0.0,9.127,-215352000.0
39,IT,MRQ,2011-09-30,2011-09-30,2011-09-30,2021-08-03,5810000.0,1304431000.0,,633686000.0,670745000.0,,2.02,-14260000.0,156903000.0,156903000.0,142696000.0,30464000.0,0.759,5.722,210000000.0,52500000.0,157500000.0,210000000.0,598393000.0,7377000.0,0.0,0.0,0.0,46709000.0,54086000.0,0.156,54086000.0,46709000.0,44427000.0,0.32,0.31,0.32,194067000.0,,194067000.0,3460601937.0,18.0,15.005,98292000.0,1.023,1.0,203088000.0,0.587,518025000.0,2282000.0,5011000.0,,0.0,0.0,0.0,0.0,1110364000.0,834492000.0,275872000.0,3365942937.0,36879000.0,0.0,-51931000.0,-10000000.0,0.0,-61413000.0,-14260000.0,0.0,112552000.0,-5317000.0,30464000.0,30464000.0,30464000.0,0.0,0.0,0.088,155838000.0,47250000.0,183599000.0,0.0,17.344,26.179,26.022,57109000.0,0.0,34.87,2.365,2.354,349287000.0,697555000.0,345784000.0,345784000.0,0.0,,,,,7239000.0,148461000.0,1.0,96528332.0,96057000,98259000.0,3.6,786406000.0,0.0,13963000.0,0.0,8.187,-200806000.0
40,IT,MRQ,2011-06-30,2011-06-30,2011-06-30,2021-08-03,14363000.0,1295972000.0,,625609000.0,670363000.0,,2.228,-5755000.0,125341000.0,125341000.0,152461000.0,32223000.0,0.783,5.005,220000000.0,55000000.0,165000000.0,220000000.0,572053000.0,8756000.0,0.0,0.0,0.0,50997000.0,59753000.0,0.163,59753000.0,50997000.0,48200000.0,0.33,0.32,0.33,215819000.0,,215819000.0,4064776370.0,22.0,18.675,82821000.0,0.855,1.0,213082000.0,0.583,524564000.0,2797000.0,66700000.0,,0.0,0.0,0.0,0.0,1080153000.0,799367000.0,280786000.0,3918612370.0,15307000.0,0.0,-33674000.0,-35167000.0,0.0,-67514000.0,-5755000.0,0.0,88576000.0,1031000.0,32223000.0,32223000.0,32223000.0,0.0,0.0,0.088,161514000.0,51568000.0,172314000.0,0.0,18.157,33.157,32.756,52922000.0,0.0,40.29,2.853,2.842,360564000.0,667091000.0,365543000.0,365543000.0,0.0,,,,,6504000.0,152758000.0,1.0,97260173.0,96886000,99340000.0,3.773,771408000.0,0.0,15977000.0,0.0,7.962,-173758000.0
41,IT,MRQ,2011-03-31,2011-03-31,2011-03-31,2021-08-03,16288000.0,1275374000.0,,616240000.0,659134000.0,,2.178,-3705000.0,109003000.0,109003000.0,133316000.0,29191000.0,0.786,5.072,255167000.0,82667000.0,172500000.0,255167000.0,558034000.0,8798000.0,0.0,0.0,0.0,45399000.0,54197000.0,0.164,54197000.0,45399000.0,42615000.0,0.3,0.29,0.3,210030000.0,,210030000.0,4100019520.0,25.0,20.452,-28368000.0,-0.294,1.0,196251000.0,0.595,525735000.0,2784000.0,111585000.0,,0.0,0.0,0.0,0.0,1065344000.0,784218000.0,281126000.0,4000044520.0,-10582000.0,0.0,-37838000.0,35011000.0,0.0,17786000.0,-3705000.0,0.0,-24663000.0,-596000.0,29191000.0,29191000.0,29191000.0,0.0,0.0,0.089,150470000.0,45781000.0,143517000.0,0.0,19.045,37.71,37.541,45443000.0,0.0,41.67,3.025,3.039,345035000.0,634868000.0,329567000.0,329567000.0,0.0,,,,,-11451000.0,141672000.0,1.0,95993389.0,96442000,99451000.0,3.417,749639000.0,0.0,13424000.0,0.0,7.773,-167978000.0
42,IT,MRQ,2010-12-31,2010-12-31,2010-12-31,2021-08-03,14638000.0,1285658000.0,,621102000.0,664556000.0,,1.951,-9483000.0,120181000.0,120181000.0,164959000.0,36694000.0,0.766,5.873,220156000.0,40156000.0,180000000.0,220156000.0,523263000.0,8662000.0,0.0,0.0,0.0,53930000.0,62592000.0,0.164,62592000.0,53930000.0,46727000.0,0.39,0.36,0.39,187056000.0,,187056000.0,3342694777.0,22.0,17.901,69641000.0,0.726,1.0,217345000.0,0.569,523849000.0,7203000.0,50632000.0,,0.0,0.0,0.0,0.0,1098602000.0,811152000.0,287450000.0,3191106777.0,-28394000.0,0.0,-19197000.0,-84627000.0,0.0,-98035000.0,-9483000.0,0.0,79124000.0,163000.0,36694000.0,36694000.0,36694000.0,0.0,0.0,0.096,164271000.0,53074000.0,247733000.0,0.0,17.06,33.142,32.871,47614000.0,0.0,33.2,2.477,2.467,364818000.0,605677000.0,382304000.0,382304000.0,0.0,,,,,3547000.0,154796000.0,1.0,96117674.0,95894000,100584000.0,3.987,761809000.0,0.0,10033000.0,0.0,7.944,-190050000.0
43,IT,MRQ,2010-09-30,2010-09-30,2010-09-30,2021-08-03,14496000.0,1236373000.0,,571848000.0,664525000.0,,1.615,-4518000.0,148412000.0,148412000.0,125897000.0,20075000.0,0.617,7.017,300000000.0,248500000.0,51500000.0,300000000.0,496348000.0,8725000.0,0.0,0.0,0.0,32390000.0,41115000.0,0.139,41115000.0,32390000.0,29385000.0,0.21,0.2,0.21,154223000.0,,154223000.0,3040550771.0,22.0,17.583,60265000.0,0.631,1.0,170225000.0,0.575,525768000.0,3005000.0,-65184000.0,,0.0,0.0,0.0,0.0,1082150000.0,927377000.0,154773000.0,2805914771.0,15030000.0,0.0,7011000.0,-57000000.0,0.0,-45235000.0,-4518000.0,0.0,64783000.0,11018000.0,20075000.0,20075000.0,20075000.0,0.0,0.0,0.068,137462000.0,32763000.0,182529000.0,0.0,18.194,32.892,33.079,44272000.0,0.0,29.44,2.272,2.276,299987000.0,568983000.0,296122000.0,296122000.0,0.0,,,,,2510000.0,127488000.0,1.0,95309605.0,95473000,98797000.0,3.102,710605000.0,0.0,9310000.0,0.0,7.443,-355529000.0
44,IT,MRQ,2010-06-30,2010-06-30,2010-06-30,2021-08-03,6463000.0,1174271000.0,,517967000.0,656304000.0,,1.118,-4281000.0,122364000.0,122364000.0,138336000.0,20113000.0,0.58,9.976,357000000.0,279750000.0,77250000.0,357000000.0,450152000.0,8977000.0,0.0,0.0,0.0,33587000.0,42564000.0,0.135,42564000.0,33587000.0,30407000.0,0.21,0.2,0.21,106981000.0,,106981000.0,2497428124.0,19.0,15.046,65277000.0,0.682,1.0,175859000.0,0.56,522459000.0,3180000.0,-6048000.0,,0.0,0.0,0.0,0.0,1067290000.0,892496000.0,174794000.0,2236341124.0,21806000.0,-455000.0,-35649000.0,-10000000.0,0.0,-43016000.0,-4736000.0,0.0,69558000.0,-5355000.0,20113000.0,20113000.0,20113000.0,0.0,0.0,0.064,141629000.0,34230000.0,162594000.0,0.0,20.904,26.218,26.124,45205000.0,0.0,23.25,1.854,1.844,284098000.0,548908000.0,314195000.0,314195000.0,0.0,,,,,4242000.0,130322000.0,1.0,96186715.0,95657000,98855000.0,3.285,651812000.0,0.0,10294000.0,0.0,6.814,-374529000.0
45,IT,MRQ,2010-03-31,2010-03-31,2010-03-31,2021-08-03,9401000.0,1180827000.0,,534272000.0,646555000.0,,1.212,-3412000.0,105913000.0,105913000.0,123046000.0,19403000.0,0.605,9.184,367000000.0,264000000.0,103000000.0,367000000.0,463236000.0,9510000.0,0.0,0.0,0.0,30950000.0,40460000.0,0.137,40460000.0,30950000.0,27566000.0,0.2,0.19,0.2,115952000.0,,115952000.0,2345795998.0,18.0,14.68,-11378000.0,-0.119,1.0,172787000.0,0.584,530937000.0,3384000.0,28523000.0,,0.0,0.0,0.0,0.0,1064875000.0,882454000.0,182421000.0,2133369998.0,-8344000.0,-11696000.0,-28458000.0,38000000.0,0.0,14730000.0,-15108000.0,0.0,-7966000.0,-2317000.0,19403000.0,19403000.0,19403000.0,0.0,0.0,0.066,143589000.0,29198000.0,155218000.0,0.0,18.399,25.9,25.86,48090000.0,0.0,22.24,1.836,1.831,303165000.0,528795000.0,295833000.0,295833000.0,0.0,,,,,3971000.0,130568000.0,1.0,95924910.0,95693000,99649000.0,3.091,649890000.0,0.0,8163000.0,0.0,6.791,-348182000.0
46,IT,MRQ,2009-12-31,2009-12-31,2009-12-31,2021-08-03,11322000.0,1215279000.0,,557825000.0,657454000.0,,1.178,-4017000.0,116574000.0,116574000.0,146499000.0,25716000.0,0.621,9.799,329000000.0,205000000.0,124000000.0,329000000.0,437207000.0,6627000.0,0.0,0.0,0.0,42160000.0,48787000.0,0.148,48787000.0,42160000.0,38403000.0,0.27,0.26,0.27,112535000.0,,112535000.0,1875995594.0,14.0,11.768,40280000.0,0.422,1.0,182328000.0,0.554,537725000.0,3757000.0,-8193000.0,,0.0,0.0,0.0,0.0,1102744000.0,898173000.0,204571000.0,1723773594.0,4264000.0,-104523000.0,3800000.0,64000000.0,0.0,68507000.0,-108540000.0,0.0,44297000.0,-468000.0,25716000.0,25716000.0,25716000.0,0.0,0.0,0.078,140584000.0,41744000.0,255966000.0,0.0,15.318,20.777,20.5,52466000.0,0.0,18.04,1.512,1.498,317598000.0,509392000.0,328827000.0,328827000.0,0.0,,,,,5882000.0,131023000.0,1.0,95552860.0,95492000,99541000.0,3.444,677554000.0,0.0,12687000.0,0.0,7.095,-340348000.0
47,IT,MRQ,2009-09-30,2009-09-30,2009-09-30,2021-08-03,10387000.0,996840000.0,,455707000.0,541133000.0,,0.789,-2679000.0,112778000.0,112778000.0,118120000.0,20067000.0,0.655,12.322,265000000.0,120000000.0,145000000.0,265000000.0,401410000.0,6779000.0,0.0,0.0,0.0,27394000.0,34173000.0,0.128,34173000.0,27394000.0,22480000.0,0.21,0.21,0.21,74824000.0,,74824000.0,1952934277.0,13.0,11.038,52427000.0,0.553,1.0,149349000.0,0.558,407263000.0,4914000.0,45590000.0,,0.0,0.0,0.0,0.0,922016000.0,696209000.0,225807000.0,1733398277.0,8786000.0,0.0,6590000.0,-51500000.0,0.0,-43641000.0,-2679000.0,0.0,55106000.0,7028000.0,20067000.0,20067000.0,20067000.0,0.0,0.0,0.075,121828000.0,27521000.0,174799000.0,0.0,23.166,19.071,19.031,52362000.0,0.0,18.27,1.497,1.496,251050000.0,483676000.0,267469000.0,267469000.0,0.0,,,,,5057000.0,115049000.0,1.0,94876753.0,94872000,97657000.0,2.819,589577000.0,0.0,2413000.0,0.0,6.214,-240502000.0
48,IT,MRQ,2009-06-30,2009-06-30,2009-06-30,2021-08-03,5912000.0,972208000.0,,435989000.0,536219000.0,,0.383,-3910000.0,96964000.0,96964000.0,117100000.0,17185000.0,0.659,25.923,316500000.0,119250000.0,197250000.0,316500000.0,378536000.0,6743000.0,0.0,0.0,0.0,29629000.0,36372000.0,0.135,36372000.0,29629000.0,25618000.0,0.18,0.18,0.18,36111000.0,,36111000.0,1707328669.0,11.0,9.309,43797000.0,0.464,1.0,152871000.0,0.566,403271000.0,4011000.0,126582000.0,,0.0,0.0,0.0,0.0,936097000.0,661891000.0,274206000.0,1439591669.0,24657000.0,0.0,1951000.0,-21500000.0,0.0,-19140000.0,-3910000.0,0.0,47707000.0,2044000.0,17185000.0,17185000.0,17185000.0,0.0,0.0,0.064,122110000.0,30761000.0,164105000.0,0.0,39.866,16.065,16.063,55624000.0,0.0,15.26,1.211,1.212,252228000.0,463609000.0,269971000.0,269971000.0,0.0,,,,,5950000.0,115367000.0,1.0,94337593.0,94370000,96523000.0,2.861,568937000.0,0.0,8433000.0,0.0,6.029,-225902000.0
49,IT,MRQ,2009-03-31,2009-03-31,2009-03-31,2021-08-03,-25000.0,948691000.0,,418210000.0,530481000.0,,0.048,-4536000.0,70263000.0,70263000.0,116644000.0,19996000.0,0.652,211.14,338000000.0,116000000.0,222000000.0,338000000.0,373761000.0,6874000.0,0.0,0.0,0.0,33205000.0,40079000.0,0.147,40079000.0,33205000.0,29025000.0,0.21,0.21,0.21,4472000.0,,4472000.0,1308980658.0,8.0,6.522,10291000.0,0.11,1.0,156889000.0,0.574,399074000.0,4180000.0,175805000.0,,0.0,0.0,0.0,0.0,944219000.0,641549000.0,302670000.0,1033659658.0,-69215000.0,0.0,-1263000.0,-78250000.0,0.0,-79506000.0,-4536000.0,0.0,14827000.0,-1451000.0,19996000.0,19996000.0,19996000.0,0.0,0.0,0.073,122438000.0,34451000.0,151788000.0,0.0,231.14,10.102,10.101,57800000.0,0.0,11.01,0.819,0.819,259039000.0,446424000.0,273533000.0,273533000.0,0.0,,,,,6785000.0,115564000.0,1.0,93883711.0,93898000,95763000.0,2.913,549617000.0,0.0,9029000.0,0.0,5.853,-223339000.0
50,IT,MRQ,2008-12-31,2008-12-31,2008-12-31,2021-08-03,-1741000.0,1093065000.0,,554524000.0,538541000.0,,-0.227,-6022000.0,140929000.0,140929000.0,156639000.0,33646000.0,0.7,-52.279,416250000.0,177750000.0,238500000.0,416250000.0,395278000.0,7280000.0,0.0,0.0,0.0,59031000.0,66311000.0,0.191,66311000.0,59031000.0,51313000.0,0.36,0.35,0.36,-21316000.0,,-21316000.0,1956522161.0,11.0,9.717,40908000.0,0.436,1.0,190682000.0,0.549,400752000.0,7718000.0,175225000.0,,0.0,0.0,0.0,0.0,1114381000.0,792409000.0,321972000.0,1677193161.0,9700000.0,0.0,-22901000.0,-8250000.0,0.0,-31208000.0,-6022000.0,0.0,46930000.0,-13942000.0,33646000.0,33646000.0,33646000.0,0.0,0.0,0.097,134901000.0,55781000.0,219381000.0,0.0,-78.682,16.147,16.358,61869000.0,0.0,17.83,1.311,1.328,318511000.0,426428000.0,347321000.0,347321000.0,0.0,,,,,2438000.0,127621000.0,1.0,94065797.0,93809000,96862000.0,3.702,692313000.0,0.0,17667000.0,0.0,7.38,-237885000.0
51,IT,MRQ,2008-09-30,2008-09-30,2008-09-30,2021-08-03,19449000.0,1115416000.0,,543827000.0,571589000.0,,-0.158,-5306000.0,145171000.0,145171000.0,128490000.0,18781000.0,0.682,-75.57,424500000.0,169500000.0,255000000.0,424500000.0,433862000.0,6827000.0,0.0,0.0,0.0,33822000.0,40649000.0,0.137,40649000.0,33822000.0,28825000.0,0.2,0.19,0.2,-14958000.0,,-14958000.0,2462744161.0,13.0,11.529,50269000.0,0.532,1.0,169216000.0,0.568,414108000.0,4997000.0,183487000.0,,0.0,0.0,0.0,0.0,1130374000.0,797150000.0,333224000.0,2129891161.0,15432000.0,0.0,1170000.0,-45249000.0,0.0,-34837000.0,-5306000.0,0.0,55575000.0,-7158000.0,18781000.0,18781000.0,18781000.0,0.0,0.0,0.063,134534000.0,34682000.0,193788000.0,0.0,-142.391,19.532,20.25,64430000.0,0.0,22.68,1.671,1.682,303662000.0,392783000.0,297706000.0,297706000.0,0.0,,,,,-3983000.0,127707000.0,1.0,93910545.0,94539000,98552000.0,3.149,701308000.0,0.0,10044000.0,0.0,7.418,-253323000.0
52,IT,MRQ,2008-06-30,2008-06-30,2008-06-30,2021-08-03,27384000.0,1120925000.0,,540635000.0,580290000.0,,-0.439,-5464000.0,136897000.0,136897000.0,156478000.0,29900000.0,0.67,-27.936,469750000.0,198250000.0,271500000.0,469750000.0,428059000.0,6465000.0,0.0,0.0,0.0,47197000.0,53662000.0,0.156,53662000.0,47197000.0,42237000.0,0.32,0.3,0.32,-41614000.0,,-41614000.0,2284443243.0,13.0,11.232,62164000.0,0.655,1.0,187461000.0,0.545,420352000.0,4960000.0,226631000.0,,0.0,0.0,0.0,0.0,1162539000.0,806795000.0,355744000.0,1959378243.0,39972000.0,-228000.0,-74482000.0,47948000.0,0.0,-21964000.0,-5692000.0,0.0,67628000.0,990000.0,29900000.0,29900000.0,29900000.0,228000.0,0.0,0.087,139886000.0,47575000.0,180486000.0,0.0,-47.085,19.068,19.923,66520000.0,0.0,20.72,1.573,1.578,313259000.0,374002000.0,343939000.0,343939000.0,0.0,,,,,1854000.0,133421000.0,1.0,94564587.0,94845000,98895000.0,3.626,700573000.0,0.0,12337000.0,0.0,7.387,-266160000.0
53,IT,MRQ,2008-03-31,2008-03-31,2008-03-31,2021-08-03,20749000.0,1095801000.0,,520810000.0,574991000.0,,-0.18,-7510000.0,95935000.0,95935000.0,130600000.0,21544000.0,0.597,-63.223,421000000.0,268000000.0,153000000.0,421000000.0,450275000.0,6923000.0,0.0,0.0,0.0,33804000.0,40727000.0,0.14,40727000.0,33804000.0,29089000.0,0.22,0.21,0.22,-17611000.0,,-17611000.0,2189686082.0,14.0,12.121,6707000.0,0.069,1.0,159499000.0,0.55,419795000.0,4715000.0,128750000.0,,0.0,0.0,0.0,0.0,1113412000.0,872321000.0,241091000.0,1905631082.0,-17044000.0,8075000.0,-59902000.0,27000000.0,0.0,-31826000.0,565000.0,0.0,14217000.0,3034000.0,21544000.0,21544000.0,21544000.0,-6951000.0,0.0,0.074,133169000.0,26330000.0,154046000.0,0.0,-108.207,21.928,22.753,64372000.0,0.0,19.34,1.596,1.583,327243000.0,344102000.0,290099000.0,290099000.0,0.0,,,,,5556000.0,126246000.0,1.0,98533148.0,97790000,101363000.0,2.967,676006000.0,0.0,7545000.0,0.0,6.913,-351511000.0
54,IT,MRQ,2007-12-31,2007-12-31,2007-12-31,2021-08-03,23641000.0,1133210000.0,,557790000.0,575420000.0,,0.172,-5551000.0,109945000.0,109945000.0,162300000.0,38819000.0,0.637,63.762,394000000.0,236500000.0,157500000.0,394000000.0,423522000.0,6753000.0,0.0,0.0,0.0,71821000.0,78574000.0,0.229,78574000.0,71821000.0,63639000.0,0.38,0.36,0.38,17498000.0,,17498000.0,2081624477.0,15.0,12.628,60289000.0,0.591,1.0,180856000.0,0.527,419826000.0,8182000.0,121427000.0,,0.0,0.0,0.0,0.0,1115712000.0,876012000.0,239700000.0,1832332477.0,-11773000.0,0.0,-98750000.0,27000000.0,0.0,-72050000.0,-5563000.0,0.0,65840000.0,4010000.0,38819000.0,38819000.0,38819000.0,-772000.0,0.0,0.113,113833000.0,67023000.0,215990000.0,0.0,104.717,24.912,24.732,66551000.0,0.0,17.56,1.568,1.557,354926000.0,322557000.0,343156000.0,343156000.0,0.0,,,,,5317000.0,107080000.0,1.0,104346952.0,101945000,106210000.0,3.366,713384000.0,0.0,24820000.0,0.0,6.998,-318222000.0
55,IT,MRQ,2007-09-30,2007-09-30,2007-09-30,2021-08-03,20706000.0,1106082000.0,,530818000.0,575264000.0,,0.68,-6155000.0,117708000.0,117708000.0,124071000.0,12494000.0,0.675,14.524,367000000.0,205000000.0,162000000.0,367000000.0,402080000.0,6764000.0,0.0,0.0,0.0,23660000.0,30424000.0,0.113,30424000.0,23660000.0,18437000.0,0.12,0.11,0.12,71250000.0,,71250000.0,2838109190.0,26.0,20.998,32647000.0,0.312,1.0,144203000.0,0.538,418949000.0,5223000.0,150017000.0,,0.0,0.0,0.0,0.0,1034832000.0,786408000.0,248424000.0,2580947190.0,9537000.0,0.0,-31446000.0,7000000.0,0.0,-23113000.0,-6152000.0,0.0,38802000.0,5333000.0,12494000.0,12494000.0,12494000.0,-831000.0,0.0,0.047,121677000.0,22526000.0,179328000.0,0.0,36.224,45.04,46.151,67094000.0,0.0,24.46,2.333,2.316,314844000.0,283739000.0,268274000.0,268274000.0,0.0,,,,,4484000.0,114913000.0,1.0,105517056.0,104728000,109197000.0,2.562,687133000.0,0.0,5943000.0,0.0,6.561,-255590000.0
56,IT,MRQ,2007-06-30,2007-06-30,2007-06-30,2021-08-03,18098000.0,1079505000.0,,515658000.0,563847000.0,,0.772,-7653000.0,102838000.0,102838000.0,136842000.0,14048000.0,0.689,12.416,360000000.0,193500000.0,166500000.0,360000000.0,377183000.0,6608000.0,0.0,0.0,0.0,24322000.0,30930000.0,0.106,30930000.0,24322000.0,18924000.0,0.13,0.13,0.13,80461000.0,,80461000.0,2872288206.0,28.0,22.183,36262000.0,0.348,1.0,156006000.0,0.533,415569000.0,5398000.0,172510000.0,,0.0,0.0,0.0,0.0,999044000.0,748588000.0,250456000.0,2558382206.0,10311000.0,0.0,8849000.0,-45000000.0,0.0,-25960000.0,-7644000.0,0.0,43915000.0,1433000.0,14048000.0,14048000.0,14048000.0,-2069000.0,0.0,0.048,135567000.0,20439000.0,177905000.0,0.0,31.797,47.014,50.184,60653000.0,0.0,24.59,2.37,2.375,303508000.0,271244000.0,292848000.0,292848000.0,0.0,,,,,-2350000.0,119875000.0,1.0,104041570.0,104259000,109571000.0,2.809,663936000.0,0.0,4876000.0,0.0,6.368,-232930000.0
57,IT,MRQ,2007-03-31,2007-03-31,2007-03-31,2021-08-03,13842000.0,1057432000.0,,499767000.0,557665000.0,,0.342,-4777000.0,91094000.0,91094000.0,123356000.0,8192000.0,0.652,28.847,405000000.0,234000000.0,171000000.0,405000000.0,390870000.0,6264000.0,0.0,0.0,0.0,18647000.0,24911000.0,0.094,24911000.0,18647000.0,12384000.0,0.08,0.08,0.08,35428000.0,,35428000.0,2794919886.0,26.0,20.132,-4999000.0,-0.048,1.0,140841000.0,0.533,414385000.0,6263000.0,190341000.0,,0.0,0.0,0.0,0.0,1022004000.0,766612000.0,255392000.0,2492720886.0,22429000.0,0.0,-11017000.0,33743000.0,0.0,27428000.0,-4777000.0,0.0,-222000.0,864000.0,8192000.0,8192000.0,8192000.0,785000.0,0.0,0.031,121371000.0,19470000.0,141742000.0,0.0,70.36,42.528,46.058,58757000.0,0.0,23.95,2.328,2.316,309748000.0,257196000.0,264197000.0,264197000.0,0.0,,,,,2031000.0,115107000.0,1.0,104080204.0,103521000,108263000.0,2.552,643047000.0,0.0,4192000.0,0.0,6.212,-266845000.0
58,IT,MRQ,2006-12-31,2006-12-31,2006-12-31,2021-08-03,13097000.0,1039793000.0,,484033000.0,555760000.0,,0.236,-7961000.0,67801000.0,67801000.0,131669000.0,22570000.0,0.602,38.509,370000000.0,220000000.0,150000000.0,370000000.0,375881000.0,6316000.0,0.0,0.0,0.0,42577000.0,48893000.0,0.174,48893000.0,42577000.0,36169000.0,0.2,0.19,0.2,26318000.0,,26318000.0,2384976586.0,23.0,17.296,23581000.0,0.212,1.0,149248000.0,0.531,414523000.0,6408000.0,123586000.0,,0.0,0.0,0.0,0.0,1013475000.0,803883000.0,209592000.0,2257889586.0,-26884000.0,0.0,-203474000.0,149954000.0,0.0,-50081000.0,-8345000.0,0.0,31542000.0,1772000.0,22570000.0,22570000.0,22570000.0,-3934000.0,0.0,0.08,113387000.0,35861000.0,208002000.0,0.0,85.793,38.801,38.804,59715000.0,0.0,19.79,2.177,2.157,328383000.0,249004000.0,280917000.0,280917000.0,0.0,,,,,1481000.0,107071000.0,1.0,114092450.0,111478000,116785000.0,2.52,625270000.0,0.0,13599000.0,0.0,5.609,-319850000.0
59,IT,MRQ,2006-09-30,2006-09-30,2006-09-30,2021-08-03,12413000.0,1013597000.0,,452947000.0,560650000.0,,1.644,-5174000.0,92913000.0,92913000.0,116259000.0,9608000.0,0.738,4.43,220000000.0,60000000.0,160000000.0,220000000.0,361379000.0,9324000.0,0.0,0.0,0.0,15422000.0,24746000.0,0.103,24746000.0,15422000.0,11574000.0,0.08,0.08,0.08,186672000.0,,186672000.0,2167184320.0,24.0,16.652,36569000.0,0.322,1.0,125101000.0,0.518,414757000.0,3848000.0,112544000.0,,0.0,0.0,0.0,0.0,826925000.0,613383000.0,213542000.0,2006251320.0,22995000.0,0.0,-5546000.0,-10000000.0,0.0,-13479000.0,-5269000.0,0.0,41743000.0,851000.0,9608000.0,9608000.0,9608000.0,0.0,0.0,0.04,109138000.0,15963000.0,192004000.0,0.0,10.747,39.781,39.977,57482000.0,0.0,17.59,1.919,1.91,284879000.0,223274000.0,241360000.0,241360000.0,0.0,,,,,2676000.0,99814000.0,1.0,114056357.0,113523000,116255000.0,2.126,598840000.0,0.0,1966000.0,0.0,5.275,-160436000.0
60,IT,MRQ,2006-06-30,2006-06-30,2006-06-30,2021-08-03,11645000.0,984754000.0,,422303000.0,562451000.0,,1.544,-4622000.0,69067000.0,69067000.0,137283000.0,18244000.0,0.721,4.62,230000000.0,60000000.0,170000000.0,230000000.0,339441000.0,9514000.0,0.0,0.0,0.0,30768000.0,40282000.0,0.142,40282000.0,30768000.0,26289000.0,0.16,0.16,0.16,175237000.0,,175237000.0,1798106716.0,23.0,15.486,22252000.0,0.196,1.0,146810000.0,0.517,416981000.0,4479000.0,143197000.0,,0.0,0.0,0.0,0.0,809517000.0,585509000.0,224008000.0,1620413716.0,1440000.0,0.0,-9662000.0,-13333000.0,0.0,-20742000.0,-4692000.0,0.0,26874000.0,1987000.0,18244000.0,18244000.0,18244000.0,0.0,0.0,0.064,116215000.0,30595000.0,186068000.0,0.0,9.247,41.44,41.765,57667000.0,0.0,14.2,1.574,1.566,285675000.0,213666000.0,284093000.0,284093000.0,0.0,,,,,2198000.0,106701000.0,1.0,114113642.0,113525000,115743000.0,2.502,567773000.0,0.0,8045000.0,0.0,5.001,-163206000.0
61,IT,MRQ,2006-03-31,2006-03-31,2006-03-31,2021-08-03,7849000.0,979478000.0,,419773000.0,559705000.0,,1.358,-3356000.0,65640000.0,65640000.0,105349000.0,7770000.0,0.705,5.339,243333000.0,68333000.0,175000000.0,243333000.0,355222000.0,9043000.0,0.0,0.0,0.0,14926000.0,23969000.0,0.104,23969000.0,14926000.0,10563000.0,0.07,0.07,0.07,154521000.0,,154521000.0,1771931860.0,36.0,20.036,2749000.0,0.024,1.0,125580000.0,0.544,416640000.0,4363000.0,144847000.0,,0.0,0.0,0.0,0.0,824957000.0,595684000.0,229273000.0,1595546860.0,-4613000.0,0.0,-5290000.0,-3333000.0,0.0,-7223000.0,-3495000.0,0.0,6105000.0,-29000.0,7770000.0,7770000.0,7770000.0,0.0,0.0,0.034,109960000.0,15620000.0,172129000.0,0.0,10.326,79.618,82.059,57930000.0,0.0,13.95,1.564,1.556,277175000.0,195422000.0,230929000.0,230929000.0,0.0,,,,,1146000.0,99467000.0,1.0,114376119.0,113769000,115798000.0,2.03,562838000.0,0.0,2793000.0,0.0,4.947,-175911000.0
62,IT,MRQ,2005-12-31,2005-12-31,2005-12-31,2021-08-03,6320000.0,1026617000.0,,462119000.0,564498000.0,,1.294,-11104000.0,70282000.0,70282000.0,138712000.0,14810000.0,0.719,6.003,246667000.0,66667000.0,180000000.0,246667000.0,333065000.0,10163000.0,0.0,0.0,0.0,30984000.0,41147000.0,0.142,41147000.0,30984000.0,25553000.0,0.13,0.13,0.13,146588000.0,,146588000.0,1634028851.0,88.0,30.048,-11582000.0,-0.102,1.0,150588000.0,0.521,419827000.0,5431000.0,140407000.0,,0.0,0.0,0.0,0.0,880029000.0,642768000.0,237261000.0,1464487851.0,-8429000.0,0.0,1169000.0,-3333000.0,0.0,2368000.0,-10319000.0,-1300000.0,-478000.0,-1748000.0,14810000.0,14810000.0,14810000.0,0.0,0.0,0.051,120846000.0,29742000.0,243036000.0,0.0,9.991,-600.939,-645.0,61770000.0,0.0,12.9,1.481,1.464,313195000.0,187652000.0,289300000.0,289300000.0,0.0,,,,,3858000.0,108649000.0,1.0,113526190.0,113267000,113267000.0,2.554,606790000.0,0.0,10743000.0,0.0,5.357,-180649000.0
63,IT,MRQ,2005-09-30,2005-09-30,2005-09-30,2021-08-03,7916000.0,961584000.0,,400922000.0,560662000.0,,1.101,-3979000.0,80459000.0,80459000.0,112104000.0,-1721000.0,0.642,6.762,250000000.0,65000000.0,185000000.0,250000000.0,330095000.0,9665000.0,0.0,0.0,0.0,1047000.0,10712000.0,0.048,10712000.0,1047000.0,-2073000.0,-0.02,-0.02,-0.02,123876000.0,,123876000.0,1499452256.0,309.0,40.759,9650000.0,0.086,1.0,113207000.0,0.502,429840000.0,3120000.0,76791000.0,,0.0,0.0,0.0,0.0,837708000.0,624494000.0,213214000.0,1319862256.0,10201000.0,-1572000.0,4702000.0,-75000.0,0.0,95000.0,-3523000.0,1300000.0,13629000.0,-222000.0,-1721000.0,-1721000.0,-1721000.0,0.0,0.0,-0.008,112021000.0,1186000.0,229399000.0,0.0,10.655,-109.897,-106.273,56090000.0,0.0,11.69,1.382,1.377,238744000.0,172842000.0,225311000.0,225311000.0,0.0,,,,,693000.0,94330000.0,1.0,112905240.0,112542000,112542000.0,2.002,531744000.0,0.0,-352000.0,0.0,4.725,-223572000.0
64,IT,MRQ,2005-06-30,2005-06-30,2005-06-30,2021-08-03,7689000.0,950045000.0,,379420000.0,570625000.0,,1.072,-3210000.0,70480000.0,70480000.0,140517000.0,-819000.0,0.644,6.919,250070000.0,60019000.0,190051000.0,250070000.0,318775000.0,9793000.0,0.0,0.0,0.0,2817000.0,12610000.0,0.046,12610000.0,2817000.0,-501000.0,-0.01,-0.01,-0.01,119966000.0,,119966000.0,1212808326.0,176.0,33.715,-3824000.0,-0.034,1.0,134052000.0,0.488,435440000.0,3318000.0,105076000.0,,0.0,0.0,0.0,0.0,830079000.0,589119000.0,240960000.0,1191529326.0,-87083000.0,-157250000.0,5920000.0,68035000.0,0.0,73955000.0,-160424000.0,0.0,-614000.0,-1158000.0,-819000.0,-819000.0,-819000.0,0.0,0.0,-0.003,128914000.0,5138000.0,210325000.0,0.0,9.932,-117.635,-118.0,58741000.0,0.0,10.62,1.279,1.275,236823000.0,174564000.0,274569000.0,274569000.0,0.0,,,,,548000.0,102727000.0,1.0,112196735.0,111880000,111880000.0,2.454,514605000.0,0.0,318000.0,0.0,4.6,-209699000.0
65,IT,MRQ,2005-03-31,2005-03-31,2005-03-31,2021-08-03,8887000.0,829122000.0,,463870000.0,365252000.0,,1.038,-4063000.0,158721000.0,158721000.0,95278000.0,-14707000.0,0.888,6.178,180000000.0,40000000.0,140000000.0,180000000.0,333704000.0,6107000.0,0.0,0.0,0.0,-16196000.0,-10089000.0,-0.05,-10089000.0,-16196000.0,-17541000.0,-0.13,-0.13,-0.13,115513000.0,,115513000.0,1102818856.0,56.0,24.038,10522000.0,0.095,1.0,104546000.0,0.523,230251000.0,1345000.0,97947000.0,,0.0,0.0,0.0,0.0,713609000.0,522203000.0,191406000.0,1072944856.0,1475000.0,-2501000.0,3604000.0,-10000000.0,0.0,-6396000.0,-6714000.0,0.0,14585000.0,-2880000.0,-14707000.0,-14707000.0,-14707000.0,0.0,0.0,-0.074,115332000.0,-10786000.0,148499000.0,0.0,9.289,624.531,,61333000.0,0.0,9.57,1.212,1.204,233284000.0,175383000.0,199824000.0,199824000.0,0.0,,,,,403000.0,91546000.0,1.0,112115450.0,111324000,111324000.0,1.795,598871000.0,0.0,-2834000.0,0.0,5.38,-58333000.0
66,IT,MRQ,2004-12-31,2004-12-31,2004-12-31,2021-08-03,12722000.0,861194000.0,,487845000.0,373349000.0,,1.179,-6068000.0,160126000.0,160126000.0,124441000.0,5237000.0,0.922,5.622,190000000.0,40000000.0,150000000.0,190000000.0,307696000.0,6377000.0,0.0,0.0,0.0,17178000.0,23555000.0,0.092,23555000.0,17178000.0,12785000.0,0.05,0.04,0.05,130048000.0,,130048000.0,1423739265.0,37.0,21.193,-4141000.0,-0.038,1.0,130968000.0,0.513,231897000.0,4393000.0,129973000.0,,0.0,0.0,0.0,0.0,731146000.0,529198000.0,201948000.0,1380380265.0,-6569000.0,-3870000.0,11444000.0,-10002000.0,0.0,1442000.0,-9938000.0,0.0,1927000.0,10054000.0,5237000.0,5237000.0,5237000.0,0.0,0.0,0.021,115743000.0,15225000.0,181502000.0,0.0,10.614,81.733,89.0,63495000.0,0.0,12.46,1.544,1.723,257689000.0,190089000.0,255409000.0,255409000.0,0.0,,,,,1768000.0,95522000.0,1.0,110784933.0,110280000,112535000.0,2.316,629297000.0,0.0,7548000.0,0.0,5.706,-41353000.0
67,IT,MRQ,2004-09-30,2004-09-30,2004-09-30,2021-08-03,3584000.0,794290000.0,,430895000.0,363395000.0,,0.849,-9839000.0,156641000.0,156641000.0,100196000.0,160000.0,0.897,6.686,200000000.0,40000000.0,160000000.0,200000000.0,299929000.0,6792000.0,0.0,0.0,0.0,3104000.0,9896000.0,0.049,9896000.0,3104000.0,2502000.0,0.0,0.0,0.0,103347000.0,,103347000.0,1276273105.0,38.0,19.856,-4872000.0,-0.04,1.0,101692000.0,0.504,229883000.0,602000.0,127284000.0,,0.0,0.0,0.0,0.0,690943000.0,480482000.0,210461000.0,1567270105.0,-135222000.0,0.0,-327529000.0,197179000.0,0.0,-130350000.0,-9839000.0,0.0,4967000.0,866000.0,160000.0,160000.0,160000.0,0.0,0.0,0.001,96215000.0,5477000.0,140553000.0,,15.165,85.062,89.923,64911000.0,0.0,11.69,1.776,1.613,215587000.0,185588000.0,201888000.0,201888000.0,0.0,,,,,3960000.0,85090000.0,1.0,134069299.0,121767000,124318000.0,1.658,564407000.0,0.0,2342000.0,0.0,4.635,-49587000.0
68,IT,MRQ,2004-06-30,2004-06-30,2004-06-30,2021-08-03,2724000.0,915237000.0,,555648000.0,359589000.0,,3.222,-6192000.0,290997000.0,290997000.0,114386000.0,11028000.0,1.265,1.15,0.0,0.0,0.0,0.0,295109000.0,7034000.0,0.0,0.0,0.0,15482000.0,22516000.0,0.099,22516000.0,15482000.0,15852000.0,0.08,0.08,0.08,425748000.0,,425748000.0,1479120388.0,33.0,19.038,10420000.0,0.079,1.0,113471000.0,0.498,230149000.0,-370000.0,-45159000.0,,0.0,0.0,0.0,0.0,489489000.0,439250000.0,50239000.0,1741862388.0,29889000.0,0.0,19469000.0,0.0,0.0,19469000.0,-6192000.0,0.0,16612000.0,-1634000.0,11028000.0,11028000.0,11028000.0,0.0,0.0,0.048,97685000.0,15786000.0,144141000.0,0.0,4.091,73.376,66.1,61388000.0,0.0,13.22,1.985,1.991,214086000.0,185428000.0,227857000.0,227857000.0,0.0,,,,,3596000.0,81588000.0,1.0,131759636.0,132129000,135335000.0,1.725,685088000.0,0.0,4824000.0,0.0,5.185,116398000.0
69,IT,MRQ,2004-03-31,2004-03-31,2004-03-31,2021-08-03,4397000.0,912352000.0,,550027000.0,362325000.0,,3.018,-3005000.0,262742000.0,262742000.0,95476000.0,464000.0,1.176,1.32,0.0,0.0,0.0,0.0,316837000.0,8134000.0,0.0,0.0,0.0,3078000.0,11212000.0,0.054,11212000.0,3078000.0,3323000.0,0.0,0.0,0.0,393325000.0,,393325000.0,1292698942.0,24.0,14.399,21690000.0,0.166,1.0,113191000.0,0.542,231144000.0,-245000.0,-49173000.0,,0.0,0.0,0.0,0.0,519027000.0,467639000.0,51388000.0,1522660942.0,33960000.0,0.0,12270000.0,0.0,0.0,12270000.0,-3005000.0,0.0,24695000.0,-1180000.0,464000.0,464000.0,464000.0,0.0,0.0,0.002,107020000.0,6171000.0,150802000.0,,3.871,59.56,41.607,61996000.0,0.0,11.65,1.765,1.759,235699000.0,174400000.0,208667000.0,208667000.0,0.0,,,,,1979000.0,87634000.0,1.0,130700510.0,130311000,133180000.0,1.601,681208000.0,0.0,2859000.0,0.0,5.228,82388000.0
70,IT,MRQ,2003-12-31,2003-12-31,2003-12-31,2021-08-03,1310000.0,918732000.0,,554300000.0,364432000.0,,4.113,-12527000.0,229962000.0,229962000.0,110515000.0,6773000.0,1.118,1.451,0.0,0.0,0.0,0.0,315524000.0,8422000.0,0.0,0.0,0.0,12232000.0,20654000.0,0.085,20654000.0,12232000.0,9758000.0,0.05,0.04,0.05,374790000.0,,374790000.0,1622670388.0,30.0,17.609,107882000.0,1.184,1.0,133427000.0,0.547,231372000.0,2474000.0,-38558000.0,,0.0,0.0,0.0,0.0,543942000.0,495956000.0,47986000.0,1461982388.0,16462000.0,0.0,9645000.0,570000.0,0.0,9033000.0,-12980000.0,-453000.0,120409000.0,6563000.0,6773000.0,6773000.0,6773000.0,0.0,0.0,0.028,122720000.0,10707000.0,180432000.0,0.0,3.901,61.977,43.5,66541000.0,0.0,11.31,1.703,1.201,266122000.0,173200000.0,243942000.0,243942000.0,0.0,,,,,2821000.0,90008000.0,1.0,129264579.0,91123000,92579000.0,2.677,687360000.0,0.0,2985000.0,0.0,7.543,58344000.0
71,IT,MRQ,2003-09-30,2003-09-30,2003-09-30,2021-08-03,-5695000.0,837358000.0,,476280000.0,361078000.0,,-0.198,-6636000.0,206937000.0,206937000.0,94378000.0,5474000.0,1.092,-55.265,367625000.0,0.0,367625000.0,367625000.0,301681000.0,9366000.0,0.0,0.0,0.0,13945000.0,23311000.0,0.118,23311000.0,13945000.0,8171000.0,0.07,0.07,0.07,-15431000.0,,-15431000.0,1051840032.0,37.0,15.234,-68882000.0,-0.883,1.0,102526000.0,0.521,227777000.0,5774000.0,334032000.0,,0.0,0.0,0.0,0.0,852789000.0,436237000.0,416552000.0,856324032.0,40266000.0,0.0,9505000.0,-350000.0,0.0,9155000.0,-6643000.0,-7000.0,-62246000.0,-14000.0,5474000.0,5474000.0,5474000.0,0.0,0.0,0.028,88535000.0,13991000.0,134556000.0,0.0,-55.494,357.099,367.333,61451000.0,0.0,11.02,1.014,1.018,221347000.0,167059000.0,196904000.0,196904000.0,0.0,,,,,1670000.0,79169000.0,1.0,77706355.0,78026000,128934000.0,2.524,609581000.0,0.0,2697000.0,0.0,7.813,40043000.0
72,IT,MRQ,2003-06-30,2003-06-30,2003-06-30,2021-08-03,-5444000.0,799799000.0,,435892000.0,363907000.0,,-0.402,-6408000.0,166685000.0,166685000.0,103440000.0,12854000.0,1.036,-26.128,362201000.0,0.0,362201000.0,362201000.0,287645000.0,9302000.0,0.0,0.0,0.0,25298000.0,34600000.0,0.162,34600000.0,25298000.0,19756000.0,0.16,0.13,0.16,-31829000.0,,-31829000.0,825978548.0,19.0,9.47,38040000.0,0.48,1.0,109878000.0,0.515,228447000.0,5542000.0,345997000.0,,0.0,0.0,0.0,0.0,831628000.0,420871000.0,410757000.0,604604548.0,25642000.0,0.0,-16142000.0,-220000.0,0.0,-16362000.0,-2444000.0,-1500000.0,44448000.0,5612000.0,12854000.0,12854000.0,12854000.0,0.0,0.0,0.06,90032000.0,19846000.0,133226000.0,0.0,-18.995,48.896,50.533,63460000.0,0.0,7.58,0.697,0.692,226086000.0,161585000.0,213318000.0,213318000.0,0.0,,,,,260000.0,80730000.0,1.0,79763133.0,79234000,127959000.0,2.692,571352000.0,0.0,6902000.0,0.0,7.211,15021000.0
73,IT,MRQ,2003-03-31,2003-03-31,2003-03-31,2021-08-03,-11188000.0,810906000.0,,450674000.0,360232000.0,,-0.429,-3357000.0,135431000.0,135431000.0,102333000.0,-1512000.0,1.019,-24.474,356805000.0,0.0,356805000.0,356805000.0,301361000.0,10230000.0,0.0,0.0,0.0,3355000.0,13585000.0,0.067,13585000.0,3355000.0,-2257000.0,-0.02,-0.02,-0.02,-34545000.0,,-34545000.0,800488382.0,15.0,8.278,30369000.0,0.377,1.0,101949000.0,0.499,225513000.0,5612000.0,364595000.0,,0.0,0.0,0.0,0.0,845451000.0,442172000.0,403279000.0,558606382.0,25582000.0,0.0,-4787000.0,0.0,0.0,-4787000.0,-3357000.0,0.0,33726000.0,192000.0,-1512000.0,-1512000.0,-1512000.0,0.0,0.0,-0.007,99160000.0,2789000.0,140811000.0,0.0,-16.17,31.442,33.095,64821000.0,0.0,6.95,0.627,0.628,257930000.0,148731000.0,204282000.0,204282000.0,0.0,,,,,251000.0,83504000.0,1.0,80375019.0,80492000,80492000.0,2.538,585393000.0,0.0,-745000.0,0.0,7.273,8502000.0
74,IT,MRQ,2002-12-31,2002-12-31,2002-12-31,2021-08-03,-11392000.0,810080000.0,,441942000.0,368138000.0,,-0.353,-5866000.0,109657000.0,109657000.0,108600000.0,-14418000.0,1.003,-29.225,351539000.0,0.0,351539000.0,351539000.0,305887000.0,11628000.0,0.0,0.0,0.0,-14080000.0,-2452000.0,-0.011,-2452000.0,-14080000.0,-20022000.0,-0.18,-0.18,-0.18,-28701000.0,,-28701000.0,975322984.0,21.0,10.471,-4713000.0,-0.058,1.0,121214000.0,0.527,226114000.0,5942000.0,385294000.0,,0.0,0.0,0.0,0.0,838781000.0,440554000.0,398227000.0,753815984.0,-17548000.0,0.0,-12835000.0,0.0,0.0,-12835000.0,-5866000.0,0.0,1153000.0,2412000.0,-14418000.0,-14418000.0,-14418000.0,0.0,0.0,-0.063,134100000.0,-12886000.0,134667000.0,0.0,-26.264,49.862,51.111,71006000.0,0.0,9.2,0.849,0.864,283068000.0,150243000.0,229814000.0,229814000.0,0.0,,,,,746000.0,90306000.0,1.0,81936520.0,81379000,81379000.0,2.824,583966000.0,0.0,-5604000.0,0.0,7.176,1388000.0
75,IT,MRQ,2002-09-30,2002-09-30,2002-09-30,2021-08-03,-14085000.0,818455000.0,,448638000.0,369817000.0,,-0.06,-5938000.0,124793000.0,124793000.0,93503000.0,15441000.0,1.041,-168.373,346300000.0,0.0,346300000.0,346300000.0,306978000.0,12158000.0,0.0,0.0,0.0,29332000.0,41490000.0,0.188,41490000.0,29332000.0,23438000.0,0.19,0.14,0.19,-4890000.0,,-4890000.0,901690692.0,9.0,6.407,26822000.0,0.327,1.0,127024000.0,0.576,225158000.0,5894000.0,383857000.0,,0.0,0.0,0.0,0.0,823345000.0,430947000.0,392398000.0,670390692.0,14625000.0,-137000.0,-10793000.0,238000.0,0.0,-10793000.0,-7342000.0,-1267000.0,32760000.0,280000.0,15441000.0,15441000.0,15441000.0,0.0,0.0,0.07,98095000.0,28929000.0,123969000.0,0.0,-137.094,13.844,13.729,76161000.0,0.0,8.1,0.739,0.733,264843000.0,164661000.0,220527000.0,220527000.0,0.0,,,,,2320000.0,85937000.0,1.0,82764283.0,82128000,128728000.0,2.685,593297000.0,0.0,7997000.0,0.0,7.224,17691000.0
76,IT,MRQ,2002-06-30,2002-06-30,2002-06-30,2021-08-03,-14739000.0,805867000.0,,437616000.0,368251000.0,,-0.134,-4549000.0,109888000.0,109888000.0,106045000.0,18255000.0,1.015,-72.735,341188000.0,0.0,341188000.0,341188000.0,301143000.0,11022000.0,0.0,0.0,0.0,33056000.0,44078000.0,0.187,44078000.0,33056000.0,27316000.0,0.22,0.16,0.22,-11234000.0,,-11234000.0,1110258516.0,20.0,10.773,52834000.0,0.631,1.0,130112000.0,0.551,224219000.0,5740000.0,381772000.0,,0.0,18000.0,18000.0,0.0,817101000.0,431176000.0,385925000.0,852936516.0,28860000.0,-4100000.0,-19636000.0,-238000.0,0.0,-19874000.0,-8649000.0,0.0,57383000.0,2248000.0,18255000.0,18255000.0,18255000.0,0.0,0.0,0.077,95434000.0,34678000.0,130033000.0,0.0,-75.925,34.232,33.667,81322000.0,0.0,10.1,0.933,0.925,258101000.0,149065000.0,236157000.0,236157000.0,0.0,,,,,446000.0,84412000.0,1.0,84449160.0,83719000,132299000.0,2.821,581648000.0,0.0,9061000.0,0.0,6.948,6440000.0
77,IT,MRQ,2002-03-31,2002-03-31,2002-03-31,2021-08-03,-16397000.0,817745000.0,,447471000.0,370274000.0,,-0.155,-4532000.0,78780000.0,78780000.0,88341000.0,-4316000.0,0.945,-63.285,336102000.0,0.0,336102000.0,336102000.0,332917000.0,10847000.0,0.0,0.0,0.0,-1009000.0,9838000.0,0.049,9838000.0,-1009000.0,-6640000.0,-0.05,-0.05,-0.05,-13129000.0,,-13129000.0,1395398809.0,145.0,23.43,49996000.0,0.591,1.0,112754000.0,0.561,218658000.0,5631000.0,382839000.0,,0.0,47000.0,47000.0,0.0,830874000.0,473570000.0,357304000.0,1091691809.0,51445000.0,140000.0,1309000.0,0.0,0.0,1309000.0,-4392000.0,0.0,54528000.0,-96000.0,-4316000.0,-4316000.0,-4316000.0,0.0,0.0,-0.021,114125000.0,-1371000.0,140653000.0,0.0,-83.151,-608.863,-645.0,86366000.0,0.0,12.9,1.176,1.176,291597000.0,130810000.0,201095000.0,201095000.0,0.0,,,,,1487000.0,86032000.0,1.0,84627272.0,84613000,84613000.0,2.377,599087000.0,0.0,-2324000.0,0.0,7.08,-26099000.0
78,IT,MRQ,2001-12-31,2001-12-31,2001-12-31,2021-08-03,-14278000.0,829406000.0,,447244000.0,382162000.0,,-0.116,-4381000.0,27431000.0,27431000.0,115829000.0,19043000.0,0.918,-86.032,331138000.0,0.0,331138000.0,331138000.0,325808000.0,10426000.0,0.0,0.0,0.0,34901000.0,45327000.0,0.182,45327000.0,34901000.0,29297000.0,0.23,0.17,0.23,-9754000.0,,-9754000.0,1283042645.0,-34.0,85.656,2523000.0,0.03,1.0,133566000.0,0.536,221970000.0,5604000.0,423756000.0,,0.0,75000.0,75000.0,0.0,839160000.0,487387000.0,351773000.0,978970645.0,-8917000.0,-679000.0,4239000.0,-15000000.0,0.0,-10761000.0,-5060000.0,0.0,6904000.0,-780000.0,19043000.0,19043000.0,19043000.0,0.0,0.0,0.076,99619000.0,33947000.0,161579000.0,0.0,-100.366,-19.174,-19.814,94540000.0,0.0,11.69,1.026,1.027,315194000.0,135126000.0,249395000.0,249395000.0,0.0,,,,,802000.0,89193000.0,1.0,83744281.0,83883000,129578000.0,2.973,607436000.0,0.0,10254000.0,0.0,7.241,-40143000.0
79,IT,MRQ,2001-09-30,2001-09-30,2001-09-30,2021-08-03,-14961000.0,839002000.0,,446374000.0,392628000.0,,-0.408,-13413000.0,37128000.0,37128000.0,98609000.0,-8066000.0,0.886,-25.306,341200000.0,15000000.0,326200000.0,341200000.0,351263000.0,14587000.0,0.0,0.0,0.0,-10766000.0,3821000.0,0.017,3821000.0,-10766000.0,-16265000.0,-0.1,-0.1,-0.1,-34518000.0,,-34518000.0,1064485000.0,-20.0,4158.145,7167000.0,0.085,1.0,129145000.0,0.567,222233000.0,5499000.0,416827000.0,,0.0,3250000.0,3250000.0,0.0,873520000.0,504014000.0,369506000.0,777395000.0,-4170000.0,7332000.0,-29566000.0,15000000.0,0.0,-19630000.0,-5120000.0,961000.0,20580000.0,2007000.0,-8066000.0,-8066000.0,-8066000.0,-12115000.0,0.0,-0.035,121374000.0,7771000.0,137751000.0,0.0,-22.521,-11.743,-11.753,100288000.0,0.0,9.05,0.807,0.807,300306000.0,116083000.0,227754000.0,227754000.0,0.0,,,,,431000.0,91308000.0,1.0,85900000.0,84509000,82649000.0,2.695,616769000.0,0.0,-8199000.0,0.0,7.298,-57640000.0
80,IT,MRQ,2001-06-30,2001-06-30,2001-06-30,2021-08-03,-14787000.0,793839000.0,,409281000.0,384558000.0,,-0.061,-16209000.0,39291000.0,39291000.0,115210000.0,-8454000.0,0.886,-152.67,326381000.0,5000000.0,321381000.0,326381000.0,332047000.0,14060000.0,0.0,0.0,0.0,-13489000.0,571000.0,0.002,571000.0,-13489000.0,-19009000.0,-0.1,-0.1,-0.1,-5234000.0,,-5234000.0,1259649263.0,-53.0,47.799,26099000.0,0.302,1.0,134865000.0,0.539,230111000.0,5520000.0,389003000.0,,0.0,8000.0,8000.0,0.0,799073000.0,461815000.0,337258000.0,954502263.0,12549000.0,0.0,-910000.0,-15321000.0,0.0,-16231000.0,-13528000.0,2681000.0,42308000.0,-2341000.0,-8454000.0,-8454000.0,-8454000.0,-1765000.0,0.0,-0.034,138324000.0,-3459000.0,124768000.0,0.0,-182.366,-17.603,-17.742,103401000.0,0.0,11.0,0.996,0.991,279862000.0,124149000.0,250075000.0,250075000.0,0.0,,,,,1147000.0,93180000.0,1.0,86772933.0,86341000,86341000.0,2.896,563728000.0,0.0,-10555000.0,0.0,6.529,-52534000.0
81,IT,MRQ,2001-03-31,2001-03-31,2001-03-31,2021-08-03,-18334000.0,836092000.0,,441751000.0,394341000.0,,0.145,-15564000.0,31440000.0,31440000.0,111656000.0,-53580000.0,0.9,65.563,336587000.0,20000000.0,316587000.0,336587000.0,360091000.0,13791000.0,0.0,0.0,0.0,-48531000.0,-34740000.0,-0.153,-34740000.0,-48531000.0,-54392000.0,-0.62,-0.62,-0.62,12561000.0,,12561000.0,900006237.0,120.0,16.647,28743000.0,0.332,1.0,115620000.0,0.509,235971000.0,5861000.0,414552000.0,,0.0,4036000.0,4036000.0,0.0,823531000.0,490716000.0,332815000.0,582417237.0,25294000.0,0.0,4039000.0,-9679000.0,0.0,-5640000.0,-13373000.0,2191000.0,44307000.0,-266000.0,-53580000.0,-53580000.0,-53580000.0,52198000.0,0.0,-0.236,107599000.0,8021000.0,110625000.0,0.0,46.367,-13.423,-13.755,99860000.0,0.0,6.74,0.627,0.628,312555000.0,132601000.0,227276000.0,227276000.0,0.0,,,,,0.0,93808000.0,1.0,86412053.0,86551000,86551000.0,2.626,600121000.0,0.0,-812000.0,0.0,6.934,-48965000.0
82,IT,MRQ,2000-12-31,2000-12-31,2000-12-31,2021-08-03,-7876000.0,929493000.0,,456638000.0,472855000.0,,0.809,-12360000.0,24320000.0,24320000.0,122832000.0,3897000.0,0.856,12.358,341909000.0,30000000.0,311909000.0,341909000.0,350840000.0,10802000.0,0.0,0.0,0.0,19802000.0,30604000.0,0.12,30604000.0,19802000.0,14291000.0,0.05,0.04,0.05,69585000.0,,69585000.0,843649765.0,11.0,7.239,-46087000.0,-0.536,1.0,132783000.0,0.519,311524000.0,5511000.0,402368000.0,,0.0,15036000.0,15036000.0,0.0,859908000.0,533190000.0,326718000.0,598093765.0,-23686000.0,-8842000.0,-2361000.0,25000000.0,0.0,22639000.0,-12598000.0,8604000.0,-33727000.0,246000.0,3897000.0,3897000.0,3897000.0,13800000.0,0.0,0.015,102603000.0,30180000.0,152350000.0,0.0,8.595,46.082,43.188,97380000.0,0.0,6.91,0.668,0.664,340396000.0,186183000.0,255615000.0,255615000.0,0.0,,,,,904000.0,91801000.0,1.0,86554814.0,86048000,86816000.0,2.971,617969000.0,0.0,10394000.0,0.0,7.182,-76552000.0
83,IT,MRQ,2000-09-30,2000-09-30,2000-09-30,2021-08-03,-1000.0,972361000.0,,578774000.0,393587000.0,,0.887,-20577000.0,61698000.0,61698000.0,103177000.0,3913000.0,1.004,11.996,307254000.0,0.0,307254000.0,307254000.0,384966000.0,11358000.0,0.0,0.0,0.0,18560000.0,29918000.0,0.133,29918000.0,18560000.0,12972000.0,0.05,0.05,0.05,74820000.0,,74820000.0,1281658007.0,15.0,10.125,12118000.0,0.144,1.0,122234000.0,0.542,237105000.0,5588000.0,404381000.0,,0.0,35404000.0,35404000.0,0.0,897541000.0,576431000.0,321110000.0,997276007.0,26902000.0,-5088000.0,4339000.0,-31673000.0,0.0,-31327000.0,25534000.0,51199000.0,32695000.0,-1602000.0,3913000.0,3913000.0,3913000.0,9673000.0,0.0,0.017,104643000.0,17591000.0,191465000.0,0.0,13.329,39.038,38.733,88402000.0,0.0,11.62,1.156,1.166,323849000.0,182286000.0,225411000.0,225411000.0,0.0,,,,,3061000.0,93285000.0,1.0,85824097.0,84389000,86480000.0,2.671,735256000.0,0.0,9059000.0,0.0,8.713,2343000.0
84,IT,MRQ,2000-06-30,2000-06-30,2000-06-30,2021-08-03,19982000.0,944126000.0,,487948000.0,456178000.0,,0.975,-12319000.0,53304000.0,53304000.0,102965000.0,2382000.0,0.886,10.221,337686000.0,35000000.0,302686000.0,337686000.0,336594000.0,10592000.0,0.0,0.1,0.0,17691000.0,28283000.0,0.128,28283000.0,17691000.0,10294000.0,0.03,0.03,0.03,84139000.0,,84139000.0,1337866356.0,17.0,11.7,20455000.0,0.237,1.0,117860000.0,0.534,316910000.0,7397000.0,361089000.0,,0.0,60549000.0,60549000.0,0.0,859987000.0,550509000.0,309478000.0,1047352356.0,-2860000.0,699000.0,-18645000.0,-27389000.0,0.0,-47395000.0,11761000.0,23381000.0,32774000.0,-1503000.0,2382000.0,2382000.0,2382000.0,9488000.0,0.0,0.011,97774000.0,20086000.0,178915000.0,0.0,12.448,42.65,41.379,79719000.0,0.0,12.0,1.271,1.257,277569000.0,178372000.0,220825000.0,220825000.0,0.0,,,,,1813000.0,87182000.0,1.0,87279363.0,86291000,88757000.0,2.559,627216000.0,0.0,7912000.0,0.0,7.269,-62561000.0
85,IT,MRQ,2000-03-31,2000-03-31,2000-03-31,2021-08-03,-4385000.0,938430000.0,,420235000.0,518195000.0,,0.861,-13288000.0,69486000.0,69486000.0,87796000.0,2787000.0,0.843,11.518,360000000.0,0.0,360000000.0,360000000.0,348442000.0,9953000.0,0.0,0.076,0.0,17784000.0,27737000.0,0.143,27737000.0,17784000.0,11592000.0,0.03,0.03,0.03,74966000.0,,74966000.0,1632966022.0,16.0,12.106,18740000.0,0.215,1.0,105522000.0,0.546,326092000.0,6192000.0,404535000.0,,0.0,0.0,0.0,0.0,863464000.0,498317000.0,365147000.0,1393354022.0,1136000.0,-77442000.0,6142000.0,49062000.0,0.0,55204000.0,-86096000.0,4634000.0,32028000.0,-667000.0,2787000.0,2787000.0,2787000.0,8417000.0,0.0,0.014,92660000.0,12862000.0,149875000.0,0.0,18.586,28.675,30.882,73958000.0,0.0,15.75,1.767,1.738,295713000.0,175989000.0,193318000.0,193318000.0,0.0,,,,,756000.0,82707000.0,1.0,88466922.0,87040000,90512000.0,2.221,612338000.0,0.0,8805000.0,0.0,7.035,-78082000.0
86,IT,MRQ,1999-12-31,1999-12-31,1999-12-31,2021-08-03,-6153000.0,808739000.0,,388788000.0,419951000.0,,0.715,-8381000.0,70388000.0,70388000.0,101674000.0,16462000.0,0.904,11.772,310000000.0,0.0,310000000.0,310000000.0,294350000.0,8940000.0,0.0,0.078,0.0,31702000.0,40642000.0,0.182,40642000.0,31702000.0,25979000.0,0.19,0.18,0.19,63321000.0,,63321000.0,1500799010.0,12.0,9.55,-1547000.0,-0.017,1.0,121223000.0,0.544,248910000.0,5723000.0,369217000.0,,0.0,0.0,0.0,0.0,745418000.0,430224000.0,315194000.0,1339693010.0,-18447000.0,-33331000.0,-28605000.0,60000000.0,0.0,24556000.0,-49837000.0,-8125000.0,6834000.0,-59000.0,16462000.0,16462000.0,16462000.0,0.0,0.0,0.074,90253000.0,30970000.0,135874000.0,0.0,21.157,17.948,20.066,66273000.0,0.0,15.25,1.747,1.761,269165000.0,173202000.0,222897000.0,222897000.0,0.0,,,,,700000.0,80140000.0,1.0,87848722.0,88537000,90672000.0,2.518,559829000.0,0.0,9517000.0,0.0,6.323,-41436000.0
87,IT,MRQ,1999-09-30,1999-09-30,1999-09-30,2021-08-03,-3830000.0,803444000.0,,432184000.0,371260000.0,,0.759,-9299000.0,88894000.0,88894000.0,79458000.0,2926000.0,0.916,9.787,250000000.0,0.0,250000000.0,250000000.0,354517000.0,8308000.0,0.0,0.075,1.194,9381000.0,17689000.0,0.095,17689000.0,9381000.0,8109000.0,0.04,0.04,0.04,74486000.0,,74486000.0,1459505728.0,10.0,8.478,65532000.0,0.667,1.0,107410000.0,0.575,223100000.0,1272000.0,269570000.0,,0.0,0.0,0.0,0.0,728958000.0,471880000.0,257078000.0,1670709728.0,-123173000.0,-17562000.0,-338741000.0,245075000.0,-125016000.0,-234168000.0,36164000.0,63025000.0,74831000.0,863000.0,2926000.0,2926000.0,2926000.0,0.0,0.0,0.016,97532000.0,9878000.0,117363000.0,29.85,22.43,18.927,18.391,63592000.0,0.0,16.0,2.275,2.22,282047000.0,156740000.0,186868000.0,186868000.0,0.0,,,,,15096000.0,71722000.0,1.0,104419358.0,98194000,100250000.0,1.903,580344000.0,0.0,5183000.0,0.0,5.91,-39696000.0
88,IT,MRQ,1999-06-30,1999-06-30,1999-06-30,2021-08-03,-4852000.0,905642000.0,,556685000.0,348957000.0,,5.118,-8814000.0,211204000.0,211204000.0,74427000.0,26416000.0,1.498,0.698,0.0,0.0,0.0,0.0,290282000.0,8106000.0,0.0,0.0,0.0,40710000.0,48816000.0,0.263,48816000.0,40710000.0,40710000.0,0.25,0.25,0.25,533489000.0,,533489000.0,1941736232.0,12.0,9.905,20137000.0,0.193,1.0,111231000.0,0.599,208152000.0,0.0,114726000.0,,0.0,72775000.0,69500000.0,3275000.0,372153000.0,371560000.0,593000.0,2126849232.0,26749000.0,-13962000.0,4632000.0,0.0,0.0,9189000.0,-11391000.0,11385000.0,28951000.0,-658000.0,26416000.0,26416000.0,26416000.0,0.0,0.0,0.142,73093000.0,38138000.0,81871000.0,0.0,3.987,20.262,20.098,58783000.0,0.0,20.5,2.97,2.984,238241000.0,278830000.0,185658000.0,185658000.0,0.0,,,,,-217000.0,63489000.0,1.0,103748743.0,104229000,106838000.0,1.781,697490000.0,0.0,14294000.0,0.0,6.692,185125000.0
89,IT,MRQ,1999-03-31,1999-03-31,1999-03-31,2021-08-03,-3492000.0,896398000.0,,549555000.0,346843000.0,,4.82,-7571000.0,185113000.0,185113000.0,60377000.0,28841000.0,1.386,0.796,0.0,0.0,0.0,0.0,300930000.0,7783000.0,0.0,0.0,0.0,42219000.0,50002000.0,0.292,50002000.0,42219000.0,42210000.0,0.28,0.27,0.28,499005000.0,,499005000.0,2159512447.0,13.0,11.249,26465000.0,0.256,1.0,110951000.0,0.648,199745000.0,9000.0,115056000.0,,0.0,85595000.0,71364000.0,14231000.0,397393000.0,396484000.0,909000.0,2302595447.0,42872000.0,-6991000.0,6665000.0,0.0,0.0,11669000.0,-2833000.0,11729000.0,34036000.0,-842000.0,28841000.0,28841000.0,28841000.0,0.0,0.0,0.168,71341000.0,39610000.0,96463000.0,0.0,4.614,22.678,22.56,56068000.0,0.0,22.56,3.33,3.378,248328000.0,252413000.0,171328000.0,171328000.0,0.0,,,,,217000.0,59132000.0,1.0,102065401.0,103535000,106805000.0,1.655,696653000.0,0.0,13369000.0,0.0,6.729,153071000.0
90,IT,MRQ,1998-12-31,1998-12-31,1998-12-31,2021-08-03,-1222000.0,840180000.0,,511857000.0,328323000.0,,4.462,-6063000.0,143083000.0,143083000.0,79350000.0,30088000.0,1.324,0.856,0.0,0.0,0.0,0.0,270160000.0,7436000.0,0.0,0.0,0.0,45742000.0,53178000.0,0.279,53178000.0,45742000.0,48218000.0,0.3,0.29,0.3,452764000.0,,452764000.0,2002265439.0,13.0,10.99,34000.0,0.0,1.0,111030000.0,0.583,180348000.0,-2476000.0,130221000.0,,0.0,97849000.0,79001000.0,18848000.0,387416000.0,386528000.0,888000.0,2160009439.0,-15244000.0,-19254000.0,4500000.0,0.0,0.0,-475000.0,-20866000.0,4451000.0,6097000.0,583000.0,30088000.0,30088000.0,30088000.0,0.0,0.0,0.158,65288000.0,45742000.0,117256000.0,0.0,4.771,23.278,23.098,53808000.0,0.0,21.25,3.225,3.22,244025000.0,223573000.0,190380000.0,190380000.0,0.0,,,,,0.0,57852000.0,1.0,101647503.0,101479000,104516000.0,1.876,659832000.0,0.0,18130000.0,0.0,6.502,125329000.0
91,IT,MRQ,1998-09-30,1998-09-30,1998-09-30,2021-08-03,-2155000.0,832871000.0,,511079000.0,321792000.0,,4.088,-6584000.0,157744000.0,157744000.0,66491000.0,19622000.0,1.232,1.007,0.0,0.0,0.0,0.0,288013000.0,7370000.0,0.0,0.0,0.0,36674000.0,44044000.0,0.261,44044000.0,36674000.0,36580000.0,0.19,0.19,0.19,414938000.0,,414938000.0,1980862372.0,13.0,11.098,76211000.0,0.751,1.0,102242000.0,0.606,155786000.0,94000.0,104506000.0,,0.0,104550000.0,60940000.0,43610000.0,417933000.0,414835000.0,3098000.0,2121080372.0,16618000.0,-21808000.0,-7881000.0,0.0,0.0,-45407000.0,-20770000.0,7622000.0,82795000.0,908000.0,19622000.0,19622000.0,19622000.0,0.0,0.0,0.116,65883000.0,36359000.0,126822000.0,0.0,5.112,24.009,23.727,50801000.0,0.0,20.88,3.304,3.259,239243000.0,193485000.0,168733000.0,168733000.0,0.0,,,,,47273000.0,60313000.0,1.0,101584309.0,101511000,105771000.0,1.662,677085000.0,0.0,16958000.0,0.0,6.67,96244000.0
92,IT,MRQ,1998-06-30,1998-06-30,1998-06-30,2021-08-03,-3110000.0,773342000.0,,455960000.0,317382000.0,,4.098,-6376000.0,140218000.0,140218000.0,62861000.0,22982000.0,1.28,0.863,0.0,0.0,0.0,0.0,255128000.0,7087000.0,0.0,0.0,0.0,37662000.0,44749000.0,0.278,44749000.0,37662000.0,37662000.0,0.23,0.22,0.23,415043000.0,,415043000.0,3384451150.0,24.0,18.667,43593000.0,0.43,1.0,98131000.0,0.61,151583000.0,0.0,125252000.0,,0.0,109962000.0,50822000.0,59140000.0,358299000.0,356289000.0,2010000.0,3523145150.0,1926000.0,-7212000.0,6648000.0,0.0,0.0,-2783000.0,-45260000.0,-31672000.0,49969000.0,-402000.0,22982000.0,22982000.0,22982000.0,0.0,0.0,0.143,62669000.0,35462000.0,96721000.0,0.0,8.489,40.892,40.23,50548000.0,0.0,35.0,5.742,5.776,213722000.0,173863000.0,160992000.0,160992000.0,0.0,,,,,0.0,55582000.0,1.0,100661290.0,101272000,106477000.0,1.59,621759000.0,0.0,14680000.0,0.0,6.139,99671000.0
93,IT,MRQ,1998-03-31,1998-03-31,1998-03-31,2021-08-03,-2731000.0,751384000.0,,474223000.0,277161000.0,,3.801,-6950000.0,138694000.0,138694000.0,52158000.0,20099000.0,1.282,0.986,0.0,0.0,0.0,0.0,272863000.0,6685000.0,0.0,0.0,0.0,33532000.0,40217000.0,0.269,40217000.0,33532000.0,33532000.0,0.2,0.19,0.2,378309000.0,,378309000.0,3556973953.0,26.0,21.229,15630000.0,0.157,1.0,97407000.0,0.651,139351000.0,0.0,103375000.0,,0.0,78290000.0,43803000.0,34487000.0,373075000.0,369964000.0,3111000.0,3704247953.0,-8361000.0,-9861000.0,12752000.0,0.0,0.0,23533000.0,-54474000.0,-37663000.0,22580000.0,-219000.0,20099000.0,20099000.0,20099000.0,0.0,0.0,0.134,66324000.0,31083000.0,93636000.0,0.0,9.792,45.378,45.036,48903000.0,0.0,37.38,6.398,6.425,243590000.0,150881000.0,149565000.0,149565000.0,0.0,,,,,0.0,50526000.0,1.0,99097056.0,99516000,105486000.0,1.503,612033000.0,0.0,13433000.0,0.0,6.15,104259000.0
94,IT,MRQ,1997-12-31,1997-12-31,1997-12-31,2021-08-03,-2289000.0,676640000.0,,439356000.0,237284000.0,,3.42,-4359000.0,147274000.0,147274000.0,66403000.0,25644000.0,1.3,1.022,0.0,0.0,0.0,0.0,249215000.0,6124000.0,0.0,0.0,0.0,43347000.0,49471000.0,0.304,49471000.0,43347000.0,43347000.0,0.26,0.25,0.26,334620000.0,,334620000.0,,,,-14635000.0,-0.15,1.0,96264000.0,0.592,136304000.0,0.0,54975000.0,,0.0,47144000.0,29192000.0,17952000.0,342020000.0,338087000.0,3933000.0,3691365336.0,5328000.0,-6537000.0,16165000.0,0.0,0.0,40296000.0,-24692000.0,-11321000.0,-10276000.0,-469000.0,25644000.0,25644000.0,25644000.0,0.0,0.0,0.158,55119000.0,41145000.0,86976000.0,0.0,11.032,46.297,45.427,44899000.0,0.0,37.25,6.729,6.644,216114000.0,130782000.0,162667000.0,162667000.0,0.0,,,,,0.0,48995000.0,1.0,99097056.0,97838000,104412000.0,1.663,540336000.0,0.0,17703000.0,0.0,5.523,101269000.0
95,IT,MRQ,1997-09-30,1997-09-30,1997-09-30,2021-08-03,-1098000.0,645312000.0,,425608000.0,219704000.0,,2.807,-7246000.0,142415000.0,142415000.0,58559000.0,17433000.0,1.144,1.391,0.0,0.0,0.0,0.0,257330000.0,18201000.0,0.0,0.0,0.0,28665000.0,46866000.0,0.334,46866000.0,28665000.0,28665000.0,0.18,0.16,0.18,269870000.0,,269870000.0,,,,17031000.0,0.177,1.0,81839000.0,0.583,132195000.0,0.0,-1481000.0,,0.0,46330000.0,28639000.0,17691000.0,375442000.0,372183000.0,3259000.0,,-19177000.0,-24998000.0,6075000.0,0.0,0.0,4759000.0,-48213000.0,-15972000.0,24277000.0,-178000.0,17433000.0,17433000.0,17433000.0,0.0,0.0,0.124,55207000.0,26632000.0,102390000.0,0.0,,,38.961,44102000.0,0.0,30.0,,5.56,205760000.0,105138000.0,140398000.0,140398000.0,0.0,,,,,0.0,49825000.0,1.0,,96137000,104632000.0,1.46,513117000.0,0.0,11232000.0,0.0,5.337,53425000.0
96,IT,MRQ,1997-06-30,1997-06-30,1997-06-30,2021-08-03,,,,,,,,-5815000.0,,,48451000.0,18455000.0,,,,,,,,0.0,,0.0,0.0,30999000.0,30999000.0,0.245,30999000.0,30999000.0,30999000.0,0.19,0.18,0.19,,,,,,,15851000.0,0.166,1.0,77898000.0,0.617,,0.0,,,,,,,,,,,18041000.0,-3546000.0,2656000.0,0.0,0.0,16219000.0,-19844000.0,-3216000.0,21666000.0,240000.0,18455000.0,18455000.0,18455000.0,0.0,0.0,0.146,49056000.0,28842000.0,,0.0,,,,,0.0,35.94,,,,,126349000.0,126349000.0,0.0,,,,,0.0,44491000.0,1.0,,95326000,102653000.0,1.325,,,12544000.0,,,
97,IT,MRQ,1997-03-31,1997-03-31,1997-03-31,2021-08-03,,,,,,,,-5531000.0,,,45282000.0,18200000.0,,,,,,,,0.0,,0.0,0.0,31374000.0,31374000.0,0.263,31374000.0,31374000.0,31374000.0,0.19,0.18,0.19,,,,,,,26522000.0,0.281,1.0,73843000.0,0.62,,0.0,,,,,,,,,,,21498000.0,-4762000.0,5904000.0,0.0,0.0,10847000.0,-21402000.0,-11414000.0,32053000.0,-1706000.0,18200000.0,18200000.0,18200000.0,0.0,0.0,0.153,44223000.0,29620000.0,,0.0,,,,,0.0,21.62,,,,,119125000.0,119125000.0,0.0,,,,,0.0,40060000.0,1.0,,94260000,101823000.0,1.264,,,13174000.0,,,
98,IT,MRQ,1996-12-31,1996-12-31,1996-12-31,2021-08-03,,,,,,,,-2921000.0,,,50523000.0,19042000.0,,,,,,,,0.0,,0.0,0.0,32835000.0,32835000.0,0.262,32835000.0,32835000.0,32835000.0,0.2,0.19,0.2,,,,,,,6240000.0,0.067,1.0,74844000.0,0.597,,0.0,,,,,,,,,,,27133000.0,0.0,5174000.0,0.0,0.0,12813000.0,5159000.0,8284000.0,9161000.0,-191000.0,19042000.0,19042000.0,19042000.0,0.0,0.0,0.152,43325000.0,31519000.0,,0.0,,,,,0.0,38.94,,,,,125367000.0,125367000.0,0.0,,,,,0.0,39234000.0,1.0,,93327000,101951000.0,1.343,,,13793000.0,,,
0,IT,MRT,2021-06-30,2021-06-30,2021-06-30,2021-08-03,-82978000.0,7188340000.0,7070691750.0,2257166000.0,4931174000.0,0.619,6.156,-62502000.0,796257000.0,796257000.0,1366464000.0,571907000.0,0.776,12.624,3208284000.0,5322000.0,3202962000.0,3208284000.0,2152043000.0,294477000.0,0.0,0.0,0.0,876793000.0,1171270000.0,0.267,1171270000.0,876793000.0,764262000.0,6.55,6.49,6.55,527638000.0,886790750.0,527638000.0,23136462324.0,26.0,19.753,1174504000.0,13.703,1.0,3012270000.0,0.688,3730945000.0,112531000.0,2959816000.0,2771165750.0,0.0,0.0,0.0,0.0,6660702000.0,2909606000.0,3751096000.0,20847735324.0,421022000.0,-22774000.0,-1168010000.0,458617000.0,0.0,-730708000.0,-85276000.0,0.0,1237006000.0,22802000.0,571907000.0,571907000.0,571907000.0,0.0,0.0,0.131,2246364000.0,765906000.0,752241000.0,0.0,39.511,36.453,36.977,927354000.0,0.0,242.2,4.761,4.741,1102562000.0,2690803000.0,4378734000.0,4378734000.0,0.0,0.081,0.645,0.316,0.2,84009000.0,2023235000.0,1.0,86076529.0,85712000,86589000.0,51.087,3457395000.0,0.0,192355000.0,0.0,40.337,-652440000.0
1,IT,MRT,2021-03-31,2021-03-31,2021-03-31,2021-08-03,-93178000.0,6937858000.0,6976180250.0,1997856000.0,4940002000.0,0.6,10.091,-71873000.0,445995000.0,445995000.0,1338213000.0,355748000.0,0.71,6.781,2734722000.0,20519000.0,2714203000.0,2734722000.0,2088463000.0,298116000.0,0.0,0.0,0.0,559468000.0,857584000.0,0.205,857584000.0,559468000.0,444031000.0,4.01,3.97,4.01,891594000.0,1002686000.0,891594000.0,18242502587.0,33.0,21.272,932954000.0,10.56,1.0,2846337000.0,0.68,3720941000.0,115437000.0,2693223000.0,2758393000.0,0.0,0.0,0.0,0.0,6046264000.0,2812421000.0,3233843000.0,16196118587.0,182000000.0,0.0,-483787000.0,-241381000.0,0.0,-750954000.0,-71873000.0,0.0,1004827000.0,36145000.0,355748000.0,355748000.0,355748000.0,0.0,0.0,0.085,2255494000.0,590843000.0,703439000.0,0.0,18.165,45.527,45.524,956406000.0,0.0,182.55,3.87,3.854,1175426000.0,2419567000.0,4184550000.0,4184550000.0,0.0,0.051,0.355,0.203,0.134,73497000.0,2029579000.0,1.0,88721548.0,88352000,89139000.0,47.362,3216917000.0,0.0,88283000.0,0.0,36.41,-814565000.0
2,IT,MRT,2020-12-31,2020-12-31,2020-12-31,2021-08-03,-99228000.0,7315967000.0,6941802250.0,2323058000.0,4992909000.0,0.591,12.209,-83888000.0,712583000.0,712583000.0,1345024000.0,266745000.0,0.788,5.709,2758967000.0,20515000.0,2738452000.0,2758967000.0,1974548000.0,300835000.0,0.0,0.0,0.0,441769000.0,742604000.0,0.181,742604000.0,441769000.0,326133000.0,2.99,2.96,2.99,1090428000.0,1002356250.0,1090428000.0,16512838186.0,37.0,22.236,819390000.0,9.174,1.0,2754379000.0,0.672,3752545000.0,115636000.0,2662312000.0,2897212500.0,0.0,0.0,0.0,0.0,6225539000.0,2947494000.0,3278045000.0,14302864186.0,403166000.0,0.0,-158217000.0,-232221000.0,0.0,-416224000.0,-83888000.0,0.0,903278000.0,28581000.0,266745000.0,266745000.0,266745000.0,0.0,0.0,0.065,2264229000.0,490150000.0,952431000.0,0.0,13.117,53.62,53.575,984048000.0,0.0,160.19,3.489,3.49,1241508000.0,2255467000.0,4099403000.0,4099403000.0,0.0,0.038,0.266,0.152,0.108,62540000.0,2038963000.0,1.0,89286873.0,89315000,90017000.0,45.898,3563422000.0,0.0,59388000.0,0.0,39.897,-624436000.0
3,IT,MRT,2020-09-30,2020-09-30,2020-09-30,2021-08-03,-130213000.0,6840602000.0,6900634000.0,1865404000.0,4975198000.0,0.607,11.608,-114160000.0,553715000.0,553715000.0,1444464000.0,214839000.0,0.74,5.593,2763689000.0,20511000.0,2743178000.0,2763689000.0,1710791000.0,301913000.0,0.0,0.0,0.0,396904000.0,698817000.0,0.167,698817000.0,396904000.0,280559000.0,2.41,2.37,2.41,1037503000.0,964397500.0,1037503000.0,13570349745.0,34.0,19.419,611505000.0,6.842,1.0,2745673000.0,0.655,3759702000.0,116345000.0,2769312000.0,3023447000.0,0.0,0.0,0.0,0.0,5803099000.0,2521562000.0,3281537000.0,11149612745.0,230727000.0,-23694000.0,-115516000.0,-232061000.0,0.0,-371204000.0,-123734000.0,14120000.0,725665000.0,16261000.0,214839000.0,214839000.0,214839000.0,0.0,0.0,0.051,2297515000.0,448158000.0,790260000.0,0.0,10.747,51.898,51.846,984704000.0,0.0,124.95,2.661,2.665,948864000.0,2135860000.0,4190137000.0,4190137000.0,0.0,0.031,0.223,0.131,0.095,67423000.0,2070506000.0,1.0,89232595.0,89378000,89955000.0,46.881,3080900000.0,0.0,65720000.0,0.0,34.47,-656158000.0
4,IT,MRT,2020-06-30,2020-06-30,2020-06-30,2021-08-03,-142175000.0,6810294000.0,6874819500.0,1767185000.0,5043109000.0,0.61,11.097,-135402000.0,356633000.0,356633000.0,1479753000.0,239263000.0,0.696,5.871,2777370000.0,38019000.0,2739351000.0,2777370000.0,1765264000.0,301856000.0,0.0,0.0,0.0,429370000.0,731226000.0,0.174,731226000.0,429370000.0,319490000.0,2.68,2.64,2.68,991219000.0,934936000.0,991219000.0,13589925582.0,32.0,18.585,565873000.0,6.335,1.0,2716268000.0,0.647,3782984000.0,109880000.0,2908725000.0,3077578000.0,0.0,0.0,0.0,0.0,5819075000.0,2539322000.0,3279753000.0,10819616582.0,136682000.0,-23694000.0,-208075000.0,-201026000.0,0.0,-419617000.0,-144976000.0,14120000.0,701275000.0,1498000.0,239263000.0,239263000.0,239263000.0,0.0,0.0,0.057,2286613000.0,429655000.0,736039000.0,0.0,10.915,45.221,45.272,1012073000.0,0.0,121.33,2.579,2.583,1048519000.0,2118896000.0,4196021000.0,4196021000.0,0.0,0.035,0.256,0.14,0.102,64876000.0,2061157000.0,1.0,89175114.0,89323000,89780000.0,46.976,3027310000.0,0.0,80227000.0,0.0,33.892,-772137000.0
5,IT,MRT,2020-03-31,2020-03-31,2020-03-31,2021-08-03,-168972000.0,6800346000.0,6854656250.0,1772618000.0,5027728000.0,0.626,9.979,-153492000.0,227850000.0,227850000.0,1545201000.0,287592000.0,0.701,6.638,2998159000.0,149003000.0,2849156000.0,2998159000.0,1847384000.0,301406000.0,0.0,0.0,0.0,455873000.0,757279000.0,0.176,757279000.0,455873000.0,351540000.0,3.21,3.16,3.21,890275000.0,928081750.0,890275000.0,11607149909.0,25.0,15.327,432097000.0,4.843,1.0,2748567000.0,0.64,3791816000.0,104333000.0,3248501000.0,3118853000.0,0.0,0.0,0.0,0.0,5910071000.0,2530338000.0,3379733000.0,8871846909.0,91479000.0,-23694000.0,-209180000.0,-121864000.0,0.0,-331044000.0,-163066000.0,14120000.0,585589000.0,-12899000.0,287592000.0,287592000.0,287592000.0,0.0,0.0,0.067,2302561000.0,446006000.0,533951000.0,0.0,9.965,30.849,31.019,1024597000.0,0.0,99.57,2.066,2.069,1148565000.0,2063819000.0,4293768000.0,4293768000.0,0.0,0.042,0.31,0.146,0.106,62318000.0,2081293000.0,1.0,89101606.0,89219000,90066000.0,48.126,3008530000.0,0.0,63948000.0,0.0,33.721,-757720000.0
6,IT,MRT,2019-12-31,2019-12-31,2019-12-31,2021-08-03,-77938000.0,7151294000.0,6833238500.0,2018741000.0,5132553000.0,0.621,10.45,-149016000.0,280836000.0,280836000.0,1550568000.0,233290000.0,0.707,6.619,3016139000.0,139718000.0,2876421000.0,3016139000.0,1928020000.0,298245000.0,0.0,0.0,0.0,378570000.0,676815000.0,0.159,676815000.0,378570000.0,275739000.0,2.6,2.56,2.6,938593000.0,919737250.0,938593000.0,16436477061.0,43.0,24.285,416420000.0,4.636,1.0,2694753000.0,0.635,3862813000.0,102831000.0,3167250000.0,3092345750.0,0.0,0.0,0.0,0.0,6212701000.0,2856534000.0,3356167000.0,13784702061.0,118559000.0,-25989000.0,-181413000.0,-104579000.0,0.0,-285992000.0,-160885000.0,14120000.0,565436000.0,3614000.0,233290000.0,233290000.0,233290000.0,0.0,0.0,0.055,2324666000.0,370087000.0,788796000.0,0.0,14.687,59.088,59.269,1047495000.0,0.0,154.1,3.247,3.26,1326012000.0,1988722000.0,4245321000.0,4245321000.0,0.0,0.034,0.254,0.122,0.089,69008000.0,2103424000.0,1.0,89452966.0,89817000,90971000.0,47.266,3288481000.0,0.0,42449000.0,0.0,36.613,-837793000.0
7,IT,MRT,2019-09-30,2019-09-30,2019-09-30,2021-08-03,-81264000.0,6737344000.0,6595783500.0,1706505000.0,5030839000.0,0.626,10.236,-157943000.0,306727000.0,306727000.0,1507542000.0,249609000.0,0.675,6.326,2958502000.0,130433000.0,2828069000.0,2958502000.0,1803135000.0,274331000.0,0.0,0.0,0.0,376919000.0,651250000.0,0.158,651250000.0,376919000.0,276123000.0,2.77,2.73,2.77,919657000.0,897778250.0,919657000.0,15618788658.0,41.0,23.983,369805000.0,4.116,1.0,2623165000.0,0.635,3876020000.0,100796000.0,2985836000.0,2735572500.0,0.0,0.0,0.0,0.0,5817687000.0,2527263000.0,3290424000.0,12888719658.0,97208000.0,3775000.0,-281078000.0,4706000.0,0.0,-276372000.0,-154168000.0,0.0,527748000.0,-3773000.0,249609000.0,249609000.0,249609000.0,0.0,0.0,0.06,2259611000.0,363554000.0,593695000.0,0.0,14.015,51.636,51.621,952885000.0,0.0,142.99,3.12,3.11,1028320000.0,1921021000.0,4130707000.0,4130707000.0,0.0,0.038,0.278,0.138,0.091,68047000.0,2033961000.0,1.0,90137210.0,89846000,90887000.0,45.975,2861324000.0,0.0,26514000.0,0.0,31.847,-820758000.0
8,IT,MRT,2019-06-30,2019-06-30,2019-06-30,2021-08-03,-73479000.0,6729641000.0,6397651750.0,1691104000.0,5038537000.0,0.633,10.696,-146226000.0,218453000.0,218453000.0,1478598000.0,219974000.0,0.681,5.982,2948522000.0,121148000.0,2827374000.0,2948522000.0,1796331000.0,268984000.0,0.0,0.0,0.0,364685000.0,633669000.0,0.156,633669000.0,364685000.0,260978000.0,2.44,2.4,2.44,963802000.0,903251000.0,963802000.0,17418657229.0,48.0,27.489,411263000.0,4.564,1.0,2573281000.0,0.635,3903734000.0,103707000.0,3073825000.0,2380213250.0,0.0,0.0,0.0,0.0,5765839000.0,2482151000.0,3283688000.0,14499151229.0,61360000.0,102087000.0,-194980000.0,-257010000.0,0.0,-451990000.0,-44139000.0,0.0,557489000.0,-2863000.0,219974000.0,219974000.0,219974000.0,0.0,0.0,0.054,2226150000.0,347131000.0,564672000.0,0.0,15.044,65.913,65.959,928981000.0,0.0,160.94,3.578,3.579,1112856000.0,1879633000.0,4051879000.0,4051879000.0,0.0,0.034,0.244,0.153,0.09,65811000.0,1969339000.0,1.0,90090414.0,90112000,91188000.0,44.965,2825907000.0,0.0,41004000.0,0.0,31.36,-791047000.0
9,IT,MRT,2019-03-31,2019-03-31,2019-03-31,2021-08-03,-61566000.0,6714675000.0,6253475750.0,1716013000.0,4998662000.0,0.637,9.534,-129254000.0,149270000.0,149270000.0,1458236000.0,162838000.0,0.668,6.836,3068776000.0,204863000.0,2863913000.0,3068776000.0,1837504000.0,261942000.0,0.0,0.0,0.0,361606000.0,623548000.0,0.157,623548000.0,361606000.0,245044000.0,1.8,1.77,1.8,856897000.0,892658500.0,856897000.0,15732795268.0,44.0,25.231,374776000.0,4.17,1.0,2524097000.0,0.634,3922791000.0,116562000.0,3142472000.0,2055846000.0,0.0,0.0,0.0,0.0,5857778000.0,2568918000.0,3288860000.0,13607476268.0,-69065000.0,508629000.0,-261629000.0,-689841000.0,0.0,-951470000.0,378375000.0,0.0,504030000.0,-9295000.0,162838000.0,162838000.0,162838000.0,0.0,0.0,0.041,2206872000.0,317225000.0,526551000.0,0.0,15.88,83.565,84.267,905590000.0,0.0,151.68,3.417,3.423,1178859000.0,1776227000.0,3982333000.0,3982333000.0,0.0,0.026,0.182,0.176,0.091,67033000.0,1915166000.0,1.0,89711737.0,89882000,91004000.0,44.306,2791884000.0,0.0,82206000.0,0.0,31.062,-852905000.0
10,IT,MRT,2018-12-31,2018-12-31,2018-12-31,2021-08-03,-39867000.0,6201474000.0,6303564000.0,1811739000.0,4389735000.0,0.631,9.367,-126873000.0,156368000.0,156368000.0,1468800000.0,122456000.0,0.691,6.289,2281687000.0,165578000.0,2116109000.0,2281687000.0,1745244000.0,255601000.0,0.0,0.0,0.0,307895000.0,563496000.0,0.142,563496000.0,307895000.0,181121000.0,1.35,1.33,1.35,850757000.0,925327000.0,850757000.0,13579551989.0,44.0,24.099,344285000.0,3.791,1.0,2506654000.0,0.631,3965701000.0,126774000.0,1740157000.0,1847869250.0,0.0,0.0,0.0,0.0,5350717000.0,2620935000.0,2729782000.0,11619788989.0,-401906000.0,510924000.0,-246143000.0,-1010972000.0,0.0,-1257115000.0,384051000.0,0.0,471158000.0,-6489000.0,122456000.0,122456000.0,122456000.0,0.0,0.0,0.031,2246939000.0,259715000.0,710113000.0,0.0,13.658,94.89,94.696,267665000.0,0.0,127.84,2.923,2.921,1255118000.0,1755432000.0,3975454000.0,3975454000.0,0.0,0.019,0.132,0.167,0.077,66172000.0,1884141000.0,1.0,90893218.0,90827000,92122000.0,43.77,2235773000.0,0.0,58665000.0,0.0,24.616,-809196000.0
11,IT,MRT,2018-09-30,2018-09-30,2018-09-30,2021-08-03,-22684000.0,5944817000.0,6573988750.0,1535340000.0,4409477000.0,0.593,10.363,-99777000.0,210997000.0,210997000.0,1459336000.0,145743000.0,0.655,5.314,2170760000.0,93294000.0,2077466000.0,2170760000.0,1650647000.0,274601000.0,0.0,0.0,0.0,237501000.0,512102000.0,0.131,512102000.0,237501000.0,98531000.0,1.65,1.64,1.65,941548000.0,958504000.0,941548000.0,16683694084.0,70.0,32.579,348484000.0,3.836,1.0,2441748000.0,0.626,3996585000.0,138970000.0,1564399000.0,2143132250.0,0.0,0.0,0.0,0.0,5003269000.0,2343596000.0,2659673000.0,14394661084.0,-425965000.0,504844000.0,-94189000.0,-1185104000.0,0.0,-1279293000.0,405067000.0,0.0,448261000.0,-8919000.0,145743000.0,145743000.0,145743000.0,0.0,0.0,0.037,2248745000.0,193003000.0,599655000.0,0.0,15.288,98.767,96.061,246061000.0,0.0,158.5,3.69,3.691,979181000.0,1671412000.0,3901084000.0,3901084000.0,0.0,0.022,0.152,0.111,0.061,67031000.0,1861456000.0,1.0,90818051.0,90854000,92148000.0,42.938,1948232000.0,0.0,-47212000.0,0.0,21.444,-808256000.0
12,IT,MRT,2018-06-30,2018-06-30,2018-06-30,2021-08-03,-24051000.0,6152937000.0,6840657500.0,1608484000.0,4544453000.0,0.557,10.12,-109264000.0,141805000.0,141805000.0,1455431000.0,85810000.0,0.64,5.678,2430838000.0,284009000.0,2146829000.0,2430838000.0,1687724000.0,274978000.0,0.0,0.0,0.0,149386000.0,424364000.0,0.111,424364000.0,149386000.0,-1362000.0,0.99,0.98,0.99,921432000.0,938969500.0,921432000.0,14911630308.0,100.0,35.139,239282000.0,2.628,1.0,2352064000.0,0.618,4151810000.0,150748000.0,1776356000.0,2384972500.0,0.0,0.0,0.0,0.0,5231505000.0,2513804000.0,2717701000.0,12125824308.0,-485095000.0,368940000.0,-90081000.0,-1003235000.0,0.0,-1093317000.0,259676000.0,0.0,348546000.0,12484000.0,85810000.0,85810000.0,85810000.0,0.0,0.0,0.023,2236134000.0,115930000.0,542071000.0,0.0,13.16,141.31,134.242,225901000.0,0.0,132.9,3.185,3.178,1083990000.0,1659658000.0,3807495000.0,3807495000.0,0.0,0.013,0.091,0.063,0.039,70670000.0,1835082000.0,1.0,91240213.0,91048000,92156000.0,41.819,2001127000.0,0.0,-87172000.0,0.0,21.979,-905320000.0
13,IT,MRT,2018-03-31,2018-03-31,2018-03-31,2021-08-03,32225000.0,6915028000.0,7051145000.0,2310662000.0,4604366000.0,0.518,10.852,-117744000.0,189979000.0,189979000.0,1439798000.0,-52741000.0,0.725,6.002,2975785000.0,789724000.0,2186061000.0,2975785000.0,1719637000.0,291697000.0,0.0,0.0,0.0,-62085000.0,229612000.0,0.063,229612000.0,-62085000.0,-219185000.0,-0.55,-0.55,-0.55,987571000.0,922030250.0,987571000.0,13423810556.0,-216.0,58.463,169102000.0,1.858,1.0,2210092000.0,0.606,4204413000.0,157100000.0,2310565000.0,2644462000.0,0.0,0.0,0.0,0.0,5927457000.0,3185856000.0,2741601000.0,10683873556.0,-1067037000.0,-2530615000.0,-34875000.0,1360749000.0,0.0,1293476000.0,-2647359000.0,0.0,286846000.0,23505000.0,-52741000.0,-52741000.0,-52741000.0,0.0,0.0,-0.014,2278646000.0,-68554000.0,532538000.0,0.0,10.818,-202.572,-213.855,223086000.0,0.0,117.62,2.927,2.933,1134964000.0,1613980000.0,3649890000.0,3649890000.0,0.0,-0.007,-0.057,-0.023,-0.017,87325000.0,1782505000.0,1.0,90833817.0,91005000,91005000.0,40.106,2710615000.0,0.0,-166444000.0,0.0,29.785,-875194000.0
14,IT,MRT,2017-12-31,2017-12-31,2017-12-31,2021-08-03,1508000.0,7283173000.0,6163713000.0,2588608000.0,4694565000.0,0.537,11.117,-110765000.0,538908000.0,538908000.0,1320198000.0,3279000.0,0.917,6.406,3278845000.0,379721000.0,2899124000.0,3278845000.0,1630198000.0,240171000.0,0.0,0.0,0.0,130000.0,240301000.0,0.073,240301000.0,130000.0,-127817000.0,0.04,0.04,0.04,983465000.0,700841750.0,983465000.0,13875538713.0,106735.0,57.742,143752000.0,1.625,1.0,1991296000.0,0.601,4279316000.0,127947000.0,2921209000.0,2406623500.0,0.0,0.0,0.0,0.0,6299708000.0,2822585000.0,3477123000.0,11163724713.0,41802000.0,-2641780000.0,-29561000.0,2620562000.0,0.0,2539830000.0,-2752545000.0,0.0,254517000.0,25902000.0,3279000.0,3279000.0,3279000.0,0.0,0.0,0.001,1997625000.0,-6329000.0,666821000.0,0.0,11.351,3404.613,3078.75,221507000.0,0.0,123.15,3.371,3.29,1176843000.0,1647284000.0,3311494000.0,3311494000.0,0.0,0.001,0.005,0.0,0.0,78943000.0,1599004000.0,1.0,90651439.0,88466000,89790000.0,37.432,3003857000.0,0.0,-131096000.0,0.0,33.955,-233977000.0
15,IT,MRT,2017-09-30,2017-09-30,2017-09-30,2021-08-03,-1216000.0,7011492000.0,4934753500.0,1812283000.0,5199209000.0,0.608,9.527,-88605000.0,630016000.0,630016000.0,1200883000.0,-37543000.0,0.73,7.121,3341830000.0,419601000.0,2922229000.0,3341830000.0,1512227000.0,184616000.0,0.0,0.0,0.0,46886000.0,231502000.0,0.077,231502000.0,46886000.0,-50009000.0,-0.32,-0.34,-0.32,863410000.0,470195000.0,863410000.0,14099819065.0,301.0,60.906,227031000.0,2.505,1.0,1799319000.0,0.6,4709511000.0,96895000.0,2531760000.0,1754318750.0,0.0,0.0,0.0,0.0,6148082000.0,2482035000.0,3666047000.0,11271216065.0,128242000.0,-2660603000.0,-32391000.0,2645376000.0,0.0,2561814000.0,-2749208000.0,0.0,315636000.0,15069000.0,-37543000.0,-37543000.0,-37543000.0,0.0,0.0,-0.013,1759855000.0,39464000.0,550207000.0,0.0,13.054,-300.222,-388.781,216021000.0,0.0,124.41,3.757,3.758,874283000.0,1539978000.0,3000202000.0,3000202000.0,0.0,-0.008,-0.08,0.027,0.016,78463000.0,1423495000.0,1.0,90597348.0,90624000,90624000.0,33.106,2301981000.0,0.0,-12466000.0,0.0,25.401,-669752000.0
16,IT,MRT,2017-06-30,2017-06-30,2017-06-30,2021-08-03,-48889000.0,6994887000.0,3751315500.0,1759974000.0,5234913000.0,0.732,9.56,-66153000.0,589282000.0,589282000.0,1091798000.0,41121000.0,0.784,7.194,3417885000.0,277578000.0,3140307000.0,3417885000.0,1449211000.0,131804000.0,0.0,0.0,0.0,120744000.0,252548000.0,0.092,252548000.0,120744000.0,56679000.0,0.58,0.55,0.58,853675000.0,251718000.0,853675000.0,11570089863.0,96.0,45.813,220414000.0,2.468,1.0,1654378000.0,0.602,4765269000.0,64065000.0,2814314000.0,1197951750.0,0.0,0.0,0.0,0.0,6141212000.0,2243907000.0,3897305000.0,11169283863.0,151384000.0,-2622478000.0,-30570000.0,2635188000.0,0.0,2553448000.0,-2688631000.0,0.0,286567000.0,-3001000.0,41121000.0,41121000.0,41121000.0,0.0,0.0,0.015,1541839000.0,112539000.0,517118000.0,0.0,13.084,271.62,212.948,197129000.0,0.0,123.51,4.067,4.016,886393000.0,1588158000.0,2746176000.0,2746176000.0,0.0,0.011,0.163,0.101,0.044,73627000.0,1272234000.0,1.0,90432223.0,89297000,89297000.0,30.753,2229618000.0,0.0,15558000.0,0.0,24.969,-483933000.0
17,IT,MRT,2017-03-31,2017-03-31,2017-03-31,2021-08-03,-47832000.0,3365300000.0,2578724000.0,2175695000.0,1189605000.0,0.974,1.241,-54003000.0,1227891000.0,1227891000.0,971216000.0,185028000.0,1.48,31.731,1628697000.0,29366000.0,1599331000.0,1628697000.0,1109162000.0,63482000.0,0.0,0.0,0.0,304086000.0,367568000.0,0.146,367568000.0,304086000.0,276621000.0,2.24,2.2,2.24,102817000.0,25092250.0,102817000.0,9145842511.0,30.0,24.882,268693000.0,3.244,1.0,1541227000.0,0.613,936539000.0,27465000.0,1359211000.0,608429000.0,0.0,0.0,0.0,0.0,3262483000.0,1470356000.0,1792127000.0,8925684511.0,830624000.0,-158561000.0,-25760000.0,770000000.0,0.0,720492000.0,-212564000.0,0.0,322696000.0,-2536000.0,185028000.0,185028000.0,185028000.0,0.0,0.0,0.074,1247001000.0,294226000.0,331828000.0,0.0,86.811,48.24,48.21,126419000.0,0.0,107.99,3.553,3.56,716487000.0,1680439000.0,2512443000.0,2512443000.0,0.0,0.072,7.374,0.5,0.121,53742000.0,1136017000.0,1.0,82652880.0,82835000,84095000.0,30.331,2428761000.0,0.0,91593000.0,0.0,29.32,705339000.0
18,IT,MRT,2016-12-31,2016-12-31,2016-12-31,2021-08-03,-49683000.0,2367335000.0,2290276250.0,1343196000.0,1024139000.0,1.067,0.737,-49863000.0,474233000.0,474233000.0,945648000.0,193582000.0,0.92,37.887,694391000.0,30000000.0,664391000.0,694391000.0,989478000.0,61969000.0,0.0,0.0,0.0,315996000.0,377965000.0,0.155,377965000.0,315996000.0,288431000.0,2.34,2.31,2.34,60878000.0,-28779500.0,60878000.0,8620051976.0,27.0,22.806,315769000.0,3.824,1.0,1498892000.0,0.613,815254000.0,27565000.0,311990000.0,418065000.0,0.0,0.0,0.0,0.0,2306457000.0,1460249000.0,846208000.0,8349380976.0,92887000.0,-48196000.0,-49711000.0,-120000000.0,0.0,-174686000.0,-98059000.0,0.0,365632000.0,-5640000.0,193582000.0,193582000.0,193582000.0,0.0,0.0,0.079,1193751000.0,305141000.0,440771000.0,0.0,137.149,43.131,43.192,121606000.0,0.0,101.07,3.416,3.414,643013000.0,1644005000.0,2444540000.0,2444540000.0,0.0,0.085,-6.726,0.756,0.129,46661000.0,1089184000.0,1.0,82609884.0,82571000,83820000.0,29.605,1552081000.0,0.0,94849000.0,0.0,18.797,-117053000.0
19,IT,MRT,2016-09-30,2016-09-30,2016-09-30,2021-08-03,-47784000.0,2277740000.0,2240571750.0,1245949000.0,1031791000.0,1.065,-0.127,-46938000.0,465734000.0,465734000.0,923802000.0,192860000.0,0.879,-217.969,736405000.0,40000000.0,696405000.0,736405000.0,1028995000.0,61213000.0,0.0,0.0,0.0,305986000.0,367199000.0,0.154,367199000.0,305986000.0,278913000.0,2.34,2.29,2.34,-10498000.0,-77099000.0,-10498000.0,7688851277.0,25.0,20.939,314579000.0,3.807,1.0,1461289000.0,0.613,824695000.0,27073000.0,306292000.0,459811750.0,0.0,0.0,0.0,0.0,2288238000.0,1417424000.0,870814000.0,7307889277.0,87037000.0,-30114000.0,-100091000.0,-95000000.0,0.0,-197428000.0,-77052000.0,0.0,361517000.0,7453000.0,192860000.0,192860000.0,192860000.0,0.0,0.0,0.081,1163214000.0,298075000.0,348429000.0,0.0,-696.122,37.892,37.799,118789000.0,0.0,88.45,3.064,3.065,560202000.0,1577521000.0,2385091000.0,2385091000.0,0.0,0.086,-2.501,0.665,0.128,42659000.0,1058131000.0,1.0,82621699.0,82638000,83803000.0,28.862,1453045000.0,0.0,86053000.0,0.0,17.583,-171475000.0
20,IT,MRT,2016-06-30,2016-06-30,2016-06-30,2021-08-03,-48003000.0,2304521000.0,2194022250.0,1233656000.0,1070865000.0,1.053,-0.64,-47851000.0,445053000.0,445053000.0,894282000.0,192742000.0,0.889,-44.623,826015000.0,70000000.0,756015000.0,826015000.0,1029765000.0,57649000.0,0.0,0.0,0.0,313147000.0,370796000.0,0.16,370796000.0,313147000.0,285957000.0,2.34,2.29,2.34,-52828000.0,-114371750.0,-52828000.0,8522554611.0,27.0,22.984,310090000.0,3.756,1.0,1416916000.0,0.613,842019000.0,27190000.0,456223000.0,509507250.0,0.0,0.0,0.0,0.0,2357349000.0,1387241000.0,970108000.0,8036497611.0,90536000.0,-226125000.0,-111197000.0,120000000.0,0.0,6571000.0,-273976000.0,0.0,357941000.0,-3064000.0,192742000.0,192742000.0,192742000.0,0.0,0.0,0.083,1115093000.0,301823000.0,287476000.0,0.0,-152.126,41.696,41.628,117255000.0,0.0,97.41,3.477,3.48,613795000.0,1538762000.0,2311198000.0,2311198000.0,0.0,0.088,-1.685,0.615,0.135,42621000.0,1024584000.0,1.0,82501772.0,82559000,83711000.0,27.995,1462502000.0,0.0,93215000.0,0.0,17.715,-153585000.0
21,IT,MRT,2016-03-31,2016-03-31,2016-03-31,2021-08-03,-49430000.0,2211509000.0,2083151750.0,1179277000.0,1032232000.0,1.08,-1.367,-41056000.0,403943000.0,403943000.0,873355000.0,192271000.0,0.913,-20.628,890000000.0,57500000.0,832500000.0,890000000.0,986301000.0,52020000.0,0.0,0.0,0.0,313352000.0,365372000.0,0.162,365372000.0,313352000.0,288278000.0,2.32,2.28,2.32,-112670000.0,-143703500.0,-112670000.0,7809104072.0,25.0,21.373,312173000.0,3.786,1.0,1375781000.0,0.612,808587000.0,25074000.0,597755000.0,496408000.0,0.0,0.0,0.0,0.0,2324179000.0,1291224000.0,1032955000.0,7357080072.0,123957000.0,-197029000.0,-222491000.0,225000000.0,0.0,8813000.0,-238085000.0,0.0,353229000.0,-1667000.0,192271000.0,192271000.0,192271000.0,0.0,0.0,0.085,1072037000.0,303744000.0,247423000.0,0.0,-65.298,38.264,38.513,108628000.0,0.0,89.35,3.271,3.275,602877000.0,1490851000.0,2249136000.0,2249136000.0,0.0,0.092,-1.338,0.631,0.139,38611000.0,990566000.0,1.0,82340012.0,82451000,83464000.0,27.278,1402922000.0,0.0,96007000.0,0.0,17.015,-111947000.0
22,IT,MRT,2015-12-31,2015-12-31,2015-12-31,2021-08-03,-44402000.0,2168517000.0,1977617000.0,1140997000.0,1027520000.0,1.094,-1.579,-46128000.0,372976000.0,372976000.0,839076000.0,175635000.0,0.862,-17.379,818831000.0,35000000.0,783831000.0,818831000.0,900801000.0,47131000.0,0.0,0.0,0.0,294759000.0,341890000.0,0.158,341890000.0,294759000.0,272211000.0,2.09,2.06,2.09,-132400000.0,-150414250.0,-132400000.0,7983851434.0,27.0,23.352,299433000.0,3.571,1.0,1323980000.0,0.612,811903000.0,22548000.0,478977000.0,382874250.0,0.0,0.0,0.0,0.0,2300917000.0,1323492000.0,977425000.0,7515095434.0,35514000.0,-196229000.0,-501550000.0,420000000.0,0.0,-67690000.0,-242357000.0,0.0,345561000.0,-27840000.0,175635000.0,175635000.0,175635000.0,0.0,0.0,0.081,1035983000.0,287997000.0,387691000.0,0.0,-56.761,42.788,43.397,108733000.0,0.0,90.7,3.474,3.516,580763000.0,1450684000.0,2163056000.0,2163056000.0,0.0,0.089,-1.168,0.77,0.136,32289000.0,962677000.0,1.0,82856620.0,83852000,85056000.0,25.796,1356614000.0,0.0,96576000.0,0.0,16.179,-182495000.0
23,IT,MRT,2015-09-30,2015-09-30,2015-09-30,2021-08-03,-49274000.0,2091542000.0,1911575500.0,1061399000.0,1030143000.0,1.1,-1.923,-49037000.0,371244000.0,371244000.0,817734000.0,169016000.0,0.859,-14.106,840000000.0,20000000.0,820000000.0,840000000.0,925056000.0,42446000.0,0.0,0.0,0.0,287315000.0,329761000.0,0.157,329761000.0,287315000.0,267832000.0,1.98,1.95,1.98,-159589000.0,-77021500.0,-159589000.0,7327164862.0,26.0,22.22,288440000.0,3.476,1.0,1285533000.0,0.611,820124000.0,19483000.0,505074000.0,290999250.0,0.0,0.0,0.0,0.0,2251131000.0,1235100000.0,1016031000.0,6969745862.0,77183000.0,-197878000.0,-498662000.0,470000000.0,0.0,-13379000.0,-246915000.0,0.0,337477000.0,-47159000.0,169016000.0,169016000.0,169016000.0,0.0,0.0,0.08,1003317000.0,282216000.0,290044000.0,0.0,-43.673,41.237,42.389,109557000.0,0.0,83.93,3.314,3.312,482302000.0,1384922000.0,2103267000.0,2103267000.0,0.0,0.088,-2.194,0.987,0.137,34260000.0,939756000.0,1.0,83042367.0,82989000,84113000.0,25.344,1271418000.0,0.0,98816000.0,0.0,15.32,-173701000.0
24,IT,MRT,2015-06-30,2015-06-30,2015-06-30,2021-08-03,-35617000.0,1861039000.0,1830928250.0,1066068000.0,794971000.0,1.133,-2.045,-42949000.0,357581000.0,357581000.0,812191000.0,172496000.0,0.885,-11.937,715000000.0,20000000.0,695000000.0,715000000.0,922227000.0,40708000.0,0.0,0.0,0.0,278578000.0,319286000.0,0.154,319286000.0,278578000.0,262488000.0,1.99,1.97,1.99,-170155000.0,1006500.0,-170155000.0,7505309045.0,27.0,23.507,300475000.0,3.611,1.0,1261850000.0,0.608,610112000.0,16090000.0,403826000.0,117764250.0,0.0,0.0,0.0,0.0,2031194000.0,1204520000.0,826674000.0,7121962045.0,91013000.0,-2400000.0,-567240000.0,340000000.0,0.0,-207062000.0,-45349000.0,0.0,343424000.0,-51357000.0,172496000.0,172496000.0,172496000.0,0.0,0.0,0.083,982717000.0,279133000.0,262293000.0,0.0,-41.856,41.288,43.106,107112000.0,0.0,85.78,3.434,3.441,527615000.0,1354555000.0,2074041000.0,2074041000.0,0.0,0.094,171.382,2.366,0.134,28585000.0,920426000.0,1.0,83025904.0,83203000,84271000.0,24.927,1250927000.0,0.0,89992000.0,0.0,15.035,-138452000.0
25,IT,MRT,2015-03-31,2015-03-31,2015-03-31,2021-08-03,-42328000.0,1789370000.0,1814870500.0,1000648000.0,788722000.0,1.127,-1.612,-40933000.0,281653000.0,281653000.0,804874000.0,174381000.0,0.704,-13.826,665000000.0,285000000.0,380000000.0,665000000.0,895430000.0,40802000.0,0.0,0.0,0.0,275762000.0,316564000.0,0.155,316564000.0,275762000.0,262232000.0,1.97,1.94,1.97,-139513000.0,92922500.0,-139513000.0,7378456942.0,27.0,23.308,295039000.0,3.409,1.0,1241051000.0,0.607,608366000.0,13530000.0,143620000.0,-14895000.0,0.0,0.0,0.0,0.0,1928883000.0,1420731000.0,508152000.0,7338758942.0,55214000.0,-9021000.0,-560550000.0,310000000.0,0.0,-230804000.0,-49954000.0,0.0,335972000.0,-56845000.0,174381000.0,174381000.0,174381000.0,0.0,0.0,0.085,965377000.0,275674000.0,240301000.0,0.0,-52.603,42.085,42.563,104374000.0,0.0,83.85,3.587,3.547,526384000.0,1303401000.0,2045925000.0,2045925000.0,0.0,0.096,1.877,-18.514,0.135,25219000.0,900972000.0,1.0,87522468.0,86539000,87773000.0,23.642,1181004000.0,0.0,87851000.0,0.0,13.647,-420083000.0
26,IT,MRT,2014-12-31,2014-12-31,2014-12-31,2021-08-03,-21170000.0,1904351000.0,1806956250.0,1096658000.0,807693000.0,1.119,1.804,-38486000.0,365302000.0,365302000.0,797933000.0,183766000.0,0.902,10.816,405000000.0,20000000.0,385000000.0,405000000.0,841457000.0,39412000.0,0.0,0.0,0.0,286983000.0,326395000.0,0.161,326395000.0,286983000.0,274683000.0,2.06,2.03,2.06,161171000.0,186981500.0,161171000.0,7441592449.0,26.0,22.799,308293000.0,3.451,1.0,1223508000.0,0.605,617354000.0,12300000.0,111477000.0,-66178750.0,0.0,0.0,0.0,0.0,1743180000.0,1215218000.0,527962000.0,7412812449.0,-24668000.0,-124291000.0,-432006000.0,200000000.0,0.0,-208670000.0,-162777000.0,0.0,346779000.0,-34020000.0,183766000.0,183766000.0,183766000.0,0.0,0.0,0.091,937346000.0,286162000.0,353761000.0,0.0,45.993,40.338,40.879,97990000.0,0.0,84.21,3.667,3.722,552107000.0,1275049000.0,2021441000.0,2021441000.0,0.0,0.102,0.983,-4.336,0.142,18652000.0,876067000.0,1.0,88027698.0,89337000,90719000.0,22.627,1286997000.0,0.0,90917000.0,0.0,14.406,-118560000.0
27,IT,MRT,2014-09-30,2014-09-30,2014-09-30,2021-08-03,-2001000.0,1768953000.0,1776764000.0,959234000.0,809719000.0,1.102,1.723,-34242000.0,341220000.0,341220000.0,772166000.0,186040000.0,0.706,10.598,370000000.0,245000000.0,125000000.0,370000000.0,847327000.0,37866000.0,0.0,0.0,0.0,280137000.0,318003000.0,0.162,318003000.0,280137000.0,268867000.0,2.05,2.01,2.05,152523000.0,237017750.0,152523000.0,6588571665.0,24.0,20.719,314952000.0,3.558,1.0,1186003000.0,0.606,626727000.0,11270000.0,-187866000.0,-124208250.0,0.0,0.0,0.0,0.0,1616430000.0,1358872000.0,257558000.0,6531496665.0,-19427000.0,-121891000.0,-403743000.0,168553000.0,0.0,-212488000.0,-156133000.0,0.0,349194000.0,-13874000.0,186040000.0,186040000.0,186040000.0,0.0,0.0,0.095,906924000.0,279079000.0,266545000.0,0.0,42.823,35.108,35.839,93625000.0,0.0,73.47,3.336,3.321,449923000.0,1215905000.0,1958169000.0,1958169000.0,0.0,0.105,0.785,-2.255,0.143,10856000.0,852984000.0,1.0,88900186.0,88513000,89708000.0,22.123,1142226000.0,0.0,82827000.0,0.0,12.905,-399638000.0
28,IT,MRT,2014-06-30,2014-06-30,2014-06-30,2021-08-03,9953000.0,1796808000.0,1741625250.0,971769000.0,825039000.0,1.09,2.206,-36014000.0,317925000.0,317925000.0,745842000.0,190388000.0,0.722,8.097,375000000.0,246250000.0,128750000.0,375000000.0,847877000.0,36025000.0,0.0,0.0,0.0,289781000.0,325806000.0,0.172,325806000.0,289781000.0,279043000.0,2.08,2.03,2.08,197509000.0,279295750.0,197509000.0,6434415792.0,22.0,19.749,292082000.0,3.263,1.0,1152092000.0,0.607,635146000.0,10738000.0,-126811000.0,-105043250.0,0.0,0.0,0.0,0.0,1599299000.0,1345548000.0,253751000.0,6362699792.0,-20689000.0,-121891000.0,-383433000.0,173553000.0,0.0,-190880000.0,-157905000.0,0.0,328096000.0,5251000.0,190388000.0,190388000.0,190388000.0,0.0,0.0,0.1,863661000.0,288431000.0,251421000.0,0.0,32.215,33.42,33.904,95831000.0,0.0,70.52,3.352,3.326,493216000.0,1182059000.0,1897934000.0,1897934000.0,0.0,0.109,0.682,-2.759,0.153,13225000.0,817505000.0,1.0,90225465.0,89521000,90744000.0,21.201,1161662000.0,0.0,88655000.0,0.0,12.976,-373779000.0
29,IT,MRT,2014-03-31,2014-03-31,2014-03-31,2021-08-03,8552000.0,1757713000.0,1695870000.0,945668000.0,812045000.0,1.076,2.582,-36035000.0,283284000.0,283284000.0,720568000.0,183862000.0,0.747,6.425,355000000.0,222500000.0,132500000.0,355000000.0,832555000.0,34746000.0,0.0,0.0,0.0,281552000.0,316298000.0,0.173,316298000.0,281552000.0,271350000.0,1.99,1.94,1.99,236723000.0,312092000.0,236723000.0,6167328263.0,22.0,19.498,276396000.0,3.015,1.0,1103593000.0,0.605,624323000.0,10202000.0,-61515000.0,-86939000.0,0.0,0.0,0.0,0.0,1520990000.0,1266621000.0,254369000.0,6386318263.0,11901000.0,-115270000.0,-322544000.0,153553000.0,0.0,-149225000.0,-151305000.0,0.0,312431000.0,2320000.0,183862000.0,183862000.0,183862000.0,0.0,0.0,0.101,822936000.0,280657000.0,211566000.0,0.0,26.978,34.734,34.894,94208000.0,0.0,69.44,3.501,3.49,496997000.0,1129019000.0,1824161000.0,1824161000.0,0.0,0.108,0.589,-3.239,0.154,12826000.0,784597000.0,1.0,91968869.0,91669000,93209000.0,19.899,1133390000.0,0.0,87488000.0,0.0,12.364,-320953000.0
30,IT,MRT,2013-12-31,2013-12-31,2013-12-31,2021-08-03,8345000.0,1783582000.0,1648290500.0,1084882000.0,698700000.0,1.082,3.884,-36498000.0,423990000.0,423990000.0,713484000.0,182801000.0,0.935,3.936,205000000.0,68750000.0,136250000.0,205000000.0,766114000.0,34442000.0,0.0,0.0,0.0,276827000.0,311269000.0,0.174,311269000.0,276827000.0,266439000.0,1.97,1.93,1.97,361316000.0,332700500.0,361316000.0,6379692720.0,23.0,20.496,279156000.0,3.001,1.0,1070729000.0,0.6,525310000.0,10388000.0,-120641000.0,-71250750.0,0.0,0.0,0.0,0.0,1422266000.0,1159923000.0,262343000.0,6549213720.0,125301000.0,0.0,-175694000.0,0.0,0.0,-153855000.0,-36498000.0,0.0,315654000.0,-1163000.0,182801000.0,182801000.0,182801000.0,0.0,0.0,0.102,795237000.0,275492000.0,325059000.0,0.0,18.126,35.827,36.066,91759000.0,0.0,71.05,3.671,3.704,490923000.0,1091283000.0,1784213000.0,1784213000.0,0.0,0.111,0.549,-3.885,0.155,9343000.0,760458000.0,1.0,92177533.0,93015000,94830000.0,19.182,1258272000.0,0.0,83638000.0,0.0,13.528,-75041000.0
31,IT,MRT,2013-09-30,2013-09-30,2013-09-30,2021-08-03,6734000.0,1628398000.0,1607714250.0,935155000.0,693243000.0,1.081,3.47,-41309000.0,374521000.0,374521000.0,703590000.0,180206000.0,0.896,4.063,205000000.0,65000000.0,140000000.0,205000000.0,754120000.0,33828000.0,0.0,0.0,0.0,267928000.0,301756000.0,0.174,301756000.0,267928000.0,257876000.0,1.93,1.88,1.93,321635000.0,319039750.0,321635000.0,5461151680.0,20.0,18.098,271822000.0,2.933,1.0,1034665000.0,0.595,526090000.0,10052000.0,-111206000.0,-59816000.0,0.0,0.0,0.0,0.0,1306763000.0,1043993000.0,262770000.0,5589514680.0,119773000.0,0.0,-172846000.0,1447000.0,0.0,-152049000.0,-41309000.0,0.0,313131000.0,-643000.0,180206000.0,180206000.0,180206000.0,0.0,0.0,0.104,768269000.0,266396000.0,224873000.0,0.0,17.378,31.017,31.088,90198000.0,0.0,60.0,3.216,3.199,392174000.0,1029865000.0,1738255000.0,1738255000.0,0.0,0.112,0.565,-4.479,0.154,16056000.0,733869000.0,1.0,93158578.0,92689000,94355000.0,18.754,1102308000.0,0.0,77670000.0,0.0,11.893,-108838000.0
32,IT,MRT,2013-06-30,2013-06-30,2013-06-30,2021-08-03,2358000.0,1613787000.0,1570401750.0,923358000.0,690429000.0,1.084,3.513,-43330000.0,333363000.0,333363000.0,692998000.0,173387000.0,0.91,3.91,205000000.0,61250000.0,143750000.0,205000000.0,749240000.0,32882000.0,0.0,0.0,0.0,258200000.0,291082000.0,0.171,291082000.0,258200000.0,248063000.0,1.86,1.81,1.86,328694000.0,303997250.0,328694000.0,5278814982.0,20.0,18.135,277347000.0,2.964,1.0,1008958000.0,0.593,524978000.0,10137000.0,-54394000.0,-51384000.0,0.0,0.0,0.0,0.0,1285093000.0,1014840000.0,270253000.0,5342877982.0,181974000.0,-827000.0,-117595000.0,1359000.0,0.0,-94546000.0,-44157000.0,0.0,320677000.0,858000.0,173387000.0,173387000.0,173387000.0,0.0,0.0,0.102,751537000.0,257421000.0,204350000.0,0.0,16.255,30.815,30.64,89415000.0,0.0,56.99,3.139,3.133,432011000.0,991671000.0,1701956000.0,1701956000.0,0.0,0.11,0.57,-5.025,0.152,15460000.0,717211000.0,1.0,93751149.0,93574000,95188000.0,18.188,1088809000.0,0.0,74676000.0,0.0,11.636,-91482000.0
33,IT,MRT,2013-03-31,2013-03-31,2013-03-31,2021-08-03,2763000.0,1567395000.0,1511983750.0,875040000.0,692355000.0,1.094,3.41,-46867000.0,269063000.0,269063000.0,676341000.0,168357000.0,0.897,3.911,205000000.0,57500000.0,147500000.0,205000000.0,736696000.0,31571000.0,0.0,0.0,0.0,247139000.0,278710000.0,0.169,278710000.0,247139000.0,236993000.0,1.8,1.75,1.8,319157000.0,275571500.0,319157000.0,4985204574.0,20.0,17.887,233960000.0,2.5,1.0,977050000.0,0.591,527002000.0,10146000.0,1238000.0,-39720250.0,0.0,0.0,0.0,0.0,1248238000.0,975092000.0,273146000.0,5080056574.0,131704000.0,-10336000.0,-73813000.0,-38846000.0,0.0,-91920000.0,-57203000.0,0.0,280827000.0,-1626000.0,168357000.0,168357000.0,168357000.0,0.0,0.0,0.102,730894000.0,246156000.0,180896000.0,0.0,15.917,30.174,30.228,88508000.0,0.0,54.41,3.073,3.08,441405000.0,945157000.0,1653391000.0,1653391000.0,0.0,0.111,0.611,-6.222,0.149,17042000.0,696803000.0,1.0,93366230.0,93595000,95537000.0,17.665,1040393000.0,0.0,68636000.0,0.0,11.116,-100052000.0
34,IT,MRT,2012-12-31,2012-12-31,2012-12-31,2021-08-03,5968000.0,1621277000.0,1457597000.0,927466000.0,693811000.0,1.109,3.282,-44337000.0,299852000.0,299852000.0,659067000.0,165903000.0,0.867,4.287,205000000.0,90000000.0,115000000.0,205000000.0,692237000.0,29771000.0,0.0,0.0,0.0,245501000.0,275272000.0,0.17,275272000.0,245501000.0,235596000.0,1.78,1.73,1.78,306673000.0,238727500.0,306673000.0,4254613343.0,17.0,15.456,235476000.0,2.52,1.0,956741000.0,0.592,531327000.0,9905000.0,-74902000.0,-34317250.0,0.0,0.0,0.0,0.0,1314604000.0,1070000000.0,244604000.0,4310004343.0,152570000.0,-10336000.0,-98874000.0,5000000.0,0.0,-72570000.0,-54673000.0,0.0,279813000.0,4543000.0,165903000.0,165903000.0,165903000.0,0.0,0.0,0.103,711034000.0,245707000.0,287763000.0,0.0,14.054,25.979,25.854,89089000.0,0.0,46.02,2.667,2.661,463968000.0,908482000.0,1615808000.0,1615808000.0,0.0,0.114,0.695,-7.154,0.152,15074000.0,678843000.0,1.0,93655027.0,93444000,95842000.0,17.292,1089950000.0,0.0,69693000.0,0.0,11.664,-142534000.0
35,IT,MRT,2012-09-30,2012-09-30,2012-09-30,2021-08-03,8673000.0,1479148000.0,1397245750.0,781978000.0,697170000.0,1.123,2.796,-49034000.0,255391000.0,255391000.0,639135000.0,152104000.0,0.807,4.657,200000000.0,80000000.0,120000000.0,200000000.0,682603000.0,28540000.0,0.0,0.0,0.0,234539000.0,263079000.0,0.168,263079000.0,234539000.0,224629000.0,1.63,1.59,1.63,261465000.0,207505250.0,261465000.0,4355470312.0,19.0,16.556,238818000.0,2.554,1.0,929618000.0,0.593,532342000.0,9910000.0,-77478000.0,-15495250.0,0.0,0.0,0.0,0.0,1217683000.0,968893000.0,248790000.0,4305913312.0,94690000.0,-10336000.0,-147272000.0,-10000000.0,0.0,-133792000.0,-59370000.0,0.0,287852000.0,3798000.0,152104000.0,152104000.0,152104000.0,0.0,0.0,0.097,694109000.0,235509000.0,206290000.0,0.0,16.468,28.309,28.276,80344000.0,0.0,46.09,2.745,2.748,370951000.0,849659000.0,1568753000.0,1568753000.0,0.0,0.109,0.733,-15.136,0.15,12656000.0,663443000.0,1.0,93424025.0,93522000,95611000.0,16.774,946806000.0,0.0,72525000.0,0.0,10.124,-186915000.0
36,IT,MRT,2012-06-30,2012-06-30,2012-06-30,2021-08-03,3623000.0,1380115000.0,1353566500.0,686350000.0,693765000.0,1.138,2.303,-53136000.0,150531000.0,150531000.0,630688000.0,151193000.0,0.756,5.419,200088000.0,70088000.0,130000000.0,200088000.0,659741000.0,28254000.0,0.0,0.0,0.0,232228000.0,260482000.0,0.169,260482000.0,232228000.0,222245000.0,1.61,1.57,1.61,214991000.0,190655750.0,214991000.0,4117049497.0,18.0,15.806,237969000.0,2.549,1.0,909443000.0,0.59,529054000.0,9983000.0,-7739000.0,5127000.0,0.0,0.0,0.0,0.0,1165124000.0,908357000.0,256767000.0,4015741497.0,32521000.0,-9509000.0,-196387000.0,-19912000.0,0.0,-195939000.0,-62645000.0,0.0,291105000.0,-7331000.0,151193000.0,151193000.0,151193000.0,0.0,0.0,0.098,676452000.0,232991000.0,178528000.0,0.0,18.679,26.56,26.739,77795000.0,0.0,43.05,2.607,2.609,389414000.0,818284000.0,1540131000.0,1540131000.0,0.0,0.112,0.793,45.295,0.151,14314000.0,647016000.0,1.0,93280871.0,93350000,95423000.0,16.498,851061000.0,0.0,71052000.0,0.0,9.117,-222007000.0
37,IT,MRT,2012-03-31,2012-03-31,2012-03-31,2021-08-03,8447000.0,1349848000.0,1332530750.0,676820000.0,673028000.0,1.132,1.839,-45367000.0,138985000.0,138985000.0,621902000.0,141932000.0,0.743,6.858,240293000.0,100293000.0,140000000.0,240293000.0,650666000.0,29900000.0,0.0,0.0,0.0,220579000.0,250479000.0,0.166,250479000.0,220579000.0,209952000.0,1.5,1.46,1.5,171781000.0,190862750.0,171781000.0,4038510896.0,18.0,16.123,253541000.0,2.714,1.0,886290000.0,0.588,517254000.0,10627000.0,22850000.0,23736750.0,0.0,0.0,0.0,0.0,1178067000.0,911052000.0,267015000.0,3981249896.0,31640000.0,0.0,-225770000.0,-14874000.0,0.0,-221901000.0,-45367000.0,0.0,298908000.0,-1658000.0,141932000.0,141932000.0,141932000.0,0.0,0.0,0.094,664453000.0,221837000.0,160093000.0,0.0,23.176,28.05,28.427,69663000.0,0.0,42.64,2.64,2.641,384125000.0,776801000.0,1508192000.0,1508192000.0,0.0,0.107,0.744,9.293,0.146,15899000.0,634553000.0,1.0,93368900.0,93416000,96199000.0,16.145,832594000.0,0.0,68020000.0,0.0,8.913,-234232000.0
38,IT,MRT,2011-12-31,2011-12-31,2011-12-31,2021-08-03,5793000.0,1379872000.0,1313912250.0,705785000.0,674087000.0,1.118,1.893,-41954000.0,142739000.0,142739000.0,608755000.0,136902000.0,0.766,6.591,200000000.0,50000000.0,150000000.0,200000000.0,611647000.0,32064000.0,0.0,0.0,0.0,213400000.0,245464000.0,0.167,245464000.0,213400000.0,202184000.0,1.43,1.39,1.43,181784000.0,200425000.0,181784000.0,3352570559.0,16.0,13.658,213612000.0,2.225,1.0,859833000.0,0.585,515610000.0,11216000.0,386000.0,45920500.0,0.0,0.0,0.0,0.0,1198088000.0,921137000.0,276951000.0,3299473559.0,27053000.0,0.0,-191975000.0,-20156000.0,0.0,-186559000.0,-41954000.0,0.0,255566000.0,-4495000.0,136902000.0,136902000.0,136902000.0,0.0,0.0,0.093,645771000.0,214062000.0,259490000.0,0.0,18.151,24.101,24.315,68132000.0,0.0,34.77,2.247,2.273,421033000.0,742579000.0,1468588000.0,1468588000.0,0.0,0.104,0.683,4.647,0.145,7293000.0,613707000.0,1.0,94894264.0,96019000,98846000.0,15.295,864262000.0,0.0,65282000.0,0.0,9.001,-215352000.0
39,IT,MRT,2011-09-30,2011-09-30,2011-09-30,2021-08-03,5810000.0,1304431000.0,1290358750.0,633686000.0,670745000.0,1.103,2.02,-33203000.0,156903000.0,156903000.0,593432000.0,128572000.0,0.759,5.722,210000000.0,52500000.0,157500000.0,210000000.0,598393000.0,33593000.0,0.0,0.0,0.0,197035000.0,230628000.0,0.162,230628000.0,197035000.0,181969000.0,1.34,1.28,1.34,194067000.0,201743000.0,194067000.0,3460601937.0,18.0,15.005,222386000.0,2.315,1.0,829766000.0,0.583,518025000.0,15066000.0,5011000.0,58482000.0,0.0,0.0,0.0,0.0,1110364000.0,834492000.0,275872000.0,3365942937.0,13210000.0,0.0,-142640000.0,-94783000.0,0.0,-209176000.0,-33203000.0,0.0,255589000.0,-4719000.0,128572000.0,128572000.0,128572000.0,0.0,0.0,0.09,632093000.0,197673000.0,183599000.0,0.0,17.344,26.179,26.022,57109000.0,0.0,34.87,2.365,2.354,349287000.0,697555000.0,1423198000.0,1423198000.0,0.0,0.1,0.637,3.369,0.138,5839000.0,597687000.0,1.0,96528332.0,96057000,98259000.0,14.816,786406000.0,0.0,53397000.0,0.0,8.187,-200806000.0
40,IT,MRT,2011-06-30,2011-06-30,2011-06-30,2021-08-03,14363000.0,1295972000.0,1273344250.0,625609000.0,670363000.0,1.079,2.228,-23461000.0,125341000.0,125341000.0,576633000.0,118183000.0,0.783,5.005,220000000.0,55000000.0,165000000.0,220000000.0,572053000.0,34941000.0,0.0,0.0,0.0,182716000.0,217657000.0,0.158,217657000.0,182716000.0,166927000.0,1.23,1.17,1.23,215819000.0,191782000.0,215819000.0,4064776370.0,22.0,18.675,184359000.0,1.903,1.0,796903000.0,0.58,524564000.0,15789000.0,66700000.0,40933250.0,0.0,0.0,0.0,0.0,1080153000.0,799367000.0,280786000.0,3918612370.0,-8639000.0,0.0,-83698000.0,-141783000.0,0.0,-192998000.0,-23461000.0,0.0,207820000.0,11616000.0,118183000.0,118183000.0,118183000.0,0.0,0.0,0.086,613717000.0,183186000.0,172314000.0,0.0,18.157,33.157,32.756,52922000.0,0.0,40.29,2.853,2.842,360564000.0,667091000.0,1373536000.0,1373536000.0,0.0,0.093,0.616,4.464,0.133,1110000.0,576714000.0,1.0,97260173.0,96886000,99340000.0,14.177,771408000.0,0.0,48744000.0,0.0,7.962,-173758000.0
41,IT,MRT,2011-03-31,2011-03-31,2011-03-31,2021-08-03,16288000.0,1275374000.0,1242919000.0,616240000.0,659134000.0,1.064,2.178,-21987000.0,109003000.0,109003000.0,562508000.0,106073000.0,0.786,5.072,255167000.0,82667000.0,172500000.0,255167000.0,558034000.0,35162000.0,0.0,0.0,0.0,165306000.0,200468000.0,0.152,200468000.0,165306000.0,149134000.0,1.11,1.05,1.11,210030000.0,164572500.0,210030000.0,4100019520.0,25.0,20.452,166815000.0,1.73,1.0,759680000.0,0.575,525735000.0,16172000.0,111585000.0,22746250.0,0.0,0.0,0.0,0.0,1065344000.0,784218000.0,281126000.0,4000044520.0,-2140000.0,-455000.0,-85673000.0,-116616000.0,0.0,-168500000.0,-22442000.0,0.0,188802000.0,5230000.0,106073000.0,106073000.0,106073000.0,0.0,0.0,0.08,593832000.0,165848000.0,143517000.0,0.0,19.045,37.71,37.541,45443000.0,0.0,41.67,3.025,3.039,345035000.0,634868000.0,1322188000.0,1322188000.0,0.0,0.085,0.645,7.267,0.125,-1152000.0,554278000.0,1.0,95993389.0,96442000,99451000.0,13.71,749639000.0,0.0,43061000.0,0.0,7.773,-167978000.0
42,IT,MRT,2010-12-31,2010-12-31,2010-12-31,2021-08-03,14638000.0,1285658000.0,1219282250.0,621102000.0,664556000.0,1.057,1.954,-21694000.0,120181000.0,120181000.0,552238000.0,96285000.0,0.766,5.873,220156000.0,40156000.0,180000000.0,220156000.0,523263000.0,35874000.0,0.0,0.0,0.0,150857000.0,186731000.0,0.145,186731000.0,150857000.0,134085000.0,1.01,0.96,1.01,187056000.0,141053000.0,187056000.0,3342694777.0,22.0,17.901,183805000.0,1.92,1.0,736216000.0,0.571,523849000.0,16772000.0,50632000.0,1980750.0,0.0,0.0,0.0,0.0,1098602000.0,811152000.0,287450000.0,3191106777.0,98000.0,-12151000.0,-76293000.0,-113627000.0,0.0,-171556000.0,-33845000.0,0.0,205499000.0,3509000.0,96285000.0,96285000.0,96285000.0,0.0,0.0,0.075,586951000.0,149265000.0,247733000.0,0.0,17.06,33.142,32.871,47614000.0,0.0,33.2,2.477,2.467,364818000.0,605677000.0,1288454000.0,1288454000.0,0.0,0.079,0.683,76.162,0.117,14270000.0,543174000.0,1.0,96117674.0,95747000,99834000.0,13.457,761809000.0,0.0,37800000.0,0.0,7.956,-190050000.0
43,IT,MRT,2010-09-30,2010-09-30,2010-09-30,2021-08-03,14496000.0,1236373000.0,1201687500.0,571848000.0,664525000.0,1.028,1.615,-16228000.0,148412000.0,148412000.0,533778000.0,85307000.0,0.617,7.017,300000000.0,248500000.0,51500000.0,300000000.0,496348000.0,33839000.0,0.0,0.0,0.0,139087000.0,172926000.0,0.14,172926000.0,139087000.0,125761000.0,0.89,0.85,0.89,154223000.0,122422750.0,154223000.0,3040550771.0,22.0,17.583,154444000.0,1.618,1.0,701199000.0,0.568,525768000.0,13326000.0,-65184000.0,-12725500.0,0.0,0.0,0.0,0.0,1082150000.0,927377000.0,154773000.0,2805914771.0,32756000.0,-116674000.0,-53296000.0,35000000.0,0.0,-5014000.0,-132902000.0,0.0,170672000.0,2878000.0,85307000.0,85307000.0,85307000.0,0.0,0.0,0.069,563264000.0,137935000.0,182529000.0,0.0,18.194,32.892,33.079,44272000.0,0.0,29.44,2.272,2.276,299987000.0,568983000.0,1234977000.0,1234977000.0,0.0,0.071,0.697,-10.93,0.113,16605000.0,519401000.0,1.0,95309605.0,95473000,98797000.0,12.935,710605000.0,0.0,40454000.0,0.0,7.443,-355529000.0
44,IT,MRT,2010-06-30,2010-06-30,2010-06-30,2021-08-03,6463000.0,1174271000.0,1141804250.0,517967000.0,656304000.0,1.057,1.118,-14389000.0,122364000.0,122364000.0,526001000.0,85299000.0,0.58,9.976,357000000.0,279750000.0,77250000.0,357000000.0,450152000.0,31893000.0,0.0,0.0,0.0,134091000.0,165984000.0,0.138,165984000.0,134091000.0,118856000.0,0.89,0.86,0.89,106981000.0,102573000.0,106981000.0,2497428124.0,19.0,15.046,146606000.0,1.533,1.0,680323000.0,0.564,522459000.0,15235000.0,-6048000.0,14968000.0,0.0,0.0,0.0,0.0,1067290000.0,892496000.0,174794000.0,2236341124.0,26512000.0,-116674000.0,-53717000.0,40500000.0,0.0,-3420000.0,-131063000.0,0.0,160995000.0,-1112000.0,85299000.0,85299000.0,85299000.0,0.0,0.0,0.071,547630000.0,132693000.0,162594000.0,0.0,20.904,26.218,26.124,45205000.0,0.0,23.25,1.854,1.844,284098000.0,548908000.0,1206324000.0,1206324000.0,0.0,0.075,0.832,8.959,0.111,19152000.0,506962000.0,1.0,96186715.0,95657000,98855000.0,12.611,651812000.0,0.0,33557000.0,0.0,6.814,-374529000.0
45,IT,MRT,2010-03-31,2010-03-31,2010-03-31,2021-08-03,9401000.0,1180827000.0,1091288500.0,534272000.0,646555000.0,1.065,1.212,-14018000.0,105913000.0,105913000.0,504765000.0,82371000.0,0.605,9.184,367000000.0,264000000.0,103000000.0,367000000.0,463236000.0,29659000.0,0.0,0.0,0.0,130133000.0,159792000.0,0.138,159792000.0,130133000.0,114067000.0,0.86,0.84,0.86,115952000.0,84855500.0,115952000.0,2345795998.0,18.0,14.68,125126000.0,1.308,1.0,657335000.0,0.566,530937000.0,16066000.0,28523000.0,48125500.0,0.0,0.0,0.0,0.0,1064875000.0,882454000.0,182421000.0,2133369998.0,29363000.0,-116219000.0,-16117000.0,29000000.0,0.0,20456000.0,-130237000.0,0.0,139144000.0,6287000.0,82371000.0,82371000.0,82371000.0,0.0,0.0,0.071,528111000.0,129224000.0,155218000.0,0.0,18.399,25.9,25.86,48090000.0,0.0,22.24,1.836,1.831,303165000.0,528795000.0,1162100000.0,1162100000.0,0.0,0.075,0.971,2.704,0.112,20860000.0,492007000.0,1.0,95924910.0,95693000,99649000.0,12.144,649890000.0,0.0,31696000.0,0.0,6.791,-348182000.0
46,IT,MRT,2009-12-31,2009-12-31,2009-12-31,2021-08-03,11322000.0,1215279000.0,1033254500.0,557825000.0,657454000.0,1.103,1.189,-15142000.0,116574000.0,116574000.0,498363000.0,82964000.0,0.621,9.799,329000000.0,205000000.0,124000000.0,329000000.0,437207000.0,27023000.0,0.0,0.0,0.0,132388000.0,159411000.0,0.14,159411000.0,132388000.0,115526000.0,0.88,0.85,0.88,112535000.0,56985500.0,112535000.0,1875995594.0,14.0,11.768,146795000.0,1.551,1.0,641437000.0,0.563,537725000.0,16862000.0,-8193000.0,84946000.0,0.0,0.0,0.0,0.0,1102744000.0,898173000.0,204571000.0,1723773594.0,-31508000.0,-104523000.0,11078000.0,-87250000.0,0.0,-73780000.0,-119665000.0,0.0,161937000.0,7153000.0,82964000.0,82964000.0,82964000.0,0.0,0.0,0.073,506960000.0,134477000.0,255966000.0,0.0,15.318,20.777,20.5,52466000.0,0.0,18.04,1.512,1.498,317598000.0,509392000.0,1139800000.0,1139800000.0,0.0,0.08,1.456,1.558,0.116,23674000.0,477003000.0,1.0,95552860.0,94658000,97549000.0,12.041,677554000.0,0.0,32562000.0,0.0,7.158,-340348000.0
47,IT,MRT,2009-09-30,2009-09-30,2009-09-30,2021-08-03,10387000.0,996840000.0,1002701000.0,455707000.0,541133000.0,1.155,0.789,-17147000.0,112778000.0,112778000.0,508503000.0,90894000.0,0.655,12.322,265000000.0,120000000.0,145000000.0,265000000.0,401410000.0,27676000.0,0.0,0.0,0.0,149259000.0,176935000.0,0.153,176935000.0,149259000.0,128436000.0,0.96,0.95,0.96,74824000.0,23522750.0,74824000.0,1952934277.0,13.0,11.038,147423000.0,1.554,1.0,649791000.0,0.561,407263000.0,20823000.0,45590000.0,130800500.0,0.0,0.0,0.0,0.0,922016000.0,696209000.0,225807000.0,1733398277.0,-26072000.0,0.0,-15623000.0,-159500000.0,0.0,-173495000.0,-17147000.0,0.0,164570000.0,-6321000.0,90894000.0,90894000.0,90894000.0,0.0,0.0,0.078,501277000.0,148514000.0,174799000.0,0.0,23.166,19.071,19.031,52362000.0,0.0,18.27,1.497,1.496,251050000.0,483676000.0,1158294000.0,1158294000.0,0.0,0.091,3.864,1.141,0.129,20230000.0,473601000.0,1.0,94876753.0,94872000,97657000.0,12.209,589577000.0,0.0,37542000.0,0.0,6.214,-240502000.0
48,IT,MRT,2009-06-30,2009-06-30,2009-06-30,2021-08-03,5912000.0,972208000.0,1032345000.0,435989000.0,536219000.0,1.151,0.383,-19774000.0,96964000.0,96964000.0,518873000.0,89608000.0,0.659,25.923,316500000.0,119250000.0,197250000.0,316500000.0,378536000.0,27724000.0,0.0,0.0,0.0,155687000.0,183411000.0,0.154,183411000.0,155687000.0,134781000.0,0.95,0.93,0.95,36111000.0,1077250.0,36111000.0,1707328669.0,11.0,9.309,145265000.0,1.539,1.0,669658000.0,0.563,403271000.0,20906000.0,126582000.0,165274750.0,0.0,0.0,0.0,0.0,936097000.0,661891000.0,274206000.0,1439591669.0,-19426000.0,0.0,-21043000.0,-153249000.0,0.0,-164691000.0,-19774000.0,0.0,165039000.0,-20507000.0,89608000.0,89608000.0,89608000.0,0.0,0.0,0.075,513983000.0,155675000.0,164105000.0,0.0,39.866,16.065,16.063,55624000.0,0.0,15.26,1.211,1.212,252228000.0,463609000.0,1188531000.0,1188531000.0,0.0,0.087,83.182,0.942,0.131,11190000.0,486259000.0,1.0,94337593.0,94370000,96523000.0,12.594,568937000.0,0.0,45173000.0,0.0,6.029,-225902000.0
49,IT,MRT,2009-03-31,2009-03-31,2009-03-31,2021-08-03,-25000.0,948691000.0,1069524250.0,418210000.0,530481000.0,1.18,0.048,-21328000.0,70263000.0,70263000.0,558251000.0,102323000.0,0.652,211.14,338000000.0,116000000.0,222000000.0,338000000.0,373761000.0,27446000.0,0.0,0.0,0.0,173255000.0,200701000.0,0.159,200701000.0,173255000.0,151400000.0,1.09,1.05,1.09,4472000.0,-18354000.0,4472000.0,1308980658.0,8.0,6.522,163632000.0,1.743,1.0,704248000.0,0.558,399074000.0,21855000.0,175805000.0,190287000.0,0.0,0.0,0.0,0.0,944219000.0,641549000.0,302670000.0,1033659658.0,-4111000.0,-228000.0,-97476000.0,-83801000.0,0.0,-167515000.0,-21556000.0,0.0,184960000.0,-21561000.0,102323000.0,102323000.0,102323000.0,228000.0,0.0,0.081,531759000.0,172489000.0,151788000.0,0.0,231.14,10.102,10.101,57800000.0,0.0,11.01,0.819,0.819,259039000.0,446424000.0,1262499000.0,1262499000.0,0.0,0.096,-5.575,0.91,0.137,7094000.0,504313000.0,1.0,93883711.0,93898000,95763000.0,13.445,549617000.0,0.0,49077000.0,0.0,5.853,-223339000.0
50,IT,MRT,2008-12-31,2008-12-31,2008-12-31,2021-08-03,-1741000.0,1093065000.0,1106301750.0,554524000.0,538541000.0,1.156,-0.224,-24302000.0,140929000.0,140929000.0,572208000.0,103871000.0,0.7,-52.279,416250000.0,177750000.0,238500000.0,416250000.0,395278000.0,27495000.0,0.0,0.0,0.0,173854000.0,201349000.0,0.157,201349000.0,173854000.0,151464000.0,1.09,1.05,1.09,-21316000.0,-23874750.0,-21316000.0,1956522161.0,11.0,9.717,160048000.0,1.68,1.0,706857000.0,0.553,400752000.0,22390000.0,175225000.0,178523250.0,0.0,0.0,0.0,0.0,1114381000.0,792409000.0,321972000.0,1677193161.0,48060000.0,7847000.0,-156115000.0,21449000.0,0.0,-119835000.0,-16455000.0,0.0,184350000.0,-17076000.0,103871000.0,103871000.0,103871000.0,-6723000.0,0.0,0.081,542489000.0,164368000.0,219381000.0,0.0,-78.682,16.147,16.358,61869000.0,0.0,17.83,1.311,1.328,318511000.0,426428000.0,1279065000.0,1279065000.0,0.0,0.094,-4.351,0.974,0.136,5865000.0,514994000.0,1.0,94065797.0,95246000,99028000.0,13.429,692313000.0,0.0,47593000.0,0.0,7.269,-237885000.0
51,IT,MRT,2008-09-30,2008-09-30,2008-09-30,2021-08-03,19449000.0,1115416000.0,1116338000.0,543827000.0,571589000.0,1.142,-0.158,-23831000.0,145171000.0,145171000.0,577868000.0,109044000.0,0.682,-75.57,424500000.0,169500000.0,255000000.0,424500000.0,433862000.0,26968000.0,0.0,0.0,0.0,186644000.0,213612000.0,0.168,213612000.0,186644000.0,163790000.0,1.12,1.06,1.12,-14958000.0,-14171250.0,-14958000.0,2462744161.0,13.0,11.529,179429000.0,1.898,1.0,697032000.0,0.547,414108000.0,22854000.0,183487000.0,165073750.0,0.0,0.0,0.0,0.0,1130374000.0,797150000.0,333224000.0,2129891161.0,26587000.0,7847000.0,-231964000.0,56699000.0,0.0,-160677000.0,-15996000.0,0.0,203260000.0,876000.0,109044000.0,109044000.0,109044000.0,-7495000.0,0.0,0.086,521422000.0,175610000.0,193788000.0,0.0,-142.391,19.532,20.25,64430000.0,0.0,22.68,1.671,1.682,303662000.0,392783000.0,1274900000.0,1274900000.0,0.0,0.098,-7.695,1.131,0.146,8744000.0,494454000.0,1.0,93910545.0,94539000,98552000.0,13.485,701308000.0,0.0,54746000.0,0.0,7.418,-253323000.0
52,IT,MRT,2008-06-30,2008-06-30,2008-06-30,2021-08-03,27384000.0,1120925000.0,1114004500.0,540635000.0,580290000.0,1.118,-0.439,-24680000.0,136897000.0,136897000.0,573449000.0,102757000.0,0.67,-27.936,469750000.0,198250000.0,271500000.0,469750000.0,428059000.0,26905000.0,0.0,0.0,0.0,176482000.0,203387000.0,0.163,203387000.0,176482000.0,153402000.0,1.04,0.98,1.04,-41614000.0,7380750.0,-41614000.0,2284443243.0,13.0,11.232,161807000.0,1.706,1.0,672019000.0,0.54,420352000.0,23080000.0,226631000.0,156706250.0,0.0,0.0,0.0,0.0,1162539000.0,806795000.0,355744000.0,1959378243.0,20692000.0,7847000.0,-264580000.0,108948000.0,0.0,-148953000.0,-16842000.0,0.0,186487000.0,13367000.0,102757000.0,102757000.0,102757000.0,-8326000.0,0.0,0.083,508565000.0,163454000.0,180486000.0,0.0,-47.085,19.068,19.923,66520000.0,0.0,20.72,1.573,1.578,313259000.0,374002000.0,1245468000.0,1245468000.0,0.0,0.092,13.922,1.126,0.142,17211000.0,481660000.0,1.0,94564587.0,94845000,98895000.0,13.132,700573000.0,0.0,50645000.0,0.0,7.387,-266160000.0
53,IT,MRT,2008-03-31,2008-03-31,2008-03-31,2021-08-03,20749000.0,1095801000.0,1103649500.0,520810000.0,574991000.0,1.082,-0.18,-26869000.0,95935000.0,95935000.0,553813000.0,86905000.0,0.597,-63.223,421000000.0,268000000.0,153000000.0,421000000.0,450275000.0,27048000.0,0.0,0.0,0.0,153607000.0,180655000.0,0.151,180655000.0,153607000.0,130089000.0,0.85,0.81,0.85,-17611000.0,37899500.0,-17611000.0,2189686082.0,14.0,12.121,135905000.0,1.39,1.0,640564000.0,0.536,419795000.0,23518000.0,128750000.0,143176000.0,0.0,0.0,0.0,0.0,1113412000.0,872321000.0,241091000.0,1905631082.0,-8969000.0,8075000.0,-181249000.0,16000000.0,0.0,-152949000.0,-18794000.0,0.0,162774000.0,13810000.0,86905000.0,86905000.0,86905000.0,-10623000.0,0.0,0.073,504246000.0,136318000.0,154046000.0,0.0,-108.207,21.928,22.753,64372000.0,0.0,19.34,1.596,1.583,327243000.0,344102000.0,1194377000.0,1194377000.0,0.0,0.079,2.293,1.073,0.129,13007000.0,468114000.0,1.0,98533148.0,97790000,101363000.0,12.214,676006000.0,0.0,43184000.0,0.0,6.913,-351511000.0
54,IT,MRT,2007-12-31,2007-12-31,2007-12-31,2021-08-03,23641000.0,1133210000.0,1094057250.0,557790000.0,575420000.0,1.068,0.169,-24136000.0,109945000.0,109945000.0,546569000.0,73553000.0,0.637,63.762,394000000.0,236500000.0,157500000.0,394000000.0,423522000.0,26389000.0,0.0,0.0,0.0,138450000.0,164839000.0,0.141,164839000.0,138450000.0,113384000.0,0.71,0.68,0.71,17498000.0,51159250.0,17498000.0,2081624477.0,15.0,12.628,124199000.0,1.199,1.0,621906000.0,0.532,419826000.0,25066000.0,121427000.0,158573750.0,0.0,0.0,0.0,0.0,1115712000.0,876012000.0,239700000.0,1832332477.0,30504000.0,0.0,-132364000.0,22743000.0,0.0,-93695000.0,-24136000.0,0.0,148335000.0,11640000.0,73553000.0,73553000.0,73553000.0,-2887000.0,0.0,0.063,492448000.0,129458000.0,215990000.0,0.0,104.717,24.912,24.732,66551000.0,0.0,17.56,1.568,1.557,354926000.0,322557000.0,1168475000.0,1168475000.0,0.0,0.067,1.438,0.873,0.118,9482000.0,456975000.0,1.0,104346952.0,103613000,108328000.0,11.277,713384000.0,0.0,39831000.0,0.0,6.885,-318222000.0
55,IT,MRT,2007-09-30,2007-09-30,2007-09-30,2021-08-03,20706000.0,1106082000.0,1070703000.0,530818000.0,575264000.0,1.033,0.68,-26546000.0,117708000.0,117708000.0,515938000.0,57304000.0,0.675,14.524,367000000.0,205000000.0,162000000.0,367000000.0,402080000.0,25952000.0,0.0,0.0,0.0,109206000.0,135158000.0,0.122,135158000.0,109206000.0,85914000.0,0.53,0.51,0.53,71250000.0,53364250.0,71250000.0,2838109190.0,26.0,20.998,87491000.0,0.835,1.0,590298000.0,0.534,418949000.0,23292000.0,150017000.0,159113500.0,0.0,0.0,0.0,0.0,1034832000.0,786408000.0,248424000.0,2580947190.0,15393000.0,0.0,-237088000.0,145697000.0,0.0,-71726000.0,-26918000.0,0.0,114037000.0,9402000.0,57304000.0,57304000.0,57304000.0,-6049000.0,0.0,0.052,492002000.0,98296000.0,179328000.0,0.0,36.224,45.04,46.151,67094000.0,0.0,24.46,2.333,2.316,314844000.0,283739000.0,1106236000.0,1106236000.0,0.0,0.054,1.074,0.686,0.099,5646000.0,456966000.0,1.0,105517056.0,104728000,109197000.0,10.563,687133000.0,0.0,28610000.0,0.0,6.561,-255590000.0
56,IT,MRT,2007-06-30,2007-06-30,2007-06-30,2021-08-03,18098000.0,1079505000.0,1047581750.0,515658000.0,563847000.0,1.03,0.772,-25565000.0,102838000.0,102838000.0,508126000.0,54418000.0,0.689,12.416,360000000.0,193500000.0,166500000.0,360000000.0,377183000.0,28512000.0,0.0,0.0,0.0,100968000.0,129480000.0,0.12,129480000.0,100968000.0,79051000.0,0.49,0.48,0.49,80461000.0,82219750.0,80461000.0,2872288206.0,28.0,22.183,91413000.0,0.877,1.0,571196000.0,0.529,415569000.0,21917000.0,172510000.0,149745250.0,0.0,0.0,0.0,0.0,999044000.0,748588000.0,250456000.0,2558382206.0,28851000.0,0.0,-211188000.0,128697000.0,0.0,-62092000.0,-26035000.0,0.0,116978000.0,4920000.0,54418000.0,54418000.0,54418000.0,-5218000.0,0.0,0.05,479463000.0,91733000.0,177905000.0,0.0,31.797,47.014,50.184,60653000.0,0.0,24.59,2.37,2.375,303508000.0,271244000.0,1079322000.0,1079322000.0,0.0,0.052,0.662,0.674,0.094,3838000.0,441867000.0,1.0,104041570.0,104259000,109571000.0,10.352,663936000.0,0.0,24633000.0,0.0,6.368,-232930000.0
57,IT,MRT,2007-03-31,2007-03-31,2007-03-31,2021-08-03,13842000.0,1057432000.0,1023894000.0,499767000.0,557665000.0,1.046,0.342,-22534000.0,91094000.0,91094000.0,508567000.0,58614000.0,0.652,28.847,405000000.0,234000000.0,171000000.0,405000000.0,390870000.0,31418000.0,0.0,0.0,0.0,107414000.0,138832000.0,0.13,138832000.0,107414000.0,86416000.0,0.52,0.51,0.52,35428000.0,105913750.0,35428000.0,2794919886.0,26.0,20.132,77403000.0,0.748,1.0,562000000.0,0.525,414385000.0,20998000.0,190341000.0,142417000.0,0.0,0.0,0.0,0.0,1022004000.0,766612000.0,255392000.0,2492720886.0,19980000.0,0.0,-229699000.0,160364000.0,0.0,-56874000.0,-23083000.0,0.0,99937000.0,5474000.0,58614000.0,58614000.0,58614000.0,-3149000.0,0.0,0.055,460111000.0,101889000.0,141742000.0,0.0,70.36,42.528,46.058,58757000.0,0.0,23.95,2.328,2.316,309748000.0,257196000.0,1070567000.0,1070567000.0,0.0,0.057,0.553,0.754,0.1,8386000.0,428693000.0,1.0,104080204.0,103521000,108263000.0,10.342,643047000.0,0.0,27802000.0,0.0,6.212,-266845000.0
58,IT,MRT,2006-12-31,2006-12-31,2006-12-31,2021-08-03,13097000.0,1039793000.0,1004405500.0,484033000.0,555760000.0,1.033,0.233,-21113000.0,67801000.0,67801000.0,490560000.0,58192000.0,0.602,38.509,370000000.0,220000000.0,150000000.0,370000000.0,375881000.0,34197000.0,0.0,0.0,0.0,103693000.0,137890000.0,0.133,137890000.0,103693000.0,84595000.0,0.51,0.5,0.51,26318000.0,135687000.0,26318000.0,2384976586.0,23.0,17.296,85151000.0,0.753,1.0,546739000.0,0.527,414523000.0,19098000.0,123586000.0,131043500.0,0.0,0.0,0.0,0.0,1013475000.0,803883000.0,209592000.0,2257889586.0,-7062000.0,0.0,-223972000.0,123288000.0,0.0,-91525000.0,-21801000.0,0.0,106264000.0,4581000.0,58192000.0,58192000.0,58192000.0,-3934000.0,0.0,0.056,448700000.0,98039000.0,208002000.0,0.0,85.793,38.801,38.804,59715000.0,0.0,19.79,2.177,2.157,328383000.0,249004000.0,1037299000.0,1037299000.0,0.0,0.058,0.429,0.791,0.1,7501000.0,413053000.0,1.0,114092450.0,113071000,116203000.0,9.174,625270000.0,0.0,26403000.0,0.0,5.53,-319850000.0
59,IT,MRT,2006-09-30,2006-09-30,2006-09-30,2021-08-03,12413000.0,1013597000.0,1001111500.0,452947000.0,560650000.0,1.045,1.644,-24256000.0,92913000.0,92913000.0,497603000.0,50432000.0,0.738,4.43,220000000.0,60000000.0,160000000.0,220000000.0,361379000.0,38044000.0,0.0,0.0,0.0,92100000.0,130144000.0,0.124,130144000.0,92100000.0,73979000.0,0.44,0.44,0.44,186672000.0,165754500.0,186672000.0,2167184320.0,24.0,16.652,49988000.0,0.44,1.0,548079000.0,0.524,414757000.0,18121000.0,112544000.0,135248750.0,0.0,0.0,0.0,0.0,826925000.0,613383000.0,213542000.0,2006251320.0,11393000.0,0.0,-19329000.0,-29999000.0,0.0,-39076000.0,-23775000.0,-1300000.0,74244000.0,1061000.0,50432000.0,50432000.0,50432000.0,0.0,0.0,0.048,456159000.0,91920000.0,192004000.0,0.0,10.747,39.781,39.977,57482000.0,0.0,17.59,1.919,1.91,284879000.0,223274000.0,1045682000.0,1045682000.0,0.0,0.05,0.304,0.681,0.088,9878000.0,414631000.0,1.0,114056357.0,113523000,116255000.0,9.211,598840000.0,0.0,23547000.0,0.0,5.275,-160436000.0
60,IT,MRT,2006-06-30,2006-06-30,2006-06-30,2021-08-03,11645000.0,984754000.0,988108250.0,422303000.0,562451000.0,1.042,1.544,-23061000.0,69067000.0,69067000.0,493448000.0,39103000.0,0.721,4.62,230000000.0,60000000.0,170000000.0,230000000.0,339441000.0,38385000.0,0.0,0.0,0.0,77725000.0,116110000.0,0.113,116110000.0,77725000.0,60332000.0,0.34,0.34,0.34,175237000.0,150055500.0,175237000.0,1798106716.0,23.0,15.486,23069000.0,0.203,1.0,536185000.0,0.521,416981000.0,17393000.0,143197000.0,126310500.0,0.0,0.0,0.0,0.0,809517000.0,585509000.0,224008000.0,1620413716.0,-1401000.0,-1572000.0,-9081000.0,-20074000.0,0.0,-25502000.0,-22029000.0,0.0,46130000.0,-12000.0,39103000.0,39103000.0,39103000.0,0.0,0.0,0.038,459042000.0,77143000.0,186068000.0,0.0,9.247,41.44,41.765,57667000.0,0.0,14.2,1.574,1.566,285675000.0,213666000.0,1029633000.0,1029633000.0,0.0,0.04,0.261,0.615,0.075,7895000.0,409147000.0,1.0,114113642.0,113525000,115743000.0,9.07,567773000.0,0.0,21229000.0,0.0,5.001,-163206000.0
61,IT,MRT,2006-03-31,2006-03-31,2006-03-31,2021-08-03,7849000.0,979478000.0,979431000.0,419773000.0,559705000.0,1.042,1.358,-21649000.0,65640000.0,65640000.0,496682000.0,20040000.0,0.705,5.339,243333000.0,68333000.0,175000000.0,243333000.0,355222000.0,38664000.0,0.0,0.0,0.0,49774000.0,88438000.0,0.087,88438000.0,49774000.0,33542000.0,0.17,0.17,0.17,154521000.0,136237750.0,154521000.0,1771931860.0,36.0,20.036,-3007000.0,-0.026,1.0,523427000.0,0.513,416640000.0,16232000.0,144847000.0,116780250.0,0.0,0.0,0.0,0.0,824957000.0,595684000.0,229273000.0,1595546860.0,-89924000.0,-158822000.0,6501000.0,61294000.0,0.0,69195000.0,-177761000.0,0.0,18642000.0,-3157000.0,20040000.0,20040000.0,20040000.0,0.0,0.0,0.02,471741000.0,51686000.0,172129000.0,0.0,10.326,79.618,82.059,57930000.0,0.0,13.95,1.564,1.556,277175000.0,195422000.0,1020109000.0,1020109000.0,0.0,0.02,0.147,0.426,0.049,6245000.0,405173000.0,1.0,114376119.0,113769000,115798000.0,8.966,562838000.0,0.0,13502000.0,0.0,4.947,-175911000.0
62,IT,MRT,2005-12-31,2005-12-31,2005-12-31,2021-08-03,6320000.0,1026617000.0,941842000.0,462119000.0,564498000.0,1.05,1.306,-22356000.0,70282000.0,70282000.0,486611000.0,-2437000.0,0.719,6.003,246667000.0,66667000.0,180000000.0,246667000.0,333065000.0,35728000.0,0.0,0.0,0.0,18652000.0,54380000.0,0.055,54380000.0,18652000.0,5438000.0,-0.02,-0.02,-0.02,146588000.0,126485750.0,146588000.0,1634028851.0,88.0,30.048,4766000.0,0.042,1.0,502393000.0,0.508,419827000.0,13214000.0,140407000.0,105055250.0,0.0,0.0,0.0,0.0,880029000.0,642768000.0,237261000.0,1464487851.0,-83836000.0,-161323000.0,15395000.0,54627000.0,0.0,70022000.0,-180980000.0,0.0,27122000.0,-6008000.0,-2437000.0,-2437000.0,-2437000.0,0.0,0.0,-0.002,477113000.0,25280000.0,243036000.0,0.0,9.991,-600.939,-645.0,61770000.0,0.0,12.9,1.481,1.464,313195000.0,187652000.0,989004000.0,989004000.0,0.0,-0.003,-0.019,0.178,0.019,5502000.0,397252000.0,1.0,113526190.0,112253000,112253000.0,8.81,606790000.0,0.0,7875000.0,0.0,5.406,-180649000.0
63,IT,MRT,2005-09-30,2005-09-30,2005-09-30,2021-08-03,7916000.0,961584000.0,900486250.0,400922000.0,560662000.0,1.061,1.101,-17320000.0,80459000.0,80459000.0,472340000.0,-12010000.0,0.642,6.762,250000000.0,65000000.0,185000000.0,250000000.0,330095000.0,31942000.0,0.0,0.0,0.0,4846000.0,36788000.0,0.039,36788000.0,4846000.0,-7330000.0,-0.11,-0.12,-0.11,123876000.0,122350750.0,123876000.0,1499452256.0,309.0,40.759,12207000.0,0.108,1.0,482773000.0,0.505,429840000.0,12176000.0,76791000.0,102446750.0,0.0,0.0,0.0,0.0,837708000.0,624494000.0,213214000.0,1319862256.0,-81976000.0,-165193000.0,25670000.0,47958000.0,0.0,69096000.0,-180599000.0,1300000.0,29527000.0,5794000.0,-12010000.0,-12010000.0,-12010000.0,0.0,0.0,-0.013,472010000.0,10763000.0,229399000.0,0.0,10.655,-109.897,-106.273,56090000.0,0.0,11.69,1.382,1.377,238744000.0,172842000.0,955113000.0,955113000.0,0.0,-0.013,-0.098,0.047,0.005,3412000.0,384125000.0,1.0,112905240.0,112542000,112542000.0,8.487,531744000.0,0.0,4680000.0,0.0,4.725,-223572000.0
64,IT,MRT,2005-06-30,2005-06-30,2005-06-30,2021-08-03,7689000.0,950045000.0,858662750.0,379420000.0,570625000.0,1.085,1.072,-23180000.0,70480000.0,70480000.0,460432000.0,-10129000.0,0.644,6.919,250070000.0,60019000.0,190051000.0,250070000.0,318775000.0,29069000.0,0.0,0.0,0.0,6903000.0,35972000.0,0.039,35972000.0,6903000.0,-2755000.0,-0.09,-0.1,-0.09,119966000.0,117218500.0,119966000.0,1212808326.0,176.0,33.715,-2315000.0,-0.021,1.0,471258000.0,0.506,435440000.0,9658000.0,105076000.0,115070000.0,0.0,0.0,0.0,0.0,830079000.0,589119000.0,240960000.0,1191529326.0,-227399000.0,-163621000.0,-306561000.0,245212000.0,0.0,-61349000.0,-186915000.0,0.0,20865000.0,6882000.0,-10129000.0,-10129000.0,-10129000.0,0.0,0.0,-0.011,456204000.0,15054000.0,210325000.0,0.0,9.932,-117.635,-118.0,58741000.0,0.0,10.62,1.279,1.275,236823000.0,174564000.0,931690000.0,931690000.0,0.0,-0.012,-0.086,0.06,0.007,6679000.0,374885000.0,1.0,112196735.0,111880000,111880000.0,8.328,514605000.0,0.0,7374000.0,0.0,4.6,-209699000.0
65,IT,MRT,2005-03-31,2005-03-31,2005-03-31,2021-08-03,8887000.0,829122000.0,849960750.0,463870000.0,365252000.0,1.041,1.038,-26162000.0,158721000.0,158721000.0,434301000.0,1718000.0,0.888,6.178,180000000.0,40000000.0,140000000.0,180000000.0,333704000.0,26310000.0,0.0,0.0,0.0,19568000.0,45878000.0,0.052,45878000.0,19568000.0,13598000.0,0.0,-0.01,0.0,115513000.0,193664000.0,115513000.0,1102818856.0,56.0,24.038,11929000.0,0.107,1.0,450677000.0,0.509,230251000.0,5970000.0,97947000.0,77511250.0,0.0,0.0,0.0,0.0,713609000.0,522203000.0,191406000.0,1072944856.0,-110427000.0,-6371000.0,-293012000.0,177177000.0,0.0,-115835000.0,-32683000.0,0.0,38091000.0,6406000.0,1718000.0,1718000.0,1718000.0,0.0,0.0,0.002,424975000.0,25702000.0,148499000.0,,9.289,624.531,,61333000.0,0.0,9.57,1.212,1.204,233284000.0,175383000.0,884978000.0,884978000.0,0.0,0.002,0.009,0.252,0.022,9727000.0,353746000.0,1.0,112115450.0,111324000,111324000.0,7.95,598871000.0,0.0,11880000.0,0.0,5.38,-58333000.0
66,IT,MRT,2004-12-31,2004-12-31,2004-12-31,2021-08-03,12722000.0,861194000.0,870768250.0,487845000.0,373349000.0,1.026,1.052,-25104000.0,160126000.0,160126000.0,434499000.0,16889000.0,0.922,5.622,190000000.0,40000000.0,150000000.0,190000000.0,307696000.0,28337000.0,0.0,0.0,0.0,38842000.0,67179000.0,0.075,67179000.0,38842000.0,34462000.0,0.14,0.13,0.14,130048000.0,263117000.0,130048000.0,1423739265.0,37.0,21.193,23097000.0,0.187,1.0,459322000.0,0.514,231897000.0,4380000.0,129973000.0,40731250.0,0.0,0.0,0.0,0.0,731146000.0,529198000.0,201948000.0,1380380265.0,-77942000.0,-3870000.0,-284346000.0,187177000.0,0.0,-97169000.0,-28974000.0,0.0,48201000.0,8106000.0,16889000.0,16889000.0,16889000.0,0.0,0.0,0.019,416663000.0,42659000.0,181502000.0,0.0,10.614,81.733,89.0,63495000.0,0.0,12.46,1.544,1.723,257689000.0,190089000.0,893821000.0,893821000.0,0.0,0.019,0.064,0.954,0.043,11303000.0,349834000.0,1.0,110784933.0,123603000,126326000.0,7.231,629297000.0,0.0,17573000.0,0.0,5.091,-41353000.0
67,IT,MRT,2004-09-30,2004-09-30,2004-09-30,2021-08-03,3584000.0,794290000.0,885152750.0,430895000.0,363395000.0,0.997,0.849,-31563000.0,156641000.0,156641000.0,420573000.0,18425000.0,0.897,6.686,200000000.0,40000000.0,160000000.0,200000000.0,299929000.0,30382000.0,0.0,0.0,0.0,33896000.0,64278000.0,0.073,64278000.0,33896000.0,31435000.0,0.13,0.12,0.13,103347000.0,324302500.0,103347000.0,1276273105.0,38.0,19.856,135120000.0,1.11,1.0,461781000.0,0.523,229883000.0,2461000.0,127284000.0,-1401500.0,0.0,0.0,0.0,0.0,690943000.0,480482000.0,210461000.0,1567270105.0,-54911000.0,0.0,-286145000.0,197749000.0,0.0,-89578000.0,-32016000.0,-453000.0,166683000.0,4615000.0,18425000.0,18425000.0,18425000.0,0.0,0.0,0.021,423640000.0,38141000.0,140553000.0,0.0,15.165,85.062,89.923,64911000.0,0.0,11.69,1.776,1.613,215587000.0,185588000.0,882354000.0,882354000.0,0.0,0.021,0.057,-24.186,0.038,12356000.0,344320000.0,1.0,134069299.0,121767000,124318000.0,7.246,564407000.0,0.0,13010000.0,0.0,4.635,-49587000.0
68,IT,MRT,2004-06-30,2004-06-30,2004-06-30,2021-08-03,2724000.0,915237000.0,895919750.0,555648000.0,359589000.0,0.979,3.222,-28360000.0,290997000.0,290997000.0,414755000.0,23739000.0,1.265,1.15,0.0,0.0,0.0,0.0,295109000.0,32956000.0,0.0,0.0,0.0,44737000.0,77693000.0,0.089,77693000.0,44737000.0,37104000.0,0.2,0.19,0.2,425748000.0,294608000.0,425748000.0,1479120388.0,33.0,19.038,71110000.0,0.538,1.0,462615000.0,0.527,230149000.0,7633000.0,-45159000.0,50285500.0,0.0,0.0,0.0,0.0,489489000.0,439250000.0,50239000.0,1741862388.0,120577000.0,0.0,50889000.0,220000.0,0.0,49927000.0,-28820000.0,-460000.0,99470000.0,3735000.0,23739000.0,23739000.0,23739000.0,0.0,0.0,0.027,415960000.0,46655000.0,144141000.0,0.0,4.091,73.376,66.1,61388000.0,0.0,13.22,1.985,1.991,214086000.0,185428000.0,877370000.0,877370000.0,0.0,0.026,0.081,0.89,0.051,10066000.0,338399000.0,1.0,131759636.0,132129000,135335000.0,6.64,685088000.0,0.0,13365000.0,0.0,5.185,116398000.0
69,IT,MRT,2004-03-31,2004-03-31,2004-03-31,2021-08-03,4397000.0,912352000.0,867060250.0,550027000.0,362325000.0,0.995,3.018,-28576000.0,262742000.0,262742000.0,403809000.0,25565000.0,1.176,1.32,0.0,0.0,0.0,0.0,316837000.0,35224000.0,0.0,0.0,0.0,54553000.0,89777000.0,0.104,89777000.0,54553000.0,41008000.0,0.28,0.24,0.28,393325000.0,180213750.0,393325000.0,1292698942.0,24.0,14.399,98730000.0,0.758,1.0,459022000.0,0.532,231144000.0,13545000.0,-49173000.0,148074500.0,0.0,0.0,0.0,0.0,519027000.0,467639000.0,51388000.0,1522660942.0,116330000.0,0.0,15278000.0,0.0,0.0,14096000.0,-25072000.0,-1960000.0,127306000.0,10981000.0,25565000.0,25565000.0,25565000.0,0.0,0.0,0.03,408307000.0,50715000.0,150802000.0,0.0,3.871,59.56,41.607,61996000.0,0.0,11.65,1.765,1.759,235699000.0,174400000.0,862831000.0,862831000.0,0.0,0.029,0.142,0.368,0.063,6730000.0,337541000.0,1.0,130700510.0,130311000,133180000.0,6.621,681208000.0,0.0,15443000.0,0.0,5.228,82388000.0
70,IT,MRT,2003-12-31,2003-12-31,2003-12-31,2021-08-03,1310000.0,918732000.0,841698750.0,554300000.0,364432000.0,1.02,4.113,-28928000.0,229962000.0,229962000.0,410666000.0,23589000.0,1.118,1.451,0.0,0.0,0.0,0.0,315524000.0,37320000.0,0.0,0.0,0.0,54830000.0,92150000.0,0.107,92150000.0,54830000.0,35428000.0,0.26,0.25,0.26,374790000.0,73246250.0,374790000.0,1622670388.0,30.0,17.609,107409000.0,1.179,1.0,447780000.0,0.522,231372000.0,19402000.0,-38558000.0,251516500.0,0.0,0.0,0.0,0.0,543942000.0,495956000.0,47986000.0,1461982388.0,107952000.0,0.0,-1779000.0,0.0,0.0,-2961000.0,-25424000.0,-1960000.0,136337000.0,12353000.0,23589000.0,23589000.0,23589000.0,0.0,0.0,0.027,400447000.0,47333000.0,180432000.0,0.0,3.901,61.977,43.5,66541000.0,0.0,11.31,1.703,1.201,266122000.0,173200000.0,858446000.0,858446000.0,0.0,0.028,0.322,0.218,0.064,5002000.0,333411000.0,1.0,129264579.0,91123000,92579000.0,9.421,687360000.0,0.0,11839000.0,0.0,7.543,58344000.0
71,IT,MRT,2003-09-30,2003-09-30,2003-09-30,2021-08-03,-5695000.0,837358000.0,814535750.0,476280000.0,361078000.0,1.037,-0.198,-22267000.0,206937000.0,206937000.0,408751000.0,2398000.0,1.092,-55.265,367625000.0,0.0,367625000.0,367625000.0,301681000.0,40526000.0,0.0,0.0,0.0,28518000.0,69044000.0,0.082,69044000.0,28518000.0,5648000.0,0.03,0.0,0.03,-15431000.0,-27626500.0,-15431000.0,1051840032.0,37.0,15.234,-5186000.0,-0.066,1.0,435567000.0,0.516,227777000.0,22870000.0,334032000.0,357479500.0,0.0,0.0,0.0,0.0,852789000.0,436237000.0,416552000.0,856324032.0,73942000.0,0.0,-24259000.0,-570000.0,0.0,-24829000.0,-18310000.0,-1507000.0,17081000.0,8202000.0,2398000.0,2398000.0,2398000.0,0.0,0.0,0.003,411827000.0,23740000.0,134556000.0,0.0,-55.494,357.099,367.333,61451000.0,0.0,11.02,1.014,1.018,221347000.0,167059000.0,844318000.0,844318000.0,0.0,0.003,-0.087,0.08,0.034,2927000.0,333709000.0,1.0,77706355.0,78026000,128934000.0,10.821,609581000.0,0.0,3250000.0,0.0,7.813,40043000.0
72,IT,MRT,2003-06-30,2003-06-30,2003-06-30,2021-08-03,-5444000.0,799799000.0,809810000.0,435892000.0,363907000.0,1.072,-0.402,-21569000.0,166685000.0,166685000.0,407876000.0,12365000.0,1.036,-26.128,362201000.0,0.0,362201000.0,362201000.0,287645000.0,43318000.0,0.0,0.0,0.0,43905000.0,87223000.0,0.1,87223000.0,43905000.0,20915000.0,0.15,0.07,0.15,-31829000.0,-24991250.0,-31829000.0,825978548.0,19.0,9.47,90518000.0,1.142,1.0,460065000.0,0.53,228447000.0,22990000.0,345997000.0,369935750.0,0.0,0.0,0.0,0.0,831628000.0,420871000.0,410757000.0,604604548.0,48301000.0,-137000.0,-44557000.0,18000.0,0.0,-44777000.0,-19009000.0,-2767000.0,112087000.0,8496000.0,12365000.0,12365000.0,12365000.0,0.0,0.0,0.014,421387000.0,38678000.0,133226000.0,0.0,-18.995,48.896,50.533,63460000.0,0.0,7.58,0.697,0.692,226086000.0,161585000.0,867941000.0,867941000.0,0.0,0.015,-0.495,0.119,0.051,3577000.0,340477000.0,1.0,79763133.0,79234000,127959000.0,10.954,571352000.0,0.0,8550000.0,0.0,7.211,15021000.0
73,IT,MRT,2003-03-31,2003-03-31,2003-03-31,2021-08-03,-11188000.0,810906000.0,811327000.0,450674000.0,360232000.0,1.098,-0.429,-19710000.0,135431000.0,135431000.0,410481000.0,17766000.0,1.019,-24.474,356805000.0,0.0,356805000.0,356805000.0,301361000.0,45038000.0,0.0,0.0,0.0,51663000.0,96701000.0,0.109,96701000.0,51663000.0,28475000.0,0.21,0.1,0.21,-34545000.0,-19842500.0,-34545000.0,800488382.0,15.0,8.278,105312000.0,1.308,1.0,480299000.0,0.539,225513000.0,23188000.0,364595000.0,378879500.0,0.0,0.0,0.0,0.0,845451000.0,442172000.0,403279000.0,558606382.0,51519000.0,-4237000.0,-48051000.0,0.0,0.0,-48289000.0,-25214000.0,-1267000.0,125022000.0,5132000.0,17766000.0,17766000.0,17766000.0,0.0,0.0,0.02,426789000.0,53510000.0,140811000.0,0.0,-16.17,31.442,33.095,64821000.0,0.0,6.95,0.627,0.628,257930000.0,148731000.0,890780000.0,890780000.0,0.0,0.022,-0.895,0.136,0.058,3763000.0,344159000.0,1.0,80375019.0,80492000,80492000.0,11.067,585393000.0,0.0,10709000.0,0.0,7.273,8502000.0
74,IT,MRT,2002-12-31,2002-12-31,2002-12-31,2021-08-03,-11392000.0,810080000.0,813036750.0,441942000.0,368138000.0,1.092,-0.344,-21124000.0,109657000.0,109657000.0,396489000.0,15118000.0,1.003,-29.225,351539000.0,0.0,351539000.0,351539000.0,305887000.0,45655000.0,0.0,0.0,0.0,47491000.0,93146000.0,0.105,93146000.0,47491000.0,24285000.0,0.18,0.18,0.18,-28701000.0,-14488500.0,-28701000.0,975322984.0,21.0,10.471,124702000.0,1.497,1.0,491104000.0,0.553,226114000.0,23206000.0,385294000.0,383440500.0,0.0,0.0,0.0,0.0,838781000.0,440554000.0,398227000.0,753815984.0,77382000.0,-3858000.0,-41955000.0,0.0,0.0,-42193000.0,-26251000.0,-1269000.0,145826000.0,4844000.0,15118000.0,15118000.0,15118000.0,0.0,0.0,0.017,441563000.0,49541000.0,134667000.0,0.0,-26.264,49.862,51.111,71006000.0,0.0,9.2,0.849,0.864,283068000.0,150243000.0,887593000.0,887593000.0,0.0,0.019,-1.043,0.124,0.054,4865000.0,346496000.0,1.0,81936520.0,83329000,85040000.0,10.652,583966000.0,0.0,9167000.0,0.0,7.008,1388000.0
75,IT,MRT,2002-09-30,2002-09-30,2002-09-30,2021-08-03,-14085000.0,818455000.0,817868250.0,448638000.0,369817000.0,1.109,-0.06,-19400000.0,124793000.0,124793000.0,403718000.0,48423000.0,1.041,-168.373,346300000.0,0.0,346300000.0,346300000.0,306978000.0,44453000.0,0.0,0.0,0.0,96280000.0,140733000.0,0.155,140733000.0,96280000.0,73411000.0,0.59,0.42,0.59,-4890000.0,-9751750.0,-4890000.0,901690692.0,9.0,6.407,132175000.0,1.609,1.0,503456000.0,0.555,225158000.0,22869000.0,383857000.0,393056000.0,0.0,0.0,0.0,0.0,823345000.0,430947000.0,392398000.0,670390692.0,86013000.0,-4776000.0,-24881000.0,-15000000.0,0.0,-40119000.0,-25443000.0,-1267000.0,151575000.0,1652000.0,48423000.0,48423000.0,48423000.0,0.0,0.0,0.053,407273000.0,96183000.0,123969000.0,0.0,-137.094,13.844,13.729,76161000.0,0.0,8.1,0.739,0.733,264843000.0,164661000.0,907174000.0,907174000.0,0.0,0.059,-4.966,0.245,0.106,5055000.0,345574000.0,1.0,82764283.0,82128000,128728000.0,11.046,593297000.0,0.0,24988000.0,0.0,7.224,17691000.0
76,IT,MRT,2002-06-30,2002-06-30,2002-06-30,2021-08-03,-14739000.0,805867000.0,823005000.0,437616000.0,368251000.0,1.111,-0.134,-26875000.0,109888000.0,109888000.0,408824000.0,24916000.0,1.015,-72.735,341188000.0,0.0,341188000.0,341188000.0,301143000.0,46882000.0,0.0,0.0,0.0,56182000.0,103064000.0,0.113,103064000.0,56182000.0,33708000.0,0.3,0.18,0.3,-11234000.0,-17158750.0,-11234000.0,1110258516.0,20.0,10.773,112520000.0,1.344,1.0,505577000.0,0.553,224219000.0,22474000.0,381772000.0,401298500.0,0.0,18000.0,18000.0,0.0,817101000.0,431176000.0,385925000.0,852936516.0,67218000.0,2693000.0,-43654000.0,-238000.0,0.0,-48956000.0,-23221000.0,961000.0,139395000.0,3379000.0,24916000.0,24916000.0,24916000.0,-12115000.0,0.0,0.027,430552000.0,75025000.0,130033000.0,0.0,-75.925,34.232,33.667,81322000.0,0.0,10.1,0.933,0.925,258101000.0,149065000.0,914401000.0,914401000.0,0.0,0.03,-1.452,0.14,0.061,3166000.0,350945000.0,1.0,84449160.0,83719000,132299000.0,10.922,581648000.0,0.0,8792000.0,0.0,6.948,6440000.0
77,IT,MRT,2002-03-31,2002-03-31,2002-03-31,2021-08-03,-16397000.0,817745000.0,819998000.0,447471000.0,370274000.0,1.132,-0.155,-38535000.0,78780000.0,78780000.0,417989000.0,-1793000.0,0.945,-63.285,336102000.0,0.0,336102000.0,336102000.0,332917000.0,49920000.0,0.0,0.0,0.0,9637000.0,59557000.0,0.064,59557000.0,9637000.0,-12617000.0,-0.02,-0.08,-0.02,-13129000.0,-15658750.0,-13129000.0,1395398809.0,145.0,23.43,85785000.0,1.014,1.0,510330000.0,0.55,218658000.0,22254000.0,382839000.0,403106250.0,0.0,47000.0,47000.0,0.0,830874000.0,473570000.0,357304000.0,1091691809.0,50907000.0,6793000.0,-24928000.0,-15321000.0,0.0,-45313000.0,-28100000.0,3642000.0,124320000.0,-1210000.0,-1793000.0,-1793000.0,-1793000.0,-13880000.0,0.0,-0.002,473442000.0,36888000.0,140653000.0,0.0,-83.151,-608.863,-645.0,86366000.0,0.0,12.9,1.176,1.176,291597000.0,130810000.0,928319000.0,928319000.0,0.0,-0.002,0.115,0.024,0.01,3867000.0,359713000.0,1.0,84627272.0,84613000,84613000.0,10.971,599087000.0,0.0,-10824000.0,0.0,7.08,-26099000.0
78,IT,MRT,2001-12-31,2001-12-31,2001-12-31,2021-08-03,-14278000.0,829406000.0,824584750.0,447244000.0,382162000.0,1.158,-0.116,-49567000.0,27431000.0,27431000.0,441304000.0,-51057000.0,0.918,-86.032,331138000.0,0.0,331138000.0,331138000.0,325808000.0,52864000.0,0.0,0.0,0.0,-37885000.0,14979000.0,0.016,14979000.0,-37885000.0,-60369000.0,-0.59,-0.65,-0.59,-9754000.0,-9236250.0,-9754000.0,1283042645.0,-34.0,85.656,64532000.0,0.769,1.0,513196000.0,0.538,221970000.0,22484000.0,423756000.0,411034500.0,0.0,75000.0,75000.0,0.0,839160000.0,487387000.0,351773000.0,978970645.0,24756000.0,6653000.0,-22198000.0,-25000000.0,0.0,-52262000.0,-37081000.0,5833000.0,114099000.0,-1380000.0,-51057000.0,-51057000.0,-51057000.0,38318000.0,0.0,-0.053,466916000.0,46280000.0,161579000.0,0.0,-100.366,-19.174,-19.814,94540000.0,0.0,11.69,1.026,1.027,315194000.0,135126000.0,954500000.0,954500000.0,0.0,-0.062,5.528,-0.092,-0.04,2380000.0,367489000.0,1.0,83744281.0,83883000,129578000.0,11.379,607436000.0,0.0,-9312000.0,0.0,7.241,-40143000.0
79,IT,MRT,2001-09-30,2001-09-30,2001-09-30,2021-08-03,-14961000.0,839002000.0,849606500.0,446374000.0,392628000.0,1.133,-0.402,-57546000.0,37128000.0,37128000.0,450471000.0,-66203000.0,0.886,-25.306,341200000.0,15000000.0,326200000.0,341200000.0,351263000.0,53240000.0,0.0,0.0,0.0,-52984000.0,256000.0,0.0,256000.0,-52984000.0,-75375000.0,-0.77,-0.77,-0.77,-34518000.0,10598500.0,-34518000.0,1064485000.0,-20.0,4158.145,15922000.0,0.185,1.0,512413000.0,0.532,222233000.0,22391000.0,416827000.0,405687500.0,0.0,3250000.0,3250000.0,0.0,873520000.0,504014000.0,369506000.0,777395000.0,9987000.0,-1510000.0,-28798000.0,15000000.0,0.0,-18862000.0,-44619000.0,14437000.0,73468000.0,-354000.0,-66203000.0,-66203000.0,-66203000.0,52118000.0,0.0,-0.069,469899000.0,42514000.0,137751000.0,0.0,-22.521,-11.743,-11.753,100288000.0,0.0,9.05,0.807,0.807,300306000.0,116083000.0,962884000.0,962884000.0,0.0,-0.078,-6.246,-0.131,-0.055,2482000.0,370096000.0,1.0,85900000.0,85862000,85862000.0,11.214,616769000.0,0.0,-9172000.0,0.0,7.183,-57640000.0
80,IT,MRT,2001-06-30,2001-06-30,2001-06-30,2021-08-03,-14787000.0,793839000.0,882946250.0,409281000.0,384558000.0,1.085,-0.061,-64710000.0,39291000.0,39291000.0,452875000.0,-54224000.0,0.886,-152.67,326381000.0,5000000.0,321381000.0,326381000.0,332047000.0,50011000.0,0.0,0.0,0.0,-23658000.0,26353000.0,0.027,26353000.0,-23658000.0,-46138000.0,-0.62,-0.63,-0.62,-5234000.0,37933000.0,-5234000.0,1259649263.0,-53.0,47.799,20873000.0,0.242,1.0,505502000.0,0.527,230111000.0,22480000.0,389003000.0,402576000.0,0.0,8000.0,8000.0,0.0,799073000.0,461815000.0,337258000.0,954502263.0,41059000.0,-13930000.0,5107000.0,-31673000.0,0.0,-30559000.0,-13965000.0,64675000.0,85583000.0,-3963000.0,-54224000.0,-54224000.0,-54224000.0,73906000.0,0.0,-0.057,453169000.0,52333000.0,124768000.0,0.0,-182.366,-17.603,-17.742,103401000.0,0.0,11.0,0.996,0.991,279862000.0,124149000.0,958377000.0,958377000.0,0.0,-0.061,-1.429,-0.059,-0.025,5112000.0,372074000.0,1.0,86772933.0,86341000,86341000.0,11.1,563728000.0,0.0,8086000.0,0.0,6.529,-52534000.0
81,IT,MRT,2001-03-31,2001-03-31,2001-03-31,2021-08-03,-18334000.0,836092000.0,920518000.0,441751000.0,394341000.0,1.009,0.145,-60820000.0,31440000.0,31440000.0,440630000.0,-43388000.0,0.9,65.563,336587000.0,20000000.0,316587000.0,336587000.0,360091000.0,46543000.0,0.0,0.0,0.0,7522000.0,54065000.0,0.058,54065000.0,7522000.0,-16835000.0,-0.49,-0.5,-0.49,12561000.0,60276250.0,12561000.0,900006237.0,120.0,16.647,15229000.0,0.176,1.0,488497000.0,0.526,235971000.0,24357000.0,414552000.0,395597500.0,0.0,4036000.0,4036000.0,0.0,823531000.0,490716000.0,332815000.0,582417237.0,25650000.0,-13231000.0,-12628000.0,-43741000.0,0.0,-61723000.0,11324000.0,85375000.0,76049000.0,-3125000.0,-43388000.0,-43388000.0,-43388000.0,85159000.0,0.0,-0.047,412619000.0,75878000.0,110625000.0,0.0,46.367,-13.423,-13.755,99860000.0,0.0,6.74,0.627,0.628,312555000.0,132601000.0,929127000.0,929127000.0,0.0,-0.047,-0.72,0.019,0.008,5778000.0,366076000.0,1.0,86412053.0,86551000,86551000.0,10.735,600121000.0,0.0,26553000.0,0.0,6.934,-48965000.0
82,IT,MRT,2000-12-31,2000-12-31,2000-12-31,2021-08-03,-7876000.0,929493000.0,946102500.0,456638000.0,472855000.0,0.946,0.809,-58544000.0,24320000.0,24320000.0,416770000.0,12979000.0,0.856,12.358,341909000.0,30000000.0,311909000.0,341909000.0,350840000.0,42705000.0,0.0,0.0,0.0,73837000.0,116542000.0,0.13,116542000.0,73837000.0,49149000.0,0.16,0.15,0.16,69585000.0,75877500.0,69585000.0,843649765.0,11.0,7.239,5226000.0,0.061,1.0,478399000.0,0.534,311524000.0,24688000.0,402368000.0,393093250.0,0.0,15036000.0,15036000.0,0.0,859908000.0,533190000.0,326718000.0,598093765.0,1492000.0,-90673000.0,-10525000.0,15000000.0,0.0,-879000.0,-61399000.0,87818000.0,63770000.0,-3526000.0,12979000.0,12979000.0,12979000.0,41378000.0,0.0,0.014,397680000.0,80719000.0,152350000.0,0.0,8.595,46.082,43.188,97380000.0,0.0,6.91,0.668,0.664,340396000.0,186183000.0,895169000.0,895169000.0,0.0,0.014,0.171,0.188,0.082,6534000.0,354975000.0,1.0,86554814.0,86048000,86816000.0,10.403,617969000.0,0.0,36170000.0,0.0,7.182,-76552000.0
83,IT,MRT,2000-09-30,2000-09-30,2000-09-30,2021-08-03,-1000.0,972361000.0,915914000.0,578774000.0,393587000.0,0.942,0.864,-54565000.0,61698000.0,61698000.0,395603000.0,25546000.0,1.004,11.996,307254000.0,0.0,307254000.0,307254000.0,384966000.0,40843000.0,0.0,0.0,0.0,85741000.0,126584000.0,0.147,126584000.0,85741000.0,60841000.0,0.3,0.29,0.3,74820000.0,74311500.0,74820000.0,1281658007.0,15.0,10.125,49766000.0,0.575,1.0,466848000.0,0.541,237105000.0,24900000.0,404381000.0,384805500.0,0.0,35404000.0,35404000.0,0.0,897541000.0,576431000.0,321110000.0,997276007.0,6731000.0,-115162000.0,-36769000.0,50000000.0,0.0,1038000.0,-98638000.0,71089000.0,104331000.0,-3831000.0,25546000.0,25546000.0,25546000.0,27578000.0,0.0,0.03,382717000.0,84131000.0,191465000.0,0.0,13.329,39.038,38.733,88402000.0,0.0,11.62,1.156,1.166,323849000.0,182286000.0,862451000.0,862451000.0,0.0,0.028,0.344,0.223,0.099,6330000.0,341874000.0,1.0,85824097.0,86564000,89108000.0,9.963,735256000.0,0.0,35295000.0,0.0,8.494,2343000.0
84,IT,MRT,2000-06-30,2000-06-30,2000-06-30,2021-08-03,19982000.0,944126000.0,873684750.0,487948000.0,456178000.0,0.943,0.975,-43287000.0,53304000.0,53304000.0,371893000.0,24557000.0,0.886,10.221,337686000.0,35000000.0,302686000.0,337686000.0,336594000.0,37793000.0,0.0,0.1,1.194,76558000.0,114351000.0,0.139,114351000.0,76558000.0,55974000.0,0.29,0.28,0.29,84139000.0,74228000.0,84139000.0,1337866356.0,17.0,11.7,103180000.0,1.196,1.0,452015000.0,0.549,316910000.0,20584000.0,361089000.0,351102750.0,0.0,60549000.0,60549000.0,0.0,859987000.0,550509000.0,309478000.0,1047352356.0,-143344000.0,-127636000.0,-379849000.0,326748000.0,-125016000.0,-201803000.0,-88008000.0,82915000.0,146467000.0,-1366000.0,24557000.0,24557000.0,24557000.0,17905000.0,0.0,0.03,378219000.0,73796000.0,178915000.0,4.117,12.448,42.65,41.379,79719000.0,0.0,12.0,1.271,1.257,277569000.0,178372000.0,823908000.0,823908000.0,0.0,0.028,0.331,0.218,0.093,18365000.0,321751000.0,1.0,87279363.0,86291000,88757000.0,9.548,627216000.0,0.0,31417000.0,0.0,7.269,-62561000.0
85,IT,MRT,2000-03-31,2000-03-31,2000-03-31,2021-08-03,-4385000.0,938430000.0,864063750.0,420235000.0,518195000.0,0.913,0.861,-39782000.0,69486000.0,69486000.0,343355000.0,48591000.0,0.843,11.518,360000000.0,0.0,360000000.0,360000000.0,348442000.0,35307000.0,0.0,0.076,1.194,99577000.0,134884000.0,0.171,134884000.0,99577000.0,86390000.0,0.51,0.5,0.51,74966000.0,186565500.0,74966000.0,1632966022.0,16.0,12.106,102862000.0,1.182,1.0,445386000.0,0.565,326092000.0,13187000.0,404535000.0,289512000.0,0.0,0.0,0.0,0.0,863464000.0,498317000.0,365147000.0,1393354022.0,-113735000.0,-142297000.0,-356572000.0,354137000.0,-125016000.0,-145219000.0,-111160000.0,70919000.0,142644000.0,-521000.0,48591000.0,48591000.0,48591000.0,8417000.0,0.0,0.062,353538000.0,91848000.0,149875000.0,2.341,18.586,28.675,30.882,73958000.0,0.0,15.75,1.767,1.738,295713000.0,175989000.0,788741000.0,788741000.0,0.0,0.056,0.26,0.344,0.126,16335000.0,298058000.0,1.0,88466922.0,87040000,90512000.0,9.062,612338000.0,0.0,37799000.0,0.0,7.035,-78082000.0
86,IT,MRT,1999-12-31,1999-12-31,1999-12-31,2021-08-03,-6153000.0,808739000.0,853555750.0,388788000.0,419951000.0,0.898,0.715,-34065000.0,70388000.0,70388000.0,315936000.0,74645000.0,0.904,11.772,310000000.0,0.0,310000000.0,310000000.0,294350000.0,33137000.0,0.0,0.078,1.194,124012000.0,157149000.0,0.205,157149000.0,124012000.0,117008000.0,0.76,0.74,0.76,63321000.0,292575250.0,63321000.0,1500799010.0,12.0,9.55,110587000.0,1.249,1.0,450815000.0,0.588,248910000.0,7004000.0,369217000.0,217142250.0,0.0,0.0,0.0,0.0,745418000.0,430224000.0,315194000.0,1339693010.0,-71999000.0,-71846000.0,-356049000.0,305075000.0,-125016000.0,-188754000.0,-27897000.0,78014000.0,144652000.0,-696000.0,74645000.0,74645000.0,74645000.0,0.0,0.0,0.097,332219000.0,118596000.0,135874000.0,1.571,21.157,17.948,20.066,66273000.0,0.0,15.25,1.747,1.761,269165000.0,173202000.0,766751000.0,766751000.0,0.0,0.087,0.255,0.571,0.162,15796000.0,274483000.0,1.0,87848722.0,88537000,90672000.0,8.66,559829000.0,0.0,42363000.0,0.0,6.323,-41436000.0
87,IT,MRT,1999-09-30,1999-09-30,1999-09-30,2021-08-03,-3830000.0,803444000.0,861416000.0,432184000.0,371260000.0,0.852,0.731,-31747000.0,88894000.0,88894000.0,293612000.0,88271000.0,0.916,9.787,250000000.0,0.0,250000000.0,250000000.0,354517000.0,31633000.0,0.0,0.075,1.194,140519000.0,172152000.0,0.234,172152000.0,140519000.0,139247000.0,0.87,0.84,0.87,74486000.0,389936000.0,74486000.0,1459505728.0,10.0,8.478,112168000.0,1.101,1.0,440622000.0,0.6,223100000.0,1272000.0,269570000.0,157393250.0,0.0,0.0,0.0,0.0,728958000.0,471880000.0,257078000.0,1670709728.0,-68796000.0,-57769000.0,-322944000.0,245075000.0,-125016000.0,-213785000.0,1074000.0,90590000.0,143915000.0,-54000.0,88271000.0,88271000.0,88271000.0,0.0,0.0,0.12,307254000.0,133368000.0,117363000.0,1.372,22.43,18.927,18.391,63592000.0,0.0,16.0,2.275,2.22,282047000.0,156740000.0,734234000.0,734234000.0,0.0,0.102,0.226,0.893,0.191,15096000.0,252195000.0,1.0,104419358.0,101881000,104603000.0,7.207,580344000.0,0.0,50976000.0,0.0,5.696,-39696000.0
88,IT,MRT,1999-06-30,1999-06-30,1999-06-30,2021-08-03,-4852000.0,905642000.0,868772750.0,556685000.0,348957000.0,0.824,5.118,-29032000.0,211204000.0,211204000.0,280645000.0,104967000.0,1.498,0.698,0.0,0.0,0.0,0.0,290282000.0,30695000.0,0.0,0.0,0.0,165345000.0,196040000.0,0.274,196040000.0,165345000.0,167718000.0,1.02,1.0,1.02,533489000.0,475049000.0,533489000.0,1941736232.0,12.0,9.905,122847000.0,1.179,1.0,435454000.0,0.608,208152000.0,-2373000.0,114726000.0,116127250.0,0.0,72775000.0,69500000.0,3275000.0,372153000.0,371560000.0,593000.0,2126849232.0,70995000.0,-62015000.0,7916000.0,0.0,0.0,-25024000.0,-55860000.0,35187000.0,151879000.0,-9000.0,104967000.0,104967000.0,104967000.0,0.0,0.0,0.147,275605000.0,159849000.0,81871000.0,0.0,3.987,20.262,20.098,58783000.0,0.0,20.5,2.97,2.984,238241000.0,278830000.0,716099000.0,716099000.0,0.0,0.121,0.221,1.424,0.231,47273000.0,240786000.0,1.0,103748743.0,104229000,106838000.0,6.87,697490000.0,0.0,62751000.0,0.0,6.692,185125000.0
89,IT,MRT,1999-03-31,1999-03-31,1999-03-31,2021-08-03,-3492000.0,896398000.0,835697750.0,549555000.0,346843000.0,0.827,4.82,-26594000.0,185113000.0,185113000.0,269079000.0,101533000.0,1.386,0.796,0.0,0.0,0.0,0.0,300930000.0,29676000.0,0.0,0.0,0.0,162297000.0,191973000.0,0.278,191973000.0,162297000.0,164670000.0,1.0,0.97,1.0,499005000.0,445437500.0,499005000.0,2159512447.0,13.0,11.249,146303000.0,1.413,1.0,422354000.0,0.611,199745000.0,-2373000.0,115056000.0,118758750.0,0.0,85595000.0,71364000.0,14231000.0,397393000.0,396484000.0,909000.0,2302595447.0,46172000.0,-55265000.0,9932000.0,0.0,0.0,-36996000.0,-89729000.0,-7870000.0,172897000.0,247000.0,101533000.0,101533000.0,101533000.0,0.0,0.0,0.147,265181000.0,157173000.0,96463000.0,0.0,4.614,22.678,22.56,56068000.0,0.0,22.56,3.33,3.378,248328000.0,252413000.0,691433000.0,691433000.0,0.0,0.121,0.228,1.367,0.235,47490000.0,232879000.0,1.0,102065401.0,103535000,106805000.0,6.678,696653000.0,0.0,63137000.0,0.0,6.729,153071000.0
90,IT,MRT,1998-12-31,1998-12-31,1998-12-31,2021-08-03,-1222000.0,840180000.0,799444250.0,511857000.0,328323000.0,0.838,4.462,-25973000.0,143083000.0,143083000.0,260860000.0,92791000.0,1.324,0.856,0.0,0.0,0.0,0.0,270160000.0,28578000.0,0.0,0.0,0.0,153610000.0,182188000.0,0.272,182188000.0,153610000.0,155992000.0,0.92,0.89,0.92,452764000.0,415263500.0,452764000.0,2002265439.0,13.0,10.99,135468000.0,1.335,1.0,408810000.0,0.61,180348000.0,-2382000.0,130221000.0,115838500.0,0.0,97849000.0,79001000.0,18848000.0,387416000.0,386528000.0,888000.0,2160009439.0,-5061000.0,-58135000.0,16019000.0,0.0,0.0,-25132000.0,-141370000.0,-57262000.0,161441000.0,870000.0,92791000.0,92791000.0,92791000.0,0.0,0.0,0.139,260164000.0,148646000.0,117256000.0,0.0,4.771,23.278,23.098,53808000.0,0.0,21.25,3.225,3.22,244025000.0,223573000.0,669670000.0,669670000.0,0.0,0.116,0.223,1.326,0.229,47273000.0,224273000.0,1.0,101647503.0,101479000,104516000.0,6.599,659832000.0,0.0,63201000.0,0.0,6.502,125329000.0
91,IT,MRT,1998-09-30,1998-09-30,1998-09-30,2021-08-03,-2155000.0,832871000.0,758559250.0,511079000.0,321792000.0,0.846,4.141,-24269000.0,157744000.0,157744000.0,247913000.0,88347000.0,1.232,1.007,0.0,0.0,0.0,0.0,288013000.0,27266000.0,0.0,0.0,0.0,151215000.0,178481000.0,0.278,178481000.0,151215000.0,151121000.0,0.88,0.84,0.88,414938000.0,385727500.0,414938000.0,1980862372.0,13.0,11.098,120799000.0,1.206,1.0,394044000.0,0.614,155786000.0,94000.0,104506000.0,97027000.0,0.0,104550000.0,60940000.0,43610000.0,417933000.0,414835000.0,3098000.0,2121080372.0,15511000.0,-45418000.0,27684000.0,0.0,0.0,15639000.0,-145196000.0,-73034000.0,145068000.0,-182000.0,88347000.0,88347000.0,88347000.0,0.0,0.0,0.138,249995000.0,144049000.0,126822000.0,0.0,5.112,24.009,23.727,50801000.0,0.0,20.88,3.304,3.259,239243000.0,193485000.0,641957000.0,641957000.0,0.0,0.116,0.229,1.558,0.236,47273000.0,215416000.0,1.0,101584309.0,100194000,105699000.0,6.407,677085000.0,0.0,62774000.0,0.0,6.758,96244000.0
92,IT,MRT,1998-06-30,1998-06-30,1998-06-30,2021-08-03,-3110000.0,773342000.0,711669500.0,455960000.0,317382000.0,0.862,4.098,-24931000.0,140218000.0,140218000.0,239981000.0,86158000.0,1.28,0.863,0.0,0.0,0.0,0.0,255128000.0,38097000.0,0.0,0.0,0.0,143206000.0,181303000.0,0.295,181303000.0,143206000.0,143206000.0,0.87,0.82,0.87,415043000.0,349460500.0,415043000.0,3384451150.0,24.0,18.667,61619000.0,0.608,1.0,373641000.0,0.609,151583000.0,0.0,125252000.0,70530250.0,0.0,109962000.0,50822000.0,59140000.0,358299000.0,356289000.0,2010000.0,3523145150.0,-20284000.0,-48608000.0,41640000.0,0.0,0.0,65805000.0,-172639000.0,-96628000.0,86550000.0,-1268000.0,86158000.0,86158000.0,86158000.0,0.0,0.0,0.14,239319000.0,134322000.0,96721000.0,0.0,8.489,40.892,40.23,50548000.0,0.0,35.0,5.742,5.776,213722000.0,173863000.0,613622000.0,613622000.0,0.0,0.121,0.247,2.03,0.233,0.0,204928000.0,1.0,100661290.0,101272000,106477000.0,6.059,621759000.0,0.0,57048000.0,0.0,6.139,99671000.0
93,IT,MRT,1998-03-31,1998-03-31,1998-03-31,2021-08-03,-2731000.0,751384000.0,,474223000.0,277161000.0,,3.801,-24370000.0,138694000.0,138694000.0,225571000.0,81631000.0,1.282,0.986,0.0,0.0,0.0,0.0,272863000.0,31010000.0,0.0,0.0,0.0,136543000.0,167553000.0,0.289,167553000.0,136543000.0,136543000.0,0.83,0.78,0.83,378309000.0,,378309000.0,3556973953.0,26.0,21.229,33877000.0,0.34,1.0,353408000.0,0.61,139351000.0,0.0,103375000.0,,0.0,78290000.0,43803000.0,34487000.0,373075000.0,369964000.0,3111000.0,3704247953.0,-4169000.0,-44942000.0,37648000.0,0.0,0.0,84807000.0,-147223000.0,-68172000.0,58247000.0,-626000.0,81631000.0,81631000.0,81631000.0,0.0,0.0,0.141,225706000.0,127702000.0,93636000.0,0.0,9.792,45.378,45.036,48903000.0,0.0,37.38,6.398,6.425,243590000.0,150881000.0,578979000.0,578979000.0,0.0,,,,0.236,0.0,193837000.0,1.0,99097056.0,99516000,105486000.0,5.818,612033000.0,0.0,54912000.0,0.0,6.15,104259000.0
94,IT,MRT,1997-12-31,1997-12-31,1997-12-31,2021-08-03,-2289000.0,676640000.0,,439356000.0,237284000.0,,3.42,-22951000.0,147274000.0,147274000.0,218695000.0,79732000.0,1.3,1.022,0.0,0.0,0.0,0.0,249215000.0,24325000.0,0.0,0.0,0.0,134385000.0,158710000.0,0.289,158710000.0,134385000.0,134385000.0,0.82,0.77,0.82,334620000.0,,334620000.0,,,,44769000.0,0.458,1.0,329844000.0,0.601,136304000.0,0.0,54975000.0,,0.0,47144000.0,29192000.0,17952000.0,342020000.0,338087000.0,3933000.0,3691365336.0,25690000.0,-39843000.0,30800000.0,0.0,0.0,72121000.0,-114151000.0,-41923000.0,67720000.0,-2113000.0,79732000.0,79732000.0,79732000.0,0.0,0.0,0.145,203605000.0,126239000.0,86976000.0,0.0,11.032,46.297,45.427,44899000.0,0.0,37.25,6.729,6.644,216114000.0,130782000.0,548539000.0,548539000.0,0.0,,,,0.245,0.0,183371000.0,1.0,99097056.0,97838000,104412000.0,5.607,540336000.0,0.0,54653000.0,0.0,5.523,101269000.0
95,IT,MRT,1997-09-30,1997-09-30,1997-09-30,2021-08-03,-1098000.0,645312000.0,,425608000.0,219704000.0,,2.848,-21513000.0,142415000.0,142415000.0,202815000.0,73130000.0,1.144,1.391,0.0,0.0,0.0,0.0,257330000.0,18201000.0,0.0,0.0,0.0,123873000.0,142074000.0,0.278,142074000.0,123873000.0,123873000.0,0.77,0.71,0.77,269870000.0,,269870000.0,,,,65644000.0,0.693,1.0,308424000.0,0.603,132195000.0,0.0,-1481000.0,,0.0,46330000.0,28639000.0,17691000.0,375442000.0,372183000.0,3259000.0,,47495000.0,-33306000.0,19809000.0,0.0,0.0,44638000.0,-84300000.0,-22318000.0,87157000.0,-1835000.0,73130000.0,73130000.0,73130000.0,0.0,0.0,0.143,191811000.0,116613000.0,102390000.0,0.0,,,38.961,44102000.0,0.0,30.0,,5.56,205760000.0,105138000.0,511239000.0,511239000.0,0.0,,,,0.242,0.0,173610000.0,1.0,,94742000,102751000.0,5.396,513117000.0,0.0,50743000.0,0.0,5.416,53425000.0
96,IT,MRT,1997-06-30,1997-06-30,1997-06-30,2021-08-03,,,,,,,,,,,,,,,,,,,,,,0.0,0.0,,,,,,,,,,,,,,,,,,1.0,,,,,,,,,,,,,,,,,,,,,,,,,,,,,,,,,,,,,,,,35.94,,,,,,,,,,,,,,1.0,,95326000,,,,,,,,
97,IT,MRT,1997-03-31,1997-03-31,1997-03-31,2021-08-03,,,,,,,,,,,,,,,,,,,,,,0.0,0.0,,,,,,,,,,,,,,,,,,1.0,,,,,,,,,,,,,,,,,,,,,,,,,,,,,,,,,,,,,,,,21.62,,,,,,,,,,,,,,1.0,,94260000,,,,,,,,
98,IT,MRT,1996-12-31,1996-12-31,1996-12-31,2021-08-03,,,,,,,,,,,,,,,,,,,,,,0.0,0.0,,,,,,,,,,,,,,,,,,1.0,,,,,,,,,,,,,,,,,,,,,,,,,,,,,,,,,,,,,,,,38.94,,,,,,,,,,,,,,1.0,,93327000,,,,,,,,
99,IT,MRT,1996-09-30,1996-09-30,1996-09-30,2021-08-03,,,,,,,,-15614000.0,,,152982000.0,16438000.0,,,,,,,,12879000.0,,0.0,0.0,53130000.0,66009000.0,0.167,66009000.0,53130000.0,53130000.0,0.18,0.17,0.18,,,,,,,50075000.0,0.558,1.0,241690000.0,0.612,,0.0,,,,,,,,,,,30448000.0,-46176000.0,10564000.0,-6725000.0,0.0,31567000.0,-66808000.0,-5018000.0,65689000.0,-274000.0,16438000.0,16438000.0,16438000.0,0.0,0.0,0.042,192250000.0,49440000.0,,0.0,,,188.889,,0.0,34.0,,7.731,,,394672000.0,394672000.0,0.0,,,,0.135,0.0,144473000.0,1.0,,89739000,98854000.0,4.398,,,36692000.0,,,
