None,ticker,dimension,calendardate,datekey,reportperiod,lastupdated,accoci,assets,assetsavg,assetsc,assetsnc,assetturnover,bvps,capex,cashneq,cashnequsd,cor,consolinc,currentratio,de,debt,debtc,debtnc,debtusd,deferredrev,depamor,deposits,divyield,dps,ebit,ebitda,ebitdamargin,ebitdausd,ebitusd,ebt,eps,epsdil,epsusd,equity,equityavg,equityusd,ev,evebit,evebitda,fcf,fcfps,fxusd,gp,grossmargin,intangibles,intexp,invcap,invcapavg,inventory,investments,investmentsc,investmentsnc,liabilities,liabilitiesc,liabilitiesnc,marketcap,ncf,ncfbus,ncfcommon,ncfdebt,ncfdiv,ncff,ncfi,ncfinv,ncfo,ncfx,netinc,netinccmn,netinccmnusd,netincdis,netincnci,netmargin,opex,opinc,payables,payoutratio,pb,pe,pe1,ppnenet,prefdivis,price,ps,ps1,receivables,retearn,revenue,revenueusd,rnd,roa,roe,roic,ros,sbcomp,sgna,sharefactor,sharesbas,shareswa,shareswadil,sps,tangibles,taxassets,taxexp,taxliabilities,tbvps,workingcapital
0,CXO,MRY,2019-12-31,2019-12-31,2019-12-31,2020-10-27,0.0,24732000000.0,25627500000.0,1055000000.0,23677000000.0,0.179,88.455,-3253000000.0,70000000.0,70000000.0,1180000000.0,-705000000.0,0.893,0.391,4067000000.0,112000000.0,3955000000.0,4067000000.0,0.0,1964000000.0,0.0,0.006,0.5,-674000000.0,1290000000.0,0.281,1290000000.0,-674000000.0,-859000000.0,-3.55,-3.55,-3.55,17782000000.0,18077750000.0,17782000000.0,22023082821.0,-33.0,17.072,-417000000.0,-2.074,1.0,3412000000.0,0.743,1934000000.0,185000000.0,25613000000.0,26586250000.0,30000000.0,6000000.0,6000000.0,0.0,6950000000.0,1182000000.0,5768000000.0,17604082821.0,70000000.0,1260000000.0,-265000000.0,-401000000.0,-100000000.0,-773000000.0,-1993000000.0,0.0,2836000000.0,0.0,-705000000.0,-705000000.0,-705000000.0,0.0,0.0,-0.154,3504000000.0,-92000000.0,321000000.0,-0.141,0.99,-24.97,-24.668,21327000000.0,0.0,87.57,3.834,3.834,888000000.0,3320000000.0,4592000000.0,4592000000.0,201000000.0,-0.028,-0.039,-0.025,-0.147,85000000.0,326000000.0,1.0,201028695.0,201028695,,22.843,22798000000.0,0.0,-154000000.0,1654000000.0,113.407,-127000000.0
1,CXO,MRY,2018-12-31,2018-12-31,2018-12-31,2020-10-27,0.0,26294000000.0,20169500000.0,1409000000.0,24885000000.0,0.206,93.723,-2725000000.0,0.0,0.0,950000000.0,2286000000.0,1.039,0.401,4353000000.0,159000000.0,4194000000.0,4353000000.0,0.0,1478000000.0,0.0,0.0,0.0,3038000000.0,4516000000.0,1.088,4516000000.0,3038000000.0,2889000000.0,13.28,13.25,13.28,18768000000.0,13907250000.0,18768000000.0,25336717544.0,8.0,5.61,-167000000.0,-0.834,1.0,3201000000.0,0.771,2243000000.0,149000000.0,27048000000.0,21252250000.0,35000000.0,484000000.0,484000000.0,0.0,7526000000.0,1356000000.0,6170000000.0,20583717544.0,0.0,361000000.0,-64000000.0,-262000000.0,0.0,-342000000.0,-2216000000.0,148000000.0,2558000000.0,0.0,2286000000.0,2286000000.0,2286000000.0,0.0,0.0,0.551,1103000000.0,2098000000.0,303000000.0,0.0,1.097,9.004,7.74,22313000000.0,0.0,102.79,4.959,4.959,831000000.0,4126000000.0,4151000000.0,4151000000.0,65000000.0,0.113,0.164,0.143,0.732,82000000.0,311000000.0,1.0,200250195.0,200250195,,20.729,24051000000.0,0.0,603000000.0,1808000000.0,120.105,53000000.0
2,CXO,MRY,2017-12-31,2017-12-31,2017-12-31,2020-10-27,0.0,13732000000.0,13531000000.0,592000000.0,13140000000.0,0.191,59.955,-2551000000.0,0.0,0.0,607000000.0,956000000.0,0.508,0.54,3084000000.0,393000000.0,2691000000.0,3084000000.0,0.0,1146000000.0,0.0,0.0,0.0,1027000000.0,2173000000.0,0.84,2173000000.0,1027000000.0,881000000.0,6.44,6.41,6.44,8915000000.0,8701750000.0,8915000000.0,25180117927.0,25.0,11.588,-856000000.0,-5.757,1.0,1979000000.0,0.765,26000000.0,146000000.0,15625000000.0,15122750000.0,14000000.0,0.0,0.0,0.0,4817000000.0,1165000000.0,3652000000.0,22337117927.0,-53000000.0,832000000.0,-23000000.0,19000000.0,0.0,-29000000.0,-1719000000.0,0.0,1695000000.0,0.0,956000000.0,956000000.0,956000000.0,0.0,0.0,0.37,782000000.0,1197000000.0,226000000.0,0.0,2.506,23.365,23.326,13041000000.0,0.0,150.22,8.638,8.638,543000000.0,1840000000.0,2586000000.0,2586000000.0,59000000.0,0.071,0.11,0.068,0.397,60000000.0,244000000.0,1.0,148696032.0,148696032,,17.391,13706000000.0,0.0,-75000000.0,687000000.0,92.175,-573000000.0
3,CXO,MRY,2016-12-31,2016-12-31,2016-12-31,2020-10-27,0.0,12119000000.0,11469443000.0,562000000.0,11557000000.0,0.143,52.194,-2458000000.0,53000000.0,53000000.0,451000000.0,-1462000000.0,0.746,0.59,2823000000.0,82000000.0,2741000000.0,2823000000.0,0.0,1167000000.0,0.0,0.0,0.0,-2134000000.0,-967000000.0,-0.591,-967000000.0,-2134000000.0,-2338000000.0,-10.85,-10.85,-10.85,7623000000.0,6720015250.0,7623000000.0,20951757384.0,-10.0,-21.667,-1074000000.0,-7.354,1.0,1184000000.0,0.724,24000000.0,204000000.0,14112000000.0,13336715250.0,16000000.0,4000000.0,4000000.0,0.0,4496000000.0,753000000.0,3743000000.0,19366341384.0,-176000000.0,332000000.0,1315000000.0,-642000000.0,0.0,665000000.0,-2225000000.0,-56000000.0,1384000000.0,0.0,-1462000000.0,-1462000000.0,-1462000000.0,0.0,0.0,-0.894,2889000000.0,-1705000000.0,160000000.0,0.0,2.541,-13.246,-12.221,11302000000.0,0.0,132.6,11.845,11.845,458000000.0,884000000.0,1635000000.0,1635000000.0,77000000.0,-0.127,-0.218,-0.16,-1.305,59000000.0,226000000.0,1.0,146050840.0,146050840,,11.195,12095000000.0,0.0,-876000000.0,766000000.0,82.814,-191000000.0
4,CXO,MRY,2015-12-31,2015-12-31,2015-12-31,2020-10-27,0.0,12641876000.0,12382640000.0,1314550000.0,11327326000.0,0.146,53.758,-2511000000.0,228550000.0,228550000.0,541000000.0,66000000.0,2.204,0.821,3332188000.0,0.0,3332188000.0,3332188000.0,0.0,1223000000.0,0.0,0.0,0.0,312000000.0,1535000000.0,0.851,1535000000.0,312000000.0,97000000.0,0.54,0.54,0.54,6942551000.0,6264207250.0,6942551000.0,15924340734.0,51.0,10.374,-981000000.0,-7.596,1.0,1263000000.0,0.7,25693000.0,215000000.0,15123401000.0,14893182750.0,19118000.0,652498000.0,652498000.0,0.0,5699325000.0,596420000.0,5102905000.0,11992345734.0,229000000.0,0.0,1531000000.0,-232000000.0,0.0,1301000000.0,-2602000000.0,-91000000.0,1530000000.0,0.0,66000000.0,66000000.0,66000000.0,0.0,0.0,0.037,1636000000.0,-373000000.0,182987000.0,0.0,1.727,181.702,171.963,10976947000.0,0.0,92.86,6.648,6.648,394580000.0,2345641000.0,1804000000.0,1804000000.0,59000000.0,0.005,0.011,0.021,0.173,63000000.0,231000000.0,1.0,129144365.0,129144365,,13.969,12616183000.0,0.0,31000000.0,1630373000.0,97.691,718130000.0
5,CXO,MRY,2014-12-31,2014-12-31,2014-12-31,2020-10-27,0.0,11751780000.0,10880926500.0,1188396000.0,10563384000.0,0.244,46.728,-2589234000.0,21000.0,21000.0,538374000.0,538175000.0,0.94,1.225,3561678000.0,92541000.0,3469137000.0,3561678000.0,0.0,979740000.0,0.0,0.0,0.0,1072621000.0,2052361000.0,0.772,2052361000.0,1072621000.0,855960000.0,4.89,4.88,4.89,5280788000.0,4775271750.0,5280788000.0,14553401081.0,14.0,7.091,-843464000.0,-7.464,1.0,2121773000.0,0.798,27154000.0,216661000.0,14021656000.0,13297245750.0,14435000.0,490351000.0,490351000.0,0.0,6470992000.0,1264627000.0,5206365000.0,11272755081.0,0.0,1305000.0,921054000.0,-54677000.0,0.0,872209000.0,-2617979000.0,-30050000.0,1745770000.0,0.0,538175000.0,538175000.0,538175000.0,0.0,0.0,0.202,1932253000.0,189520000.0,258478000.0,0.0,2.135,20.946,20.399,10206014000.0,0.0,99.75,4.238,4.238,660265000.0,2279741000.0,2660147000.0,2660147000.0,284821000.0,0.049,0.113,0.081,0.403,47130000.0,204161000.0,1.0,113010076.0,113010076,,23.539,11724626000.0,0.0,317785000.0,1600751000.0,103.749,-76231000.0
6,CXO,MRY,2013-12-31,2013-12-31,2013-12-31,2020-10-27,0.0,9591164000.0,9307166750.0,520875000.0,9070289000.0,0.249,35.769,-1879670000.0,21000.0,21000.0,455436000.0,251003000.0,0.688,1.552,3720840000.0,90419000.0,3630421000.0,3720840000.0,0.0,772608000.0,0.0,0.0,0.0,587821000.0,1360429000.0,0.586,1360429000.0,587821000.0,369240000.0,2.39,2.39,2.39,3757949000.0,3626852750.0,3757949000.0,15076086100.0,26.0,11.082,-517650000.0,-4.927,1.0,1864483000.0,0.804,28615000.0,218581000.0,12526500000.0,12044457750.0,19682000.0,590000.0,590000.0,0.0,5833215000.0,756868000.0,5076347000.0,11346650100.0,-2859000.0,15217000.0,-475000.0,540318000.0,0.0,531915000.0,-1896794000.0,0.0,1362020000.0,0.0,251003000.0,251003000.0,251003000.0,-12081000.0,0.0,0.108,1123394000.0,741089000.0,191553000.0,0.0,3.019,45.205,45.188,8946048000.0,0.0,108.0,4.891,4.891,471735000.0,1741566000.0,2319919000.0,2319919000.0,109549000.0,0.027,0.069,0.049,0.253,35078000.0,169815000.0,1.0,105061575.0,105061575,,22.082,9562549000.0,30069000.0,118237000.0,1334653000.0,91.019,-235993000.0
7,CXO,MRY,2012-12-31,2012-12-31,2012-12-31,2020-10-27,0.0,8589437000.0,8156843000.0,458882000.0,8130555000.0,0.223,33.59,-2773871000.0,2880000.0,2880000.0,343743000.0,431689000.0,0.62,1.478,3126962000.0,25859000.0,3101103000.0,3126962000.0,0.0,575128000.0,0.0,0.0,0.0,865435000.0,1440563000.0,0.792,1440563000.0,865435000.0,682730000.0,4.18,4.15,4.18,3466196000.0,3307480500.0,3466196000.0,12069139722.0,14.0,8.378,-1536393000.0,-14.889,1.0,1476071000.0,0.811,30076000.0,182705000.0,10943357000.0,10320988500.0,20611000.0,35942000.0,35942000.0,0.0,5123241000.0,740086000.0,4383155000.0,8425908722.0,2538000.0,492497000.0,4933000.0,1005534000.0,0.0,1005504000.0,-2240444000.0,0.0,1237478000.0,0.0,431689000.0,431689000.0,431689000.0,-23459000.0,0.0,0.237,752951000.0,723120000.0,193402000.0,0.0,2.431,19.518,19.273,7993424000.0,0.0,80.56,4.63,4.568,400791000.0,1490563000.0,1819814000.0,1819814000.0,39840000.0,0.053,0.131,0.084,0.476,29872000.0,133796000.0,1.0,104591717.0,103190000,103972000.0,17.636,8559361000.0,0.0,251041000.0,1195187000.0,82.948,-281204000.0
8,CXO,MRY,2011-12-31,2011-12-31,2011-12-31,2020-10-27,0.0,6849576000.0,6287744000.0,411023000.0,6438553000.0,0.257,29.057,-1745590000.0,342000.0,342000.0,277929000.0,548137000.0,0.586,1.298,2175600000.0,95459000.0,2080141000.0,2175600000.0,0.0,400022000.0,0.0,0.0,0.0,928297000.0,1328319000.0,0.821,1328319000.0,928297000.0,809937000.0,5.34,5.28,5.34,2980739000.0,2796137500.0,2980739000.0,11568508219.0,12.0,8.709,-546132000.0,-5.324,1.0,1339842000.0,0.828,33425000.0,118360000.0,8289932000.0,7520554500.0,19419000.0,1698000.0,1698000.0,0.0,3868837000.0,701477000.0,3167360000.0,9720298219.0,-42000.0,196420000.0,5420000.0,446927000.0,0.0,451918000.0,-1651418000.0,0.0,1199458000.0,0.0,548137000.0,548137000.0,548137000.0,-128603000.0,0.0,0.339,512824000.0,827018000.0,169413000.0,0.0,3.261,17.733,17.556,6290118000.0,0.0,93.75,6.008,5.945,367667000.0,1058874000.0,1617771000.0,1617771000.0,11394000.0,0.087,0.196,0.123,0.574,19271000.0,98525000.0,1.0,103683181.0,102581000,103653000.0,15.771,6816151000.0,28793000.0,261800000.0,1002295000.0,66.447,-290454000.0
9,CXO,MRY,2010-12-31,2010-12-31,2010-12-31,2020-10-27,0.0,5368494000.0,3908738750.0,330633000.0,5037861000.0,0.218,25.76,-2133982000.0,384000.0,384000.0,143099000.0,204370000.0,0.652,1.252,1778610000.0,110089000.0,1668521000.0,1778610000.0,0.0,211487000.0,0.0,0.0,0.0,366070000.0,577557000.0,0.678,577557000.0,366070000.0,305983000.0,2.21,2.18,2.21,2383874000.0,1891470000.0,2383874000.0,9510747842.0,26.0,16.467,-1482400000.0,-16.019,1.0,708344000.0,0.832,34973000.0,60087000.0,6604758000.0,4456882250.0,28342000.0,6855000.0,6855000.0,0.0,2984620000.0,506989000.0,2477631000.0,8756829842.0,-2850000.0,104349000.0,744026000.0,672399000.0,0.0,1389025000.0,-2043457000.0,0.0,651582000.0,0.0,204370000.0,204370000.0,204370000.0,-56944000.0,0.0,0.24,301580000.0,406764000.0,98546000.0,0.0,3.673,42.848,39.67,4913787000.0,0.0,87.67,10.285,9.529,268552000.0,510737000.0,851443000.0,851443000.0,10130000.0,0.052,0.108,0.082,0.43,12931000.0,66400000.0,1.0,99883995.0,92542000,93837000.0,9.201,5333521000.0,42716000.0,101613000.0,720889000.0,57.634,-176356000.0
10,CXO,MRY,2009-12-31,2009-12-31,2009-12-31,2020-10-27,0.0,3171085000.0,2896639000.0,217258000.0,2953827000.0,0.176,15.727,-673663000.0,3234000.0,3234000.0,97667000.0,-9802000.0,0.645,1.375,911670000.0,65834000.0,845836000.0,911670000.0,0.0,191889000.0,0.0,0.0,0.0,-4099000.0,187790000.0,0.368,187790000.0,-4099000.0,-32391000.0,-0.12,-0.12,-0.12,1335428000.0,1313586500.0,1335428000.0,4507752626.0,-1100.0,24.004,-314117000.0,-3.699,1.0,413100000.0,0.809,36522000.0,28292000.0,3705985000.0,3326023000.0,16255000.0,1309000.0,1309000.0,0.0,1835657000.0,337014000.0,1498643000.0,3851732626.0,-14518000.0,5099000.0,5824000.0,209715000.0,0.0,212084000.0,-586148000.0,0.0,359546000.0,0.0,-9802000.0,-9802000.0,-9802000.0,-3510000.0,0.0,-0.019,263438000.0,149662000.0,46803000.0,0.0,2.884,-392.954,-374.167,2856289000.0,0.0,44.9,7.541,7.464,169535000.0,306367000.0,510767000.0,510767000.0,10632000.0,-0.003,-0.007,-0.001,-0.008,9040000.0,53163000.0,1.0,85784691.0,84912000,84912000.0,6.015,3134563000.0,29284000.0,-22589000.0,603286000.0,36.915,-119756000.0
11,CXO,MRY,2008-12-31,2008-12-31,2008-12-31,2020-10-27,0.0,2815203000.0,2160384500.0,278783000.0,2536420000.0,0.231,16.73,-940730000.0,17752000.0,17752000.0,81836000.0,278702000.0,1.029,1.124,641300000.0,11300000.0,630000000.0,641300000.0,0.0,117406000.0,0.0,0.0,0.0,465175000.0,582581000.0,1.17,582581000.0,465175000.0,436136000.0,3.52,3.46,3.52,1325154000.0,1024906500.0,1325154000.0,2548194561.0,5.0,4.374,-549333000.0,-6.935,1.0,416249000.0,0.836,37768000.0,29039000.0,3130165000.0,2414099750.0,19956000.0,113149000.0,113149000.0,0.0,1490049000.0,270818000.0,1219231000.0,1932997561.0,-12672000.0,1034000.0,247692000.0,305883000.0,0.0,541981000.0,-946050000.0,0.0,391397000.0,0.0,278702000.0,278702000.0,278702000.0,-8480000.0,0.0,0.56,210856000.0,205393000.0,30060000.0,0.0,1.459,6.936,6.483,2401404000.0,0.0,22.82,3.881,3.629,141940000.0,316169000.0,498085000.0,498085000.0,38468000.0,0.129,0.272,0.193,0.934,5223000.0,41130000.0,1.0,84706291.0,79206000,80587000.0,6.288,2777435000.0,0.0,157434000.0,610968000.0,35.066,7965000.0
12,CXO,MRY,2007-12-31,2007-12-31,2007-12-31,2020-10-27,-14195000.0,1508229000.0,1432750750.0,107983000.0,1400246000.0,0.205,12.056,-162168000.0,30424000.0,30424000.0,54267000.0,25360000.0,0.839,0.945,369469000.0,44065000.0,325404000.0,369469000.0,0.0,76779000.0,0.0,0.0,0.0,77421000.0,154200000.0,0.524,154200000.0,77421000.0,41379000.0,0.39,0.38,0.39,775398000.0,679369500.0,775398000.0,1897537545.0,25.0,12.306,7601000.0,0.118,1.0,240066000.0,0.816,0.0,36042000.0,1718632000.0,1780488750.0,1459000.0,1866000.0,1866000.0,0.0,732831000.0,128642000.0,604189000.0,1561222545.0,29302000.0,0.0,172709000.0,-162949000.0,0.0,19886000.0,-160353000.0,0.0,169769000.0,0.0,25360000.0,25315000.0,25315000.0,0.0,0.0,0.086,143855000.0,96211000.0,30835000.0,0.0,2.013,61.672,52.846,1394994000.0,45000.0,20.61,5.304,4.504,57588000.0,37467000.0,294333000.0,294333000.0,29098000.0,0.018,0.037,0.043,0.263,3841000.0,25177000.0,1.0,75750730.0,64316000,66309000.0,4.576,1508229000.0,13502000.0,16019000.0,259070000.0,23.45,-20659000.0
13,CXO,MRY,2006-12-31,2006-12-31,2006-12-31,2020-10-27,414000.0,1390072000.0,811228500.0,63765000.0,1326307000.0,0.244,12.163,-596852000.0,1122000.0,1122000.0,37822000.0,19668000.0,0.904,1.417,501724000.0,6624000.0,495100000.0,501724000.0,0.0,60722000.0,0.0,,0.0,64614000.0,125336000.0,0.632,125336000.0,64614000.0,34047000.0,0.63,0.59,0.63,575156000.0,342413000.0,575156000.0,,,,-484671000.0,-10.25,1.0,160468000.0,0.809,0.0,30567000.0,1820173000.0,1042168500.0,1309000.0,6013000.0,6013000.0,0.0,814916000.0,70501000.0,744415000.0,,-8060000.0,0.0,61178000.0,423500000.0,0.0,476611000.0,-596852000.0,0.0,112181000.0,0.0,19668000.0,30025000.0,30025000.0,0.0,0.0,0.151,97040000.0,63428000.0,29651000.0,0.0,,,,1320655000.0,-10357000.0,,,,51391000.0,12152000.0,198290000.0,198290000.0,5612000.0,0.037,0.088,0.062,0.326,9144000.0,21721000.0,1.0,,47287000,50729000.0,4.193,1390072000.0,82000.0,14379000.0,241752000.0,29.396,-6736000.0
14,CXO,MRY,2005-12-31,2005-12-31,2005-12-31,2020-10-27,-11060000.0,232385000.0,,59192000.0,173193000.0,,27.019,-59684000.0,9182000.0,9182000.0,14635000.0,1954000.0,1.467,1.119,81307000.0,9307000.0,72000000.0,81307000.0,0.0,11485000.0,0.0,,0.0,7089000.0,18574000.0,0.338,18574000.0,7089000.0,3993000.0,-0.7,-0.7,-0.7,109670000.0,,109670000.0,,,,-34614000.0,-8.528,1.0,40301000.0,0.734,0.0,3096000.0,264164000.0,,1018000.0,0.0,0.0,0.0,122715000.0,40346000.0,82369000.0,,8526000.0,0.0,30621000.0,19000000.0,0.0,45358000.0,-61902000.0,0.0,25070000.0,0.0,1954000.0,-2812000.0,-2812000.0,0.0,0.0,-0.051,28990000.0,11311000.0,13426000.0,0.0,,,,170583000.0,4766000.0,,,,44312000.0,-6272000.0,54936000.0,54936000.0,2666000.0,,,,0.129,3252000.0,11307000.0,1.0,,4059000,4059000.0,13.534,232385000.0,4904000.0,2039000.0,0.0,57.252,18846000.0
0,CXO,MRQ,2020-09-30,2020-09-30,2020-09-30,2020-10-27,0.0,12537000000.0,,1206000000.0,11331000000.0,,39.587,-312000000.0,402000000.0,402000000.0,232000000.0,-61000000.0,1.73,0.61,3861000000.0,5000000.0,3856000000.0,3861000000.0,0.0,288000000.0,0.0,0.016,0.2,9000000.0,297000000.0,0.356,297000000.0,9000000.0,-35000000.0,-0.31,-0.31,-0.31,7787000000.0,,7787000000.0,12321727797.0,-1.0,-1.201,296000000.0,1.505,1.0,602000000.0,0.722,16000000.0,44000000.0,15283000000.0,,26000000.0,212000000.0,212000000.0,0.0,4750000000.0,697000000.0,4053000000.0,8678727797.0,82000000.0,3000000.0,-50000000.0,-121000000.0,-40000000.0,-217000000.0,-309000000.0,0.0,608000000.0,0.0,-61000000.0,-61000000.0,-61000000.0,0.0,0.0,-0.073,375000000.0,227000000.0,185000000.0,-0.645,1.115,-0.847,-0.842,10956000000.0,0.0,44.12,2.497,2.497,522000000.0,-6573000000.0,834000000.0,834000000.0,14000000.0,,,,,18000000.0,70000000.0,1.0,196707339.0,196707339,,4.24,12521000000.0,19000000.0,26000000.0,0.0,63.653,509000000.0
1,CXO,MRQ,2020-06-30,2020-06-30,2020-06-30,2020-10-27,0.0,12780000000.0,,1367000000.0,11413000000.0,,40.264,-495000000.0,320000000.0,320000000.0,221000000.0,-435000000.0,1.799,0.614,3963000000.0,6000000.0,3957000000.0,3963000000.0,0.0,271000000.0,0.0,0.013,0.2,-526000000.0,-255000000.0,-0.538,-255000000.0,-526000000.0,-567000000.0,-2.23,-2.23,-2.23,7920000000.0,,7920000000.0,13921131370.0,-1.0,-1.506,194000000.0,0.986,1.0,253000000.0,0.534,16000000.0,41000000.0,15647000000.0,,27000000.0,467000000.0,467000000.0,0.0,4860000000.0,760000000.0,4100000000.0,10130131370.0,155000000.0,3000000.0,-1000000.0,0.0,-40000000.0,-42000000.0,-492000000.0,0.0,689000000.0,0.0,-435000000.0,-435000000.0,-435000000.0,0.0,0.0,-0.918,247000000.0,6000000.0,224000000.0,-0.09,1.279,-1.052,-1.044,10942000000.0,0.0,51.5,2.696,2.696,507000000.0,-6472000000.0,474000000.0,474000000.0,16000000.0,,,,,17000000.0,65000000.0,1.0,196701580.0,196701580,,2.41,12764000000.0,45000000.0,-132000000.0,0.0,64.89,607000000.0
2,CXO,MRQ,2020-03-31,2020-03-31,2020-03-31,2020-10-27,0.0,13614000000.0,,2260000000.0,11354000000.0,,42.597,-596000000.0,165000000.0,165000000.0,288000000.0,-9277000000.0,2.161,0.625,3956000000.0,0.0,3956000000.0,3956000000.0,0.0,524000000.0,0.0,0.013,0.2,-10802000000.0,-10278000000.0,-11.148,-10278000000.0,-10802000000.0,-10844000000.0,-47.49,-47.49,-47.49,8379000000.0,,8379000000.0,12425814435.0,-1.0,-1.443,240000000.0,1.22,1.0,634000000.0,0.688,17000000.0,42000000.0,16342000000.0,,25000000.0,1241000000.0,1241000000.0,0.0,5235000000.0,1046000000.0,4189000000.0,8428814435.0,95000000.0,0.0,-104000000.0,0.0,-39000000.0,-145000000.0,-596000000.0,0.0,836000000.0,0.0,-9277000000.0,-9277000000.0,-9277000000.0,0.0,0.0,-10.062,13010000000.0,-12376000000.0,340000000.0,-0.004,1.006,-0.908,-0.901,10911000000.0,0.0,42.85,1.911,1.911,770000000.0,-5997000000.0,922000000.0,922000000.0,2719000000.0,,,,,18000000.0,69000000.0,1.0,196705121.0,196705121,,4.687,13597000000.0,0.0,-1567000000.0,87000000.0,69.124,1214000000.0
3,CXO,MRQ,2019-12-31,2019-12-31,2019-12-31,2020-10-27,0.0,24732000000.0,,1055000000.0,23677000000.0,,88.455,-840000000.0,70000000.0,70000000.0,300000000.0,-471000000.0,0.893,0.391,4067000000.0,112000000.0,3955000000.0,4067000000.0,0.0,533000000.0,0.0,0.006,0.125,-556000000.0,-23000000.0,-0.018,-23000000.0,-556000000.0,-600000000.0,-2.37,-2.37,-2.37,17782000000.0,,17782000000.0,22023082821.0,-33.0,17.072,-71000000.0,-0.353,1.0,946000000.0,0.759,1934000000.0,44000000.0,25613000000.0,,30000000.0,6000000.0,6000000.0,0.0,6950000000.0,1182000000.0,5768000000.0,17604082821.0,70000000.0,867000000.0,-250000000.0,-450000000.0,-25000000.0,-726000000.0,27000000.0,0.0,769000000.0,0.0,-471000000.0,-471000000.0,-471000000.0,0.0,0.0,-0.378,1054000000.0,-108000000.0,321000000.0,-0.053,0.99,-24.97,-24.668,21327000000.0,0.0,87.57,3.834,3.834,888000000.0,3320000000.0,1246000000.0,1246000000.0,111000000.0,,,,,18000000.0,72000000.0,1.0,201028695.0,201028695,,6.198,22798000000.0,0.0,-129000000.0,1654000000.0,113.407,-127000000.0
4,CXO,MRQ,2019-09-30,2019-09-30,2019-09-30,2020-10-27,0.0,26132000000.0,,2017000000.0,24115000000.0,,92.058,-629000000.0,0.0,0.0,300000000.0,558000000.0,1.505,0.412,4419000000.0,70000000.0,4349000000.0,4419000000.0,0.0,488000000.0,0.0,0.006,0.125,826000000.0,1314000000.0,1.178,1314000000.0,826000000.0,780000000.0,2.78,2.78,2.78,18511000000.0,,18511000000.0,18272251403.0,10.0,4.945,36000000.0,0.179,1.0,815000000.0,0.731,2158000000.0,46000000.0,27053000000.0,,30000000.0,201000000.0,201000000.0,0.0,7621000000.0,1340000000.0,6281000000.0,13653251403.0,0.0,82000000.0,-1000000.0,-90000000.0,-25000000.0,-118000000.0,-547000000.0,0.0,665000000.0,0.0,558000000.0,558000000.0,558000000.0,0.0,0.0,0.5,390000000.0,425000000.0,286000000.0,0.045,0.738,10.675,9.238,21428000000.0,0.0,67.9,3.094,3.094,798000000.0,3817000000.0,1115000000.0,1115000000.0,26000000.0,,,,,20000000.0,75000000.0,1.0,201078813.0,201078813,,5.545,23974000000.0,0.0,222000000.0,1783000000.0,119.227,677000000.0
5,CXO,MRQ,2019-06-30,2019-06-30,2019-06-30,2020-10-27,0.0,25478000000.0,,860000000.0,24618000000.0,,89.529,-877000000.0,0.0,0.0,294000000.0,-97000000.0,0.613,0.419,4619000000.0,269000000.0,4350000000.0,4619000000.0,0.0,478000000.0,0.0,0.002,0.125,-102000000.0,376000000.0,0.334,376000000.0,-102000000.0,-150000000.0,-0.48,-0.48,-0.48,17959000000.0,,17959000000.0,25661291500.0,33.0,10.004,-98000000.0,-0.489,1.0,833000000.0,0.739,2240000000.0,48000000.0,26454000000.0,,33000000.0,12000000.0,12000000.0,0.0,7519000000.0,1403000000.0,6116000000.0,20697291500.0,0.0,306000000.0,-1000000.0,-180000000.0,-25000000.0,-208000000.0,-571000000.0,0.0,779000000.0,0.0,-97000000.0,-97000000.0,-97000000.0,0.0,0.0,-0.086,1455000000.0,-622000000.0,310000000.0,-0.26,1.152,39.65,29.313,22216000000.0,0.0,103.18,4.61,4.61,761000000.0,3284000000.0,1127000000.0,1127000000.0,17000000.0,,,,,23000000.0,88000000.0,1.0,200594025.0,200594025,,5.618,23238000000.0,0.0,-53000000.0,1561000000.0,115.846,-543000000.0
6,CXO,MRQ,2019-03-31,2019-03-31,2019-03-31,2020-10-27,0.0,26168000000.0,,1027000000.0,25141000000.0,,90.028,-907000000.0,0.0,0.0,286000000.0,-695000000.0,0.619,0.449,4964000000.0,397000000.0,4567000000.0,4964000000.0,0.0,465000000.0,0.0,0.001,0.125,-842000000.0,-377000000.0,-0.341,-377000000.0,-842000000.0,-889000000.0,-3.49,-3.49,-3.49,18059000000.0,,18059000000.0,26610935983.0,25.0,9.845,-284000000.0,-1.416,1.0,818000000.0,0.741,2247000000.0,47000000.0,27225000000.0,,34000000.0,1000000.0,1000000.0,0.0,8109000000.0,1660000000.0,6449000000.0,22257935983.0,0.0,5000000.0,-13000000.0,319000000.0,-25000000.0,279000000.0,-902000000.0,0.0,623000000.0,0.0,-695000000.0,-695000000.0,-695000000.0,0.0,0.0,-0.63,605000000.0,213000000.0,319000000.0,-0.036,1.233,29.442,22.553,22771000000.0,0.0,110.96,5.167,5.167,943000000.0,3406000000.0,1104000000.0,1104000000.0,47000000.0,,,,,24000000.0,91000000.0,1.0,200594232.0,200594232,,5.504,23921000000.0,0.0,-194000000.0,1612000000.0,119.251,-633000000.0
7,CXO,MRQ,2018-12-31,2018-12-31,2018-12-31,2020-10-27,0.0,26294000000.0,,1409000000.0,24885000000.0,,93.723,-895000000.0,0.0,0.0,269000000.0,1513000000.0,1.039,0.401,4353000000.0,159000000.0,4194000000.0,4353000000.0,0.0,445000000.0,0.0,0.0,0.0,1937000000.0,2382000000.0,2.232,2382000000.0,1937000000.0,1891000000.0,8.54,8.51,8.54,18768000000.0,,18768000000.0,25336717544.0,8.0,5.61,-198000000.0,-0.989,1.0,798000000.0,0.748,2243000000.0,46000000.0,27048000000.0,,35000000.0,484000000.0,484000000.0,0.0,7526000000.0,1356000000.0,6170000000.0,20583717544.0,-24000000.0,101000000.0,-1000000.0,74000000.0,0.0,73000000.0,-794000000.0,0.0,697000000.0,0.0,1513000000.0,1513000000.0,1513000000.0,0.0,0.0,1.418,486000000.0,312000000.0,303000000.0,0.0,1.097,9.004,7.74,22313000000.0,0.0,102.79,4.959,4.959,831000000.0,4126000000.0,1067000000.0,1067000000.0,29000000.0,,,,,24000000.0,90000000.0,1.0,200250195.0,200250195,,5.328,24051000000.0,0.0,378000000.0,1808000000.0,120.105,53000000.0
8,CXO,MRQ,2018-09-30,2018-09-30,2018-09-30,2020-10-27,0.0,25210000000.0,,1028000000.0,24182000000.0,,86.047,-856000000.0,24000000.0,24000000.0,261000000.0,-199000000.0,0.548,0.463,4777000000.0,634000000.0,4143000000.0,4777000000.0,0.0,406000000.0,0.0,0.0,0.0,-222000000.0,184000000.0,0.154,184000000.0,-222000000.0,-268000000.0,-1.05,-1.05,-1.05,17232000000.0,,17232000000.0,33264253291.0,36.0,14.758,-85000000.0,-0.424,1.0,931000000.0,0.781,2266000000.0,46000000.0,25821000000.0,,36000000.0,0.0,0.0,0.0,7978000000.0,1876000000.0,6102000000.0,30590253291.0,-31000000.0,-1000000.0,-32000000.0,102000000.0,0.0,55000000.0,-857000000.0,0.0,771000000.0,0.0,-199000000.0,-199000000.0,-199000000.0,0.0,0.0,-0.167,531000000.0,400000000.0,327000000.0,0.0,1.775,29.414,21.011,21895000000.0,0.0,152.75,7.917,7.917,907000000.0,2613000000.0,1192000000.0,1192000000.0,10000000.0,,,,,23000000.0,84000000.0,1.0,200263524.0,200263524,,5.952,22944000000.0,0.0,-69000000.0,1431000000.0,114.569,-848000000.0
9,CXO,MRQ,2018-06-30,2018-06-30,2018-06-30,2020-10-27,0.0,14793000000.0,,950000000.0,13843000000.0,,66.351,-481000000.0,55000000.0,55000000.0,209000000.0,137000000.0,0.762,0.496,2729000000.0,358000000.0,2371000000.0,2729000000.0,0.0,310000000.0,0.0,0.0,0.0,204000000.0,514000000.0,0.544,514000000.0,204000000.0,177000000.0,0.92,0.92,0.92,9891000000.0,,9891000000.0,23314080071.0,23.0,10.53,121000000.0,0.812,1.0,736000000.0,0.779,21000000.0,27000000.0,16200000000.0,,17000000.0,173000000.0,173000000.0,0.0,4902000000.0,1246000000.0,3656000000.0,20624080071.0,55000000.0,6000000.0,-2000000.0,-72000000.0,0.0,-75000000.0,-472000000.0,0.0,602000000.0,0.0,137000000.0,137000000.0,137000000.0,0.0,0.0,0.145,400000000.0,336000000.0,277000000.0,0.0,2.085,18.316,18.325,13791000000.0,0.0,138.35,6.252,6.252,655000000.0,2812000000.0,945000000.0,945000000.0,8000000.0,,,,,18000000.0,72000000.0,1.0,149071775.0,149071775,,6.339,14772000000.0,0.0,40000000.0,981000000.0,99.093,-296000000.0
10,CXO,MRQ,2018-03-31,2018-03-31,2018-03-31,2020-10-27,0.0,14381000000.0,,719000000.0,13662000000.0,,65.326,-493000000.0,0.0,0.0,211000000.0,835000000.0,0.648,0.477,2690000000.0,320000000.0,2370000000.0,2690000000.0,0.0,317000000.0,0.0,0.0,0.0,1119000000.0,1436000000.0,1.516,1436000000.0,1119000000.0,1089000000.0,5.6,5.58,5.6,9738000000.0,,9738000000.0,25493370191.0,23.0,11.255,-5000000.0,-0.034,1.0,736000000.0,0.777,22000000.0,30000000.0,15940000000.0,,11000000.0,23000000.0,23000000.0,0.0,4643000000.0,1109000000.0,3534000000.0,22409370191.0,0.0,255000000.0,-29000000.0,-366000000.0,0.0,-395000000.0,-93000000.0,148000000.0,488000000.0,0.0,835000000.0,835000000.0,835000000.0,0.0,0.0,0.882,-314000000.0,1050000000.0,218000000.0,0.0,2.301,19.64,19.651,13611000000.0,0.0,150.33,7.672,7.672,652000000.0,2675000000.0,947000000.0,947000000.0,18000000.0,,,,,17000000.0,65000000.0,1.0,149067852.0,149067852,,6.353,14359000000.0,0.0,254000000.0,941000000.0,96.325,-390000000.0
11,CXO,MRQ,2017-12-31,2017-12-31,2017-12-31,2020-10-27,0.0,13732000000.0,,592000000.0,13140000000.0,,59.955,-559000000.0,0.0,0.0,174000000.0,267000000.0,0.508,0.54,3084000000.0,393000000.0,2691000000.0,3084000000.0,0.0,298000000.0,0.0,0.0,0.0,-178000000.0,120000000.0,0.154,120000000.0,-178000000.0,-206000000.0,1.8,1.78,1.8,8915000000.0,,8915000000.0,25180117927.0,25.0,11.588,-49000000.0,-0.33,1.0,606000000.0,0.777,26000000.0,28000000.0,15625000000.0,,14000000.0,0.0,0.0,0.0,4817000000.0,1165000000.0,3652000000.0,22337117927.0,0.0,29000000.0,0.0,2000000.0,0.0,2000000.0,-512000000.0,0.0,510000000.0,0.0,267000000.0,267000000.0,267000000.0,0.0,0.0,0.342,371000000.0,235000000.0,226000000.0,0.0,2.506,23.365,23.326,13041000000.0,0.0,150.22,8.638,8.638,543000000.0,1840000000.0,780000000.0,780000000.0,17000000.0,,,,,17000000.0,64000000.0,1.0,148696032.0,148696032,,5.246,13706000000.0,0.0,-473000000.0,687000000.0,92.175,-573000000.0
12,CXO,MRQ,2017-09-30,2017-09-30,2017-09-30,2020-10-27,0.0,13482000000.0,,535000000.0,12947000000.0,,58.038,-1099000000.0,0.0,0.0,154000000.0,-113000000.0,0.66,0.562,2843000000.0,105000000.0,2738000000.0,2843000000.0,0.0,284000000.0,0.0,0.0,0.0,-140000000.0,144000000.0,0.23,144000000.0,-140000000.0,-179000000.0,-0.77,-0.77,-0.77,8631000000.0,,8631000000.0,21667367164.0,21.0,10.064,-719000000.0,-4.835,1.0,473000000.0,0.754,24000000.0,39000000.0,15491000000.0,,15000000.0,4000000.0,4000000.0,0.0,4851000000.0,810000000.0,4041000000.0,19588367164.0,-662000000.0,0.0,-2000000.0,17000000.0,0.0,-3000000.0,-1039000000.0,0.0,380000000.0,0.0,-113000000.0,-113000000.0,-113000000.0,0.0,0.0,-0.18,344000000.0,129000000.0,171000000.0,0.0,2.27,34.731,33.179,12819000000.0,0.0,131.72,8.403,8.403,494000000.0,1573000000.0,627000000.0,627000000.0,7000000.0,,,,,17000000.0,64000000.0,1.0,148712171.0,148712171,,4.216,13458000000.0,0.0,-66000000.0,1150000000.0,90.497,-275000000.0
13,CXO,MRQ,2017-06-30,2017-06-30,2017-06-30,2020-10-27,0.0,13591000000.0,,1304000000.0,12287000000.0,,58.813,-434000000.0,662000000.0,662000000.0,144000000.0,152000000.0,1.702,0.557,2741000000.0,0.0,2741000000.0,2741000000.0,0.0,281000000.0,0.0,0.0,0.0,284000000.0,565000000.0,0.996,565000000.0,284000000.0,245000000.0,1.02,1.02,1.02,8729000000.0,,8729000000.0,20017452218.0,18.0,8.78,-36000000.0,-0.243,1.0,423000000.0,0.746,24000000.0,39000000.0,14880000000.0,,14000000.0,135000000.0,135000000.0,0.0,4862000000.0,766000000.0,4096000000.0,18037452218.0,-109000000.0,-3000000.0,-2000000.0,0.0,0.0,-9000000.0,-498000000.0,0.0,398000000.0,0.0,152000000.0,152000000.0,152000000.0,0.0,0.0,0.268,363000000.0,60000000.0,155000000.0,0.0,2.066,28.814,27.874,12040000000.0,0.0,121.53,8.452,8.452,468000000.0,1686000000.0,567000000.0,567000000.0,20000000.0,,,,,14000000.0,60000000.0,1.0,148419750.0,148419750,,3.82,13567000000.0,0.0,93000000.0,1212000000.0,91.41,538000000.0
14,CXO,MRQ,2017-03-31,2017-03-31,2017-03-31,2020-10-27,0.0,13319000000.0,,1353000000.0,11966000000.0,,57.585,-459000000.0,771000000.0,771000000.0,135000000.0,650000000.0,1.735,0.561,2751000000.0,10000000.0,2741000000.0,2751000000.0,0.0,283000000.0,0.0,0.0,0.0,1061000000.0,1344000000.0,2.196,1344000000.0,1061000000.0,1021000000.0,4.39,4.37,4.39,8532000000.0,,8532000000.0,21784629206.0,45.0,13.389,-52000000.0,-0.351,1.0,477000000.0,0.779,24000000.0,40000000.0,14495000000.0,,14000000.0,55000000.0,55000000.0,0.0,4787000000.0,780000000.0,4007000000.0,19015231206.0,718000000.0,806000000.0,-19000000.0,0.0,0.0,-19000000.0,330000000.0,0.0,407000000.0,0.0,650000000.0,650000000.0,650000000.0,0.0,0.0,1.062,-298000000.0,775000000.0,174000000.0,0.0,2.229,91.419,98.723,11829000000.0,0.0,128.34,9.687,9.687,487000000.0,1534000000.0,612000000.0,612000000.0,15000000.0,,,,,12000000.0,56000000.0,1.0,148162936.0,148162936,,4.131,13295000000.0,0.0,371000000.0,1122000000.0,89.732,573000000.0
15,CXO,MRQ,2016-12-31,2016-12-31,2016-12-31,2020-10-27,0.0,12119000000.0,,562000000.0,11557000000.0,,52.194,-1511000000.0,53000000.0,53000000.0,122000000.0,-125000000.0,0.746,0.59,2823000000.0,82000000.0,2741000000.0,2823000000.0,0.0,277000000.0,0.0,0.0,0.0,-177000000.0,100000000.0,0.19,100000000.0,-177000000.0,-219000000.0,-0.67,-0.67,-0.67,7623000000.0,,7623000000.0,20951757384.0,-10.0,-21.667,-1146000000.0,-7.847,1.0,403000000.0,0.768,24000000.0,42000000.0,14112000000.0,,16000000.0,4000000.0,4000000.0,0.0,4496000000.0,753000000.0,3743000000.0,19366341384.0,-1106000000.0,36000000.0,-1000000.0,-21000000.0,0.0,-29000000.0,-1442000000.0,-5000000.0,365000000.0,0.0,-125000000.0,-125000000.0,-125000000.0,0.0,0.0,-0.238,364000000.0,39000000.0,160000000.0,0.0,2.541,-13.246,-12.221,11302000000.0,0.0,132.6,11.845,11.845,458000000.0,884000000.0,525000000.0,525000000.0,23000000.0,,,,,16000000.0,66000000.0,1.0,146050840.0,146050840,,3.595,12095000000.0,0.0,-94000000.0,766000000.0,82.814,-191000000.0
16,CXO,MRQ,2016-09-30,2016-09-30,2016-09-30,2020-10-27,0.0,11570634000.0,,1718810000.0,9851824000.0,,54.587,-280000000.0,1158939000.0,1158939000.0,104000000.0,-51000000.0,3.002,0.608,2744355000.0,3508000.0,2740847000.0,2744355000.0,0.0,299000000.0,0.0,0.0,0.0,-28000000.0,271000000.0,0.63,271000000.0,-28000000.0,-81000000.0,-0.38,-0.38,-0.38,7194583000.0,,7194583000.0,20955389197.0,-11.0,-30.535,63000000.0,0.478,1.0,326000000.0,0.758,24597000.0,53000000.0,12558805000.0,,16905000.0,119175000.0,119175000.0,0.0,4376051000.0,572648000.0,3803403000.0,18102675197.0,678000000.0,2000000.0,1327000000.0,-621000000.0,0.0,706000000.0,-371000000.0,-12000000.0,343000000.0,0.0,-51000000.0,-51000000.0,-51000000.0,0.0,0.0,-0.119,365000000.0,-39000000.0,133842000.0,0.0,2.516,-13.533,-13.219,9547031000.0,0.0,137.35,12.072,12.072,410216000.0,1008330000.0,430000000.0,430000000.0,10000000.0,,,,,15000000.0,53000000.0,1.0,131799601.0,131799601,,3.263,11546037000.0,0.0,-30000000.0,862766000.0,87.603,1146162000.0
17,CXO,MRQ,2016-06-30,2016-06-30,2016-06-30,2020-10-27,0.0,10901617000.0,,1111990000.0,9789627000.0,,44.878,-278000000.0,481230000.0,481230000.0,110000000.0,-266000000.0,1.932,0.847,3333944000.0,412000.0,3333532000.0,3333944000.0,0.0,281000000.0,0.0,0.0,0.0,-369000000.0,-88000000.0,-0.222,-88000000.0,-369000000.0,-424000000.0,-2.04,-2.04,-2.04,5903706000.0,,5903706000.0,18556082604.0,-12.0,-61.337,28000000.0,0.213,1.0,286000000.0,0.722,24963000.0,55000000.0,13153778000.0,,16293000.0,230779000.0,230779000.0,0.0,4997911000.0,575590000.0,4422321000.0,15690049604.0,14000000.0,2000000.0,-2000000.0,0.0,0.0,-2000000.0,-290000000.0,-14000000.0,306000000.0,0.0,-266000000.0,-266000000.0,-266000000.0,0.0,0.0,-0.672,357000000.0,-71000000.0,129376000.0,0.0,2.658,-14.173,-13.999,9566444000.0,0.0,119.27,10.235,10.235,363588000.0,1059476000.0,396000000.0,396000000.0,21000000.0,,,,,12000000.0,53000000.0,1.0,131550680.0,131550680,,3.01,10876654000.0,0.0,-158000000.0,890324000.0,82.68,536400000.0
18,CXO,MRQ,2016-03-31,2016-03-31,2016-03-31,2020-10-27,0.0,11286521000.0,,1388567000.0,9897954000.0,,47.61,-389000000.0,466821000.0,466821000.0,115000000.0,-1020000000.0,2.295,0.833,3332854000.0,0.0,3332854000.0,3332854000.0,0.0,310000000.0,0.0,0.0,0.0,-1560000000.0,-1250000000.0,-4.401,-1250000000.0,-1560000000.0,-1614000000.0,-7.95,-7.95,-7.95,6158772000.0,,6158772000.0,16173967996.0,-12.0,-340.964,-19000000.0,-0.147,1.0,169000000.0,0.595,25328000.0,54000000.0,13522278000.0,,19311000.0,527769000.0,527769000.0,0.0,5127749000.0,604948000.0,4522801000.0,13070329996.0,238000000.0,292000000.0,-9000000.0,0.0,0.0,-10000000.0,-122000000.0,-25000000.0,370000000.0,0.0,-1020000000.0,-1020000000.0,-1020000000.0,0.0,0.0,-3.592,1803000000.0,-1634000000.0,144089000.0,0.0,2.122,-13.594,-13.472,9569890000.0,0.0,101.04,7.806,7.806,360243000.0,1325161000.0,284000000.0,284000000.0,23000000.0,,,,,16000000.0,54000000.0,1.0,129357977.0,129357977,,2.195,11261193000.0,0.0,-594000000.0,1046796000.0,87.054,783619000.0
19,CXO,MRQ,2015-12-31,2015-12-31,2015-12-31,2020-10-27,0.0,12641876000.0,,1314550000.0,11327326000.0,,53.758,-288625000.0,228550000.0,228550000.0,135075000.0,-688000.0,2.204,0.821,3332188000.0,0.0,3332188000.0,3332188000.0,0.0,321526000.0,0.0,0.0,0.0,59194000.0,380720000.0,0.977,380720000.0,59194000.0,4997000.0,-0.02,-0.02,-0.02,6942551000.0,,6942551000.0,15924340734.0,51.0,10.374,480782000.0,3.723,1.0,254504000.0,0.653,25693000.0,54197000.0,15123401000.0,,19118000.0,652498000.0,652498000.0,0.0,5699325000.0,596420000.0,5102905000.0,11992345734.0,229001000.0,-106000.0,794395000.0,-556200000.0,0.0,237766000.0,-778172000.0,-46000000.0,769407000.0,0.0,-688000.0,-688000.0,-688000.0,0.0,0.0,-0.002,507114000.0,-252610000.0,182987000.0,0.0,1.727,181.702,171.963,10976947000.0,0.0,92.86,6.648,6.648,394580000.0,2345641000.0,389579000.0,389579000.0,26434000.0,,,,,15728000.0,51224000.0,1.0,129144365.0,129144365,,3.017,12616183000.0,0.0,5685000.0,1630373000.0,97.691,718130000.0
20,CXO,MRQ,2015-09-30,2015-09-30,2015-09-30,2020-10-27,0.0,12527562000.0,,1070681000.0,11456881000.0,,50.986,-703682000.0,20000.0,20000.0,138125000.0,179659000.0,1.041,1.042,3932015000.0,109741000.0,3822274000.0,3932015000.0,0.0,329467000.0,0.0,0.0,0.0,325284000.0,654751000.0,1.413,654751000.0,325284000.0,271532000.0,1.49,1.49,1.49,6133782000.0,,6133782000.0,15490101170.0,31.0,9.276,-432023000.0,-3.591,1.0,325349000.0,0.702,26059000.0,53752000.0,15404844000.0,,21688000.0,581436000.0,581436000.0,0.0,6393780000.0,1028654000.0,5365126000.0,11825746170.0,-260000.0,10000.0,-559000.0,268071000.0,0.0,267720000.0,-539639000.0,0.0,271659000.0,0.0,179659000.0,179659000.0,179659000.0,0.0,0.0,0.388,413719000.0,-88370000.0,212533000.0,0.0,1.928,60.156,58.166,11162275000.0,0.0,98.3,5.887,5.887,449893000.0,2346429000.0,463474000.0,463474000.0,14791000.0,,,,,16327000.0,60052000.0,1.0,120302606.0,120302606,,3.853,12501503000.0,0.0,91873000.0,1607316000.0,103.917,42027000.0
21,CXO,MRQ,2015-06-30,2015-06-30,2015-06-30,2020-10-27,0.0,12153976000.0,,901692000.0,11252284000.0,,49.479,-719773000.0,280000.0,280000.0,142265000.0,-120483000.0,0.82,1.047,3664635000.0,82170000.0,3582465000.0,3664635000.0,0.0,304802000.0,0.0,0.0,0.0,-137709000.0,167093000.0,0.311,167093000.0,-137709000.0,-191191000.0,-1.02,-1.02,-1.02,5938147000.0,,5938147000.0,17060791215.0,24.0,9.394,-357088000.0,-2.975,1.0,395160000.0,0.735,26424000.0,53482000.0,14692778000.0,,16365000.0,351360000.0,351360000.0,0.0,6215829000.0,1099129000.0,5116700000.0,13664663215.0,259000.0,96000.0,-926000.0,269168000.0,0.0,269999000.0,-632425000.0,-25000000.0,362685000.0,0.0,-120483000.0,-120483000.0,-120483000.0,0.0,0.0,-0.224,381373000.0,13787000.0,247437000.0,0.0,2.301,42.42,39.262,10976436000.0,0.0,113.86,6.086,6.086,509453000.0,2166770000.0,537425000.0,537425000.0,12020000.0,,,,,15450000.0,60923000.0,1.0,120012851.0,120012851,,4.478,12127552000.0,0.0,-70708000.0,1505483000.0,101.052,-197437000.0
22,CXO,MRQ,2015-03-31,2015-03-31,2015-03-31,2020-10-27,0.0,12207146000.0,,1154276000.0,11052870000.0,,53.424,-798920000.0,21000.0,21000.0,125535000.0,7512000.0,0.942,1.02,3396149000.0,19002000.0,3377147000.0,3396149000.0,0.0,267205000.0,0.0,0.0,0.0,65231000.0,332436000.0,0.804,332436000.0,65231000.0,11662000.0,0.07,0.06,0.07,6042349000.0,,6042349000.0,16720547565.0,18.0,8.528,-672671000.0,-5.948,1.0,287987000.0,0.696,26789000.0,53569000.0,14351708000.0,,14352000.0,495803000.0,495803000.0,0.0,6164797000.0,1224777000.0,4940020000.0,13110707565.0,0.0,0.0,738090000.0,-213039000.0,0.0,525515000.0,-651764000.0,-20000000.0,126249000.0,0.0,7512000.0,7512000.0,7512000.0,0.0,0.0,0.018,333794000.0,-45807000.0,184566000.0,0.0,2.17,28.854,28.764,10688585000.0,0.0,115.92,5.434,5.434,620911000.0,2287253000.0,413522000.0,413522000.0,5755000.0,,,,,15495000.0,58801000.0,1.0,113101342.0,113101342,,3.656,12180357000.0,0.0,4150000.0,1589720000.0,107.694,-70501000.0
23,CXO,MRQ,2014-12-31,2014-12-31,2014-12-31,2020-10-27,0.0,11751780000.0,,1188396000.0,10563384000.0,,46.728,-809132000.0,21000.0,21000.0,135781000.0,129896000.0,0.94,1.225,3561678000.0,92541000.0,3469137000.0,3561678000.0,0.0,264138000.0,0.0,0.0,0.0,251465000.0,515603000.0,0.868,515603000.0,251465000.0,198928000.0,1.15,1.15,1.15,5280788000.0,,5280788000.0,14553401081.0,14.0,7.091,-351898000.0,-3.114,1.0,458442000.0,0.771,27154000.0,52537000.0,14021656000.0,,14435000.0,490351000.0,490351000.0,0.0,6470992000.0,1264627000.0,5206365000.0,11272755081.0,-98843000.0,183000.0,-9775000.0,232041000.0,0.0,226698000.0,-782775000.0,0.0,457234000.0,0.0,129896000.0,129896000.0,129896000.0,0.0,0.0,0.219,975320000.0,-516878000.0,258478000.0,0.0,2.135,20.946,20.399,10206014000.0,0.0,99.75,4.238,4.238,660265000.0,2279741000.0,594223000.0,594223000.0,214176000.0,,,,,12458000.0,54113000.0,1.0,113010076.0,113010076,,5.258,11724626000.0,0.0,69032000.0,1600751000.0,103.749,-76231000.0
24,CXO,MRQ,2014-09-30,2014-09-30,2014-09-30,2020-10-27,0.0,11038095000.0,,771041000.0,10267054000.0,,45.54,-705646000.0,98864000.0,98864000.0,140725000.0,305203000.0,0.865,1.146,3379510000.0,1027000.0,3378483000.0,3379510000.0,0.0,256765000.0,0.0,0.0,0.0,544167000.0,800932000.0,1.144,800932000.0,544167000.0,491566000.0,2.7,2.69,2.7,5143778000.0,,5143778000.0,17339024044.0,17.0,8.91,-271838000.0,-2.407,1.0,559538000.0,0.799,27519000.0,52601000.0,13399880000.0,,15829000.0,41859000.0,41859000.0,0.0,5894317000.0,891342000.0,5002975000.0,14162895044.0,-266624000.0,728000.0,1727000.0,0.0,0.0,9769000.0,-710201000.0,-20000000.0,433808000.0,0.0,305203000.0,305203000.0,305203000.0,0.0,0.0,0.436,343755000.0,215783000.0,224292000.0,0.0,2.753,27.551,26.793,10065668000.0,0.0,125.39,5.249,5.249,594576000.0,2149845000.0,700263000.0,700263000.0,16982000.0,,,,,13465000.0,52763000.0,1.0,112950754.0,112950754,,6.2,11010576000.0,0.0,186363000.0,1524086000.0,97.481,-120301000.0
25,CXO,MRQ,2014-06-30,2014-06-30,2014-06-30,2020-10-27,0.0,10755663000.0,,1053914000.0,9701749000.0,,45.761,-514573000.0,365488000.0,365488000.0,134944000.0,11769000.0,1.072,1.234,3541617000.0,162479000.0,3379138000.0,3541617000.0,0.0,237445000.0,0.0,0.0,0.0,74216000.0,311661000.0,0.442,311661000.0,74216000.0,18828000.0,0.11,0.11,0.11,4815334000.0,,4815334000.0,19040829425.0,33.0,13.097,-135825000.0,-1.291,1.0,569758000.0,0.809,27884000.0,55388000.0,12920611000.0,,14096000.0,0.0,0.0,0.0,5940329000.0,983297000.0,4957032000.0,15205307425.0,365467000.0,370000.0,931596000.0,-384935000.0,0.0,537026000.0,-550307000.0,-10050000.0,378748000.0,0.0,11769000.0,11769000.0,11769000.0,0.0,0.0,0.017,316990000.0,252768000.0,245973000.0,0.0,3.158,63.544,63.656,9564012000.0,0.0,144.5,5.736,5.736,589555000.0,1844642000.0,704702000.0,704702000.0,28288000.0,,,,,9775000.0,49535000.0,1.0,105227041.0,105227041,,6.697,10727779000.0,76089000.0,7059000.0,1415624000.0,101.949,70617000.0
26,CXO,MRQ,2014-03-31,2014-03-31,2014-03-31,2020-10-27,0.0,9978168000.0,,575431000.0,9402737000.0,,36.717,-559883000.0,21000.0,21000.0,126924000.0,91307000.0,0.613,1.584,3835543000.0,161109000.0,3674434000.0,3835543000.0,0.0,221392000.0,0.0,0.0,0.0,202773000.0,424165000.0,0.642,424165000.0,202773000.0,146638000.0,0.87,0.87,0.87,3861187000.0,,3861187000.0,16603132273.0,24.0,10.902,-83903000.0,-0.798,1.0,534035000.0,0.808,28250000.0,56135000.0,12846836000.0,,18674000.0,1358000.0,1358000.0,0.0,6116981000.0,938604000.0,5178377000.0,12882313273.0,0.0,24000.0,-2494000.0,98217000.0,0.0,98716000.0,-574696000.0,0.0,475980000.0,0.0,91307000.0,91307000.0,91307000.0,0.0,0.0,0.138,296188000.0,237847000.0,233363000.0,0.0,3.336,41.261,41.246,9283661000.0,0.0,122.5,5.135,5.135,516057000.0,1832873000.0,660959000.0,660959000.0,25375000.0,,,,,11432000.0,47750000.0,1.0,105161741.0,105161741,,6.285,9949918000.0,40039000.0,55331000.0,1386577000.0,94.615,-363173000.0
27,CXO,MRQ,2013-12-31,2013-12-31,2013-12-31,2020-10-27,0.0,9591164000.0,,520875000.0,9070289000.0,,35.769,-432010000.0,21000.0,21000.0,127141000.0,105789000.0,0.688,1.552,3720840000.0,90419000.0,3630421000.0,3720840000.0,0.0,214833000.0,0.0,0.0,0.0,194404000.0,409237000.0,0.647,409237000.0,194404000.0,138003000.0,1.0,1.01,1.0,3757949000.0,,3757949000.0,15076086100.0,26.0,11.082,-14634000.0,-0.139,1.0,504945000.0,0.799,28615000.0,56401000.0,12526500000.0,,19682000.0,590000.0,590000.0,0.0,5833215000.0,756868000.0,5076347000.0,11346650100.0,-1000.0,5000.0,744000.0,9674000.0,0.0,7321000.0,-424698000.0,0.0,417376000.0,0.0,105789000.0,105789000.0,105789000.0,0.0,0.0,0.167,332917000.0,172028000.0,191553000.0,0.0,3.019,45.205,45.188,8946048000.0,0.0,108.0,4.891,4.891,471735000.0,1741566000.0,632086000.0,632086000.0,71752000.0,,,,,9800000.0,44695000.0,1.0,105061575.0,105061575,,6.016,9562549000.0,30069000.0,32214000.0,1334653000.0,91.019,-235993000.0
28,CXO,MRQ,2013-09-30,2013-09-30,2013-09-30,2020-10-27,0.0,9530701000.0,,607712000.0,8922989000.0,,34.717,-557107000.0,22000.0,22000.0,120231000.0,30421000.0,0.695,1.615,3729458000.0,140808000.0,3588650000.0,3729458000.0,0.0,200625000.0,0.0,0.0,0.0,108111000.0,308736000.0,0.473,308736000.0,108111000.0,52116000.0,0.29,0.29,0.29,3644713000.0,,3644713000.0,14946349114.0,26.0,11.557,-99592000.0,-0.949,1.0,532689000.0,0.816,28980000.0,55995000.0,12356873000.0,,19894000.0,872000.0,872000.0,0.0,5885988000.0,874284000.0,5011704000.0,11423421114.0,-25000.0,-222000.0,22000.0,141925000.0,0.0,147028000.0,-604568000.0,0.0,457515000.0,0.0,30421000.0,30421000.0,30421000.0,0.0,0.0,0.047,254027000.0,278662000.0,230821000.0,0.0,3.134,51.807,51.569,8787910000.0,0.0,108.81,5.276,5.276,554331000.0,1635777000.0,652920000.0,652920000.0,10992000.0,,,,,9923000.0,40836000.0,1.0,104985030.0,104985030,,6.219,9501721000.0,33150000.0,21695000.0,1302249000.0,90.505,-266572000.0
29,CXO,MRQ,2013-06-30,2013-06-30,2013-06-30,2020-10-27,0.0,9243404000.0,,539430000.0,8703974000.0,,34.367,-466543000.0,47000.0,47000.0,107219000.0,84700000.0,0.64,1.568,3522975000.0,65205000.0,3457770000.0,3522975000.0,0.0,188730000.0,0.0,0.0,0.0,192130000.0,380860000.0,0.677,380860000.0,192130000.0,138051000.0,0.81,0.81,0.81,3599266000.0,,3599266000.0,12104818003.0,23.0,10.181,-199085000.0,-1.901,1.0,455567000.0,0.809,29345000.0,54079000.0,11893878000.0,,21178000.0,17359000.0,17359000.0,0.0,5644138000.0,843109000.0,4801029000.0,8768137003.0,-927000.0,-431000.0,-391000.0,210594000.0,0.0,197014000.0,-465399000.0,0.0,267458000.0,0.0,84700000.0,84700000.0,84700000.0,453000.0,0.0,0.151,304936000.0,150631000.0,182424000.0,0.0,2.436,44.72,44.532,8548822000.0,0.0,83.72,4.433,4.433,503015000.0,1605356000.0,562786000.0,562786000.0,8398000.0,,,,,8588000.0,40991000.0,1.0,104731689.0,104731689,,5.374,9214059000.0,0.0,53351000.0,1248718000.0,87.978,-303679000.0
30,CXO,MRQ,2013-03-31,2013-03-31,2013-03-31,2020-10-27,0.0,8863398000.0,,446402000.0,8416996000.0,,33.827,-424010000.0,974000.0,974000.0,100845000.0,30093000.0,0.58,1.528,3337655000.0,73029000.0,3264626000.0,3337655000.0,0.0,168420000.0,0.0,0.0,0.0,93176000.0,261596000.0,0.554,261596000.0,93176000.0,41070000.0,0.29,0.29,0.29,3505483000.0,,3505483000.0,13321778359.0,15.0,8.915,-204339000.0,-1.972,1.0,371282000.0,0.786,29711000.0,52106000.0,11400580000.0,,20604000.0,7201000.0,7201000.0,0.0,5357915000.0,769788000.0,4588127000.0,10197696359.0,-1906000.0,15865000.0,-850000.0,178125000.0,0.0,180552000.0,-402129000.0,0.0,219671000.0,0.0,30093000.0,30093000.0,30093000.0,-12534000.0,0.0,0.064,231514000.0,139768000.0,141351000.0,0.0,2.909,23.679,23.365,8282035000.0,0.0,97.43,5.609,5.553,404581000.0,1520656000.0,472127000.0,472127000.0,18407000.0,,,,,6767000.0,43293000.0,1.0,104666903.0,103631000,104345000.0,4.556,8833687000.0,16420000.0,10977000.0,1220440000.0,85.242,-323386000.0
31,CXO,MRQ,2012-12-31,2012-12-31,2012-12-31,2020-10-27,0.0,8589437000.0,,458882000.0,8130555000.0,,33.491,-392136000.0,2880000.0,2880000.0,92102000.0,75287000.0,0.62,1.478,3126962000.0,25859000.0,3101103000.0,3126962000.0,0.0,166453000.0,0.0,0.0,0.0,175633000.0,342086000.0,0.716,342086000.0,175633000.0,122001000.0,0.72,0.72,0.72,3466196000.0,,3466196000.0,12069139722.0,14.0,8.378,-294000.0,-0.003,1.0,385424000.0,0.807,30076000.0,53632000.0,10943357000.0,,20611000.0,35942000.0,35942000.0,0.0,5123241000.0,740086000.0,4383155000.0,8425908722.0,2589000.0,488078000.0,-408000.0,-516249000.0,0.0,-516216000.0,126963000.0,0.0,391842000.0,0.0,75287000.0,75287000.0,75287000.0,5901000.0,0.0,0.158,218121000.0,167303000.0,193402000.0,0.0,2.431,19.518,19.273,7993424000.0,0.0,80.56,4.63,4.568,400791000.0,1490563000.0,477526000.0,477526000.0,12505000.0,,,,,8438000.0,37802000.0,1.0,104591717.0,103496000,104194000.0,4.614,8559361000.0,0.0,46714000.0,1195187000.0,82.702,-281204000.0
32,CXO,MRQ,2012-09-30,2012-09-30,2012-09-30,2020-10-27,0.0,8933017000.0,,496868000.0,8436149000.0,,32.746,-1386975000.0,291000.0,291000.0,87964000.0,5988000.0,0.71,1.641,3643522000.0,42539000.0,3600983000.0,3643522000.0,0.0,148145000.0,0.0,0.0,0.0,56330000.0,204475000.0,0.439,204475000.0,56330000.0,4993000.0,0.06,0.06,0.06,3382438000.0,,3382438000.0,12438328730.0,22.0,11.595,-1152304000.0,-11.156,1.0,377379000.0,0.811,32263000.0,51337000.0,11843817000.0,,27664000.0,35793000.0,35793000.0,0.0,5550579000.0,700168000.0,4850411000.0,9882144730.0,-419000.0,0.0,4797000.0,1084496000.0,0.0,1085746000.0,-1320836000.0,0.0,234671000.0,0.0,5988000.0,5988000.0,5988000.0,-9159000.0,0.0,0.013,191679000.0,185700000.0,160821000.0,0.0,2.922,36.122,35.755,8280312000.0,0.0,94.75,5.818,5.762,437262000.0,1415276000.0,465343000.0,465343000.0,6958000.0,,,,,7959000.0,35492000.0,1.0,104297042.0,103292000,104040000.0,4.505,8900754000.0,0.0,-995000.0,1159785000.0,86.171,-203300000.0
33,CXO,MRQ,2012-06-30,2012-06-30,2012-06-30,2020-10-27,0.0,7758309000.0,,515068000.0,7243241000.0,,32.542,-432861000.0,710000.0,710000.0,82100000.0,319297000.0,0.737,1.312,2556894000.0,33528000.0,2523366000.0,2556894000.0,0.0,133267000.0,0.0,0.0,0.0,552903000.0,686170000.0,1.702,686170000.0,552903000.0,511004000.0,3.1,3.07,3.1,3355565000.0,,3355565000.0,11322573335.0,10.0,7.102,-167801000.0,-1.627,1.0,321061000.0,0.796,32651000.0,41899000.0,9582757000.0,,25749000.0,126723000.0,126723000.0,0.0,4402744000.0,699085000.0,3703659000.0,8854310335.0,104000.0,3750000.0,-414000.0,204870000.0,0.0,205868000.0,-470824000.0,0.0,265060000.0,0.0,319297000.0,319297000.0,319297000.0,-10416000.0,0.0,0.792,181089000.0,139972000.0,163709000.0,0.0,2.639,14.194,14.046,6991379000.0,0.0,85.12,5.247,5.201,375491000.0,1409288000.0,403161000.0,403161000.0,14398000.0,,,,,7347000.0,32523000.0,1.0,104021503.0,103114000,103880000.0,3.91,7725658000.0,0.0,191707000.0,1165669000.0,74.923,-184017000.0
34,CXO,MRQ,2012-03-31,2012-03-31,2012-03-31,2020-10-27,0.0,7346609000.0,,474491000.0,6872118000.0,,29.418,-561899000.0,606000.0,606000.0,81577000.0,31117000.0,0.547,1.428,2468869000.0,187117000.0,2281752000.0,2468869000.0,0.0,127263000.0,0.0,0.0,0.0,80569000.0,207832000.0,0.439,207832000.0,80569000.0,44732000.0,0.3,0.3,0.3,3025723000.0,,3025723000.0,12762052381.0,13.0,9.089,-215994000.0,-2.1,1.0,392207000.0,0.828,33038000.0,35837000.0,8914023000.0,,12184000.0,0.0,0.0,0.0,4320886000.0,867811000.0,3453075000.0,10586794381.0,264000.0,669000.0,958000.0,232417000.0,0.0,230106000.0,-575747000.0,0.0,345905000.0,0.0,31117000.0,31117000.0,31117000.0,-9785000.0,0.0,0.066,162062000.0,230145000.0,189408000.0,0.0,3.499,19.726,19.556,6746769000.0,0.0,102.08,6.117,6.066,414805000.0,1089991000.0,473784000.0,473784000.0,5979000.0,,,,,6128000.0,27979000.0,1.0,103710760.0,102854000,103770000.0,4.606,7313571000.0,47579000.0,13615000.0,1026869000.0,71.106,-393320000.0
35,CXO,MRQ,2011-12-31,2011-12-31,2011-12-31,2020-10-27,0.0,6849576000.0,,411023000.0,6438553000.0,,29.003,-669428000.0,342000.0,342000.0,60644000.0,-82825000.0,0.586,1.298,2175600000.0,95459000.0,2080141000.0,2175600000.0,0.0,95123000.0,0.0,0.0,0.0,-120866000.0,-25743000.0,-0.072,-25743000.0,-120866000.0,-155025000.0,-0.81,-0.81,-0.81,2980739000.0,,2980739000.0,11568508219.0,12.0,8.709,-248956000.0,-2.422,1.0,295587000.0,0.83,33425000.0,34159000.0,8289932000.0,,19419000.0,1698000.0,1698000.0,0.0,3868837000.0,701477000.0,3167360000.0,9720298219.0,168000.0,168000.0,-295000.0,272849000.0,0.0,273369000.0,-693673000.0,0.0,420472000.0,0.0,-82825000.0,-82825000.0,-82825000.0,-37415000.0,0.0,-0.233,134172000.0,161415000.0,169413000.0,0.0,3.261,17.733,17.556,6290118000.0,0.0,93.75,6.008,5.945,367667000.0,1058874000.0,356231000.0,356231000.0,6770000.0,,,,,5405000.0,31642000.0,1.0,103683181.0,102773000,103773000.0,3.466,6816151000.0,28793000.0,-72200000.0,1002295000.0,66.322,-290454000.0
36,CXO,MRQ,2011-09-30,2011-09-30,2011-09-30,2020-10-27,0.0,6522786000.0,,547096000.0,5975690000.0,,29.763,-374009000.0,174000.0,174000.0,84050000.0,356205000.0,0.827,1.133,1848384000.0,58852000.0,1789532000.0,1848384000.0,0.0,115730000.0,0.0,0.0,0.0,610285000.0,726015000.0,1.598,726015000.0,610285000.0,577404000.0,3.47,3.44,3.47,3057639000.0,,3057639000.0,9214931574.0,9.0,6.54,-80870000.0,-0.787,1.0,370418000.0,0.815,33811000.0,32881000.0,7675499000.0,,26349000.0,145671000.0,145671000.0,0.0,3465147000.0,661686000.0,2803461000.0,7374646574.0,-223000.0,0.0,295000.0,80035000.0,0.0,82435000.0,-375797000.0,0.0,293139000.0,0.0,356205000.0,356205000.0,356205000.0,0.0,0.0,0.784,142852000.0,227566000.0,150411000.0,0.0,2.412,11.84,11.837,5745617000.0,0.0,71.14,4.954,4.909,385870000.0,1141699000.0,454468000.0,454468000.0,3498000.0,,,,,4673000.0,22873000.0,1.0,103663854.0,102733000,103696000.0,4.424,6488975000.0,0.0,221199000.0,1024867000.0,63.163,-114590000.0
37,CXO,MRQ,2011-06-30,2011-06-30,2011-06-30,2020-10-27,0.0,6036143000.0,,438552000.0,5597591000.0,,26.269,-329626000.0,397000.0,397000.0,69577000.0,232182000.0,0.688,1.24,1840682000.0,104756000.0,1735926000.0,1840682000.0,0.0,98881000.0,0.0,0.0,0.0,397112000.0,495993000.0,1.112,495993000.0,397112000.0,375452000.0,2.26,2.24,2.26,2694361000.0,,2694361000.0,11388190625.0,24.0,14.584,-9264000.0,-0.09,1.0,376655000.0,0.844,34199000.0,21660000.0,7205120000.0,,38076000.0,4958000.0,4958000.0,0.0,3341782000.0,637109000.0,2704673000.0,9495398625.0,-511000.0,39000.0,1569000.0,75288000.0,0.0,56465000.0,-377338000.0,0.0,320362000.0,0.0,232182000.0,232182000.0,232182000.0,0.0,0.0,0.52,122690000.0,253965000.0,135222000.0,0.0,3.524,33.037,33.159,5449287000.0,0.0,91.85,7.536,7.477,387253000.0,785494000.0,446232000.0,446232000.0,400000.0,,,,,4725000.0,22618000.0,1.0,103379408.0,102569000,103638000.0,4.351,6001944000.0,28962000.0,143270000.0,845702000.0,58.516,-198557000.0
38,CXO,MRQ,2011-03-31,2011-03-31,2011-03-31,2020-10-27,0.0,5742471000.0,,419265000.0,5323206000.0,,23.98,-372527000.0,908000.0,908000.0,63658000.0,42575000.0,0.609,1.342,1893700000.0,238293000.0,1655407000.0,1893700000.0,0.0,90288000.0,0.0,0.0,0.0,41766000.0,132054000.0,0.366,132054000.0,41766000.0,12106000.0,0.42,0.42,0.42,2451811000.0,,2451811000.0,12832333161.0,44.0,23.672,-207042000.0,-2.025,1.0,297182000.0,0.824,34586000.0,29660000.0,6911667000.0,,39900000.0,0.0,0.0,0.0,3290660000.0,689010000.0,2601650000.0,11054107161.0,524000.0,196213000.0,3851000.0,18755000.0,0.0,39649000.0,-204610000.0,0.0,165485000.0,0.0,42575000.0,42575000.0,42575000.0,-91188000.0,0.0,0.118,113110000.0,184072000.0,88041000.0,0.0,4.509,61.615,57.38,5193536000.0,0.0,107.3,10.911,10.829,331796000.0,553312000.0,360840000.0,360840000.0,726000.0,,,,,4468000.0,21392000.0,1.0,103020570.0,102242000,102242000.0,3.529,5707885000.0,76957000.0,-30469000.0,758229000.0,55.827,-269745000.0
39,CXO,MRQ,2010-12-31,2010-12-31,2010-12-31,2020-10-27,0.0,5368494000.0,,330633000.0,5037861000.0,,24.059,-1625599000.0,384000.0,384000.0,31565000.0,-8116000.0,0.652,1.252,1778610000.0,110089000.0,1668521000.0,1778610000.0,0.0,54093000.0,0.0,0.0,0.0,916000.0,55009000.0,0.242,55009000.0,916000.0,-24878000.0,-0.14,-0.14,-0.14,2383874000.0,,2383874000.0,9510747842.0,26.0,16.467,-1376773000.0,-13.895,1.0,195599000.0,0.861,34973000.0,25794000.0,6604758000.0,,28342000.0,6855000.0,6855000.0,0.0,2984620000.0,506989000.0,2477631000.0,8756829842.0,27000.0,103559000.0,521140000.0,794763000.0,0.0,1281834000.0,-1530633000.0,0.0,248826000.0,0.0,-8116000.0,-8116000.0,-8116000.0,-45749000.0,0.0,-0.036,84463000.0,111136000.0,98546000.0,0.0,3.673,42.848,39.67,4913787000.0,0.0,87.67,10.285,9.529,268552000.0,510737000.0,227164000.0,227164000.0,4482000.0,,,,,4077000.0,19576000.0,1.0,99883995.0,99085000,100455000.0,2.293,5333521000.0,42716000.0,-16762000.0,720889000.0,53.828,-176356000.0
40,CXO,MRQ,2010-09-30,2010-09-30,2010-09-30,2020-10-27,0.0,3541675000.0,,238676000.0,3302999000.0,,19.616,-214727000.0,357000.0,357000.0,41762000.0,20775000.0,0.682,0.98,754275000.0,65655000.0,688620000.0,754275000.0,0.0,57624000.0,0.0,0.0,0.0,40203000.0,97827000.0,0.433,97827000.0,40203000.0,28167000.0,0.23,0.22,0.23,1788622000.0,,1788622000.0,6776965193.0,18.0,11.814,-51501000.0,-0.565,1.0,184029000.0,0.815,35360000.0,12036000.0,3910088000.0,,20903000.0,23339000.0,23339000.0,0.0,1753053000.0,350145000.0,1402908000.0,6077240193.0,-26000.0,0.0,83000.0,45059000.0,0.0,47407000.0,-210659000.0,0.0,163226000.0,0.0,20775000.0,20775000.0,20775000.0,-4605000.0,0.0,0.092,78803000.0,105226000.0,48392000.0,0.0,3.398,26.496,26.051,3195898000.0,0.0,66.17,7.911,7.854,201134000.0,518853000.0,225791000.0,225791000.0,3617000.0,,,,,3152000.0,15285000.0,1.0,91842832.0,91182000,92440000.0,2.476,3506315000.0,2551000.0,7392000.0,677573000.0,38.454,-111469000.0
41,CXO,MRQ,2010-06-30,2010-06-30,2010-06-30,2020-10-27,0.0,3444253000.0,,220652000.0,3223601000.0,,19.357,-168410000.0,383000.0,383000.0,36442000.0,124171000.0,0.635,0.954,700108000.0,56085000.0,644023000.0,700108000.0,0.0,49611000.0,0.0,0.0,0.0,207583000.0,257194000.0,1.29,257194000.0,207583000.0,196391000.0,1.36,1.35,1.36,1762347000.0,,1762347000.0,5739672016.0,15.0,9.913,-66107000.0,-0.726,1.0,162873000.0,0.817,35748000.0,11192000.0,3760582000.0,,20258000.0,32409000.0,32409000.0,0.0,1681906000.0,347648000.0,1334258000.0,5065403016.0,-6605000.0,0.0,1063000.0,55992000.0,0.0,57961000.0,-166869000.0,0.0,102303000.0,0.0,124171000.0,124171000.0,124171000.0,-4383000.0,0.0,0.623,72132000.0,90741000.0,37006000.0,0.0,2.874,22.182,21.783,3083702000.0,0.0,55.33,7.279,7.239,177260000.0,498078000.0,199315000.0,199315000.0,922000.0,,,,,2871000.0,17761000.0,1.0,91548943.0,91044000,92297000.0,2.189,3408505000.0,0.0,72220000.0,667752000.0,37.438,-126996000.0
42,CXO,MRQ,2010-03-31,2010-03-31,2010-03-31,2020-10-27,0.0,3280533000.0,,225816000.0,3054717000.0,,18.361,-125246000.0,6988000.0,6988000.0,33330000.0,67540000.0,0.616,1.011,681257000.0,55329000.0,625928000.0,681257000.0,0.0,50159000.0,0.0,0.0,0.0,117368000.0,167527000.0,0.841,167527000.0,117368000.0,106303000.0,0.76,0.75,0.76,1631037000.0,,1631037000.0,5506007279.0,42.0,17.124,11981000.0,0.135,1.0,165843000.0,0.833,36135000.0,11065000.0,3552101000.0,,19758000.0,9078000.0,9078000.0,0.0,1649496000.0,366566000.0,1282930000.0,4597571279.0,3754000.0,790000.0,221740000.0,-223415000.0,0.0,1823000.0,-135296000.0,0.0,137227000.0,0.0,67540000.0,67540000.0,67540000.0,-2207000.0,0.0,0.339,66182000.0,99661000.0,45219000.0,0.0,2.819,64.788,63.747,2951736000.0,0.0,50.36,7.369,7.17,181649000.0,373907000.0,199173000.0,199173000.0,1109000.0,,,,,2831000.0,13778000.0,1.0,91294108.0,88831000,90130000.0,2.242,3244398000.0,18316000.0,38763000.0,616649000.0,36.523,-140750000.0
43,CXO,MRQ,2009-12-31,2009-12-31,2009-12-31,2020-10-27,0.0,3171085000.0,,217258000.0,2953827000.0,,15.664,-354195000.0,3234000.0,3234000.0,21645000.0,16879000.0,0.645,1.375,911670000.0,65834000.0,845836000.0,911670000.0,0.0,33904000.0,0.0,0.0,0.0,17176000.0,51080000.0,0.355,51080000.0,17176000.0,6263000.0,0.19,0.19,0.19,1335428000.0,,1335428000.0,4507752626.0,-1100.0,24.004,-226727000.0,-2.659,1.0,122294000.0,0.85,36522000.0,10913000.0,3705985000.0,,16255000.0,1309000.0,1309000.0,0.0,1835657000.0,337014000.0,1498643000.0,3851732626.0,-12461000.0,5099000.0,1615000.0,200605000.0,0.0,204341000.0,-344270000.0,0.0,127468000.0,0.0,16879000.0,16879000.0,16879000.0,-3510000.0,0.0,0.117,46140000.0,76154000.0,46803000.0,0.0,2.884,-392.954,-374.167,2856289000.0,0.0,44.9,7.541,7.464,169535000.0,306367000.0,143939000.0,143939000.0,437000.0,,,,,2379000.0,14530000.0,1.0,85784691.0,85254000,85254000.0,1.688,3134563000.0,29284000.0,-10616000.0,603286000.0,36.767,-119756000.0
44,CXO,MRQ,2009-09-30,2009-09-30,2009-09-30,2020-10-27,0.0,2821526000.0,,178923000.0,2642603000.0,,15.432,-95175000.0,15695000.0,15695000.0,25439000.0,19762000.0,0.739,1.149,671715000.0,25968000.0,645747000.0,671715000.0,0.0,54835000.0,0.0,0.0,0.0,48395000.0,103230000.0,0.673,103230000.0,48395000.0,41586000.0,0.23,0.23,0.23,1312700000.0,,1312700000.0,3781407221.0,21.0,10.014,18671000.0,0.22,1.0,128055000.0,0.834,36909000.0,6809000.0,3198404000.0,,24351000.0,9405000.0,9405000.0,0.0,1508826000.0,242233000.0,1266593000.0,3106129221.0,12614000.0,0.0,470000.0,-14084000.0,0.0,-22182000.0,-79050000.0,0.0,113846000.0,0.0,19762000.0,19762000.0,19762000.0,0.0,0.0,0.129,71677000.0,56378000.0,53335000.0,0.0,2.366,30.408,28.598,2528172000.0,0.0,36.32,6.897,6.86,139561000.0,289488000.0,153494000.0,153494000.0,2776000.0,,,,,2548000.0,12715000.0,1.0,85521179.0,85061000,86088000.0,1.805,2784617000.0,5800000.0,21824000.0,591029000.0,32.737,-63310000.0
45,CXO,MRQ,2009-06-30,2009-06-30,2009-06-30,2020-10-27,0.0,2764799000.0,,167279000.0,2597520000.0,,15.207,-92656000.0,3081000.0,3081000.0,25817000.0,-33218000.0,0.762,1.144,678359000.0,18359000.0,660000000.0,678359000.0,0.0,52402000.0,0.0,0.0,0.0,-52709000.0,-307000.0,-0.002,-307000.0,-52709000.0,-58909000.0,-0.39,-0.39,-0.39,1289555000.0,,1289555000.0,3125010856.0,8.0,5.681,-15036000.0,-0.177,1.0,101515000.0,0.797,37319000.0,6200000.0,3183327000.0,,27158000.0,26272000.0,26272000.0,0.0,1475244000.0,219431000.0,1255813000.0,2449551856.0,674000.0,0.0,1734000.0,-12553000.0,0.0,-8631000.0,-68315000.0,0.0,77620000.0,0.0,-33218000.0,-33218000.0,-33218000.0,0.0,0.0,-0.261,72798000.0,28717000.0,48451000.0,0.0,1.9,10.92,10.283,2487166000.0,0.0,28.69,5.242,5.206,132596000.0,269726000.0,127332000.0,127332000.0,1424000.0,,,,,2188000.0,14172000.0,1.0,85379988.0,84799000,84799000.0,1.502,2727480000.0,0.0,-25691000.0,568517000.0,32.164,-52152000.0
46,CXO,MRQ,2009-03-31,2009-03-31,2009-03-31,2020-10-27,0.0,2829146000.0,,252579000.0,2576567000.0,,15.576,-131637000.0,2407000.0,2407000.0,24766000.0,-13225000.0,1.008,1.149,677866000.0,7116000.0,670750000.0,677866000.0,0.0,50748000.0,0.0,0.0,0.0,-16961000.0,33787000.0,0.393,33787000.0,-16961000.0,-21331000.0,-0.16,-0.16,-0.16,1316663000.0,,1316663000.0,2796479296.0,7.0,5.059,-91025000.0,-1.077,1.0,61236000.0,0.712,37724000.0,4370000.0,3216376000.0,,26277000.0,86082000.0,86082000.0,0.0,1512483000.0,250505000.0,1261978000.0,2172931296.0,-15345000.0,0.0,2005000.0,35747000.0,0.0,38556000.0,-94513000.0,0.0,40612000.0,0.0,-13225000.0,-13225000.0,-13225000.0,0.0,0.0,-0.154,72823000.0,-11587000.0,47536000.0,0.0,1.65,8.938,8.559,2448605000.0,0.0,25.59,4.552,4.531,159729000.0,302944000.0,86002000.0,86002000.0,5995000.0,,,,,1925000.0,11746000.0,1.0,84913298.0,84529000,84529000.0,1.017,2791422000.0,0.0,-8106000.0,599293000.0,33.023,2074000.0
47,CXO,MRQ,2008-12-31,2008-12-31,2008-12-31,2020-10-27,0.0,2815203000.0,,278783000.0,2536420000.0,,15.709,-134462000.0,17752000.0,17752000.0,15921000.0,128829000.0,1.029,1.124,641300000.0,11300000.0,630000000.0,641300000.0,0.0,41584000.0,0.0,0.0,0.0,199317000.0,240901000.0,2.884,240901000.0,199317000.0,190033000.0,1.59,1.56,1.59,1325154000.0,,1325154000.0,2548194561.0,5.0,4.374,-62465000.0,-0.74,1.0,67613000.0,0.809,37768000.0,9284000.0,3130165000.0,,19956000.0,113149000.0,113149000.0,0.0,1490049000.0,270818000.0,1219231000.0,1932997561.0,-36618000.0,1034000.0,1530000.0,-263000.0,0.0,1997000.0,-110612000.0,0.0,71997000.0,0.0,128829000.0,128829000.0,128829000.0,-8480000.0,0.0,1.542,82735000.0,-15122000.0,30060000.0,0.0,1.459,6.936,6.483,2401404000.0,0.0,22.82,3.881,3.629,141940000.0,316169000.0,83534000.0,83534000.0,18180000.0,,,,,269000.0,14086000.0,1.0,84706291.0,84357000,85513000.0,0.99,2777435000.0,0.0,61204000.0,610968000.0,32.925,7965000.0
48,CXO,MRQ,2008-09-30,2008-09-30,2008-09-30,2020-10-27,-5051000.0,2663774000.0,,201622000.0,2462152000.0,,14.624,-680528000.0,54370000.0,54370000.0,27041000.0,141928000.0,0.792,1.241,669567000.0,34567000.0,635000000.0,669567000.0,0.0,32528000.0,0.0,0.0,0.0,243214000.0,275742000.0,1.618,275742000.0,243214000.0,232959000.0,1.75,1.72,1.75,1188745000.0,,1188745000.0,2723829700.0,10.0,7.183,-524076000.0,-6.447,1.0,143416000.0,0.841,48524000.0,10255000.0,2975901000.0,,22790000.0,11965000.0,11965000.0,0.0,1475029000.0,254546000.0,1220483000.0,2331192700.0,22654000.0,0.0,243914000.0,329401000.0,0.0,559513000.0,-693311000.0,0.0,156452000.0,0.0,141928000.0,141928000.0,141928000.0,0.0,0.0,0.833,63848000.0,79568000.0,42675000.0,0.0,1.961,14.874,14.159,2349926000.0,0.0,27.61,4.541,4.372,122906000.0,187340000.0,170457000.0,170457000.0,16824000.0,,,,,1925000.0,10778000.0,1.0,84432912.0,81288000,82724000.0,2.097,2615250000.0,6983000.0,91031000.0,546823000.0,32.173,-52924000.0
49,CXO,MRQ,2008-06-30,2008-06-30,2008-06-30,2020-10-27,-21332000.0,1634233000.0,,145863000.0,1488370000.0,,10.361,-72434000.0,31716000.0,31716000.0,21979000.0,-14420000.0,0.699,1.085,424353000.0,125900000.0,298453000.0,424353000.0,0.0,22010000.0,0.0,0.0,0.0,-19704000.0,2306000.0,0.017,2306000.0,-19704000.0,-23589000.0,-0.19,-0.19,-0.19,783959000.0,,783959000.0,3167741820.0,52.0,21.93,20709000.0,0.274,1.0,115404000.0,0.84,0.0,3885000.0,1818119000.0,,8702000.0,0.0,0.0,0.0,850274000.0,208751000.0,641523000.0,2834222820.0,16024000.0,0.0,1010000.0,6153000.0,0.0,7715000.0,-84834000.0,0.0,93143000.0,0.0,-14420000.0,-14420000.0,-14420000.0,0.0,0.0,-0.105,32963000.0,82441000.0,28344000.0,0.0,3.615,124.543,116.563,1475521000.0,0.0,37.3,6.88,6.851,66173000.0,45412000.0,137383000.0,137383000.0,723000.0,,,,,1730000.0,8586000.0,1.0,75984526.0,75665000,75665000.0,1.816,1634233000.0,44750000.0,-9169000.0,288098000.0,21.598,-62888000.0
50,CXO,MRQ,2008-03-31,2008-03-31,2008-03-31,2020-10-27,-13650000.0,1528328000.0,,95841000.0,1432487000.0,,10.623,-53306000.0,15692000.0,15692000.0,16895000.0,22365000.0,0.739,0.906,349211000.0,50283000.0,298928000.0,349211000.0,0.0,21284000.0,0.0,0.0,0.0,42348000.0,63632000.0,0.596,63632000.0,42348000.0,36733000.0,0.3,0.29,0.3,801768000.0,,801768000.0,2287366090.0,23.0,12.726,16499000.0,0.219,1.0,89816000.0,0.842,0.0,5615000.0,1732214000.0,,1611000.0,0.0,0.0,0.0,726560000.0,129633000.0,596927000.0,1948321090.0,-14732000.0,0.0,1238000.0,-29408000.0,0.0,-27244000.0,-57293000.0,0.0,69805000.0,0.0,22365000.0,22365000.0,22365000.0,0.0,0.0,0.21,31310000.0,58506000.0,22578000.0,0.0,2.43,45.214,42.033,1428940000.0,0.0,25.64,5.719,5.68,58007000.0,59832000.0,106711000.0,106711000.0,2741000.0,,,,,1299000.0,7680000.0,1.0,75987562.0,75473000,76886000.0,1.414,1528328000.0,17797000.0,14368000.0,278112000.0,20.25,-33792000.0
51,CXO,MRQ,2007-12-31,2007-12-31,2007-12-31,2020-10-27,-14195000.0,1508229000.0,,107983000.0,1400246000.0,,10.295,-45854000.0,30424000.0,30424000.0,16342000.0,6858000.0,0.839,0.945,369469000.0,44065000.0,325404000.0,369469000.0,0.0,21743000.0,0.0,0.0,0.0,15781000.0,37524000.0,0.38,37524000.0,15781000.0,9542000.0,0.09,0.09,0.09,775398000.0,,775398000.0,1897537545.0,25.0,12.306,20983000.0,0.279,1.0,82444000.0,0.835,0.0,6239000.0,1718632000.0,,1459000.0,1866000.0,1866000.0,0.0,732831000.0,128642000.0,604189000.0,1561222545.0,10556000.0,0.0,-293000.0,-12849000.0,0.0,-10956000.0,-45325000.0,0.0,66837000.0,0.0,6858000.0,6858000.0,6858000.0,0.0,0.0,0.069,43828000.0,38616000.0,30835000.0,0.0,2.013,61.672,52.846,1394994000.0,0.0,20.61,5.304,4.504,57588000.0,37467000.0,98786000.0,98786000.0,10988000.0,,,,,1185000.0,8610000.0,1.0,75750730.0,75320000,76662000.0,1.312,1508229000.0,13502000.0,2684000.0,259070000.0,20.024,-20659000.0
52,CXO,MRQ,2007-09-30,2007-09-30,2007-09-30,2020-10-27,-6493000.0,1443507000.0,,70993000.0,1372514000.0,,11.198,-45707000.0,19868000.0,19868000.0,13773000.0,7954000.0,1.08,0.866,356183000.0,12303000.0,343880000.0,356183000.0,0.0,18003000.0,0.0,0.0,0.0,22980000.0,40983000.0,0.593,40983000.0,22980000.0,13926000.0,0.12,0.11,0.12,773384000.0,,773384000.0,1621210201.0,19.0,10.296,-6369000.0,-0.092,1.0,55325000.0,0.801,0.0,9054000.0,1714089000.0,,1404000.0,1658000.0,1658000.0,0.0,670123000.0,65733000.0,604390000.0,1121865201.0,9481000.0,0.0,173002000.0,-158600000.0,0.0,14564000.0,-44421000.0,0.0,39338000.0,0.0,7954000.0,7954000.0,7954000.0,0.0,0.0,0.115,35917000.0,19408000.0,15100000.0,0.0,1.451,44.224,36.122,1368026000.0,0.0,14.81,4.345,3.962,40820000.0,30609000.0,69098000.0,69098000.0,11805000.0,,,,,702000.0,4646000.0,1.0,75750520.0,69067000,69913000.0,1.0,1443507000.0,3625000.0,5972000.0,252025000.0,20.9,5260000.0
53,CXO,MRQ,2007-06-30,2007-06-30,2007-06-30,2020-10-27,-4186000.0,1398928000.0,,56577000.0,1342351000.0,,10.285,-34043000.0,10387000.0,10387000.0,12206000.0,5925000.0,1.183,1.355,509732000.0,8192000.0,501540000.0,509732000.0,0.0,17609000.0,0.0,,0.0,19987000.0,37596000.0,0.569,37596000.0,19987000.0,9913000.0,0.1,0.1,0.1,593905000.0,,593905000.0,,,,-1498000.0,-0.026,1.0,53897000.0,0.815,0.0,10074000.0,1850434000.0,,1314000.0,81000.0,81000.0,0.0,805023000.0,47839000.0,757184000.0,,7814000.0,0.0,0.0,-1000000.0,0.0,9312000.0,-34043000.0,0.0,32545000.0,0.0,5925000.0,5914000.0,5914000.0,0.0,0.0,0.089,34118000.0,19779000.0,14345000.0,0.0,,,,1336916000.0,11000.0,,,,39856000.0,22655000.0,66103000.0,66103000.0,5864000.0,,,,,1129000.0,7629000.0,1.0,72499911.0,57747000,59625000.0,1.145,1398928000.0,82000.0,3988000.0,245863000.0,24.225,8738000.0
54,CXO,MRQ,2007-03-31,2007-03-31,2007-03-31,2020-10-27,-5188000.0,1380339000.0,,47552000.0,1332787000.0,,10.463,-36564000.0,2573000.0,2573000.0,11946000.0,4623000.0,0.918,1.401,512812000.0,9812000.0,503000000.0,512812000.0,0.0,19424000.0,0.0,,0.0,18673000.0,38097000.0,0.631,38097000.0,18673000.0,7998000.0,0.08,0.08,0.08,574791000.0,,574791000.0,,,,-5515000.0,-0.1,1.0,48400000.0,0.802,0.0,10675000.0,1838800000.0,,1324000.0,64000.0,64000.0,0.0,805548000.0,51778000.0,753770000.0,,1451000.0,0.0,0.0,9500000.0,0.0,6966000.0,-36564000.0,0.0,31049000.0,0.0,4623000.0,4589000.0,4589000.0,0.0,0.0,0.076,29992000.0,18408000.0,21533000.0,0.0,,,,1327095000.0,34000.0,,,,39072000.0,16734000.0,60346000.0,60346000.0,441000.0,,,,,825000.0,4292000.0,1.0,72499911.0,54936000,58840000.0,1.098,1380339000.0,82000.0,3375000.0,241114000.0,25.126,-4226000.0
55,CXO,MRQ,2006-12-31,2006-12-31,2006-12-31,2020-10-27,414000.0,1390072000.0,,63765000.0,1326307000.0,,10.454,-58922000.0,1122000.0,1122000.0,12480000.0,6945000.0,0.904,1.417,501724000.0,6624000.0,495100000.0,501724000.0,0.0,18552000.0,0.0,,0.0,22229000.0,40781000.0,0.651,40781000.0,22229000.0,12660000.0,0.11,0.11,0.11,575156000.0,,575156000.0,,,,-5682000.0,-0.103,1.0,50165000.0,0.801,0.0,9569000.0,1820173000.0,,1309000.0,6013000.0,6013000.0,0.0,814916000.0,70501000.0,744415000.0,,1122000.0,0.0,0.0,6829000.0,0.0,6804000.0,-58922000.0,0.0,53240000.0,0.0,6945000.0,6911000.0,6911000.0,0.0,0.0,0.11,28215000.0,21950000.0,29651000.0,0.0,,,,1320655000.0,34000.0,,,,51391000.0,12152000.0,62645000.0,62645000.0,895000.0,,,,,1103000.0,5677000.0,1.0,,55018000,59105000.0,1.139,1390072000.0,82000.0,5715000.0,241752000.0,25.266,-6736000.0
56,CXO,MRQ,2006-09-30,2006-09-30,2006-09-30,2020-10-27,,,,,,,,-40058000.0,,,10145000.0,6530000.0,,,,,,,,19674000.0,,,0.0,20065000.0,39739000.0,0.682,39739000.0,20065000.0,10881000.0,0.1,0.09,0.1,,,,,,,-14506000.0,-0.324,1.0,48130000.0,0.826,,9184000.0,,,,,,,,,,,0.0,0.0,0.0,15037000.0,0.0,14506000.0,-40058000.0,0.0,25552000.0,0.0,6530000.0,6498000.0,6498000.0,0.0,0.0,0.112,28398000.0,19732000.0,,0.0,,,,,32000.0,,,,,,58275000.0,58275000.0,3316000.0,,,,,1090000.0,3832000.0,1.0,,44710000,47937000.0,1.303,,,4351000.0,,,
57,CXO,MRQ,2006-06-30,2006-06-30,2006-06-30,2020-10-27,,,,,,,,-50854000.0,,,9287000.0,7621000.0,,,,,,,,15257000.0,,,0.0,20391000.0,35648000.0,0.689,35648000.0,20391000.0,12187000.0,0.14,0.13,0.14,,,,,,,-29080000.0,-0.53,1.0,42431000.0,0.82,,8204000.0,,,,,,,,,,,0.0,0.0,0.0,29094000.0,0.0,29080000.0,-50854000.0,0.0,21774000.0,0.0,7621000.0,7589000.0,7589000.0,0.0,0.0,0.147,22311000.0,20120000.0,,0.0,,,,,32000.0,,,,,,51718000.0,51718000.0,495000.0,,,,,329000.0,3153000.0,1.0,,54877000,58344000.0,0.942,,,4566000.0,,,
58,CXO,MRQ,2006-03-31,2006-03-31,2006-03-31,2020-10-27,,,,,,,,-447018000.0,,,5910000.0,-1428000.0,,,,,,,,7239000.0,,,0.0,1929000.0,9168000.0,0.357,9168000.0,1929000.0,-1681000.0,0.38,0.35,0.38,,,,,,,-435403000.0,-18.16,1.0,19742000.0,0.77,,3610000.0,,,,,,,,,,,-9182000.0,0.0,61178000.0,372540000.0,0.0,426221000.0,-447018000.0,0.0,11615000.0,0.0,-1428000.0,9027000.0,9027000.0,0.0,0.0,0.352,18116000.0,1626000.0,,0.0,,,,,-10455000.0,,,,,,25652000.0,25652000.0,906000.0,,,,,6622000.0,9059000.0,1.0,,23976000,26503000.0,1.07,,,-253000.0,,,
59,CXO,MRQ,2005-12-31,2005-12-31,2005-12-31,2020-10-27,-11060000.0,232385000.0,,59192000.0,173193000.0,,27.019,,9182000.0,9182000.0,,,1.467,1.119,81307000.0,9307000.0,72000000.0,81307000.0,0.0,,0.0,,0.0,,,,,,,,,,109670000.0,,109670000.0,,,,,,1.0,,,0.0,,264164000.0,,1018000.0,0.0,0.0,0.0,122715000.0,40346000.0,82369000.0,,,,,,,,,,,,,,,,,,,,13426000.0,,,,,170583000.0,,,,,44312000.0,-6272000.0,,,,,,,,,,1.0,,4059000,,,232385000.0,4904000.0,,0.0,57.252,18846000.0
0,CXO,MRT,2020-09-30,2020-09-30,2020-09-30,2020-10-27,0.0,12537000000.0,15915750000.0,1206000000.0,11331000000.0,0.218,39.587,-2243000000.0,402000000.0,402000000.0,1041000000.0,-10244000000.0,1.73,0.61,3861000000.0,5000000.0,3856000000.0,3861000000.0,0.0,1616000000.0,0.0,0.016,0.725,-11875000000.0,-10259000000.0,-2.951,-10259000000.0,-11875000000.0,-12046000000.0,-52.4,-52.4,-52.4,7787000000.0,10467000000.0,7787000000.0,12321727797.0,-1.0,-1.201,659000000.0,3.35,1.0,2435000000.0,0.701,16000000.0,171000000.0,15283000000.0,18221250000.0,26000000.0,212000000.0,212000000.0,0.0,4750000000.0,697000000.0,4053000000.0,8678727797.0,402000000.0,873000000.0,-405000000.0,-571000000.0,-144000000.0,-1130000000.0,-1370000000.0,0.0,2902000000.0,0.0,-10244000000.0,-10244000000.0,-10244000000.0,0.0,0.0,-2.947,14686000000.0,-12251000000.0,185000000.0,-0.014,1.115,-0.847,-0.842,10956000000.0,0.0,44.12,2.497,2.497,522000000.0,-6573000000.0,3476000000.0,3476000000.0,2860000000.0,-0.644,-0.979,-0.652,-3.416,71000000.0,276000000.0,1.0,196707339.0,196707339,,17.671,12521000000.0,19000000.0,-1802000000.0,0.0,63.653,509000000.0
1,CXO,MRT,2020-06-30,2020-06-30,2020-06-30,2020-10-27,0.0,12780000000.0,19314500000.0,1367000000.0,11413000000.0,0.195,40.264,-2560000000.0,320000000.0,320000000.0,1109000000.0,-9625000000.0,1.799,0.614,3963000000.0,6000000.0,3957000000.0,3963000000.0,0.0,1816000000.0,0.0,0.013,0.65,-11058000000.0,-9242000000.0,-2.46,-9242000000.0,-11058000000.0,-11231000000.0,-49.31,-49.31,-49.31,7920000000.0,13148000000.0,7920000000.0,13921131370.0,-1.0,-1.506,399000000.0,2.028,1.0,2648000000.0,0.705,16000000.0,173000000.0,15647000000.0,21163750000.0,27000000.0,467000000.0,467000000.0,0.0,4860000000.0,760000000.0,4100000000.0,10130131370.0,320000000.0,952000000.0,-356000000.0,-540000000.0,-129000000.0,-1031000000.0,-1608000000.0,0.0,2959000000.0,0.0,-9625000000.0,-9625000000.0,-9625000000.0,0.0,0.0,-2.562,14701000000.0,-12053000000.0,224000000.0,-0.013,1.279,-1.052,-1.044,10942000000.0,0.0,51.5,2.696,2.696,507000000.0,-6472000000.0,3757000000.0,3757000000.0,2872000000.0,-0.498,-0.732,-0.522,-2.943,73000000.0,281000000.0,1.0,196701580.0,196701580,,19.1,12764000000.0,45000000.0,-1606000000.0,0.0,64.89,607000000.0
2,CXO,MRT,2020-03-31,2020-03-31,2020-03-31,2020-10-27,0.0,13614000000.0,22489000000.0,2260000000.0,11354000000.0,0.196,42.597,-2942000000.0,165000000.0,165000000.0,1182000000.0,-9287000000.0,2.161,0.625,3956000000.0,0.0,3956000000.0,3956000000.0,0.0,2023000000.0,0.0,0.013,0.575,-10634000000.0,-8611000000.0,-1.953,-8611000000.0,-10634000000.0,-10814000000.0,-47.56,-47.56,-47.56,8379000000.0,15657750000.0,8379000000.0,12425814435.0,-1.0,-1.443,107000000.0,0.544,1.0,3228000000.0,0.732,17000000.0,180000000.0,16342000000.0,23865500000.0,25000000.0,1241000000.0,1241000000.0,0.0,5235000000.0,1046000000.0,4189000000.0,8428814435.0,165000000.0,1255000000.0,-356000000.0,-720000000.0,-114000000.0,-1197000000.0,-1687000000.0,0.0,3049000000.0,0.0,-9287000000.0,-9287000000.0,-9287000000.0,0.0,0.0,-2.106,15909000000.0,-12681000000.0,340000000.0,-0.012,1.006,-0.908,-0.901,10911000000.0,0.0,42.85,1.911,1.911,770000000.0,-5997000000.0,4410000000.0,4410000000.0,2873000000.0,-0.413,-0.593,-0.446,-2.411,79000000.0,304000000.0,1.0,196705121.0,196705121,,22.419,13597000000.0,0.0,-1527000000.0,87000000.0,69.124,1214000000.0
3,CXO,MRT,2019-12-31,2019-12-31,2019-12-31,2020-10-27,0.0,24732000000.0,25627500000.0,1055000000.0,23677000000.0,0.179,88.455,-3253000000.0,70000000.0,70000000.0,1180000000.0,-705000000.0,0.893,0.391,4067000000.0,112000000.0,3955000000.0,4067000000.0,0.0,1964000000.0,0.0,0.006,0.5,-674000000.0,1290000000.0,0.281,1290000000.0,-674000000.0,-859000000.0,-3.55,-3.55,-3.55,17782000000.0,18077750000.0,17782000000.0,22023082821.0,-33.0,17.072,-417000000.0,-2.074,1.0,3412000000.0,0.743,1934000000.0,185000000.0,25613000000.0,26586250000.0,30000000.0,6000000.0,6000000.0,0.0,6950000000.0,1182000000.0,5768000000.0,17604082821.0,70000000.0,1260000000.0,-265000000.0,-401000000.0,-100000000.0,-773000000.0,-1993000000.0,0.0,2836000000.0,0.0,-705000000.0,-705000000.0,-705000000.0,0.0,0.0,-0.154,3504000000.0,-92000000.0,321000000.0,-0.141,0.99,-24.97,-24.668,21327000000.0,0.0,87.57,3.834,3.834,888000000.0,3320000000.0,4592000000.0,4592000000.0,201000000.0,-0.028,-0.039,-0.025,-0.147,85000000.0,326000000.0,1.0,201028695.0,201028695,,22.843,22798000000.0,0.0,-154000000.0,1654000000.0,113.407,-127000000.0
4,CXO,MRT,2019-09-30,2019-09-30,2019-09-30,2020-10-27,0.0,26132000000.0,26018000000.0,2017000000.0,24115000000.0,0.17,92.058,-3308000000.0,0.0,0.0,1149000000.0,1279000000.0,1.505,0.412,4419000000.0,70000000.0,4349000000.0,4419000000.0,0.0,1876000000.0,0.0,0.006,0.375,1819000000.0,3695000000.0,0.837,3695000000.0,1819000000.0,1632000000.0,7.35,7.32,7.35,18511000000.0,18324250000.0,18511000000.0,18272251403.0,10.0,4.945,-544000000.0,-2.705,1.0,3264000000.0,0.74,2158000000.0,187000000.0,27053000000.0,26945000000.0,30000000.0,201000000.0,201000000.0,0.0,7621000000.0,1340000000.0,6281000000.0,13653251403.0,-24000000.0,494000000.0,-16000000.0,123000000.0,-75000000.0,26000000.0,-2814000000.0,0.0,2764000000.0,0.0,1279000000.0,1279000000.0,1279000000.0,0.0,0.0,0.29,2936000000.0,328000000.0,286000000.0,0.051,0.738,10.675,9.238,21428000000.0,0.0,67.9,3.094,3.094,798000000.0,3817000000.0,4413000000.0,4413000000.0,119000000.0,0.049,0.07,0.068,0.412,91000000.0,344000000.0,1.0,201078813.0,201078813,,21.947,23974000000.0,0.0,353000000.0,1783000000.0,119.227,677000000.0
5,CXO,MRT,2019-06-30,2019-06-30,2019-06-30,2020-10-27,0.0,25478000000.0,25787500000.0,860000000.0,24618000000.0,0.174,89.529,-3535000000.0,0.0,0.0,1110000000.0,522000000.0,0.613,0.419,4619000000.0,269000000.0,4350000000.0,4619000000.0,0.0,1794000000.0,0.0,0.002,0.25,771000000.0,2565000000.0,0.571,2565000000.0,771000000.0,584000000.0,3.52,3.49,3.52,17959000000.0,18004500000.0,17959000000.0,25661291500.0,33.0,10.004,-665000000.0,-3.315,1.0,3380000000.0,0.753,2240000000.0,187000000.0,26454000000.0,26637000000.0,33000000.0,12000000.0,12000000.0,0.0,7519000000.0,1403000000.0,6116000000.0,20697291500.0,-55000000.0,411000000.0,-47000000.0,315000000.0,-50000000.0,199000000.0,-3124000000.0,0.0,2870000000.0,0.0,522000000.0,522000000.0,522000000.0,0.0,0.0,0.116,3077000000.0,303000000.0,310000000.0,0.071,1.152,39.65,29.313,22216000000.0,0.0,103.18,4.61,4.61,761000000.0,3284000000.0,4490000000.0,4490000000.0,103000000.0,0.02,0.029,0.029,0.172,94000000.0,353000000.0,1.0,200594025.0,200594025,,22.384,23238000000.0,0.0,62000000.0,1561000000.0,115.846,-543000000.0
6,CXO,MRT,2019-03-31,2019-03-31,2019-03-31,2020-10-27,0.0,26168000000.0,23116250000.0,1027000000.0,25141000000.0,0.186,90.028,-3139000000.0,0.0,0.0,1025000000.0,756000000.0,0.619,0.449,4964000000.0,397000000.0,4567000000.0,4964000000.0,0.0,1626000000.0,0.0,0.001,0.125,1077000000.0,2703000000.0,0.627,2703000000.0,1077000000.0,911000000.0,4.92,4.89,4.92,18059000000.0,15987500000.0,18059000000.0,26610935983.0,25.0,9.845,-446000000.0,-2.223,1.0,3283000000.0,0.762,2247000000.0,166000000.0,27225000000.0,24073500000.0,34000000.0,1000000.0,1000000.0,0.0,8109000000.0,1660000000.0,6449000000.0,22257935983.0,0.0,111000000.0,-48000000.0,423000000.0,-25000000.0,332000000.0,-3025000000.0,0.0,2693000000.0,0.0,756000000.0,756000000.0,756000000.0,0.0,0.0,0.175,2022000000.0,1261000000.0,319000000.0,0.025,1.233,29.442,22.553,22771000000.0,0.0,110.96,5.167,5.167,943000000.0,3406000000.0,4308000000.0,4308000000.0,94000000.0,0.033,0.047,0.045,0.25,89000000.0,337000000.0,1.0,200594232.0,200594232,,21.476,23921000000.0,0.0,155000000.0,1612000000.0,119.251,-633000000.0
7,CXO,MRT,2018-12-31,2018-12-31,2018-12-31,2020-10-27,0.0,26294000000.0,20169500000.0,1409000000.0,24885000000.0,0.206,93.723,-2725000000.0,0.0,0.0,950000000.0,2286000000.0,1.039,0.401,4353000000.0,159000000.0,4194000000.0,4353000000.0,0.0,1478000000.0,0.0,0.0,0.0,3038000000.0,4516000000.0,1.088,4516000000.0,3038000000.0,2889000000.0,13.28,13.25,13.28,18768000000.0,13907250000.0,18768000000.0,25336717544.0,8.0,5.61,-167000000.0,-0.834,1.0,3201000000.0,0.771,2243000000.0,149000000.0,27048000000.0,21252250000.0,35000000.0,484000000.0,484000000.0,0.0,7526000000.0,1356000000.0,6170000000.0,20583717544.0,0.0,361000000.0,-64000000.0,-262000000.0,0.0,-342000000.0,-2216000000.0,148000000.0,2558000000.0,0.0,2286000000.0,2286000000.0,2286000000.0,0.0,0.0,0.551,1103000000.0,2098000000.0,303000000.0,0.0,1.097,9.004,7.74,22313000000.0,0.0,102.79,4.959,4.959,831000000.0,4126000000.0,4151000000.0,4151000000.0,65000000.0,0.113,0.164,0.143,0.732,82000000.0,311000000.0,1.0,200250195.0,200250195,,20.729,24051000000.0,0.0,603000000.0,1808000000.0,120.105,53000000.0
8,CXO,MRT,2018-09-30,2018-09-30,2018-09-30,2020-10-27,0.0,25210000000.0,17029000000.0,1028000000.0,24182000000.0,0.227,86.047,-2389000000.0,24000000.0,24000000.0,855000000.0,1040000000.0,0.548,0.463,4777000000.0,634000000.0,4143000000.0,4777000000.0,0.0,1331000000.0,0.0,0.0,0.0,923000000.0,2254000000.0,0.583,2254000000.0,923000000.0,792000000.0,7.27,7.23,7.27,17232000000.0,11444000000.0,17232000000.0,33264253291.0,36.0,14.758,-18000000.0,-0.09,1.0,3009000000.0,0.779,2266000000.0,131000000.0,25821000000.0,18396500000.0,36000000.0,0.0,0.0,0.0,7978000000.0,1876000000.0,6102000000.0,30590253291.0,24000000.0,289000000.0,-63000000.0,-334000000.0,0.0,-413000000.0,-1934000000.0,148000000.0,2371000000.0,0.0,1040000000.0,1040000000.0,1040000000.0,0.0,0.0,0.269,988000000.0,2021000000.0,327000000.0,0.0,1.775,29.414,21.011,21895000000.0,0.0,152.75,7.917,7.917,907000000.0,2613000000.0,3864000000.0,3864000000.0,53000000.0,0.061,0.091,0.05,0.239,75000000.0,285000000.0,1.0,200263524.0,200263524,,19.295,22944000000.0,0.0,-248000000.0,1431000000.0,114.569,-848000000.0
9,CXO,MRT,2018-06-30,2018-06-30,2018-06-30,2020-10-27,0.0,14793000000.0,14097000000.0,950000000.0,13843000000.0,0.234,66.351,-2632000000.0,55000000.0,55000000.0,748000000.0,1126000000.0,0.762,0.496,2729000000.0,358000000.0,2371000000.0,2729000000.0,0.0,1209000000.0,0.0,0.0,0.0,1005000000.0,2214000000.0,0.671,2214000000.0,1005000000.0,881000000.0,7.55,7.51,7.55,9891000000.0,9293750000.0,9891000000.0,23314080071.0,23.0,10.53,-652000000.0,-4.374,1.0,2551000000.0,0.773,21000000.0,124000000.0,16200000000.0,15814000000.0,17000000.0,173000000.0,173000000.0,0.0,4902000000.0,1246000000.0,3656000000.0,20624080071.0,-607000000.0,290000000.0,-33000000.0,-419000000.0,0.0,-471000000.0,-2116000000.0,148000000.0,1980000000.0,0.0,1126000000.0,1126000000.0,1126000000.0,0.0,0.0,0.341,801000000.0,1750000000.0,277000000.0,0.0,2.085,18.316,18.325,13791000000.0,0.0,138.35,6.252,6.252,655000000.0,2812000000.0,3299000000.0,3299000000.0,50000000.0,0.08,0.121,0.064,0.305,69000000.0,265000000.0,1.0,149071775.0,149071775,,22.13,14772000000.0,0.0,-245000000.0,981000000.0,99.093,-296000000.0
10,CXO,MRT,2018-03-31,2018-03-31,2018-03-31,2020-10-27,0.0,14381000000.0,13796500000.0,719000000.0,13662000000.0,0.212,65.326,-2585000000.0,0.0,0.0,683000000.0,1141000000.0,0.648,0.477,2690000000.0,320000000.0,2370000000.0,2690000000.0,0.0,1180000000.0,0.0,0.0,0.0,1085000000.0,2265000000.0,0.775,2265000000.0,1085000000.0,949000000.0,7.65,7.61,7.65,9738000000.0,9003250000.0,9738000000.0,25493370191.0,23.0,11.255,-809000000.0,-5.427,1.0,2238000000.0,0.766,22000000.0,136000000.0,15940000000.0,15484000000.0,11000000.0,23000000.0,23000000.0,0.0,4643000000.0,1109000000.0,3534000000.0,22409370191.0,-771000000.0,281000000.0,-33000000.0,-347000000.0,0.0,-405000000.0,-2142000000.0,148000000.0,1776000000.0,0.0,1141000000.0,1141000000.0,1141000000.0,0.0,0.0,0.391,764000000.0,1474000000.0,218000000.0,0.0,2.301,19.64,19.651,13611000000.0,0.0,150.33,7.672,7.672,652000000.0,2675000000.0,2921000000.0,2921000000.0,62000000.0,0.083,0.127,0.07,0.371,65000000.0,253000000.0,1.0,149067852.0,149067852,,19.595,14359000000.0,0.0,-192000000.0,941000000.0,96.325,-390000000.0
11,CXO,MRT,2017-12-31,2017-12-31,2017-12-31,2020-10-27,0.0,13732000000.0,13531000000.0,592000000.0,13140000000.0,0.191,59.955,-2551000000.0,0.0,0.0,607000000.0,956000000.0,0.508,0.54,3084000000.0,393000000.0,2691000000.0,3084000000.0,0.0,1146000000.0,0.0,0.0,0.0,1027000000.0,2173000000.0,0.84,2173000000.0,1027000000.0,881000000.0,6.44,6.41,6.44,8915000000.0,8701750000.0,8915000000.0,25180117927.0,25.0,11.588,-856000000.0,-5.757,1.0,1979000000.0,0.765,26000000.0,146000000.0,15625000000.0,15122750000.0,14000000.0,0.0,0.0,0.0,4817000000.0,1165000000.0,3652000000.0,22337117927.0,-53000000.0,832000000.0,-23000000.0,19000000.0,0.0,-29000000.0,-1719000000.0,0.0,1695000000.0,0.0,956000000.0,956000000.0,956000000.0,0.0,0.0,0.37,782000000.0,1197000000.0,226000000.0,0.0,2.506,23.365,23.326,13041000000.0,0.0,150.22,8.638,8.638,543000000.0,1840000000.0,2586000000.0,2586000000.0,59000000.0,0.071,0.11,0.068,0.397,60000000.0,244000000.0,1.0,148696032.0,148696032,,17.391,13706000000.0,0.0,-75000000.0,687000000.0,92.175,-573000000.0
12,CXO,MRT,2017-09-30,2017-09-30,2017-09-30,2020-10-27,0.0,13482000000.0,13127750000.0,535000000.0,12947000000.0,0.178,58.038,-3503000000.0,0.0,0.0,555000000.0,564000000.0,0.66,0.562,2843000000.0,105000000.0,2738000000.0,2843000000.0,0.0,1125000000.0,0.0,0.0,0.0,1028000000.0,2153000000.0,0.924,2153000000.0,1028000000.0,868000000.0,3.97,3.95,3.97,8631000000.0,8378750000.0,8631000000.0,21667367164.0,21.0,10.064,-1953000000.0,-13.133,1.0,1776000000.0,0.762,24000000.0,160000000.0,15491000000.0,14744500000.0,15000000.0,4000000.0,4000000.0,0.0,4851000000.0,810000000.0,4041000000.0,19588367164.0,-1159000000.0,839000000.0,-24000000.0,-4000000.0,0.0,-60000000.0,-2649000000.0,-5000000.0,1550000000.0,0.0,564000000.0,564000000.0,564000000.0,0.0,0.0,0.242,773000000.0,1003000000.0,171000000.0,0.0,2.27,34.731,33.179,12819000000.0,0.0,131.72,8.403,8.403,494000000.0,1573000000.0,2331000000.0,2331000000.0,65000000.0,0.043,0.067,0.07,0.441,59000000.0,246000000.0,1.0,148712171.0,148712171,,15.675,13458000000.0,0.0,304000000.0,1150000000.0,90.497,-275000000.0
13,CXO,MRT,2017-06-30,2017-06-30,2017-06-30,2020-10-27,0.0,13591000000.0,12649908500.0,1304000000.0,12287000000.0,0.169,58.813,-2684000000.0,662000000.0,662000000.0,505000000.0,626000000.0,1.702,0.557,2741000000.0,0.0,2741000000.0,2741000000.0,0.0,1140000000.0,0.0,0.0,0.0,1140000000.0,2280000000.0,1.068,2280000000.0,1140000000.0,966000000.0,4.36,4.34,4.36,8729000000.0,8019645750.0,8729000000.0,20017452218.0,18.0,8.78,-1171000000.0,-7.89,1.0,1629000000.0,0.763,24000000.0,174000000.0,14880000000.0,14011451250.0,14000000.0,135000000.0,135000000.0,0.0,4862000000.0,766000000.0,4096000000.0,18037452218.0,181000000.0,841000000.0,1305000000.0,-642000000.0,0.0,649000000.0,-1981000000.0,-17000000.0,1513000000.0,0.0,626000000.0,626000000.0,626000000.0,0.0,0.0,0.293,794000000.0,835000000.0,155000000.0,0.0,2.066,28.814,27.874,12040000000.0,0.0,121.53,8.452,8.452,468000000.0,1686000000.0,2134000000.0,2134000000.0,68000000.0,0.049,0.078,0.081,0.534,57000000.0,235000000.0,1.0,148419750.0,148419750,,14.378,13567000000.0,0.0,340000000.0,1212000000.0,91.41,538000000.0
14,CXO,MRT,2017-03-31,2017-03-31,2017-03-31,2020-10-27,0.0,13319000000.0,11977562750.0,1353000000.0,11966000000.0,0.164,57.585,-2528000000.0,771000000.0,771000000.0,471000000.0,208000000.0,1.735,0.561,2751000000.0,10000000.0,2741000000.0,2751000000.0,0.0,1140000000.0,0.0,0.0,0.0,487000000.0,1627000000.0,0.829,1627000000.0,487000000.0,297000000.0,1.3,1.28,1.3,8532000000.0,7313322250.0,8532000000.0,21784629206.0,45.0,13.389,-1107000000.0,-7.472,1.0,1492000000.0,0.76,24000000.0,190000000.0,14495000000.0,13579895750.0,14000000.0,55000000.0,55000000.0,0.0,4787000000.0,780000000.0,4007000000.0,19015231206.0,304000000.0,846000000.0,1305000000.0,-642000000.0,0.0,656000000.0,-1773000000.0,-31000000.0,1421000000.0,0.0,208000000.0,208000000.0,208000000.0,0.0,0.0,0.106,788000000.0,704000000.0,174000000.0,0.0,2.229,91.419,98.723,11829000000.0,0.0,128.34,9.687,9.687,487000000.0,1534000000.0,1963000000.0,1963000000.0,69000000.0,0.017,0.028,0.036,0.248,55000000.0,228000000.0,1.0,148162936.0,148162936,,13.249,13295000000.0,0.0,89000000.0,1122000000.0,89.732,573000000.0
15,CXO,MRT,2016-12-31,2016-12-31,2016-12-31,2020-10-27,0.0,12119000000.0,11469443000.0,562000000.0,11557000000.0,0.143,52.194,-2458000000.0,53000000.0,53000000.0,451000000.0,-1462000000.0,0.746,0.59,2823000000.0,82000000.0,2741000000.0,2823000000.0,0.0,1167000000.0,0.0,0.0,0.0,-2134000000.0,-967000000.0,-0.591,-967000000.0,-2134000000.0,-2338000000.0,-10.85,-10.85,-10.85,7623000000.0,6720015250.0,7623000000.0,20951757384.0,-10.0,-21.667,-1074000000.0,-7.354,1.0,1184000000.0,0.724,24000000.0,204000000.0,14112000000.0,13336715250.0,16000000.0,4000000.0,4000000.0,0.0,4496000000.0,753000000.0,3743000000.0,19366341384.0,-176000000.0,332000000.0,1315000000.0,-642000000.0,0.0,665000000.0,-2225000000.0,-56000000.0,1384000000.0,0.0,-1462000000.0,-1462000000.0,-1462000000.0,0.0,0.0,-0.894,2889000000.0,-1705000000.0,160000000.0,0.0,2.541,-13.246,-12.221,11302000000.0,0.0,132.6,11.845,11.845,458000000.0,884000000.0,1635000000.0,1635000000.0,77000000.0,-0.127,-0.218,-0.16,-1.305,59000000.0,226000000.0,1.0,146050840.0,146050840,,11.195,12095000000.0,0.0,-876000000.0,766000000.0,82.814,-191000000.0
16,CXO,MRT,2016-09-30,2016-09-30,2016-09-30,2020-10-27,0.0,11570634000.0,11600162000.0,1718810000.0,9851824000.0,0.129,54.587,-1235625000.0,1158939000.0,1158939000.0,464075000.0,-1337688000.0,3.002,0.608,2744355000.0,3508000.0,2740847000.0,2744355000.0,0.0,1211526000.0,0.0,0.0,0.0,-1897806000.0,-686280000.0,-0.458,-686280000.0,-1897806000.0,-2114003000.0,-10.39,-10.39,-10.39,7194583000.0,6549903000.0,7194583000.0,20955389197.0,-11.0,-30.535,552782000.0,4.194,1.0,1035504000.0,0.691,24597000.0,216197000.0,12558805000.0,13589565500.0,16905000.0,119175000.0,119175000.0,0.0,4376051000.0,572648000.0,3803403000.0,18102675197.0,1159001000.0,295894000.0,2110395000.0,-1177200000.0,0.0,931766000.0,-1561172000.0,-97000000.0,1788407000.0,0.0,-1337688000.0,-1337688000.0,-1337688000.0,0.0,0.0,-0.892,3032114000.0,-1996610000.0,133842000.0,0.0,2.516,-13.533,-13.219,9547031000.0,0.0,137.35,12.072,12.072,410216000.0,1008330000.0,1499579000.0,1499579000.0,80434000.0,-0.115,-0.204,-0.14,-1.266,58728000.0,211224000.0,1.0,131799601.0,131799601,,11.378,11546037000.0,0.0,-776315000.0,862766000.0,87.603,1146162000.0
17,CXO,MRT,2016-06-30,2016-06-30,2016-06-30,2020-10-27,0.0,10901617000.0,11839394000.0,1111990000.0,9789627000.0,0.129,44.878,-1659307000.0,481230000.0,481230000.0,498200000.0,-1107029000.0,1.932,0.847,3333944000.0,412000.0,3333532000.0,3333944000.0,0.0,1241993000.0,0.0,0.0,0.0,-1544522000.0,-302529000.0,-0.197,-302529000.0,-1544522000.0,-1761471000.0,-8.52,-8.52,-8.52,5903706000.0,6284702750.0,5903706000.0,18556082604.0,-12.0,-61.337,57759000.0,0.439,1.0,1034853000.0,0.675,24963000.0,216949000.0,13153778000.0,14301075250.0,16293000.0,230779000.0,230779000.0,0.0,4997911000.0,575590000.0,4422321000.0,15690049604.0,480741000.0,293904000.0,782836000.0,-288129000.0,0.0,493486000.0,-1729811000.0,-85000000.0,1717066000.0,0.0,-1107029000.0,-1107029000.0,-1107029000.0,0.0,0.0,-0.722,3080833000.0,-2045980000.0,129376000.0,0.0,2.658,-14.173,-13.999,9566444000.0,0.0,119.27,10.235,10.235,363588000.0,1059476000.0,1533053000.0,1533053000.0,85225000.0,-0.094,-0.176,-0.108,-1.007,60055000.0,218276000.0,1.0,131550680.0,131550680,,11.654,10876654000.0,0.0,-654442000.0,890324000.0,82.68,536400000.0
18,CXO,MRT,2016-03-31,2016-03-31,2016-03-31,2020-10-27,0.0,11286521000.0,12152483750.0,1388567000.0,9897954000.0,0.138,47.61,-2101080000.0,466821000.0,466821000.0,530465000.0,-961512000.0,2.295,0.833,3332854000.0,0.0,3332854000.0,3332854000.0,0.0,1265795000.0,0.0,0.0,0.0,-1313231000.0,-47436000.0,-0.028,-47436000.0,-1313231000.0,-1528662000.0,-7.5,-7.5,-7.5,6158772000.0,6293313000.0,6158772000.0,16173967996.0,-12.0,-340.964,-327329000.0,-2.53,1.0,1144013000.0,0.683,25328000.0,215431000.0,13522278000.0,14685825250.0,19311000.0,527769000.0,527769000.0,0.0,5127749000.0,604948000.0,4522801000.0,13070329996.0,467000000.0,292000000.0,783910000.0,-18961000.0,0.0,765485000.0,-2072236000.0,-96000000.0,1773751000.0,0.0,-961512000.0,-961512000.0,-961512000.0,0.0,0.0,-0.574,3105206000.0,-1961193000.0,144089000.0,0.0,2.122,-13.594,-13.472,9569890000.0,0.0,101.04,7.806,7.806,360243000.0,1325161000.0,1674478000.0,1674478000.0,76245000.0,-0.079,-0.153,-0.089,-0.784,63505000.0,226199000.0,1.0,129357977.0,129357977,,12.945,11261193000.0,0.0,-567150000.0,1046796000.0,87.054,783619000.0
19,CXO,MRT,2015-12-31,2015-12-31,2015-12-31,2020-10-27,0.0,12641876000.0,12382640000.0,1314550000.0,11327326000.0,0.146,53.758,-2511000000.0,228550000.0,228550000.0,541000000.0,66000000.0,2.204,0.821,3332188000.0,0.0,3332188000.0,3332188000.0,0.0,1223000000.0,0.0,0.0,0.0,312000000.0,1535000000.0,0.851,1535000000.0,312000000.0,97000000.0,0.54,0.54,0.54,6942551000.0,6264207250.0,6942551000.0,15924340734.0,51.0,10.374,-981000000.0,-7.596,1.0,1263000000.0,0.7,25693000.0,215000000.0,15123401000.0,14893182750.0,19118000.0,652498000.0,652498000.0,0.0,5699325000.0,596420000.0,5102905000.0,11992345734.0,229000000.0,0.0,1531000000.0,-232000000.0,0.0,1301000000.0,-2602000000.0,-91000000.0,1530000000.0,0.0,66000000.0,66000000.0,66000000.0,0.0,0.0,0.037,1636000000.0,-373000000.0,182987000.0,0.0,1.727,181.702,171.963,10976947000.0,0.0,92.86,6.648,6.648,394580000.0,2345641000.0,1804000000.0,1804000000.0,59000000.0,0.005,0.011,0.021,0.173,63000000.0,231000000.0,1.0,129144365.0,129144365,,13.969,12616183000.0,0.0,31000000.0,1630373000.0,97.691,718130000.0
20,CXO,MRT,2015-09-30,2015-09-30,2015-09-30,2020-10-27,0.0,12527562000.0,12160116000.0,1070681000.0,11456881000.0,0.165,50.986,-3031507000.0,20000.0,20000.0,541706000.0,196584000.0,1.041,1.042,3932015000.0,109741000.0,3822274000.0,3932015000.0,0.0,1165612000.0,0.0,0.0,0.0,504271000.0,1669883000.0,0.831,1669883000.0,504271000.0,290931000.0,1.69,1.68,1.69,6133782000.0,5848766500.0,6133782000.0,15490101170.0,31.0,9.276,-1813680000.0,-15.076,1.0,1466938000.0,0.73,26059000.0,213340000.0,15404844000.0,14617746500.0,21688000.0,581436000.0,581436000.0,0.0,6393780000.0,1028654000.0,5365126000.0,11825746170.0,-98844000.0,289000.0,726830000.0,556241000.0,0.0,1289932000.0,-2606603000.0,-45000000.0,1217827000.0,0.0,196584000.0,196584000.0,196584000.0,0.0,0.0,0.098,2104206000.0,-637268000.0,212533000.0,0.0,1.928,60.156,58.166,11162275000.0,0.0,98.3,5.887,5.887,449893000.0,2346429000.0,2008644000.0,2008644000.0,246742000.0,0.016,0.034,0.034,0.251,59730000.0,233889000.0,1.0,120302606.0,120302606,,16.697,12501503000.0,0.0,94347000.0,1607316000.0,103.917,42027000.0
21,CXO,MRT,2015-06-30,2015-06-30,2015-06-30,2020-10-27,0.0,12153976000.0,11787749250.0,901692000.0,11252284000.0,0.19,49.479,-3033471000.0,280000.0,280000.0,544306000.0,322128000.0,0.82,1.047,3664635000.0,82170000.0,3582465000.0,3664635000.0,0.0,1092910000.0,0.0,0.0,0.0,723154000.0,1816064000.0,0.809,1816064000.0,723154000.0,510965000.0,2.9,2.88,2.9,5938147000.0,5601265500.0,5938147000.0,17060791215.0,24.0,9.394,-1653495000.0,-13.778,1.0,1701127000.0,0.758,26424000.0,212189000.0,14692778000.0,14116505500.0,16365000.0,351360000.0,351360000.0,0.0,6215829000.0,1099129000.0,5116700000.0,13664663215.0,-365208000.0,1007000.0,729116000.0,288170000.0,0.0,1031981000.0,-2777165000.0,-65000000.0,1379976000.0,0.0,322128000.0,322128000.0,322128000.0,0.0,0.0,0.143,2034242000.0,-333115000.0,247437000.0,0.0,2.301,42.42,39.262,10976436000.0,0.0,113.86,6.086,6.086,509453000.0,2166770000.0,2245433000.0,2245433000.0,248933000.0,0.027,0.058,0.051,0.322,56868000.0,226600000.0,1.0,120012851.0,120012851,,18.71,12127552000.0,0.0,188837000.0,1505483000.0,101.052,-197437000.0
22,CXO,MRT,2015-03-31,2015-03-31,2015-03-31,2020-10-27,0.0,12207146000.0,11438171000.0,1154276000.0,11052870000.0,0.211,53.424,-2828271000.0,21000.0,21000.0,536985000.0,454380000.0,0.942,1.02,3396149000.0,19002000.0,3377147000.0,3396149000.0,0.0,1025553000.0,0.0,0.0,0.0,935079000.0,1960632000.0,0.813,1960632000.0,935079000.0,720984000.0,4.03,4.01,4.03,6042349000.0,5320562250.0,6042349000.0,16720547565.0,18.0,8.528,-1432232000.0,-12.663,1.0,1875725000.0,0.777,26789000.0,214095000.0,14351708000.0,13673463750.0,14352000.0,495803000.0,495803000.0,0.0,6164797000.0,1224777000.0,4940020000.0,13110707565.0,0.0,1281000.0,1661638000.0,-365933000.0,0.0,1299008000.0,-2695047000.0,-50050000.0,1396039000.0,0.0,454380000.0,454380000.0,454380000.0,0.0,0.0,0.188,1969859000.0,-94134000.0,184566000.0,0.0,2.17,28.854,28.764,10688585000.0,0.0,115.92,5.434,5.434,620911000.0,2287253000.0,2412710000.0,2412710000.0,265201000.0,0.04,0.085,0.068,0.388,51193000.0,215212000.0,1.0,113101342.0,113101342,,21.332,12180357000.0,0.0,266604000.0,1589720000.0,107.694,-70501000.0
23,CXO,MRT,2014-12-31,2014-12-31,2014-12-31,2020-10-27,0.0,11751780000.0,10880926500.0,1188396000.0,10563384000.0,0.244,46.728,-2589234000.0,21000.0,21000.0,538374000.0,538175000.0,0.94,1.225,3561678000.0,92541000.0,3469137000.0,3561678000.0,0.0,979740000.0,0.0,0.0,0.0,1072621000.0,2052361000.0,0.772,2052361000.0,1072621000.0,855960000.0,4.89,4.88,4.89,5280788000.0,4775271750.0,5280788000.0,14553401081.0,14.0,7.091,-843464000.0,-7.464,1.0,2121773000.0,0.798,27154000.0,216661000.0,14021656000.0,13297245750.0,14435000.0,490351000.0,490351000.0,0.0,6470992000.0,1264627000.0,5206365000.0,11272755081.0,0.0,1305000.0,921054000.0,-54677000.0,0.0,872209000.0,-2617979000.0,-30050000.0,1745770000.0,0.0,538175000.0,538175000.0,538175000.0,0.0,0.0,0.202,1932253000.0,189520000.0,258478000.0,0.0,2.135,20.946,20.399,10206014000.0,0.0,99.75,4.238,4.238,660265000.0,2279741000.0,2660147000.0,2660147000.0,284821000.0,0.049,0.113,0.081,0.403,47130000.0,204161000.0,1.0,113010076.0,113010076,,23.539,11724626000.0,0.0,317785000.0,1600751000.0,103.749,-76231000.0
24,CXO,MRT,2014-09-30,2014-09-30,2014-09-30,2020-10-27,0.0,11038095000.0,10340772500.0,771041000.0,10267054000.0,0.261,45.54,-2212112000.0,98864000.0,98864000.0,529734000.0,514068000.0,0.865,1.146,3379510000.0,1027000.0,3378483000.0,3379510000.0,0.0,930435000.0,0.0,0.0,0.0,1015560000.0,1945995000.0,0.721,1945995000.0,1015560000.0,795035000.0,4.68,4.68,4.68,5143778000.0,4394562000.0,5143778000.0,17339024044.0,17.0,8.91,-506200000.0,-4.482,1.0,2168276000.0,0.804,27519000.0,220525000.0,13399880000.0,12923456750.0,15829000.0,41859000.0,41859000.0,0.0,5894317000.0,891342000.0,5002975000.0,14162895044.0,98842000.0,1127000.0,931573000.0,-277044000.0,0.0,652832000.0,-2259902000.0,-30050000.0,1705912000.0,0.0,514068000.0,514068000.0,514068000.0,0.0,0.0,0.191,1289850000.0,878426000.0,224292000.0,0.0,2.753,27.551,26.793,10065668000.0,0.0,125.39,5.249,5.249,594576000.0,2149845000.0,2698010000.0,2698010000.0,142397000.0,0.05,0.117,0.079,0.376,44472000.0,194743000.0,1.0,112950754.0,112950754,,23.887,11010576000.0,0.0,280967000.0,1524086000.0,97.481,-120301000.0
25,CXO,MRT,2014-06-30,2014-06-30,2014-06-30,2020-10-27,0.0,10755663000.0,9963924000.0,1053914000.0,9701749000.0,0.266,45.761,-2063573000.0,365488000.0,365488000.0,509240000.0,239286000.0,1.072,1.234,3541617000.0,162479000.0,3379138000.0,3541617000.0,0.0,874295000.0,0.0,0.0,0.0,579504000.0,1453799000.0,0.548,1453799000.0,579504000.0,355585000.0,2.27,2.28,2.27,4815334000.0,4019795750.0,4815334000.0,19040829425.0,33.0,13.097,-333954000.0,-3.174,1.0,2141427000.0,0.808,27884000.0,223919000.0,12920611000.0,12662705000.0,14096000.0,0.0,0.0,0.0,5940329000.0,983297000.0,4957032000.0,15205307425.0,365441000.0,177000.0,929868000.0,-135119000.0,0.0,790091000.0,-2154269000.0,-10050000.0,1729619000.0,0.0,239286000.0,239286000.0,239286000.0,0.0,0.0,0.09,1200122000.0,941305000.0,245973000.0,0.0,3.158,63.544,63.656,9564012000.0,0.0,144.5,5.736,5.736,589555000.0,1844642000.0,2650667000.0,2650667000.0,136407000.0,0.024,0.06,0.046,0.219,40930000.0,182816000.0,1.0,105227041.0,105227041,,25.19,10727779000.0,76089000.0,116299000.0,1415624000.0,101.949,70617000.0
26,CXO,MRT,2014-03-31,2014-03-31,2014-03-31,2020-10-27,0.0,9978168000.0,9585859250.0,575431000.0,9402737000.0,0.262,36.717,-2015543000.0,21000.0,21000.0,481515000.0,312217000.0,0.613,1.584,3835543000.0,161109000.0,3674434000.0,3835543000.0,0.0,825580000.0,0.0,0.0,0.0,697418000.0,1522998000.0,0.607,1522998000.0,697418000.0,474808000.0,2.97,2.98,2.97,3861187000.0,3715778750.0,3861187000.0,16603132273.0,24.0,10.902,-397214000.0,-3.777,1.0,2027236000.0,0.808,28250000.0,222610000.0,12846836000.0,12406021750.0,18674000.0,1358000.0,1358000.0,0.0,6116981000.0,938604000.0,5178377000.0,12882313273.0,-953000.0,-624000.0,-2119000.0,460410000.0,0.0,450079000.0,-2069361000.0,0.0,1618329000.0,0.0,312217000.0,312217000.0,312217000.0,453000.0,0.0,0.124,1188068000.0,839168000.0,233363000.0,0.0,3.336,41.261,41.246,9283661000.0,0.0,122.5,5.135,5.135,516057000.0,1832873000.0,2508751000.0,2508751000.0,116517000.0,0.033,0.084,0.056,0.278,39743000.0,174272000.0,1.0,105161741.0,105161741,,23.856,9949918000.0,40039000.0,162591000.0,1386577000.0,94.615,-363173000.0
27,CXO,MRT,2013-12-31,2013-12-31,2013-12-31,2020-10-27,0.0,9591164000.0,9307166750.0,520875000.0,9070289000.0,0.249,35.769,-1879670000.0,21000.0,21000.0,455436000.0,251003000.0,0.688,1.552,3720840000.0,90419000.0,3630421000.0,3720840000.0,0.0,772608000.0,0.0,0.0,0.0,587821000.0,1360429000.0,0.586,1360429000.0,587821000.0,369240000.0,2.39,2.39,2.39,3757949000.0,3626852750.0,3757949000.0,15076086100.0,26.0,11.082,-517650000.0,-4.927,1.0,1864483000.0,0.804,28615000.0,218581000.0,12526500000.0,12044457750.0,19682000.0,590000.0,590000.0,0.0,5833215000.0,756868000.0,5076347000.0,11346650100.0,-2859000.0,15217000.0,-475000.0,540318000.0,0.0,531915000.0,-1896794000.0,0.0,1362020000.0,0.0,251003000.0,251003000.0,251003000.0,-12081000.0,0.0,0.108,1123394000.0,741089000.0,191553000.0,0.0,3.019,45.205,45.188,8946048000.0,0.0,108.0,4.891,4.891,471735000.0,1741566000.0,2319919000.0,2319919000.0,109549000.0,0.027,0.069,0.049,0.253,35078000.0,169815000.0,1.0,105061575.0,105061575,,22.082,9562549000.0,30069000.0,118237000.0,1334653000.0,91.019,-235993000.0
28,CXO,MRT,2013-09-30,2013-09-30,2013-09-30,2020-10-27,0.0,9530701000.0,9056735000.0,607712000.0,8922989000.0,0.239,34.717,-1839796000.0,22000.0,22000.0,420397000.0,220501000.0,0.695,1.615,3729458000.0,140808000.0,3588650000.0,3729458000.0,0.0,724228000.0,0.0,0.0,0.0,569050000.0,1293278000.0,0.597,1293278000.0,569050000.0,353238000.0,2.11,2.11,2.11,3644713000.0,3553914500.0,3644713000.0,14946349114.0,26.0,11.557,-503310000.0,-4.794,1.0,1744962000.0,0.806,28980000.0,215812000.0,12356873000.0,11648672000.0,19894000.0,872000.0,872000.0,0.0,5885988000.0,874284000.0,5011704000.0,11423421114.0,-269000.0,503290000.0,-1627000.0,14395000.0,0.0,8378000.0,-1345133000.0,0.0,1336486000.0,0.0,220501000.0,220501000.0,220501000.0,-6180000.0,0.0,0.102,1008598000.0,736364000.0,230821000.0,0.0,3.134,51.807,51.569,8787910000.0,0.0,108.81,5.276,5.276,554331000.0,1635777000.0,2165359000.0,2165359000.0,50302000.0,0.024,0.062,0.049,0.263,33716000.0,162922000.0,1.0,104985030.0,104985030,,20.625,9501721000.0,33150000.0,132737000.0,1302249000.0,90.505,-266572000.0
29,CXO,MRT,2013-06-30,2013-06-30,2013-06-30,2020-10-27,0.0,9243404000.0,8907314000.0,539430000.0,8703974000.0,0.222,34.367,-2669664000.0,47000.0,47000.0,388130000.0,196068000.0,0.64,1.568,3522975000.0,65205000.0,3457770000.0,3522975000.0,0.0,671748000.0,0.0,0.0,0.0,517269000.0,1189017000.0,0.601,1189017000.0,517269000.0,306115000.0,1.88,1.88,1.88,3599266000.0,3488345750.0,3599266000.0,12104818003.0,23.0,10.181,-1556022000.0,-14.857,1.0,1589652000.0,0.804,29345000.0,211154000.0,11893878000.0,11520408000.0,21178000.0,17359000.0,17359000.0,0.0,5644138000.0,843109000.0,4801029000.0,8768137003.0,-663000.0,503512000.0,3148000.0,956966000.0,0.0,947096000.0,-2061401000.0,0.0,1113642000.0,0.0,196068000.0,196068000.0,196068000.0,-15339000.0,0.0,0.099,946250000.0,643402000.0,182424000.0,0.0,2.436,44.72,44.532,8548822000.0,0.0,83.72,4.433,4.433,503015000.0,1605356000.0,1977782000.0,1977782000.0,46268000.0,0.022,0.056,0.045,0.262,31752000.0,157578000.0,1.0,104731689.0,104731689,,18.884,9214059000.0,0.0,110047000.0,1248718000.0,87.978,-303679000.0
30,CXO,MRT,2013-03-31,2013-03-31,2013-03-31,2020-10-27,0.0,8863398000.0,8536040250.0,446402000.0,8416996000.0,0.213,33.827,-2635982000.0,974000.0,974000.0,363011000.0,430665000.0,0.58,1.528,3337655000.0,73029000.0,3264626000.0,3337655000.0,0.0,616285000.0,0.0,0.0,0.0,878042000.0,1494327000.0,0.822,1494327000.0,878042000.0,679068000.0,4.17,4.14,4.17,3505483000.0,3427420500.0,3505483000.0,13321778359.0,15.0,8.915,-1524738000.0,-14.713,1.0,1455146000.0,0.8,29711000.0,198974000.0,11400580000.0,10942627750.0,20604000.0,7201000.0,7201000.0,0.0,5357915000.0,769788000.0,4588127000.0,10197696359.0,368000.0,507693000.0,3125000.0,951242000.0,0.0,955950000.0,-2066826000.0,0.0,1111244000.0,0.0,430665000.0,430665000.0,430665000.0,-26208000.0,0.0,0.237,822403000.0,632743000.0,141351000.0,0.0,2.909,23.679,23.365,8282035000.0,0.0,97.43,5.609,5.553,404581000.0,1520656000.0,1818157000.0,1818157000.0,52268000.0,0.05,0.126,0.08,0.483,30511000.0,149110000.0,1.0,104666903.0,103631000,104345000.0,17.545,8833687000.0,16420000.0,248403000.0,1220440000.0,85.242,-323386000.0
31,CXO,MRT,2012-12-31,2012-12-31,2012-12-31,2020-10-27,0.0,8589437000.0,8156843000.0,458882000.0,8130555000.0,0.223,33.59,-2773871000.0,2880000.0,2880000.0,343743000.0,431689000.0,0.62,1.478,3126962000.0,25859000.0,3101103000.0,3126962000.0,0.0,575128000.0,0.0,0.0,0.0,865435000.0,1440563000.0,0.792,1440563000.0,865435000.0,682730000.0,4.18,4.15,4.18,3466196000.0,3307480500.0,3466196000.0,12069139722.0,14.0,8.378,-1536393000.0,-14.889,1.0,1476071000.0,0.811,30076000.0,182705000.0,10943357000.0,10320988500.0,20611000.0,35942000.0,35942000.0,0.0,5123241000.0,740086000.0,4383155000.0,8425908722.0,2538000.0,492497000.0,4933000.0,1005534000.0,0.0,1005504000.0,-2240444000.0,0.0,1237478000.0,0.0,431689000.0,431689000.0,431689000.0,-23459000.0,0.0,0.237,752951000.0,723120000.0,193402000.0,0.0,2.431,19.518,19.273,7993424000.0,0.0,80.56,4.63,4.568,400791000.0,1490563000.0,1819814000.0,1819814000.0,39840000.0,0.053,0.131,0.084,0.476,29872000.0,133796000.0,1.0,104591717.0,103190000,103972000.0,17.636,8559361000.0,0.0,251041000.0,1195187000.0,82.948,-281204000.0
32,CXO,MRT,2012-09-30,2012-09-30,2012-09-30,2020-10-27,0.0,8933017000.0,7721877750.0,496868000.0,8436149000.0,0.22,32.746,-3051163000.0,291000.0,291000.0,312285000.0,273577000.0,0.71,1.641,3643522000.0,42539000.0,3600983000.0,3643522000.0,0.0,503798000.0,0.0,0.0,0.0,568936000.0,1072734000.0,0.632,1072734000.0,568936000.0,405704000.0,2.65,2.62,2.65,3382438000.0,3186116250.0,3382438000.0,12438328730.0,22.0,11.595,-1785055000.0,-17.282,1.0,1386234000.0,0.816,32263000.0,163232000.0,11843817000.0,9657632250.0,27664000.0,35793000.0,35793000.0,0.0,5550579000.0,700168000.0,4850411000.0,9882144730.0,117000.0,4587000.0,5046000.0,1794632000.0,0.0,1795089000.0,-3061080000.0,0.0,1266108000.0,0.0,273577000.0,273577000.0,273577000.0,-66775000.0,0.0,0.161,669002000.0,717232000.0,160821000.0,0.0,2.922,36.122,35.755,8280312000.0,0.0,94.75,5.818,5.762,437262000.0,1415276000.0,1698519000.0,1698519000.0,34105000.0,0.035,0.086,0.059,0.335,26839000.0,127636000.0,1.0,104297042.0,103292000,104040000.0,16.444,8900754000.0,0.0,132127000.0,1159785000.0,86.171,-203300000.0
33,CXO,MRT,2012-06-30,2012-06-30,2012-06-30,2020-10-27,0.0,7758309000.0,7119320000.0,515068000.0,7243241000.0,0.237,32.542,-2038197000.0,710000.0,710000.0,308371000.0,623794000.0,0.737,1.312,2556894000.0,33528000.0,2523366000.0,2556894000.0,0.0,471383000.0,0.0,0.0,0.0,1122891000.0,1594274000.0,0.945,1594274000.0,1122891000.0,978115000.0,6.06,6.0,6.06,3355565000.0,3104916500.0,3355565000.0,11322573335.0,10.0,7.102,-713621000.0,-6.921,1.0,1379273000.0,0.817,32651000.0,144776000.0,9582757000.0,8615552750.0,25749000.0,126723000.0,126723000.0,0.0,4402744000.0,699085000.0,3703659000.0,8854310335.0,313000.0,4587000.0,544000.0,790171000.0,0.0,791778000.0,-2116041000.0,0.0,1324576000.0,0.0,623794000.0,623794000.0,623794000.0,-57616000.0,0.0,0.37,620175000.0,759098000.0,163709000.0,0.0,2.639,14.194,14.046,6991379000.0,0.0,85.12,5.247,5.201,375491000.0,1409288000.0,1687644000.0,1687644000.0,30645000.0,0.088,0.201,0.13,0.665,23553000.0,115017000.0,1.0,104021503.0,103114000,103880000.0,16.367,7725658000.0,0.0,354321000.0,1165669000.0,74.923,-184017000.0
34,CXO,MRT,2012-03-31,2012-03-31,2012-03-31,2020-10-27,0.0,7346609000.0,6688778500.0,474491000.0,6872118000.0,0.259,29.418,-1934962000.0,606000.0,606000.0,295848000.0,536679000.0,0.547,1.428,2468869000.0,187117000.0,2281752000.0,2468869000.0,0.0,436997000.0,0.0,0.0,0.0,967100000.0,1404097000.0,0.811,1404097000.0,967100000.0,842563000.0,5.22,5.17,5.22,3025723000.0,2939615500.0,3025723000.0,12762052381.0,13.0,9.089,-555084000.0,-5.397,1.0,1434867000.0,0.829,33038000.0,124537000.0,8914023000.0,8021143500.0,12184000.0,0.0,0.0,0.0,4320886000.0,867811000.0,3453075000.0,10586794381.0,-302000.0,876000.0,2527000.0,660589000.0,0.0,642375000.0,-2022555000.0,0.0,1379878000.0,0.0,536679000.0,536679000.0,536679000.0,-47200000.0,0.0,0.31,561776000.0,873091000.0,189408000.0,0.0,3.499,19.726,19.556,6746769000.0,0.0,102.08,6.117,6.066,414805000.0,1089991000.0,1730715000.0,1730715000.0,16647000.0,0.08,0.183,0.121,0.559,20931000.0,105112000.0,1.0,103710760.0,102854000,103770000.0,16.827,7313571000.0,47579000.0,305884000.0,1026869000.0,71.106,-393320000.0
35,CXO,MRT,2011-12-31,2011-12-31,2011-12-31,2020-10-27,0.0,6849576000.0,6287744000.0,411023000.0,6438553000.0,0.257,29.057,-1745590000.0,342000.0,342000.0,277929000.0,548137000.0,0.586,1.298,2175600000.0,95459000.0,2080141000.0,2175600000.0,0.0,400022000.0,0.0,0.0,0.0,928297000.0,1328319000.0,0.821,1328319000.0,928297000.0,809937000.0,5.34,5.28,5.34,2980739000.0,2796137500.0,2980739000.0,11568508219.0,12.0,8.709,-546132000.0,-5.324,1.0,1339842000.0,0.828,33425000.0,118360000.0,8289932000.0,7520554500.0,19419000.0,1698000.0,1698000.0,0.0,3868837000.0,701477000.0,3167360000.0,9720298219.0,-42000.0,196420000.0,5420000.0,446927000.0,0.0,451918000.0,-1651418000.0,0.0,1199458000.0,0.0,548137000.0,548137000.0,548137000.0,-128603000.0,0.0,0.339,512824000.0,827018000.0,169413000.0,0.0,3.261,17.733,17.556,6290118000.0,0.0,93.75,6.008,5.945,367667000.0,1058874000.0,1617771000.0,1617771000.0,11394000.0,0.087,0.196,0.123,0.574,19271000.0,98525000.0,1.0,103683181.0,102581000,103653000.0,15.771,6816151000.0,28793000.0,261800000.0,1002295000.0,66.447,-290454000.0
36,CXO,MRT,2011-09-30,2011-09-30,2011-09-30,2020-10-27,0.0,6522786000.0,5917473500.0,547096000.0,5975690000.0,0.252,29.763,-2701761000.0,174000.0,174000.0,248850000.0,622846000.0,0.827,1.133,1848384000.0,58852000.0,1789532000.0,1848384000.0,0.0,358992000.0,0.0,0.0,0.0,1050079000.0,1409071000.0,0.947,1409071000.0,1050079000.0,940084000.0,6.01,5.96,6.01,3057639000.0,2646921250.0,3057639000.0,9214931574.0,9.0,6.54,-1673949000.0,-16.294,1.0,1239854000.0,0.833,33811000.0,109995000.0,7675499000.0,7099261000.0,26349000.0,145671000.0,145671000.0,0.0,3465147000.0,661686000.0,2803461000.0,7374646574.0,-183000.0,299811000.0,526855000.0,968841000.0,0.0,1460383000.0,-2488378000.0,0.0,1027812000.0,0.0,622846000.0,622846000.0,622846000.0,-136937000.0,0.0,0.418,463115000.0,776739000.0,150411000.0,0.0,2.412,11.84,11.837,5745617000.0,0.0,71.14,4.954,4.909,385870000.0,1141699000.0,1488704000.0,1488704000.0,9106000.0,0.105,0.235,0.148,0.705,17943000.0,86459000.0,1.0,103663854.0,102733000,103696000.0,14.491,6488975000.0,0.0,317238000.0,1024867000.0,63.163,-114590000.0
37,CXO,MRT,2011-06-30,2011-06-30,2011-06-30,2020-10-27,0.0,6036143000.0,5172195750.0,438552000.0,5597591000.0,0.244,26.269,-2542479000.0,397000.0,397000.0,206562000.0,287416000.0,0.688,1.24,1840682000.0,104756000.0,1735926000.0,1840682000.0,0.0,300886000.0,0.0,0.0,0.0,479997000.0,780883000.0,0.62,780883000.0,479997000.0,390847000.0,2.77,2.74,2.77,2694361000.0,2329667000.0,2694361000.0,11388190625.0,24.0,14.584,-1644580000.0,-16.034,1.0,1053465000.0,0.836,34199000.0,89150000.0,7205120000.0,6157908250.0,38076000.0,4958000.0,4958000.0,0.0,3341782000.0,637109000.0,2704673000.0,9495398625.0,14000.0,299811000.0,526643000.0,933865000.0,0.0,1425355000.0,-2323240000.0,0.0,897899000.0,0.0,287416000.0,287416000.0,287416000.0,-141542000.0,0.0,0.228,399066000.0,654399000.0,135222000.0,0.0,3.524,33.037,33.159,5449287000.0,0.0,91.85,7.536,7.477,387253000.0,785494000.0,1260027000.0,1260027000.0,9225000.0,0.056,0.123,0.078,0.381,16422000.0,78871000.0,1.0,103379408.0,102569000,103638000.0,12.285,6001944000.0,28962000.0,103431000.0,845702000.0,58.516,-198557000.0
38,CXO,MRT,2011-03-31,2011-03-31,2011-03-31,2020-10-27,0.0,5742471000.0,4524223250.0,419265000.0,5323206000.0,0.224,23.98,-2381263000.0,908000.0,908000.0,173427000.0,179405000.0,0.609,1.342,1893700000.0,238293000.0,1655407000.0,1893700000.0,0.0,251616000.0,0.0,0.0,0.0,290468000.0,542084000.0,0.535,542084000.0,290468000.0,211786000.0,1.87,1.85,1.87,2451811000.0,2096663500.0,2451811000.0,12832333161.0,44.0,23.672,-1701423000.0,-16.641,1.0,839683000.0,0.829,34586000.0,78682000.0,6911667000.0,5296773750.0,39900000.0,0.0,0.0,0.0,3290660000.0,689010000.0,2601650000.0,11054107161.0,-6080000.0,299772000.0,526137000.0,914569000.0,0.0,1426851000.0,-2112771000.0,0.0,679840000.0,0.0,179405000.0,179405000.0,179405000.0,-145925000.0,0.0,0.177,348508000.0,491175000.0,88041000.0,0.0,4.509,61.615,57.38,5193536000.0,0.0,107.3,10.911,10.829,331796000.0,553312000.0,1013110000.0,1013110000.0,9747000.0,0.04,0.086,0.055,0.287,14568000.0,74014000.0,1.0,103020570.0,102242000,102242000.0,9.909,5707885000.0,76957000.0,32381000.0,758229000.0,55.827,-269745000.0
39,CXO,MRT,2010-12-31,2010-12-31,2010-12-31,2020-10-27,0.0,5368494000.0,3908738750.0,330633000.0,5037861000.0,0.218,25.76,-2133982000.0,384000.0,384000.0,143099000.0,204370000.0,0.652,1.252,1778610000.0,110089000.0,1668521000.0,1778610000.0,0.0,211487000.0,0.0,0.0,0.0,366070000.0,577557000.0,0.678,577557000.0,366070000.0,305983000.0,2.21,2.18,2.21,2383874000.0,1891470000.0,2383874000.0,9510747842.0,26.0,16.467,-1482400000.0,-16.019,1.0,708344000.0,0.832,34973000.0,60087000.0,6604758000.0,4456882250.0,28342000.0,6855000.0,6855000.0,0.0,2984620000.0,506989000.0,2477631000.0,8756829842.0,-2850000.0,104349000.0,744026000.0,672399000.0,0.0,1389025000.0,-2043457000.0,0.0,651582000.0,0.0,204370000.0,204370000.0,204370000.0,-56944000.0,0.0,0.24,301580000.0,406764000.0,98546000.0,0.0,3.673,42.848,39.67,4913787000.0,0.0,87.67,10.285,9.529,268552000.0,510737000.0,851443000.0,851443000.0,10130000.0,0.052,0.108,0.082,0.43,12931000.0,66400000.0,1.0,99883995.0,92542000,93837000.0,9.201,5333521000.0,42716000.0,101613000.0,720889000.0,57.634,-176356000.0
40,CXO,MRT,2010-09-30,2010-09-30,2010-09-30,2020-10-27,0.0,3541675000.0,3359386500.0,238676000.0,3302999000.0,0.229,19.616,-862578000.0,357000.0,357000.0,133179000.0,229365000.0,0.682,0.98,754275000.0,65655000.0,688620000.0,754275000.0,0.0,191298000.0,0.0,0.0,0.0,382330000.0,573628000.0,0.747,573628000.0,382330000.0,337124000.0,2.54,2.51,2.54,1788622000.0,1629358500.0,1788622000.0,6776965193.0,18.0,11.814,-332354000.0,-3.645,1.0,635039000.0,0.827,35360000.0,45206000.0,3910088000.0,3732189000.0,20903000.0,23339000.0,23339000.0,0.0,1753053000.0,350145000.0,1402908000.0,6077240193.0,-15338000.0,5889000.0,224501000.0,78241000.0,0.0,311532000.0,-857094000.0,0.0,530224000.0,0.0,229365000.0,229365000.0,229365000.0,-14705000.0,0.0,0.299,263257000.0,371782000.0,48392000.0,0.0,3.398,26.496,26.051,3195898000.0,0.0,66.17,7.911,7.854,201134000.0,518853000.0,768218000.0,768218000.0,6085000.0,0.068,0.141,0.102,0.498,11233000.0,61354000.0,1.0,91842832.0,91182000,92440000.0,8.425,3506315000.0,2551000.0,107759000.0,677573000.0,38.454,-111469000.0
41,CXO,MRT,2010-06-30,2010-06-30,2010-06-30,2020-10-27,0.0,3444253000.0,3179349250.0,220652000.0,3223601000.0,0.219,19.357,-743026000.0,383000.0,383000.0,116856000.0,228352000.0,0.635,0.954,700108000.0,56085000.0,644023000.0,700108000.0,0.0,188509000.0,0.0,0.0,0.0,390522000.0,579031000.0,0.832,579031000.0,390522000.0,350543000.0,2.54,2.52,2.54,1762347000.0,1510378000.0,1762347000.0,5739672016.0,15.0,9.913,-262182000.0,-2.88,1.0,579065000.0,0.832,35748000.0,39979000.0,3760582000.0,3554268000.0,20258000.0,32409000.0,32409000.0,0.0,1681906000.0,347648000.0,1334258000.0,5065403016.0,-2698000.0,5889000.0,224888000.0,19098000.0,0.0,241943000.0,-725485000.0,0.0,480844000.0,0.0,228352000.0,228352000.0,228352000.0,-10100000.0,0.0,0.328,256131000.0,322934000.0,37006000.0,0.0,2.874,22.182,21.783,3083702000.0,0.0,55.33,7.279,7.239,177260000.0,498078000.0,695921000.0,695921000.0,5244000.0,0.072,0.151,0.11,0.561,10629000.0,58784000.0,1.0,91548943.0,91044000,92297000.0,7.644,3408505000.0,0.0,122191000.0,667752000.0,37.438,-126996000.0
42,CXO,MRT,2010-03-31,2010-03-31,2010-03-31,2020-10-27,0.0,3280533000.0,3009485750.0,225816000.0,3054717000.0,0.207,18.361,-667272000.0,6988000.0,6988000.0,106231000.0,70963000.0,0.616,1.011,681257000.0,55329000.0,625928000.0,681257000.0,0.0,191300000.0,0.0,0.0,0.0,130230000.0,321530000.0,0.515,321530000.0,130230000.0,95243000.0,0.79,0.78,0.79,1631037000.0,1392180000.0,1631037000.0,5506007279.0,42.0,17.124,-211111000.0,-2.377,1.0,517707000.0,0.83,36135000.0,34987000.0,3552101000.0,3409954250.0,19758000.0,9078000.0,9078000.0,0.0,1649496000.0,366566000.0,1282930000.0,4597571279.0,4581000.0,5889000.0,225559000.0,-49447000.0,0.0,175351000.0,-626931000.0,0.0,456161000.0,0.0,70963000.0,70963000.0,70963000.0,-5717000.0,0.0,0.114,256797000.0,260910000.0,45219000.0,0.0,2.819,64.788,63.747,2951736000.0,0.0,50.36,7.369,7.17,181649000.0,373907000.0,623938000.0,623938000.0,5746000.0,0.024,0.051,0.038,0.209,9946000.0,55195000.0,1.0,91294108.0,88831000,90130000.0,7.024,3244398000.0,18316000.0,24280000.0,616649000.0,36.523,-140750000.0
43,CXO,MRT,2009-12-31,2009-12-31,2009-12-31,2020-10-27,0.0,3171085000.0,2896639000.0,217258000.0,2953827000.0,0.176,15.727,-673663000.0,3234000.0,3234000.0,97667000.0,-9802000.0,0.645,1.375,911670000.0,65834000.0,845836000.0,911670000.0,0.0,191889000.0,0.0,0.0,0.0,-4099000.0,187790000.0,0.368,187790000.0,-4099000.0,-32391000.0,-0.12,-0.12,-0.12,1335428000.0,1313586500.0,1335428000.0,4507752626.0,-1100.0,24.004,-314117000.0,-3.699,1.0,413100000.0,0.809,36522000.0,28292000.0,3705985000.0,3326023000.0,16255000.0,1309000.0,1309000.0,0.0,1835657000.0,337014000.0,1498643000.0,3851732626.0,-14518000.0,5099000.0,5824000.0,209715000.0,0.0,212084000.0,-586148000.0,0.0,359546000.0,0.0,-9802000.0,-9802000.0,-9802000.0,-3510000.0,0.0,-0.019,263438000.0,149662000.0,46803000.0,0.0,2.884,-392.954,-374.167,2856289000.0,0.0,44.9,7.541,7.464,169535000.0,306367000.0,510767000.0,510767000.0,10632000.0,-0.003,-0.007,-0.001,-0.008,9040000.0,53163000.0,1.0,85784691.0,84912000,84912000.0,6.015,3134563000.0,29284000.0,-22589000.0,603286000.0,36.915,-119756000.0
44,CXO,MRT,2009-09-30,2009-09-30,2009-09-30,2020-10-27,0.0,2821526000.0,2807668500.0,178923000.0,2642603000.0,0.16,15.432,-453930000.0,15695000.0,15695000.0,91943000.0,102148000.0,0.739,1.149,671715000.0,25968000.0,645747000.0,671715000.0,0.0,199569000.0,0.0,0.0,0.0,178042000.0,377611000.0,0.838,377611000.0,178042000.0,151379000.0,1.27,1.24,1.27,1312700000.0,1311018000.0,1312700000.0,3781407221.0,21.0,10.014,-149855000.0,-1.762,1.0,358419000.0,0.796,36909000.0,26663000.0,3198404000.0,3182068000.0,24351000.0,9405000.0,9405000.0,0.0,1508826000.0,242233000.0,1266593000.0,3106129221.0,-38675000.0,1034000.0,5739000.0,8847000.0,0.0,9740000.0,-352490000.0,0.0,304075000.0,0.0,102148000.0,102148000.0,102148000.0,-8480000.0,0.0,0.227,300033000.0,58386000.0,53335000.0,0.0,2.366,30.408,28.598,2528172000.0,0.0,36.32,6.897,6.86,139561000.0,289488000.0,450362000.0,450362000.0,28375000.0,0.036,0.078,0.056,0.395,6930000.0,52719000.0,1.0,85521179.0,85061000,86088000.0,5.295,2784617000.0,5800000.0,49231000.0,591029000.0,32.737,-63310000.0
45,CXO,MRT,2009-06-30,2009-06-30,2009-06-30,2020-10-27,0.0,2764799000.0,2768230500.0,167279000.0,2597520000.0,0.169,15.207,-1039283000.0,3081000.0,3081000.0,93545000.0,224314000.0,0.762,1.144,678359000.0,18359000.0,660000000.0,678359000.0,0.0,177262000.0,0.0,0.0,0.0,372861000.0,550123000.0,1.177,550123000.0,372861000.0,342752000.0,2.79,2.73,2.79,1289555000.0,1280029250.0,1289555000.0,3125010856.0,8.0,5.681,-692602000.0,-8.168,1.0,373780000.0,0.8,37319000.0,30109000.0,3183327000.0,3126442250.0,27158000.0,26272000.0,26272000.0,0.0,1475244000.0,219431000.0,1255813000.0,2449551856.0,-28635000.0,1034000.0,249183000.0,352332000.0,0.0,591435000.0,-966751000.0,0.0,346681000.0,0.0,224314000.0,224314000.0,224314000.0,-8480000.0,0.0,0.48,292204000.0,81576000.0,48451000.0,0.0,1.9,10.92,10.283,2487166000.0,0.0,28.69,5.242,5.206,132596000.0,269726000.0,467325000.0,467325000.0,42423000.0,0.081,0.175,0.119,0.798,6307000.0,50782000.0,1.0,85379988.0,84799000,84799000.0,5.511,2727480000.0,0.0,118438000.0,568517000.0,32.164,-52152000.0
46,CXO,MRT,2009-03-31,2009-03-31,2009-03-31,2020-10-27,0.0,2829146000.0,2485589000.0,252579000.0,2576567000.0,0.192,15.576,-1019061000.0,2407000.0,2407000.0,89707000.0,243112000.0,1.008,1.149,677866000.0,7116000.0,670750000.0,677866000.0,0.0,146870000.0,0.0,0.0,0.0,405866000.0,552736000.0,1.158,552736000.0,405866000.0,378072000.0,2.99,2.93,2.99,1316663000.0,1153630250.0,1316663000.0,2796479296.0,7.0,5.059,-656857000.0,-7.771,1.0,387669000.0,0.812,37724000.0,27794000.0,3216376000.0,2785140250.0,26277000.0,86082000.0,86082000.0,0.0,1512483000.0,250505000.0,1261978000.0,2172931296.0,-13285000.0,1034000.0,248459000.0,371038000.0,0.0,607781000.0,-983270000.0,0.0,362204000.0,0.0,243112000.0,243112000.0,243112000.0,-8480000.0,0.0,0.509,252369000.0,135300000.0,47536000.0,0.0,1.65,8.938,8.559,2448605000.0,0.0,25.59,4.552,4.531,159729000.0,302944000.0,477376000.0,477376000.0,41722000.0,0.098,0.211,0.146,0.85,5849000.0,45196000.0,1.0,84913298.0,84529000,84529000.0,5.647,2791422000.0,0.0,134960000.0,599293000.0,33.023,2074000.0
47,CXO,MRT,2008-12-31,2008-12-31,2008-12-31,2020-10-27,0.0,2815203000.0,2160384500.0,278783000.0,2536420000.0,0.231,16.73,-940730000.0,17752000.0,17752000.0,81836000.0,278702000.0,1.029,1.124,641300000.0,11300000.0,630000000.0,641300000.0,0.0,117406000.0,0.0,0.0,0.0,465175000.0,582581000.0,1.17,582581000.0,465175000.0,436136000.0,3.52,3.46,3.52,1325154000.0,1024906500.0,1325154000.0,2548194561.0,5.0,4.374,-549333000.0,-6.935,1.0,416249000.0,0.836,37768000.0,29039000.0,3130165000.0,2414099750.0,19956000.0,113149000.0,113149000.0,0.0,1490049000.0,270818000.0,1219231000.0,1932997561.0,-12672000.0,1034000.0,247692000.0,305883000.0,0.0,541981000.0,-946050000.0,0.0,391397000.0,0.0,278702000.0,278702000.0,278702000.0,-8480000.0,0.0,0.56,210856000.0,205393000.0,30060000.0,0.0,1.459,6.936,6.483,2401404000.0,0.0,22.82,3.881,3.629,141940000.0,316169000.0,498085000.0,498085000.0,38468000.0,0.129,0.272,0.193,0.934,5223000.0,41130000.0,1.0,84706291.0,79206000,80587000.0,6.288,2777435000.0,0.0,157434000.0,610968000.0,35.066,7965000.0
48,CXO,MRT,2008-09-30,2008-09-30,2008-09-30,2020-10-27,-5051000.0,2663774000.0,1833641000.0,201622000.0,2462152000.0,0.28,14.624,-852122000.0,54370000.0,54370000.0,82257000.0,156731000.0,0.792,1.241,669567000.0,34567000.0,635000000.0,669567000.0,0.0,97565000.0,0.0,0.0,0.0,281639000.0,379204000.0,0.739,379204000.0,281639000.0,255645000.0,1.95,1.91,1.95,1188745000.0,887467500.0,1188745000.0,2723829700.0,10.0,7.183,-465885000.0,-5.731,1.0,431080000.0,0.84,48524000.0,25994000.0,2975901000.0,2061216500.0,22790000.0,11965000.0,11965000.0,0.0,1475029000.0,254546000.0,1220483000.0,2331192700.0,34502000.0,0.0,245869000.0,293297000.0,0.0,529028000.0,-880763000.0,0.0,386237000.0,0.0,156731000.0,156731000.0,156731000.0,0.0,0.0,0.305,171949000.0,259131000.0,42675000.0,0.0,1.961,14.874,14.159,2349926000.0,0.0,27.61,4.541,4.372,122906000.0,187340000.0,513337000.0,513337000.0,31276000.0,0.085,0.177,0.137,0.549,6139000.0,35654000.0,1.0,84432912.0,81288000,82724000.0,6.315,2615250000.0,6983000.0,98914000.0,546823000.0,32.173,-52924000.0
49,CXO,MRT,2008-06-30,2008-06-30,2008-06-30,2020-10-27,-21332000.0,1634233000.0,1528574250.0,145863000.0,1488370000.0,0.27,10.361,-217301000.0,31716000.0,31716000.0,68989000.0,22757000.0,0.699,1.085,424353000.0,125900000.0,298453000.0,424353000.0,0.0,83040000.0,0.0,0.0,0.0,61405000.0,144445000.0,0.351,144445000.0,61405000.0,36612000.0,0.32,0.3,0.32,783959000.0,783627250.0,783959000.0,3167741820.0,52.0,21.93,51822000.0,0.685,1.0,342989000.0,0.833,0.0,24793000.0,1818119000.0,1745763500.0,8702000.0,0.0,0.0,0.0,850274000.0,208751000.0,641523000.0,2834222820.0,21329000.0,0.0,174957000.0,-194704000.0,0.0,-15921000.0,-231873000.0,0.0,269123000.0,0.0,22757000.0,22757000.0,22757000.0,0.0,0.0,0.055,144018000.0,198971000.0,28344000.0,0.0,3.615,124.543,116.563,1475521000.0,0.0,37.3,6.88,6.851,66173000.0,45412000.0,411978000.0,411978000.0,26257000.0,0.015,0.029,0.035,0.149,4916000.0,29522000.0,1.0,75984526.0,75665000,75665000.0,5.445,1634233000.0,44750000.0,13855000.0,288098000.0,21.598,-62888000.0
50,CXO,MRT,2008-03-31,2008-03-31,2008-03-31,2020-10-27,-13650000.0,1528328000.0,1469748000.0,95841000.0,1432487000.0,0.232,10.623,-178910000.0,15692000.0,15692000.0,59216000.0,43102000.0,0.739,0.906,349211000.0,50283000.0,298928000.0,349211000.0,0.0,78639000.0,0.0,0.0,0.0,101096000.0,179735000.0,0.528,179735000.0,101096000.0,70114000.0,0.61,0.59,0.61,801768000.0,736113750.0,801768000.0,2287366090.0,23.0,12.726,29615000.0,0.392,1.0,281482000.0,0.826,0.0,30982000.0,1732214000.0,1753842250.0,1611000.0,0.0,0.0,0.0,726560000.0,129633000.0,596927000.0,1948321090.0,13119000.0,0.0,173947000.0,-201857000.0,0.0,-14324000.0,-181082000.0,0.0,208525000.0,0.0,43102000.0,43091000.0,43091000.0,0.0,0.0,0.126,145173000.0,136309000.0,22578000.0,0.0,2.43,45.214,42.033,1428940000.0,11000.0,25.64,5.719,5.68,58007000.0,59832000.0,340698000.0,340698000.0,31398000.0,0.029,0.059,0.058,0.297,4315000.0,28565000.0,1.0,75987562.0,75473000,76886000.0,4.514,1528328000.0,17797000.0,27012000.0,278112000.0,20.25,-33792000.0
51,CXO,MRT,2007-12-31,2007-12-31,2007-12-31,2020-10-27,-14195000.0,1508229000.0,1432750750.0,107983000.0,1400246000.0,0.205,12.056,-162168000.0,30424000.0,30424000.0,54267000.0,25360000.0,0.839,0.945,369469000.0,44065000.0,325404000.0,369469000.0,0.0,76779000.0,0.0,0.0,0.0,77421000.0,154200000.0,0.524,154200000.0,77421000.0,41379000.0,0.39,0.38,0.39,775398000.0,679369500.0,775398000.0,1897537545.0,25.0,12.306,7601000.0,0.118,1.0,240066000.0,0.816,0.0,36042000.0,1718632000.0,1780488750.0,1459000.0,1866000.0,1866000.0,0.0,732831000.0,128642000.0,604189000.0,1561222545.0,29302000.0,0.0,172709000.0,-162949000.0,0.0,19886000.0,-160353000.0,0.0,169769000.0,0.0,25360000.0,25315000.0,25315000.0,0.0,0.0,0.086,143855000.0,96211000.0,30835000.0,0.0,2.013,61.672,52.846,1394994000.0,45000.0,20.61,5.304,4.504,57588000.0,37467000.0,294333000.0,294333000.0,29098000.0,0.018,0.037,0.043,0.263,3841000.0,25177000.0,1.0,75750730.0,64316000,66309000.0,4.576,1508229000.0,13502000.0,16019000.0,259070000.0,23.45,-20659000.0
52,CXO,MRT,2007-09-30,2007-09-30,2007-09-30,2020-10-27,-6493000.0,1443507000.0,1403211500.0,70993000.0,1372514000.0,0.184,11.198,-175236000.0,19868000.0,19868000.0,50405000.0,25447000.0,1.08,0.866,356183000.0,12303000.0,343880000.0,356183000.0,0.0,73588000.0,0.0,0.0,0.0,83869000.0,157457000.0,0.61,157457000.0,83869000.0,44497000.0,0.41,0.4,0.41,773384000.0,629309000.0,773384000.0,1621210201.0,19.0,10.296,-19064000.0,-0.276,1.0,207787000.0,0.805,0.0,39372000.0,1714089000.0,1805874000.0,1404000.0,1658000.0,1658000.0,0.0,670123000.0,65733000.0,604390000.0,1121865201.0,19868000.0,0.0,173002000.0,-143271000.0,0.0,37646000.0,-173950000.0,0.0,156172000.0,0.0,25447000.0,25368000.0,25368000.0,0.0,0.0,0.098,128242000.0,79545000.0,15100000.0,0.0,1.451,44.224,36.122,1368026000.0,79000.0,14.81,4.345,3.962,40820000.0,30609000.0,258192000.0,258192000.0,19005000.0,0.018,0.04,0.046,0.325,3759000.0,22244000.0,1.0,75750520.0,69067000,69913000.0,3.738,1443507000.0,3625000.0,19050000.0,252025000.0,20.9,5260000.0
53,CXO,MRT,2007-06-30,2007-06-30,2007-06-30,2020-10-27,-4186000.0,1398928000.0,,56577000.0,1342351000.0,,10.285,-169587000.0,10387000.0,10387000.0,46777000.0,24023000.0,1.183,1.355,509732000.0,8192000.0,501540000.0,509732000.0,0.0,75259000.0,0.0,,0.0,80954000.0,156213000.0,0.631,156213000.0,80954000.0,41452000.0,0.39,0.38,0.39,593905000.0,,593905000.0,,,,-27201000.0,-0.471,1.0,200592000.0,0.811,0.0,39502000.0,1850434000.0,,1314000.0,81000.0,81000.0,0.0,805023000.0,47839000.0,757184000.0,,10387000.0,0.0,0.0,30366000.0,0.0,37588000.0,-169587000.0,0.0,142386000.0,0.0,24023000.0,23912000.0,23912000.0,0.0,0.0,0.097,120723000.0,79869000.0,14345000.0,0.0,,,,1336916000.0,111000.0,,,,39856000.0,22655000.0,247369000.0,247369000.0,10516000.0,,,,0.327,4147000.0,21430000.0,1.0,72499911.0,57747000,59625000.0,4.284,1398928000.0,82000.0,17429000.0,245863000.0,24.225,8738000.0
54,CXO,MRT,2007-03-31,2007-03-31,2007-03-31,2020-10-27,-5188000.0,1380339000.0,,47552000.0,1332787000.0,,10.463,-186398000.0,2573000.0,2573000.0,43858000.0,25719000.0,0.918,1.401,512812000.0,9812000.0,503000000.0,512812000.0,0.0,72907000.0,0.0,,0.0,81358000.0,154265000.0,0.662,154265000.0,81358000.0,43726000.0,0.43,0.41,0.43,574791000.0,,574791000.0,,,,-54783000.0,-0.997,1.0,189126000.0,0.812,0.0,37632000.0,1838800000.0,,1324000.0,64000.0,64000.0,0.0,805548000.0,51778000.0,753770000.0,,2573000.0,0.0,0.0,60460000.0,0.0,57356000.0,-186398000.0,0.0,131615000.0,0.0,25719000.0,25587000.0,25587000.0,0.0,0.0,0.11,108916000.0,80210000.0,21533000.0,0.0,,,,1327095000.0,132000.0,,,,39072000.0,16734000.0,232984000.0,232984000.0,5147000.0,,,,0.349,3347000.0,16954000.0,1.0,72499911.0,54936000,58840000.0,4.241,1380339000.0,82000.0,18007000.0,241114000.0,25.126,-4226000.0
55,CXO,MRT,2006-12-31,2006-12-31,2006-12-31,2020-10-27,414000.0,1390072000.0,811228500.0,63765000.0,1326307000.0,0.244,12.163,-596852000.0,1122000.0,1122000.0,37822000.0,19668000.0,0.904,1.417,501724000.0,6624000.0,495100000.0,501724000.0,0.0,60722000.0,0.0,,0.0,64614000.0,125336000.0,0.632,125336000.0,64614000.0,34047000.0,0.63,0.59,0.63,575156000.0,342413000.0,575156000.0,,,,-484671000.0,-10.25,1.0,160468000.0,0.809,0.0,30567000.0,1820173000.0,1042168500.0,1309000.0,6013000.0,6013000.0,0.0,814916000.0,70501000.0,744415000.0,,-8060000.0,0.0,61178000.0,423500000.0,0.0,476611000.0,-596852000.0,0.0,112181000.0,0.0,19668000.0,30025000.0,30025000.0,0.0,0.0,0.151,97040000.0,63428000.0,29651000.0,0.0,,,,1320655000.0,-10357000.0,,,,51391000.0,12152000.0,198290000.0,198290000.0,5612000.0,0.037,0.088,0.062,0.326,9144000.0,21721000.0,1.0,,47287000,50729000.0,4.193,1390072000.0,82000.0,14379000.0,241752000.0,29.396,-6736000.0
56,CXO,MRT,2006-09-30,2006-09-30,2006-09-30,2020-10-27,,,,,,,,,,,,,,,,,,,,,,,0.0,,,,,,,,,,,,,,,,,,1.0,,,,,,,,,,,,,,,,,,,,,,,,,,,,,,,,,,,,,,,,,,,,,,,,,,,,,,1.0,,44710000,,,,,,,,
57,CXO,MRT,2006-06-30,2006-06-30,2006-06-30,2020-10-27,,,,,,,,,,,,,,,,,,,,,,,0.0,,,,,,,,,,,,,,,,,,1.0,,,,,,,,,,,,,,,,,,,,,,,,,,,,,,,,,,,,,,,,,,,,,,,,,,,,,,1.0,,54877000,,,,,,,,
58,CXO,MRT,2006-03-31,2006-03-31,2006-03-31,2020-10-27,,,,,,,,,,,,,,,,,,,,,,,0.0,,,,,,,,,,,,,,,,,,1.0,,,,,,,,,,,,,,,,,,,,,,,,,,,,,,,,,,,,,,,,,,,,,,,,,,,,,,1.0,,23976000,,,,,,,,
59,CXO,MRT,2005-12-31,2005-12-31,2005-12-31,2020-10-27,-11060000.0,232385000.0,,59192000.0,173193000.0,,27.019,-59684000.0,9182000.0,9182000.0,14635000.0,1954000.0,1.467,1.119,81307000.0,9307000.0,72000000.0,81307000.0,0.0,11485000.0,0.0,,0.0,7089000.0,18574000.0,0.338,18574000.0,7089000.0,3993000.0,-0.7,-0.7,-0.7,109670000.0,,109670000.0,,,,-34614000.0,-8.528,1.0,40301000.0,0.734,0.0,3096000.0,264164000.0,,1018000.0,0.0,0.0,0.0,122715000.0,40346000.0,82369000.0,,8526000.0,0.0,30621000.0,19000000.0,0.0,45358000.0,-61902000.0,0.0,25070000.0,0.0,1954000.0,-2812000.0,-2812000.0,0.0,0.0,-0.051,28990000.0,11311000.0,13426000.0,0.0,,,,170583000.0,4766000.0,,,,44312000.0,-6272000.0,54936000.0,54936000.0,2666000.0,,,,0.129,3252000.0,11307000.0,1.0,,4059000,4059000.0,13.534,232385000.0,4904000.0,2039000.0,0.0,57.252,18846000.0
