None,ticker,dimension,calendardate,datekey,reportperiod,lastupdated,accoci,assets,assetsavg,assetsc,assetsnc,assetturnover,bvps,capex,cashneq,cashnequsd,cor,consolinc,currentratio,de,debt,debtc,debtnc,debtusd,deferredrev,depamor,deposits,divyield,dps,ebit,ebitda,ebitdamargin,ebitdausd,ebitusd,ebt,eps,epsdil,epsusd,equity,equityavg,equityusd,ev,evebit,evebitda,fcf,fcfps,fxusd,gp,grossmargin,intangibles,intexp,invcap,invcapavg,inventory,investments,investmentsc,investmentsnc,liabilities,liabilitiesc,liabilitiesnc,marketcap,ncf,ncfbus,ncfcommon,ncfdebt,ncfdiv,ncff,ncfi,ncfinv,ncfo,ncfx,netinc,netinccmn,netinccmnusd,netincdis,netincnci,netmargin,opex,opinc,payables,payoutratio,pb,pe,pe1,ppnenet,prefdivis,price,ps,ps1,receivables,retearn,revenue,revenueusd,rnd,roa,roe,roic,ros,sbcomp,sgna,sharefactor,sharesbas,shareswa,shareswadil,sps,tangibles,taxassets,taxexp,taxliabilities,tbvps,workingcapital
0,IRM,MRY,2020-12-31,2020-12-31,2020-12-31,2021-08-05,-255893000.0,14149267000.0,13941454000.0,1269787000.0,12879480000.0,0.297,3.944,126401000.0,205063000.0,205063000.0,1757342000.0,343096000.0,0.636,11.447,10747912000.0,193759000.0,10554153000.0,10747912000.0,295785000.0,669445000.0,0.0,0.084,2.474,790837000.0,1460282000.0,0.352,1460282000.0,790837000.0,372302000.0,1.19,1.19,1.19,1136729000.0,1055515750.0,1136729000.0,19173605251.0,24.0,13.13,1114058000.0,3.866,1.0,2389928000.0,0.576,5884586000.0,418535000.0,16811835000.0,16734388250.0,0.0,0.0,0.0,0.0,13012538000.0,1995695000.0,11016843000.0,8495291251.0,11508000.0,-136831000.0,321000.0,-167965000.0,0.0,-886699000.0,-85440000.0,0.0,987657000.0,-4010000.0,342693000.0,342693000.0,342693000.0,0.0,403000.0,0.083,1455143000.0,934785000.0,359863000.0,2.079,7.473,24.79,24.773,6698945000.0,0.0,29.48,2.048,2.048,859344000.0,-2950339000.0,4147270000.0,4147270000.0,0.0,0.025,0.325,0.047,0.191,37674000.0,949215000.0,1.0,288171345.0,288183000,288643000.0,14.391,8264681000.0,0.0,29609000.0,198377000.0,28.679,-725908000.0
1,IRM,MRY,2019-12-31,2019-12-31,2019-12-31,2021-08-05,-262581000.0,13816816000.0,13701082000.0,1236339000.0,12580477000.0,0.311,5.101,-526840000.0,193555000.0,193555000.0,1833315000.0,268315000.0,0.634,8.438,10393265000.0,389013000.0,10004252000.0,10393265000.0,274036000.0,674941000.0,0.0,0.077,2.452,746606000.0,1421547000.0,0.333,1421547000.0,746606000.0,327308000.0,0.93,0.93,0.93,1463962000.0,1598003500.0,1463962000.0,19206558349.0,26.0,13.511,439815000.0,1.533,1.0,2429269000.0,0.57,5878392000.0,419298000.0,16188625000.0,16131052750.0,0.0,0.0,0.0,0.0,12352589000.0,1949509000.0,10403080000.0,9151260349.0,28070000.0,-77459000.0,1027000.0,506450000.0,0.0,-198973000.0,-730885000.0,0.0,966655000.0,-8727000.0,267377000.0,267377000.0,267377000.0,-104000.0,938000.0,0.063,1647931000.0,781338000.0,324708000.0,2.637,6.251,34.226,34.269,6492138000.0,0.0,31.87,2.147,2.146,850701000.0,-2574896000.0,4262584000.0,4262584000.0,0.0,0.02,0.167,0.046,0.175,35654000.0,991664000.0,1.0,287143406.0,286971000,287687000.0,14.854,7938424000.0,0.0,59931000.0,188128000.0,27.663,-713170000.0
2,IRM,MRY,2018-12-31,2018-12-31,2018-12-31,2021-08-05,-265664000.0,11857218000.0,11868467500.0,1208114000.0,10649104000.0,0.356,6.509,-373903000.0,165485000.0,165485000.0,1793954000.0,355131000.0,0.81,5.37,8142823000.0,126406000.0,8016417000.0,8142823000.0,264823000.0,655189000.0,0.0,0.073,2.374,806334000.0,1461523000.0,0.346,1461523000.0,806334000.0,396686000.0,1.28,1.28,1.28,1861054000.0,2028531750.0,1861054000.0,17309575042.0,21.0,11.844,561646000.0,1.964,1.0,2431807000.0,0.575,5947552000.0,409648000.0,12396229000.0,12499193000.0,0.0,0.0,0.0,0.0,9994755000.0,1490775000.0,8503980000.0,9276377042.0,-760214000.0,-1757538000.0,83766000.0,1143070000.0,0.0,550678000.0,-2221878000.0,0.0,935549000.0,-24563000.0,353933000.0,353933000.0,353933000.0,12427000.0,1198000.0,0.084,1623540000.0,808267000.0,318765000.0,1.855,4.984,26.209,25.32,4489557000.0,0.0,32.41,2.195,2.193,846889000.0,-2139493000.0,4225761000.0,4225761000.0,0.0,0.03,0.174,0.065,0.191,31167000.0,1006983000.0,1.0,286219594.0,285913000,286653000.0,14.78,5909666000.0,0.0,42753000.0,183836000.0,20.669,-282661000.0
3,IRM,MRY,2017-12-31,2017-12-31,2017-12-31,2021-08-05,-103989000.0,10972402000.0,10179808750.0,1950315000.0,9022087000.0,0.378,8.64,-333794000.0,925699000.0,925699000.0,1664825000.0,171724000.0,1.466,3.775,7043271000.0,146300000.0,6896971000.0,7043271000.0,241590000.0,537338000.0,0.0,0.059,2.238,546720000.0,1084058000.0,0.282,1084058000.0,546720000.0,193075000.0,0.66,0.66,0.66,2297438000.0,1980734750.0,2297438000.0,16614134557.0,30.0,15.326,387174000.0,1.456,1.0,2180753000.0,0.567,5470814000.0,353645000.0,10288987000.0,9671747000.0,0.0,0.0,0.0,0.0,8673560000.0,1330173000.0,7343387000.0,10071536557.0,689215000.0,-190469000.0,588686000.0,382659000.0,0.0,540425000.0,-599448000.0,0.0,720968000.0,27270000.0,170113000.0,170113000.0,170113000.0,6291000.0,1611000.0,0.044,1546702000.0,634051000.0,289137000.0,3.391,4.384,59.205,57.167,3417679000.0,0.0,37.73,2.619,2.609,835742000.0,-1765966000.0,3845578000.0,3845578000.0,0.0,0.017,0.086,0.057,0.142,30019000.0,937180000.0,1.0,266937094.0,265898000,266845000.0,14.463,5501588000.0,0.0,22962000.0,155728000.0,20.691,620142000.0
4,IRM,MRY,2016-12-31,2016-12-31,2016-12-31,2021-08-05,-212573000.0,9486800000.0,8888769750.0,1112107000.0,8374693000.0,0.395,7.866,-320626000.0,236484000.0,236484000.0,1567777000.0,107233000.0,1.063,3.899,6251181000.0,172975000.0,6078206000.0,6251181000.0,201128000.0,465477000.0,0.0,0.062,2.005,460430000.0,925907000.0,0.264,925907000.0,460430000.0,149768000.0,0.41,0.41,0.41,1936547000.0,1694678250.0,1936547000.0,14557884843.0,32.0,15.723,223269000.0,0.907,1.0,1943676000.0,0.554,5157544000.0,310662000.0,9297396000.0,9039087500.0,0.0,0.0,0.0,0.0,7550129000.0,1046557000.0,6503572000.0,8556785843.0,108103000.0,-261311000.0,31922000.0,618391000.0,0.0,125373000.0,-535991000.0,0.0,543895000.0,-25174000.0,104824000.0,104824000.0,104824000.0,-3353000.0,2409000.0,0.03,1439890000.0,503786000.0,222197000.0,4.89,4.419,81.63,79.22,3083326000.0,0.0,32.48,2.437,2.277,691249000.0,-1343311000.0,3511453000.0,3511453000.0,0.0,0.012,0.062,0.051,0.131,28976000.0,988332000.0,1.0,263447840.0,246178000,247267000.0,14.264,4329256000.0,0.0,44944000.0,151295000.0,17.586,65550000.0
5,IRM,MRY,2015-12-31,2015-12-31,2015-12-31,2021-08-05,-174917000.0,6350587000.0,6453610000.0,857912000.0,5492675000.0,0.466,2.414,-287977000.0,128381000.0,128381000.0,1290025000.0,125203000.0,1.019,11.442,4845678000.0,88068000.0,4757610000.0,4845678000.0,183112000.0,354713000.0,0.0,0.071,1.91,424825000.0,779538000.0,0.259,779538000.0,424825000.0,160954000.0,0.59,0.59,0.59,508841000.0,641921750.0,508841000.0,10384635450.0,24.0,13.322,253783000.0,1.204,1.0,1717951000.0,0.571,2964292000.0,263871000.0,7261761000.0,7358134250.0,0.0,0.0,0.0,0.0,5821980000.0,841831000.0,4980149000.0,5703240450.0,-31412000.0,-113558000.0,7149000.0,299108000.0,0.0,-108511000.0,-456646000.0,0.0,541760000.0,-8015000.0,123241000.0,123241000.0,123241000.0,0.0,1962000.0,0.041,1192574000.0,525377000.0,219590000.0,3.237,11.208,46.277,45.78,2497158000.0,0.0,27.01,1.896,1.893,564401000.0,-942218000.0,3007976000.0,3007976000.0,0.0,0.019,0.192,0.058,0.141,27585000.0,844960000.0,1.0,211152923.0,210764000,212118000.0,14.272,3386295000.0,22179000.0,37713000.0,55002000.0,16.067,16081000.0
6,IRM,MRY,2014-12-31,2014-12-31,2014-12-31,2021-08-05,-75031000.0,6523265000.0,6650336250.0,917719000.0,5605546000.0,0.469,4.385,-317438000.0,159793000.0,159793000.0,1344636000.0,328746000.0,1.071,6.602,4616454000.0,52095000.0,4564359000.0,4616454000.0,197142000.0,361152000.0,0.0,0.062,2.414,489561000.0,850713000.0,0.273,850713000.0,489561000.0,228844000.0,1.68,1.67,1.68,856355000.0,910770000.0,856355000.0,11663242416.0,24.0,13.71,155510000.0,0.796,1.0,1773057000.0,0.569,3031620000.0,260717000.0,7091570000.0,6771683000.0,0.0,0.0,0.0,0.0,5653310000.0,856736000.0,4796574000.0,7488605416.0,5407000.0,-128093000.0,44290000.0,536541000.0,0.0,19857000.0,-479978000.0,0.0,472948000.0,-7420000.0,326119000.0,326119000.0,326119000.0,209000.0,2627000.0,0.105,1215473000.0,557584000.0,203014000.0,1.437,8.745,22.963,23.012,2550727000.0,0.0,38.66,2.402,2.421,604265000.0,-659553000.0,3117693000.0,3117693000.0,0.0,0.049,0.358,0.072,0.157,29624000.0,869572000.0,1.0,193704227.0,195278000,196749000.0,15.965,3491645000.0,14192000.0,-97275000.0,54658000.0,17.88,60983000.0
7,IRM,MRY,2013-12-31,2013-12-31,2013-12-31,2021-08-05,-8660000.0,6653005000.0,6416695750.0,933607000.0,5719398000.0,0.471,5.452,-285211000.0,154386000.0,154386000.0,1288878000.0,99992000.0,0.963,5.379,4171722000.0,52583000.0,4119139000.0,4171722000.0,238724000.0,329295000.0,0.0,0.048,1.35,412763000.0,742058000.0,0.245,742058000.0,412763000.0,158589000.0,0.52,0.52,0.52,1041238000.0,1073696500.0,1041238000.0,9183350572.0,22.0,12.376,222335000.0,1.164,1.0,1735745000.0,0.574,3068836000.0,254174000.0,6632404000.0,6389479250.0,0.0,0.0,0.0,0.0,5601271000.0,969101000.0,4632170000.0,5363662572.0,-122889000.0,-317100000.0,17664000.0,232251000.0,0.0,18564000.0,-637687000.0,0.0,507546000.0,-11312000.0,96462000.0,96462000.0,96462000.0,-831000.0,3530000.0,0.032,1245081000.0,490664000.0,216456000.0,2.596,5.151,55.604,53.942,2578260000.0,0.0,28.05,1.773,1.771,616797000.0,67820000.0,3024623000.0,3024623000.0,0.0,0.015,0.09,0.065,0.136,30354000.0,924031000.0,1.0,191217917.0,190994000,192412000.0,15.836,3584169000.0,17623000.0,62127000.0,340568000.0,18.766,-35494000.0
8,IRM,MRY,2012-12-31,2012-12-31,2012-12-31,2021-08-05,20314000.0,6358339000.0,6214937000.0,1024092000.0,5334247000.0,0.483,6.624,-239226000.0,277027000.0,277027000.0,1277113000.0,174048000.0,1.132,4.518,3825003000.0,92887000.0,3732116000.0,3825003000.0,217133000.0,323292000.0,0.0,0.168,4.822,527825000.0,851117000.0,0.283,851117000.0,527825000.0,285226000.0,1.0,0.99,1.0,1149971000.0,1234101750.0,1149971000.0,8318895443.0,16.0,9.774,193510000.0,1.115,1.0,1726842000.0,0.575,2790879000.0,242599000.0,6210483000.0,6006900750.0,0.0,0.0,0.0,0.0,5195891000.0,904953000.0,4290938000.0,4950663443.0,63570000.0,-127464000.0,2192000.0,345658000.0,0.0,28230000.0,-400200000.0,1498000.0,432736000.0,2804000.0,170922000.0,170922000.0,170922000.0,8659000.0,3126000.0,0.057,1171170000.0,555672000.0,168120000.0,4.822,4.305,28.964,28.697,2477727000.0,0.0,28.697,1.648,1.658,572200000.0,185558000.0,3003955000.0,3003955000.0,0.0,0.028,0.138,0.088,0.176,30360000.0,850371000.0,1.0,172515017.0,173604000,174867000.0,17.303,3567460000.0,10152000.0,114304000.0,398549000.0,20.549,119139000.0
9,IRM,MRY,2011-12-31,2011-12-31,2011-12-31,2021-08-05,-2203000.0,6041258000.0,6328375500.0,914450000.0,5126808000.0,0.476,6.395,-204924000.0,214955000.0,214955000.0,1245200000.0,399592000.0,1.077,3.843,3353588000.0,73320000.0,3280268000.0,3353588000.0,197181000.0,325817000.0,0.0,0.033,0.938,707282000.0,1033099000.0,0.343,1033099000.0,707282000.0,502026000.0,2.06,2.04,2.06,1245688000.0,1756275750.0,1245688000.0,8088210850.0,11.0,7.829,410514000.0,2.108,1.0,1769503000.0,0.587,2664417000.0,205256000.0,5666444000.0,5612063000.0,0.0,0.0,0.0,0.0,4787002000.0,849030000.0,3937972000.0,5283792850.0,-78848000.0,-75581000.0,-899211000.0,307540000.0,0.0,-763808000.0,78508000.0,-5000.0,615438000.0,-8986000.0,395538000.0,395538000.0,395538000.0,-153180000.0,4054000.0,0.131,1198304000.0,571199000.0,156381000.0,0.455,4.242,13.358,13.818,2407083000.0,0.0,28.466,1.753,1.839,543467000.0,902567000.0,3014703000.0,3014703000.0,0.0,0.063,0.225,0.126,0.235,17250000.0,834591000.0,1.0,185617679.0,194777000,195938000.0,15.478,3376841000.0,43235000.0,106488000.0,507358000.0,17.337,65420000.0
10,IRM,MRY,2010-12-31,2010-12-31,2010-12-31,2021-08-05,29482000.0,6416393000.0,6538271500.0,1212462000.0,5203931000.0,0.442,9.631,-236313000.0,293798000.0,293798000.0,1192862000.0,-52678000.0,1.386,2.294,3008207000.0,96081000.0,2912126000.0,3008207000.0,190713000.0,309562000.0,0.0,0.016,0.375,314456000.0,624018000.0,0.216,624018000.0,314456000.0,109897000.0,-0.26,-0.26,-0.26,1945448000.0,2041538750.0,1945448000.0,7416439128.0,24.0,11.885,388827000.0,1.925,1.0,1699487000.0,0.588,2659369000.0,204559000.0,5596730000.0,5707932500.0,0.0,0.0,0.0,0.0,4463528000.0,874703000.0,3588825000.0,4625987128.0,-187963000.0,-13841000.0,-93338000.0,-250901000.0,0.0,-381234000.0,-432670000.0,-35102000.0,625140000.0,801000.0,-57586000.0,-57586000.0,-57586000.0,219417000.0,4908000.0,-0.02,1151938000.0,547549000.0,143765000.0,-1.442,2.378,-80.332,-88.904,2468244000.0,0.0,23.115,1.599,1.614,524326000.0,685310000.0,2892349000.0,2892349000.0,0.0,-0.009,-0.028,0.055,0.109,17274000.0,772811000.0,1.0,200129229.0,201991000,201991000.0,14.319,3757024000.0,44225000.0,167483000.0,492464000.0,18.6,337759000.0
11,IRM,MRY,2009-12-31,2009-12-31,2009-12-31,2021-08-05,27661000.0,6846834000.0,6567530500.0,1211425000.0,5635409000.0,0.422,10.618,-283326000.0,446656000.0,446656000.0,1201871000.0,219379000.0,1.487,2.178,3251784000.0,40561000.0,3211223000.0,3251784000.0,208062000.0,282303000.0,0.0,0.0,0.0,544257000.0,826560000.0,0.298,826560000.0,544257000.0,331712000.0,1.08,1.07,1.08,2153367000.0,1991162000.0,2153367000.0,7134943168.0,13.0,8.632,333585000.0,1.645,1.0,1572513000.0,0.567,2973525000.0,212545000.0,5863723000.0,5806306250.0,0.0,0.0,0.0,0.0,4689363000.0,814714000.0,3874649000.0,4277565168.0,168286000.0,-4632000.0,24233000.0,-159115000.0,0.0,-129692000.0,-324066000.0,0.0,616911000.0,5133000.0,217950000.0,217950000.0,217950000.0,12138000.0,1429000.0,0.079,1027288000.0,545225000.0,175231000.0,0.0,1.986,19.626,19.477,2568200000.0,0.0,21.035,1.542,1.538,585376000.0,825014000.0,2774384000.0,2774384000.0,0.0,0.033,0.109,0.094,0.196,15210000.0,749934000.0,1.0,203354655.0,202812000,204271000.0,13.68,3873309000.0,37924000.0,113762000.0,467067000.0,19.098,396711000.0
12,IRM,MRY,2008-12-31,2008-12-31,2008-12-31,2021-08-05,-41215000.0,6356854000.0,6457434250.0,976392000.0,5380462000.0,0.473,8.957,-387071000.0,278370000.0,278370000.0,1382019000.0,81943000.0,1.338,2.524,3243215000.0,35751000.0,3207464000.0,3243215000.0,182759000.0,295720000.0,0.0,0.0,0.0,461596000.0,757316000.0,0.248,757316000.0,461596000.0,224961000.0,0.41,0.4,0.41,1802780000.0,1858782250.0,1802780000.0,7706906718.0,17.0,10.177,149958000.0,0.745,1.0,1673115000.0,0.548,2896033000.0,236635000.0,5696069000.0,5819745750.0,0.0,0.0,0.0,0.0,4550526000.0,729597000.0,3820929000.0,4609416718.0,152763000.0,-58341000.0,16145000.0,65151000.0,0.0,87368000.0,-459594000.0,0.0,537029000.0,-12040000.0,82037000.0,82037000.0,82037000.0,0.0,-94000.0,0.027,1180585000.0,492530000.0,154614000.0,0.0,2.557,56.187,55.746,2386754000.0,0.0,22.856,1.509,1.506,552830000.0,591912000.0,3055134000.0,3055134000.0,0.0,0.013,0.044,0.079,0.151,18988000.0,882364000.0,1.0,201672065.0,201279000,203290000.0,15.179,3460821000.0,41305000.0,142924000.0,427324000.0,17.194,246795000.0
13,IRM,MRY,2007-12-31,2007-12-31,2007-12-31,2021-08-05,74061000.0,6307921000.0,5798657750.0,822396000.0,5485525000.0,0.471,8.98,-368706000.0,125607000.0,125607000.0,1260120000.0,154014000.0,1.074,2.513,3266288000.0,33440000.0,3232848000.0,3266288000.0,194344000.0,254655000.0,0.0,0.0,0.0,450697000.0,705352000.0,0.258,705352000.0,450697000.0,222104000.0,0.77,0.76,0.77,1795455000.0,1688542000.0,1795455000.0,9869477389.0,22.0,13.992,115938000.0,0.58,1.0,1469915000.0,0.538,3054695000.0,228593000.0,5628230000.0,5238425500.0,0.0,0.0,0.0,0.0,4512466000.0,765677000.0,3746789000.0,6857548389.0,80238000.0,-481526000.0,21843000.0,426447000.0,0.0,457005000.0,-866635000.0,0.0,484644000.0,5224000.0,153094000.0,153094000.0,153094000.0,0.0,920000.0,0.056,1015197000.0,454718000.0,208672000.0,0.0,3.819,44.793,44.434,2335961000.0,0.0,34.214,2.512,2.506,564049000.0,509875000.0,2730035000.0,2730035000.0,0.0,0.026,0.091,0.086,0.165,13861000.0,771375000.0,1.0,200431063.0,199938000,202062000.0,13.654,3253226000.0,41465000.0,69010000.0,351226000.0,16.271,56719000.0
14,IRM,MRY,2006-12-31,2006-12-31,2006-12-31,2021-08-05,33794000.0,5209521000.0,5005684250.0,679721000.0,4529800000.0,0.47,7.84,-365312000.0,45369000.0,45369000.0,1074268000.0,128863000.0,1.064,2.354,2668816000.0,63105000.0,2605711000.0,2668816000.0,160148000.0,213836000.0,0.0,0.0,0.0,417616000.0,631452000.0,0.269,631452000.0,417616000.0,222658000.0,0.65,0.64,0.65,1553273000.0,1480627500.0,1553273000.0,7648078982.0,18.0,12.112,8970000.0,0.045,1.0,1276074000.0,0.543,2447885000.0,194958000.0,4746436000.0,4554584000.0,0.0,0.0,0.0,0.0,3656248000.0,638647000.0,3017601000.0,5058638982.0,-8044000.0,-87151000.0,22245000.0,58170000.0,0.0,82734000.0,-466714000.0,0.0,374282000.0,1654000.0,128863000.0,128863000.0,128863000.0,0.0,0.0,0.055,868887000.0,407187000.0,148461000.0,0.0,3.257,39.256,39.186,2015235000.0,0.0,25.471,2.152,2.147,473366000.0,373387000.0,2350342000.0,2350342000.0,0.0,0.026,0.087,0.092,0.178,12387000.0,670074000.0,1.0,198603862.0,198116000,200463000.0,11.863,2761636000.0,60537000.0,93795000.0,280225000.0,13.939,41074000.0
15,IRM,MRY,2005-12-31,2005-12-31,2005-12-31,2021-08-05,18684000.0,4766140000.0,4591753750.0,554168000.0,4211972000.0,0.453,6.991,-244506000.0,53413000.0,53413000.0,938239000.0,111099000.0,0.936,2.479,2529431000.0,25905000.0,2503526000.0,2529431000.0,151137000.0,191873000.0,0.0,0.0,0.0,376167000.0,568040000.0,0.273,568040000.0,376167000.0,192583000.0,0.57,0.56,0.57,1370129000.0,1310972250.0,1370129000.0,7481868030.0,20.0,13.171,132670000.0,0.677,1.0,1139916000.0,0.549,2367647000.0,183584000.0,4282515000.0,4185902500.0,0.0,0.0,0.0,0.0,3396011000.0,591996000.0,2804015000.0,5117416030.0,21471000.0,-178238000.0,25649000.0,59131000.0,0.0,81449000.0,-436175000.0,0.0,377176000.0,-979000.0,111099000.0,111099000.0,111099000.0,0.0,0.0,0.053,753132000.0,386784000.0,148234000.0,0.0,3.735,46.062,45.639,1781266000.0,0.0,26.014,2.462,2.453,408564000.0,244524000.0,2078155000.0,2078155000.0,0.0,0.024,0.085,0.09,0.181,6189000.0,569695000.0,1.0,196717768.0,195988000,198104000.0,10.603,2398493000.0,27623000.0,81484000.0,225314000.0,12.238,-37828000.0
16,IRM,MRY,2004-12-31,2004-12-31,2004-12-31,2021-08-05,20285000.0,4442387000.0,4181097750.0,501154000.0,3941233000.0,0.435,6.293,-228855000.0,31942000.0,31942000.0,823899000.0,94191000.0,0.972,2.646,2478022000.0,39435000.0,2438587000.0,2478022000.0,136470000.0,167275000.0,0.0,0.0,0.0,349514000.0,516789000.0,0.284,516789000.0,349514000.0,163765000.0,0.49,0.48,0.49,1218568000.0,1153873000.0,1218568000.0,5949471197.0,17.0,11.512,76509000.0,0.395,1.0,993690000.0,0.547,2229997000.0,185749000.0,4143007000.0,3943939250.0,0.0,0.0,0.0,0.0,3223819000.0,515463000.0,2708356000.0,3645821197.0,-42741000.0,-385196000.0,18041000.0,311892000.0,0.0,276569000.0,-626523000.0,0.0,305364000.0,1849000.0,94191000.0,94191000.0,94191000.0,0.0,0.0,0.052,649194000.0,344496000.0,103415000.0,0.0,2.992,38.707,38.339,1649796000.0,0.0,18.786,2.006,2.001,354434000.0,133425000.0,1817589000.0,1817589000.0,0.0,0.023,0.082,0.089,0.192,3857000.0,486246000.0,1.0,194071180.0,193625000,196764000.0,9.387,2212390000.0,36033000.0,69574000.0,206539000.0,11.426,-14309000.0
17,IRM,MRY,2003-12-31,2003-12-31,2003-12-31,2021-08-05,-8046000.0,3892099000.0,3594181250.0,471583000.0,3420516000.0,0.418,5.557,-192810000.0,74683000.0,74683000.0,680747000.0,84637000.0,0.806,2.651,2089928000.0,115781000.0,1974147000.0,2089928000.0,107857000.0,134572000.0,0.0,0.0,0.0,301835000.0,436407000.0,0.291,436407000.0,301835000.0,151367000.0,0.44,0.433,0.44,1066114000.0,1016608000.0,1066114000.0,5158962084.0,17.0,11.821,95883000.0,0.5,1.0,820582000.0,0.547,1892745000.0,150468000.0,3429854000.0,3244258000.0,0.0,0.0,0.0,0.0,2825985000.0,584745000.0,2241240000.0,3119534084.0,18391000.0,-379890000.0,8426000.0,288120000.0,0.0,315054000.0,-586634000.0,-1357000.0,288693000.0,1278000.0,84637000.0,84637000.0,84637000.0,0.0,0.0,0.056,515689000.0,304893000.0,87006000.0,0.0,2.926,36.858,36.914,1492267000.0,0.0,16.242,2.078,2.076,279800000.0,39234000.0,1501329000.0,1501329000.0,0.0,0.024,0.083,0.093,0.201,1664000.0,383641000.0,1.0,192065884.0,191851500,195115500.0,7.825,1999354000.0,33043000.0,66730000.0,146231000.0,10.421,-113162000.0
18,IRM,MRY,2002-12-31,2002-12-31,2002-12-31,2021-08-05,-31038000.0,3230655000.0,3017744000.0,367040000.0,2863615000.0,0.437,4.961,-189977000.0,56292000.0,56292000.0,622299000.0,58292000.0,0.858,2.419,1732097000.0,69732000.0,1662365000.0,1732097000.0,95188000.0,113913000.0,0.0,0.0,0.0,242242000.0,356155000.0,0.27,356155000.0,242242000.0,105610000.0,0.307,0.3,0.307,944861000.0,921230500.0,944861000.0,4148422103.0,17.0,11.648,64971000.0,0.341,1.0,696198000.0,0.528,1593187000.0,136632000.0,2885311000.0,2625631000.0,0.0,0.0,0.0,0.0,2285794000.0,427962000.0,1857832000.0,2588569103.0,34933000.0,-49361000.0,0.0,21219000.0,0.0,27098000.0,-247757000.0,0.0,254948000.0,644000.0,58292000.0,58292000.0,58292000.0,-1116000.0,0.0,0.044,443612000.0,252586000.0,76115000.0,0.0,2.74,44.407,44.166,1239188000.0,0.0,13.559,1.963,1.959,225416000.0,-45403000.0,1318497000.0,1318497000.0,0.0,0.019,0.063,0.092,0.184,0.0,333050000.0,1.0,190911506.0,190465500,193660500.0,6.922,1637468000.0,34192000.0,47318000.0,78464000.0,8.597,-60922000.0
19,IRM,MRY,2001-12-31,2001-12-31,2001-12-31,2021-08-05,-18025000.0,2859906000.0,2818818750.0,309317000.0,2550589000.0,0.421,4.706,-196319000.0,21359000.0,21359000.0,576538000.0,-44057000.0,0.862,2.228,1496099000.0,35256000.0,1460843000.0,1496099000.0,85894000.0,158201000.0,0.0,0.0,0.0,108560000.0,266761000.0,0.225,266761000.0,108560000.0,-26182000.0,-0.236,-0.236,-0.236,885959000.0,905975250.0,885959000.0,3707909178.0,34.0,13.9,-35410000.0,-0.188,1.0,609180000.0,0.514,1562431000.0,134742000.0,2413206000.0,2367548000.0,0.0,0.0,0.0,0.0,1973947000.0,359009000.0,1614938000.0,2267944178.0,15159000.0,-71397000.0,0.0,102540000.0,0.0,134901000.0,-278136000.0,-2000000.0,160909000.0,-2515000.0,-44057000.0,-44057000.0,-44057000.0,0.0,0.0,-0.037,465064000.0,144116000.0,64596000.0,0.0,2.56,-51.477,-50.822,952231000.0,0.0,11.994,1.913,1.904,219050000.0,-103695000.0,1185718000.0,1185718000.0,0.0,-0.016,-0.049,0.046,0.092,0.0,307800000.0,1.0,189089893.0,188248500,188248500.0,6.299,1297475000.0,31140000.0,17875000.0,47213000.0,6.892,-49692000.0
20,IRM,MRY,2000-12-31,2000-12-31,2000-12-31,2021-08-05,-7566000.0,2659096000.0,2570475000.0,236668000.0,2422428000.0,0.391,5.156,-167386000.0,6200000.0,6200000.0,500565000.0,-27825000.0,0.754,1.876,1355131000.0,40789000.0,1314342000.0,1355131000.0,53884000.0,126810000.0,0.0,0.0,0.0,99275000.0,226085000.0,0.225,226085000.0,99275000.0,-18700000.0,-0.156,-0.156,-0.156,924458000.0,936654750.0,924458000.0,3164263074.0,32.0,13.996,-9782000.0,-0.055,1.0,503600000.0,0.502,1525630000.0,117975000.0,2168344000.0,2045762250.0,0.0,0.0,0.0,0.0,1734638000.0,314053000.0,1420585000.0,1886382074.0,2370000.0,-140940000.0,8180000.0,158249000.0,0.0,172410000.0,-327629000.0,-6524000.0,157604000.0,-15000.0,-27825000.0,-27825000.0,-27825000.0,0.0,0.0,-0.028,397612000.0,105988000.0,42531000.0,0.0,2.041,-67.795,-65.167,832394000.0,0.0,10.166,1.879,1.815,176442000.0,-59383000.0,1004165000.0,1004165000.0,0.0,-0.011,-0.03,0.049,0.099,15110000.0,246559000.0,1.0,185557946.0,179298000,179298000.0,5.601,1133466000.0,30990000.0,9125000.0,38948000.0,6.322,-77385000.0
21,IRM,MRY,1999-12-31,1999-12-31,1999-12-31,2021-08-05,-1193000.0,1317212000.0,1229494250.0,143664000.0,1173548000.0,0.423,4.343,-98657000.0,3830000.0,3830000.0,260930000.0,-14219000.0,0.956,1.695,612947000.0,9890000.0,603057000.0,612947000.0,32981000.0,65422000.0,0.0,0.0,0.0,50785000.0,116207000.0,0.224,116207000.0,50785000.0,-3640000.0,-0.124,-0.124,-0.124,488754000.0,449630000.0,488754000.0,1886314763.0,37.0,16.232,-43219000.0,-0.384,1.0,258619000.0,0.498,729213000.0,54425000.0,1046768000.0,991105750.0,0.0,0.0,0.0,0.0,828458000.0,150348000.0,678110000.0,1286723763.0,2115000.0,-212160000.0,117860000.0,146583000.0,0.0,257853000.0,-311125000.0,0.0,55438000.0,-51000.0,-14219000.0,-14219000.0,-14219000.0,13159000.0,0.0,-0.027,194370000.0,64249000.0,25770000.0,0.0,2.633,-90.493,-86.815,403739000.0,0.0,10.765,2.477,2.332,104074000.0,-31558000.0,519549000.0,519549000.0,0.0,-0.012,-0.032,0.051,0.098,0.0,128948000.0,1.0,119528450.0,112540500,112540500.0,4.617,587999000.0,12475000.0,10579000.0,16207000.0,5.225,-6684000.0
22,IRM,MRY,1998-12-31,1998-12-31,1998-12-31,2021-08-05,0.0,967385000.0,883785250.0,143937000.0,823448000.0,0.434,3.655,-55927000.0,1715000.0,1715000.0,192113000.0,-2966000.0,1.003,1.855,456178000.0,1731000.0,454447000.0,456178000.0,26043000.0,48301000.0,0.0,0.0,0.0,49265000.0,97566000.0,0.254,97566000.0,49265000.0,3592000.0,-0.033,-0.033,-0.033,338882000.0,303356000.0,338882000.0,1418666776.0,29.0,14.541,11203000.0,0.121,1.0,191848000.0,0.5,527235000.0,45673000.0,751141000.0,739251750.0,0.0,0.0,0.0,0.0,628503000.0,143472000.0,485031000.0,975999776.0,-22795000.0,-189729000.0,137387000.0,23731000.0,0.0,159282000.0,-249207000.0,0.0,67130000.0,0.0,-2966000.0,-2966000.0,-2966000.0,-201000.0,0.0,-0.008,144168000.0,47680000.0,20620000.0,0.0,2.88,-329.063,-299.242,266743000.0,0.0,9.875,2.542,2.384,75565000.0,-17339000.0,383961000.0,383961000.0,0.0,-0.003,-0.01,0.067,0.128,0.0,95867000.0,1.0,98835420.0,92711250,92711250.0,4.141,440150000.0,10474000.0,6558000.0,12043000.0,4.748,465000.0
23,IRM,MRY,1997-12-31,1997-12-31,1997-12-31,2021-08-05,0.0,636786000.0,459292500.0,81927000.0,554859000.0,0.455,2.377,-38320000.0,24510000.0,24510000.0,106879000.0,-4521000.0,1.469,3.623,428018000.0,3520000.0,424498000.0,428018000.0,11931000.0,27107000.0,0.0,0.0,0.0,23111000.0,50218000.0,0.241,50218000.0,23111000.0,-4601000.0,-0.077,-0.077,-0.077,137733000.0,95058500.0,137733000.0,,,,-15900000.0,-0.274,1.0,101886000.0,0.488,340852000.0,27712000.0,643689000.0,485287500.0,0.0,0.0,0.0,0.0,499053000.0,55753000.0,443300000.0,496915520.0,21057000.0,-192230000.0,137000.0,232309000.0,0.0,231155000.0,-232518000.0,0.0,22420000.0,0.0,-4521000.0,-4521000.0,-4521000.0,0.0,0.0,-0.022,78775000.0,23111000.0,11022000.0,0.0,3.608,-109.913,-85.351,183898000.0,0.0,6.572,2.38,1.824,45955000.0,-14373000.0,208765000.0,208765000.0,0.0,-0.01,-0.048,0.048,0.111,0.0,51668000.0,1.0,75611004.0,57955500,57955500.0,3.602,295934000.0,5896000.0,-80000.0,5264000.0,5.106,26174000.0
24,IRM,MRY,1996-12-31,1996-12-31,1996-12-31,2021-08-05,0.0,281799000.0,,34788000.0,247011000.0,,1.116,-24446000.0,3453000.0,3453000.0,70747000.0,-1769000.0,1.297,4.379,184733000.0,396000.0,184337000.0,184733000.0,4995000.0,16936000.0,0.0,0.0,0.0,14567000.0,31503000.0,0.227,31503000.0,14567000.0,-334000.0,-0.044,-0.044,-0.044,52384000.0,,52384000.0,,,,-8546000.0,-0.182,1.0,67971000.0,0.49,109363000.0,14901000.0,326886000.0,,0.0,0.0,0.0,0.0,229415000.0,26830000.0,202585000.0,,1868000.0,-68496000.0,33351000.0,56105000.0,0.0,80577000.0,-94609000.0,0.0,15900000.0,0.0,-1769000.0,-2049000.0,-2049000.0,0.0,0.0,-0.015,51278000.0,16693000.0,3750000.0,0.0,,,-125.5,118349000.0,280000.0,5.522,,1.869,24136000.0,-9852000.0,138718000.0,138718000.0,0.0,,,,0.105,0.0,34342000.0,1.0,,46949625,46949625.0,2.955,172436000.0,3378000.0,1435000.0,4021000.0,3.673,7958000.0
25,IRM,MRY,1995-12-31,1995-12-31,1995-12-31,2021-08-05,,,,,,,,-15180000.0,,,52277000.0,248000.0,,,,,,,,12341000.0,,,0.0,13783000.0,26124000.0,0.25,26124000.0,13783000.0,1945000.0,-9.663,-9.663,-9.663,,,,,,,547000.0,2.843,1.0,52159000.0,0.499,,11838000.0,,,,,,,,,,,282000.0,-33048000.0,1000.0,35538000.0,0.0,34091000.0,-49536000.0,0.0,15727000.0,0.0,248000.0,-1859000.0,-1859000.0,0.0,0.0,-0.018,38376000.0,13783000.0,,0.0,,,,,2107000.0,,,,,,104436000.0,104436000.0,0.0,,,,0.132,0.0,26035000.0,1.0,,192375,192375.0,542.877,,,1697000.0,,,
0,IRM,MRQ,2021-06-30,2021-06-30,2021-06-30,2021-08-05,-258653000.0,14314316000.0,,1390608000.0,12923708000.0,,3.968,47191000.0,315928000.0,315928000.0,474579000.0,276522000.0,0.795,11.472,11053627000.0,106274000.0,10947353000.0,11053627000.0,256245000.0,57170000.0,0.0,0.058,0.619,490921000.0,548091000.0,0.489,548091000.0,490921000.0,385701000.0,0.95,0.95,0.95,1147742000.0,,1147742000.0,23057621771.0,20.0,12.594,367564000.0,1.271,1.0,645177000.0,0.576,5764935000.0,105220000.0,17538878000.0,,0.0,0.0,0.0,0.0,13166574000.0,1748202000.0,11418372000.0,12219099771.0,176984000.0,121520000.0,22554000.0,-72229000.0,0.0,-300429000.0,151279000.0,0.0,320373000.0,5761000.0,275285000.0,275285000.0,275285000.0,0.0,1237000.0,0.246,339249000.0,305928000.0,321286000.0,0.652,10.646,20.141,20.152,6797803000.0,0.0,42.32,2.843,2.848,852449000.0,-2988896000.0,1119756000.0,1119756000.0,0.0,,,,,22699000.0,259779000.0,1.0,288731091.0,289247000,291079000.0,3.871,8549381000.0,0.0,110416000.0,236811000.0,29.557,-357594000.0
1,IRM,MRQ,2021-03-31,2021-03-31,2021-03-31,2021-08-05,-306911000.0,13944449000.0,,1174491000.0,12769958000.0,,3.324,-133080000.0,138944000.0,138944000.0,451909000.0,46631000.0,0.609,13.53,10977466000.0,363911000.0,10613555000.0,10977466000.0,284974000.0,169769000.0,0.0,0.067,0.619,164665000.0,334434000.0,0.309,334434000.0,164665000.0,60243000.0,0.16,0.16,0.16,959707000.0,,959707000.0,21217318167.0,27.0,14.65,-64251000.0,-0.223,1.0,630131000.0,0.582,5792379000.0,104422000.0,17063145000.0,,0.0,0.0,0.0,0.0,12984742000.0,1927447000.0,11057295000.0,10674469167.0,-66119000.0,-6500000.0,-4556000.0,215659000.0,0.0,29490000.0,-158630000.0,0.0,68829000.0,-5808000.0,45603000.0,45603000.0,45603000.0,0.0,1028000.0,0.042,459725000.0,170406000.0,327060000.0,3.869,11.123,32.913,32.752,6671939000.0,0.0,37.01,2.566,2.569,814983000.0,-3083421000.0,1082040000.0,1082040000.0,0.0,,,,,10953000.0,258723000.0,1.0,288421215.0,288756000,289528000.0,3.747,8152070000.0,0.0,14640000.0,191138000.0,28.232,-752956000.0
2,IRM,MRQ,2020-12-31,2020-12-31,2020-12-31,2021-08-05,-255893000.0,14149267000.0,,1269787000.0,12879480000.0,,3.944,318598000.0,205063000.0,205063000.0,449223000.0,246755000.0,0.636,11.447,10747912000.0,193759000.0,10554153000.0,10747912000.0,295785000.0,334665000.0,0.0,0.084,0.619,348842000.0,683507000.0,0.645,683507000.0,348842000.0,243715000.0,0.86,0.86,0.86,1136729000.0,,1136729000.0,19173605251.0,24.0,13.13,679037000.0,2.356,1.0,610430000.0,0.576,5884586000.0,105127000.0,16811835000.0,,0.0,0.0,0.0,0.0,13012538000.0,1995695000.0,11016843000.0,8495291251.0,53091000.0,-11400000.0,1300000.0,-401820000.0,0.0,-579525000.0,274691000.0,0.0,360439000.0,-2514000.0,247410000.0,247410000.0,247410000.0,0.0,-655000.0,0.233,185137000.0,425293000.0,359863000.0,0.72,7.473,24.79,24.773,6698945000.0,0.0,29.48,2.048,2.048,859344000.0,-2950339000.0,1059653000.0,1059653000.0,0.0,,,,,2056000.0,236440000.0,1.0,288171345.0,288183000,288643000.0,3.677,8264681000.0,0.0,-3695000.0,198377000.0,28.679,-725908000.0
3,IRM,MRQ,2020-09-30,2020-09-30,2020-09-30,2021-08-05,-383178000.0,13682660000.0,,1134025000.0,12548635000.0,,3.25,-1941000.0,151972000.0,151972000.0,434505000.0,38562000.0,0.6,13.597,10830286000.0,392586000.0,10437700000.0,10830286000.0,244430000.0,108152000.0,0.0,0.092,0.619,156631000.0,264783000.0,0.255,264783000.0,156631000.0,52328000.0,0.13,0.13,0.13,937359000.0,,937359000.0,18245135466.0,30.0,14.314,186203000.0,0.646,1.0,602142000.0,0.581,5778928000.0,104303000.0,16691143000.0,,0.0,0.0,0.0,0.0,12745414000.0,1890903000.0,10854511000.0,7719493466.0,-755208000.0,-69000.0,1051000.0,-746233000.0,0.0,-924086000.0,-15920000.0,0.0,188144000.0,-3346000.0,38394000.0,38394000.0,38394000.0,0.0,168000.0,0.037,361878000.0,240264000.0,302618000.0,4.762,8.235,58.049,57.0,6422086000.0,0.0,26.79,1.852,1.854,791859000.0,-3018144000.0,1036647000.0,1036647000.0,0.0,,,,,8946000.0,232095000.0,1.0,288148319.0,288403000,288811000.0,3.594,7903732000.0,0.0,13934000.0,194638000.0,27.405,-756878000.0
4,IRM,MRQ,2020-06-30,2020-06-30,2020-06-30,2021-08-05,-427523000.0,14367553000.0,,1897373000.0,12470180000.0,,3.556,-94358000.0,907180000.0,907180000.0,406693000.0,-7113000.0,0.796,13.027,11432822000.0,880212000.0,10552610000.0,11432822000.0,252034000.0,59531000.0,0.0,0.094,0.619,106053000.0,165584000.0,0.169,165584000.0,106053000.0,2597000.0,-0.02,-0.02,-0.02,1024300000.0,,1024300000.0,17957110463.0,26.0,13.26,219301000.0,0.761,1.0,575546000.0,0.586,5767344000.0,103456000.0,16742580000.0,,0.0,0.0,0.0,0.0,13343222000.0,2383271000.0,10959951000.0,7513742463.0,754496000.0,-7293000.0,2580000.0,738044000.0,0.0,543154000.0,-113040000.0,0.0,313659000.0,10723000.0,-7086000.0,-7086000.0,-7086000.0,0.0,-27000.0,-0.007,443820000.0,131726000.0,296629000.0,-30.95,7.335,37.148,36.761,6483393000.0,0.0,26.1,1.792,1.793,805901000.0,-2876861000.0,982239000.0,982239000.0,0.0,,,,,20145000.0,241947000.0,1.0,287882853.0,288071000,288071000.0,3.41,8600209000.0,0.0,9683000.0,184029000.0,29.854,-485898000.0
5,IRM,MRQ,2020-03-31,2020-03-31,2020-03-31,2021-08-05,-493248000.0,13566336000.0,,1199056000.0,12367280000.0,,3.904,-95898000.0,152684000.0,152684000.0,466921000.0,64892000.0,0.758,11.073,10596052000.0,127557000.0,10468495000.0,10596052000.0,260399000.0,167097000.0,0.0,0.103,0.619,179311000.0,346408000.0,0.324,346408000.0,179311000.0,73662000.0,0.22,0.22,0.22,1123675000.0,,1123675000.0,17038479374.0,22.0,11.68,29517000.0,0.103,1.0,601810000.0,0.563,5736446000.0,105649000.0,16691995000.0,,0.0,0.0,0.0,0.0,12442495000.0,1581263000.0,10861232000.0,6838769374.0,-40871000.0,-118069000.0,-4610000.0,260864000.0,0.0,73758000.0,-231171000.0,0.0,125415000.0,-8873000.0,63975000.0,63975000.0,63975000.0,0.0,917000.0,0.06,464308000.0,137502000.0,321160000.0,2.814,6.086,22.661,22.667,6427770000.0,0.0,23.8,1.599,1.602,831507000.0,-2690433000.0,1068731000.0,1068731000.0,0.0,,,,,6527000.0,238733000.0,1.0,287343251.0,287840000,288359000.0,3.713,7829890000.0,0.0,9687000.0,177316000.0,27.202,-382207000.0
6,IRM,MRQ,2019-12-31,2019-12-31,2019-12-31,2021-08-05,-262581000.0,13816816000.0,,1236339000.0,12580477000.0,,5.101,-75374000.0,193555000.0,193555000.0,459488000.0,37104000.0,0.634,8.438,10393265000.0,389013000.0,10004252000.0,10393265000.0,274036000.0,338456000.0,0.0,0.077,0.619,159375000.0,497831000.0,0.461,497831000.0,159375000.0,54504000.0,0.14,0.14,0.14,1463962000.0,,1463962000.0,19206558349.0,26.0,13.511,243136000.0,0.847,1.0,620102000.0,0.574,5878392000.0,104871000.0,16188625000.0,,0.0,0.0,0.0,0.0,12352589000.0,1949509000.0,10403080000.0,9151260349.0,6777000.0,-1738000.0,3086000.0,-45866000.0,0.0,-218858000.0,-95250000.0,0.0,318510000.0,2375000.0,37700000.0,37700000.0,37700000.0,0.0,-596000.0,0.035,414028000.0,206074000.0,324708000.0,4.421,6.251,34.226,34.269,6492138000.0,0.0,31.87,2.147,2.146,850701000.0,-2574896000.0,1079590000.0,1079590000.0,0.0,,,,,7514000.0,233646000.0,1.0,287143406.0,286971000,287687000.0,3.762,7938424000.0,0.0,16804000.0,188128000.0,27.663,-713170000.0
7,IRM,MRQ,2019-09-30,2019-09-30,2019-09-30,2021-08-05,-346203000.0,13577167000.0,,1203893000.0,12373274000.0,,5.261,-131167000.0,186778000.0,186778000.0,449372000.0,108284000.0,0.658,7.986,10242076000.0,394822000.0,9847254000.0,10242076000.0,257328000.0,108152000.0,0.0,0.075,0.611,236280000.0,344432000.0,0.324,344432000.0,236280000.0,129603000.0,0.37,0.37,0.37,1510830000.0,,1510830000.0,19306580608.0,23.0,12.871,87247000.0,0.304,1.0,612852000.0,0.577,5837282000.0,106677000.0,15965072000.0,,0.0,0.0,0.0,0.0,12065318000.0,1830111000.0,10235207000.0,9299389608.0,24782000.0,-11848000.0,-332000.0,157131000.0,0.0,-19217000.0,-165962000.0,0.0,218414000.0,-8453000.0,107675000.0,107675000.0,107675000.0,0.0,609000.0,0.101,389378000.0,223474000.0,289940000.0,1.651,6.155,24.389,24.538,6322215000.0,0.0,32.39,2.191,2.191,821926000.0,-2433802000.0,1062224000.0,1062224000.0,0.0,,,,,7120000.0,237151000.0,1.0,287106811.0,287152000,287691000.0,3.699,7739885000.0,0.0,21928000.0,189564000.0,26.954,-626218000.0
8,IRM,MRQ,2019-06-30,2019-06-30,2019-06-30,2021-08-05,-261821000.0,13720982000.0,,1215103000.0,12505879000.0,,5.778,-135639000.0,161996000.0,161996000.0,463809000.0,92475000.0,0.752,7.276,10169187000.0,123527000.0,10045660000.0,10169187000.0,268779000.0,61742000.0,0.0,0.077,0.611,208401000.0,270143000.0,0.253,270143000.0,208401000.0,103087000.0,0.32,0.32,0.32,1657821000.0,,1657821000.0,18965427063.0,24.0,13.058,177025000.0,0.617,1.0,603098000.0,0.565,5940449000.0,105314000.0,16170937000.0,,0.0,0.0,0.0,0.0,12062001000.0,1616787000.0,10445214000.0,8979364063.0,521000.0,-5228000.0,4236000.0,22965000.0,0.0,-148634000.0,-158456000.0,0.0,312664000.0,-5053000.0,92441000.0,92441000.0,92441000.0,-128000.0,34000.0,0.087,409983000.0,193115000.0,303988000.0,1.909,5.416,26.45,25.656,6352366000.0,0.0,31.3,2.116,2.116,852330000.0,-2364812000.0,1066907000.0,1066907000.0,0.0,,,,,12501000.0,252156000.0,1.0,286880641.0,286925000,287481000.0,3.718,7780533000.0,0.0,10646000.0,194532000.0,27.117,-401684000.0
9,IRM,MRQ,2019-03-31,2019-03-31,2019-03-31,2021-08-05,-250960000.0,13689363000.0,,1209850000.0,12479513000.0,,6.14,-184660000.0,161475000.0,161475000.0,460646000.0,30452000.0,0.799,6.78,10147538000.0,125142000.0,10022396000.0,10147538000.0,266314000.0,166591000.0,0.0,0.068,0.611,142550000.0,309141000.0,0.293,309141000.0,142550000.0,40114000.0,0.1,0.1,0.1,1759401000.0,,1759401000.0,18131865545.0,23.0,12.393,-67593000.0,-0.236,1.0,593217000.0,0.563,5960716000.0,102436000.0,16199577000.0,,0.0,0.0,0.0,0.0,11928629000.0,1515133000.0,10413496000.0,10154527545.0,-4010000.0,-58645000.0,-5963000.0,372220000.0,0.0,187736000.0,-311217000.0,0.0,117067000.0,2404000.0,29561000.0,29561000.0,29561000.0,24000.0,891000.0,0.028,434542000.0,158675000.0,283709000.0,6.11,5.772,29.971,29.066,6317119000.0,0.0,35.46,2.397,2.398,837521000.0,-2257485000.0,1053863000.0,1053863000.0,0.0,,,,,8519000.0,268711000.0,1.0,286365695.0,286528000,287492000.0,3.678,7728647000.0,0.0,10553000.0,190871000.0,26.973,-305283000.0
10,IRM,MRQ,2018-12-31,2018-12-31,2018-12-31,2021-08-05,-265664000.0,11857218000.0,,1208114000.0,10649104000.0,,6.509,-44663000.0,165485000.0,165485000.0,445751000.0,152332000.0,0.81,5.37,8142823000.0,126406000.0,8016417000.0,8142823000.0,264823000.0,317266000.0,0.0,0.073,0.611,259012000.0,576278000.0,0.543,576278000.0,259012000.0,153124000.0,0.53,0.53,0.53,1861054000.0,,1861054000.0,17309575042.0,21.0,11.844,266343000.0,0.932,1.0,615738000.0,0.58,5947552000.0,105888000.0,12396229000.0,,0.0,0.0,0.0,0.0,9994755000.0,1490775000.0,8503980000.0,9276377042.0,-32191000.0,-47546000.0,77850000.0,-67776000.0,0.0,-218881000.0,-119085000.0,0.0,311006000.0,-5231000.0,151619000.0,151619000.0,151619000.0,0.0,713000.0,0.143,369125000.0,246613000.0,318765000.0,1.153,4.984,26.209,25.32,4489557000.0,0.0,32.41,2.195,2.193,846889000.0,-2139493000.0,1061489000.0,1061489000.0,0.0,,,,,7815000.0,225099000.0,1.0,286219594.0,285913000,286653000.0,3.713,5909666000.0,0.0,1505000.0,183836000.0,20.669,-282661000.0
11,IRM,MRQ,2018-09-30,2018-09-30,2018-09-30,2021-08-05,-228260000.0,11805969000.0,,1215975000.0,10589994000.0,,6.77,-111846000.0,197676000.0,197676000.0,448018000.0,65744000.0,0.975,5.093,8230874000.0,121695000.0,8109179000.0,8230874000.0,237574000.0,112990000.0,0.0,0.068,0.588,183830000.0,296820000.0,0.28,296820000.0,183830000.0,79892000.0,0.27,0.27,0.27,1937386000.0,,1937386000.0,17775139429.0,28.0,14.675,119368000.0,0.417,1.0,612973000.0,0.578,5995608000.0,103938000.0,12596207000.0,,0.0,0.0,0.0,0.0,9867093000.0,1247352000.0,8619741000.0,9877752429.0,9484000.0,-43123000.0,-541000.0,143226000.0,0.0,-29194000.0,-181297000.0,0.0,231214000.0,-11239000.0,65869000.0,65869000.0,65869000.0,11605000.0,-125000.0,0.062,417338000.0,195635000.0,285810000.0,2.178,5.098,46.742,44.256,4424693000.0,0.0,34.52,2.377,2.377,847452000.0,-2098403000.0,1060991000.0,1060991000.0,0.0,,,,,7279000.0,259929000.0,1.0,286145783.0,286159000,286982000.0,3.708,5810361000.0,0.0,14023000.0,181730000.0,20.305,-31377000.0
12,IRM,MRQ,2018-06-30,2018-06-30,2018-06-30,2021-08-05,-207450000.0,11812534000.0,,1244334000.0,10568200000.0,,7.189,-102402000.0,188192000.0,188192000.0,451464000.0,91903000.0,0.977,4.745,8085579000.0,123818000.0,7961761000.0,8085579000.0,256181000.0,60802000.0,0.0,0.066,0.588,220014000.0,280816000.0,0.265,280816000.0,220014000.0,117818000.0,0.32,0.32,0.32,2055940000.0,,2055940000.0,17725777314.0,31.0,15.679,199359000.0,0.697,1.0,609359000.0,0.574,5997183000.0,102196000.0,12439635000.0,,0.0,0.0,0.0,0.0,9755087000.0,1273103000.0,8481984000.0,10010197314.0,-254299000.0,-237895000.0,3691000.0,-18215000.0,0.0,-186499000.0,-359484000.0,0.0,301761000.0,-10077000.0,91761000.0,91761000.0,91761000.0,360000.0,142000.0,0.086,407899000.0,201460000.0,293293000.0,1.837,4.869,58.952,57.393,4406487000.0,0.0,35.01,2.465,2.466,867041000.0,-1996365000.0,1060823000.0,1060823000.0,0.0,,,,,8689000.0,252225000.0,1.0,285923945.0,285984000,286569000.0,3.709,5815351000.0,0.0,26057000.0,184836000.0,20.335,-28769000.0
13,IRM,MRQ,2018-03-31,2018-03-31,2018-03-31,2021-08-05,-74082000.0,11998149000.0,,1524873000.0,10473276000.0,,7.922,-114992000.0,442491000.0,442491000.0,448721000.0,45152000.0,1.239,4.309,8158071000.0,137198000.0,8020873000.0,8158071000.0,267925000.0,164131000.0,0.0,0.069,0.588,143478000.0,307609000.0,0.295,307609000.0,143478000.0,45852000.0,0.16,0.16,0.16,2259747000.0,,2259747000.0,15492909500.0,29.0,13.962,-23424000.0,-0.082,1.0,593737000.0,0.57,5917966000.0,97626000.0,12564701000.0,,0.0,0.0,0.0,0.0,9736874000.0,1231062000.0,8505812000.0,9375337500.0,-483208000.0,-1428974000.0,2766000.0,1085835000.0,0.0,985252000.0,-1562012000.0,0.0,91568000.0,1984000.0,44684000.0,44684000.0,44684000.0,462000.0,468000.0,0.043,429178000.0,164559000.0,251214000.0,3.675,4.149,59.841,54.767,4365471000.0,0.0,32.86,2.374,2.374,859106000.0,-1919787000.0,1042458000.0,1042458000.0,0.0,,,,,7384000.0,269730000.0,1.0,285311549.0,285259000,285993000.0,3.654,6080183000.0,0.0,1168000.0,169889000.0,21.315,293811000.0
14,IRM,MRQ,2017-12-31,2017-12-31,2017-12-31,2021-08-05,-103989000.0,10972402000.0,,1950315000.0,9022087000.0,,8.64,-98985000.0,925699000.0,925699000.0,405507000.0,7771000.0,1.466,3.775,7043271000.0,146300000.0,6896971000.0,7043271000.0,241590000.0,234858000.0,0.0,0.059,0.588,91113000.0,325971000.0,0.329,325971000.0,91113000.0,2478000.0,0.03,0.04,0.03,2297438000.0,,2297438000.0,16614134557.0,30.0,15.326,103114000.0,0.388,1.0,585728000.0,0.591,5470814000.0,88635000.0,10288987000.0,,0.0,0.0,0.0,0.0,8673560000.0,1330173000.0,7343387000.0,10071536557.0,587813000.0,1236000.0,582071000.0,51758000.0,0.0,498945000.0,-116047000.0,0.0,202099000.0,2816000.0,9013000.0,9013000.0,9013000.0,2870000.0,-1242000.0,0.009,447307000.0,138421000.0,289137000.0,19.6,4.384,59.205,57.167,3417679000.0,0.0,37.73,2.619,2.609,835742000.0,-1765966000.0,991235000.0,991235000.0,0.0,,,,,7166000.0,217212000.0,1.0,266937094.0,265898000,266845000.0,3.728,5501588000.0,0.0,-6535000.0,155728000.0,20.691,620142000.0
15,IRM,MRQ,2017-09-30,2017-09-30,2017-09-30,2021-08-05,-115343000.0,10260006000.0,,1328224000.0,8931782000.0,,7.04,-78149000.0,337886000.0,337886000.0,418327000.0,24324000.0,1.078,4.495,6880484000.0,180390000.0,6700094000.0,6880484000.0,218033000.0,100573000.0,0.0,0.057,0.55,115602000.0,216175000.0,0.224,216175000.0,115602000.0,26613000.0,0.1,0.1,0.1,1866988000.0,,1866988000.0,16446033308.0,28.0,16.114,121043000.0,0.456,1.0,547334000.0,0.567,5455804000.0,88989000.0,10114431000.0,,0.0,0.0,0.0,0.0,8391360000.0,1232369000.0,7158991000.0,10284798308.0,46867000.0,-155905000.0,5805000.0,255509000.0,0.0,103064000.0,-262431000.0,0.0,199192000.0,7042000.0,24345000.0,24345000.0,24345000.0,1058000.0,-21000.0,0.025,371216000.0,176118000.0,252955000.0,5.5,5.509,48.966,48.025,3344475000.0,0.0,38.9,2.715,2.723,784884000.0,-1621538000.0,965661000.0,965661000.0,0.0,,,,,7761000.0,242357000.0,1.0,264390702.0,265198000,266139000.0,3.641,4804202000.0,0.0,2268000.0,175169000.0,18.116,95855000.0
16,IRM,MRQ,2017-06-30,2017-06-30,2017-06-30,2021-08-05,-153590000.0,9814693000.0,,1205876000.0,8608817000.0,,7.024,-83524000.0,291019000.0,291019000.0,414284000.0,81122000.0,0.818,4.288,6452254000.0,423269000.0,6028985000.0,6452254000.0,225133000.0,73293000.0,0.0,0.062,0.55,186605000.0,259898000.0,0.274,259898000.0,186605000.0,96639000.0,0.31,0.3,0.31,1855788000.0,,1855788000.0,15123390696.0,26.0,14.452,114316000.0,0.433,1.0,535522000.0,0.564,5285777000.0,89966000.0,9215545000.0,,0.0,0.0,0.0,0.0,7957396000.0,1474606000.0,6482790000.0,9075043696.0,-4609000.0,-26036000.0,5118000.0,42957000.0,0.0,-98246000.0,-116667000.0,0.0,197840000.0,12464000.0,78630000.0,78630000.0,78630000.0,2026000.0,2492000.0,0.083,363765000.0,171757000.0,247134000.0,1.774,4.89,47.076,47.068,3175439000.0,0.0,34.36,2.41,2.411,730366000.0,-1498285000.0,949806000.0,949806000.0,0.0,,,,,8543000.0,237445000.0,1.0,264116522.0,264217000,264930000.0,3.595,4528916000.0,0.0,18009000.0,170890000.0,17.141,-268730000.0
17,IRM,MRQ,2017-03-31,2017-03-31,2017-03-31,2021-08-05,-161239000.0,9672134000.0,,1198637000.0,8473497000.0,,7.211,-73136000.0,295628000.0,295628000.0,426707000.0,58507000.0,0.845,4.083,6343975000.0,421227000.0,5922748000.0,6343975000.0,223701000.0,128614000.0,0.0,0.058,0.55,153400000.0,282014000.0,0.3,282014000.0,153400000.0,67345000.0,0.22,0.22,0.22,1902725000.0,,1902725000.0,15421739678.0,33.0,15.797,48701000.0,0.185,1.0,512169000.0,0.546,5233987000.0,86055000.0,9068025000.0,,0.0,0.0,0.0,0.0,7768360000.0,1418469000.0,6349891000.0,9407042678.0,59144000.0,-9764000.0,-4308000.0,32435000.0,0.0,36662000.0,-104303000.0,0.0,121837000.0,4948000.0,58125000.0,58125000.0,58125000.0,337000.0,382000.0,0.062,364414000.0,147755000.0,239894000.0,2.5,4.944,93.906,108.091,3111740000.0,0.0,35.67,2.543,2.544,721030000.0,-1430613000.0,938876000.0,938876000.0,0.0,,,,,6549000.0,240166000.0,1.0,263724213.0,263855000,264810000.0,3.558,4438147000.0,0.0,9220000.0,151314000.0,16.82,-219832000.0
18,IRM,MRQ,2016-12-31,2016-12-31,2016-12-31,2021-08-05,-212573000.0,9486800000.0,,1112107000.0,8374693000.0,,7.866,-76794000.0,236484000.0,236484000.0,416215000.0,49525000.0,1.063,3.899,6251181000.0,172975000.0,6078206000.0,6251181000.0,201128000.0,129340000.0,0.0,0.062,0.55,133159000.0,262499000.0,0.281,262499000.0,133159000.0,47725000.0,0.18,0.18,0.18,1936547000.0,,1936547000.0,14557884843.0,32.0,15.723,44509000.0,0.181,1.0,517978000.0,0.554,5157544000.0,85434000.0,9297396000.0,,0.0,0.0,0.0,0.0,7550129000.0,1046557000.0,6503572000.0,8556785843.0,-221644000.0,-38890000.0,5548000.0,-174056000.0,0.0,-315964000.0,-28871000.0,0.0,121303000.0,1888000.0,48938000.0,48938000.0,48938000.0,275000.0,587000.0,0.052,376663000.0,141315000.0,222197000.0,3.056,4.419,81.63,79.22,3083326000.0,0.0,32.48,2.437,2.277,691249000.0,-1343311000.0,934193000.0,934193000.0,0.0,,,,,7106000.0,250545000.0,1.0,263447840.0,246178000,247267000.0,3.795,4329256000.0,0.0,-1213000.0,151295000.0,17.586,65550000.0
19,IRM,MRQ,2016-09-30,2016-09-30,2016-09-30,2021-08-05,-138446000.0,9904916000.0,,1467341000.0,8437575000.0,,8.07,-80538000.0,458128000.0,458128000.0,429808000.0,7800000.0,1.433,3.65,6459227000.0,121203000.0,6338024000.0,6459227000.0,202171000.0,128259000.0,0.0,0.052,0.485,113798000.0,242057000.0,0.257,242057000.0,113798000.0,30498000.0,0.02,0.02,0.02,2124693000.0,,2124693000.0,15858299572.0,39.0,18.975,135304000.0,0.514,1.0,513014000.0,0.544,5167821000.0,83300000.0,9714167000.0,,0.0,0.0,0.0,0.0,7754662000.0,1024027000.0,6730635000.0,9879721572.0,221139000.0,182000.0,7733000.0,254006000.0,0.0,128398000.0,-104567000.0,0.0,215842000.0,-18534000.0,7080000.0,7080000.0,7080000.0,-2041000.0,720000.0,0.008,377235000.0,135779000.0,233971000.0,24.25,4.65,160.409,150.12,3166528000.0,0.0,37.53,2.967,2.967,700238000.0,-1246408000.0,942822000.0,942822000.0,0.0,,,,,5957000.0,252944000.0,1.0,263248643.0,263269000,264502000.0,3.581,4737095000.0,11075000.0,23418000.0,192782000.0,17.993,443314000.0
20,IRM,MRQ,2016-06-30,2016-06-30,2016-06-30,2021-08-05,-149289000.0,9741054000.0,,1289370000.0,8451684000.0,,9.015,-82611000.0,236989000.0,236989000.0,395649000.0,-13133000.0,1.313,3.375,6215567000.0,112509000.0,6103058000.0,6215567000.0,212231000.0,117925000.0,0.0,0.048,0.485,71737000.0,189662000.0,0.215,189662000.0,71737000.0,-3129000.0,-0.09,-0.09,-0.09,2221075000.0,,2221075000.0,13345379055.0,34.0,17.236,43021000.0,0.175,1.0,488099000.0,0.552,5150899000.0,74866000.0,9586704000.0,,0.0,0.0,0.0,0.0,7495024000.0,982029000.0,6512995000.0,8442054055.0,119044000.0,-203263000.0,20616000.0,412811000.0,0.0,293678000.0,-295272000.0,0.0,125632000.0,-4994000.0,-13968000.0,-13968000.0,-13968000.0,-1587000.0,835000.0,-0.016,391473000.0,96626000.0,220119000.0,-5.389,3.801,108.76,117.147,3196248000.0,0.0,39.83,2.694,3.132,710526000.0,-1124924000.0,883748000.0,883748000.0,0.0,,,,,9028000.0,277077000.0,1.0,211952148.0,246388000,247587000.0,3.587,4590155000.0,5190000.0,10839000.0,214526000.0,18.63,307341000.0
21,IRM,MRQ,2016-03-31,2016-03-31,2016-03-31,2021-08-05,-152160000.0,6422309000.0,,831896000.0,5590413000.0,,2.347,-80683000.0,117945000.0,117945000.0,326105000.0,63041000.0,1.111,11.888,5021270000.0,89974000.0,4931296000.0,5021270000.0,181091000.0,89953000.0,0.0,0.057,0.485,141736000.0,231689000.0,0.309,231689000.0,141736000.0,74674000.0,0.3,0.3,0.3,496398000.0,,496398000.0,11889540130.0,27.0,14.597,435000.0,0.002,1.0,424585000.0,0.566,3019058000.0,67062000.0,7558083000.0,,0.0,0.0,0.0,0.0,5901165000.0,748493000.0,5152672000.0,7172243130.0,-10436000.0,-19340000.0,-1975000.0,125630000.0,0.0,19261000.0,-107281000.0,0.0,81118000.0,-3534000.0,62774000.0,62774000.0,62774000.0,0.0,267000.0,0.084,294519000.0,130066000.0,180259000.0,1.617,14.449,49.491,49.145,2539304000.0,0.0,33.91,2.383,2.383,574717000.0,-982532000.0,750690000.0,750690000.0,0.0,,,,,6885000.0,207766000.0,1.0,211508202.0,211526000,212471000.0,3.549,3403251000.0,22261000.0,11900000.0,50941000.0,16.089,83403000.0
22,IRM,MRQ,2015-12-31,2015-12-31,2015-12-31,2021-08-05,-174917000.0,6350587000.0,,857912000.0,5492675000.0,,2.414,-87428000.0,128381000.0,128381000.0,324425000.0,5940000.0,1.019,11.442,4845678000.0,88068000.0,4757610000.0,4845678000.0,183112000.0,88278000.0,0.0,0.071,0.485,84043000.0,172321000.0,0.229,172321000.0,84043000.0,16292000.0,0.02,0.03,0.02,508841000.0,,508841000.0,10384635450.0,24.0,13.322,134237000.0,0.637,1.0,428002000.0,0.569,2964292000.0,67751000.0,7261761000.0,,0.0,0.0,0.0,0.0,5821980000.0,841831000.0,4980149000.0,5703240450.0,-398378000.0,-85583000.0,-6839000.0,-288758000.0,0.0,-394051000.0,-226819000.0,0.0,221665000.0,827000.0,5705000.0,5705000.0,5705000.0,0.0,235000.0,0.008,304733000.0,123269000.0,219590000.0,24.25,11.208,46.277,45.78,2497158000.0,0.0,27.01,1.896,1.893,564401000.0,-942218000.0,752427000.0,752427000.0,0.0,,,,,6649000.0,216968000.0,1.0,211152923.0,210764000,212118000.0,3.57,3386295000.0,22179000.0,10587000.0,55002000.0,16.067,16081000.0
23,IRM,MRQ,2015-09-30,2015-09-30,2015-09-30,2021-08-05,-163687000.0,6669822000.0,,1228298000.0,5441524000.0,,2.879,-61998000.0,492899000.0,492899000.0,317663000.0,23517000.0,1.349,9.964,5174294000.0,253726000.0,4920568000.0,5174294000.0,182197000.0,88575000.0,0.0,0.069,0.475,92019000.0,180594000.0,0.242,180594000.0,92019000.0,26884000.0,0.11,0.11,0.11,607204000.0,,607204000.0,11211865028.0,26.0,14.285,78359000.0,0.372,1.0,428866000.0,0.574,2922351000.0,65135000.0,7518089000.0,,0.0,0.0,0.0,0.0,6050045000.0,910777000.0,5139268000.0,6539813028.0,375801000.0,-6261000.0,4534000.0,427876000.0,0.0,321009000.0,-79215000.0,0.0,140357000.0,-6350000.0,23110000.0,23110000.0,23110000.0,0.0,407000.0,0.031,301194000.0,127672000.0,156845000.0,4.318,10.77,50.196,50.852,2428725000.0,0.0,31.02,2.156,2.157,573889000.0,-844675000.0,746529000.0,746529000.0,0.0,,,,,6159000.0,215693000.0,1.0,210825694.0,210912000,211917000.0,3.54,3747471000.0,22353000.0,3774000.0,47032000.0,17.768,317521000.0
24,IRM,MRQ,2015-06-30,2015-06-30,2015-06-30,2021-08-05,-129750000.0,6422577000.0,,874727000.0,5547850000.0,,3.364,-64185000.0,117098000.0,117098000.0,326283000.0,54007000.0,1.163,8.042,4789150000.0,70235000.0,4718915000.0,4789150000.0,185851000.0,103069000.0,0.0,0.091,0.475,126821000.0,229890000.0,0.303,229890000.0,126821000.0,60734000.0,0.26,0.25,0.26,708787000.0,,708787000.0,11109453191.0,24.0,13.657,110041000.0,0.522,1.0,433451000.0,0.571,2984165000.0,66087000.0,7358329000.0,,0.0,0.0,0.0,0.0,5700352000.0,752135000.0,4948217000.0,6527216191.0,-2507000.0,-15283000.0,5090000.0,-8152000.0,0.0,-104332000.0,-74432000.0,0.0,174226000.0,2031000.0,53330000.0,53330000.0,53330000.0,0.0,677000.0,0.07,303949000.0,129502000.0,162238000.0,1.827,9.209,60.865,62.0,2493013000.0,0.0,31.0,2.126,2.128,596252000.0,-766849000.0,759734000.0,759734000.0,0.0,,,,,7921000.0,215885000.0,1.0,210555361.0,210699000,212077000.0,3.606,3438412000.0,21609000.0,7404000.0,49842000.0,16.319,122592000.0
25,IRM,MRQ,2015-03-31,2015-03-31,2015-03-31,2021-08-05,-131082000.0,6371454000.0,,887473000.0,5483981000.0,,3.533,-74366000.0,139605000.0,139605000.0,321654000.0,41739000.0,1.232,7.559,4721842000.0,54483000.0,4667359000.0,4721842000.0,185195000.0,74791000.0,0.0,0.072,0.475,121942000.0,196733000.0,0.263,196733000.0,121942000.0,57044000.0,0.2,0.2,0.2,742855000.0,,742855000.0,12167164013.0,25.0,14.502,-68854000.0,-0.328,1.0,427632000.0,0.571,2939002000.0,64898000.0,7294358000.0,,0.0,0.0,0.0,0.0,5614952000.0,720331000.0,4894621000.0,7663426013.0,-6328000.0,-6431000.0,4364000.0,168142000.0,0.0,68863000.0,-76180000.0,0.0,5512000.0,-4523000.0,41096000.0,41096000.0,41096000.0,0.0,643000.0,0.055,282698000.0,144934000.0,184406000.0,2.375,10.316,23.54,21.976,2476802000.0,0.0,36.48,2.475,2.477,590026000.0,-718996000.0,749286000.0,749286000.0,0.0,,,,,6856000.0,196414000.0,1.0,210071985.0,210237000,212249000.0,3.564,3432452000.0,21052000.0,15948000.0,55878000.0,16.327,167142000.0
26,IRM,MRQ,2014-12-31,2014-12-31,2014-12-31,2021-08-05,-75031000.0,6523265000.0,,917719000.0,5605546000.0,,4.385,-58359000.0,159793000.0,159793000.0,337024000.0,13403000.0,1.071,6.602,4616454000.0,52095000.0,4564359000.0,4616454000.0,197142000.0,91049000.0,0.0,0.062,0.73,86609000.0,177658000.0,0.228,177658000.0,86609000.0,13625000.0,0.04,0.04,0.04,856355000.0,,856355000.0,11663242416.0,24.0,13.71,112737000.0,0.577,1.0,440954000.0,0.567,3031620000.0,72984000.0,7091570000.0,,0.0,0.0,0.0,0.0,5653310000.0,856736000.0,4796574000.0,7488605416.0,-58055000.0,-81727000.0,6934000.0,305215000.0,0.0,-74976000.0,-148686000.0,0.0,171096000.0,-5489000.0,12749000.0,12749000.0,12749000.0,-729000.0,654000.0,0.016,312220000.0,128734000.0,203014000.0,18.25,8.745,22.963,23.012,2550727000.0,0.0,38.66,2.402,2.421,604265000.0,-659553000.0,777978000.0,777978000.0,0.0,,,,,6495000.0,224648000.0,1.0,193704227.0,195278000,196749000.0,3.984,3491645000.0,14192000.0,876000.0,54658000.0,17.88,60983000.0
27,IRM,MRQ,2014-09-30,2014-09-30,2014-09-30,2021-08-05,-47232000.0,6636339000.0,,976386000.0,5659953000.0,,2.357,-87942000.0,217848000.0,217848000.0,335506000.0,858000.0,0.611,13.535,4392485000.0,60799000.0,4331686000.0,4392485000.0,232628000.0,91028000.0,0.0,0.068,1.144,118176000.0,209204000.0,0.267,209204000.0,118176000.0,54956000.0,0.0,0.0,0.0,455772000.0,,455772000.0,10480527605.0,22.0,12.456,18309000.0,0.095,1.0,447191000.0,0.571,3022360000.0,63220000.0,6190308000.0,,0.0,0.0,0.0,0.0,6168677000.0,1598308000.0,4570369000.0,6305184605.0,38645000.0,0.0,19538000.0,81878000.0,0.0,35006000.0,-96579000.0,0.0,106251000.0,-6033000.0,66000.0,66000.0,66000.0,0.0,792000.0,0.0,305715000.0,141476000.0,141645000.0,,13.834,17.522,17.367,2560704000.0,0.0,32.65,2.029,2.032,618996000.0,-516361000.0,782697000.0,782697000.0,0.0,,,,,8671000.0,216337000.0,1.0,193114383.0,193360000,194905000.0,4.048,3613979000.0,10636000.0,54890000.0,60960000.0,18.69,-621922000.0
28,IRM,MRQ,2014-06-30,2014-06-30,2014-06-30,2021-08-05,-2335000.0,6735124000.0,,962868000.0,5772256000.0,,6.696,-81173000.0,179203000.0,179203000.0,336961000.0,272376000.0,1.068,4.222,4354546000.0,56604000.0,4297942000.0,4354546000.0,238316000.0,104362000.0,0.0,0.041,0.27,151063000.0,255425000.0,0.325,255425000.0,151063000.0,88862000.0,1.42,1.41,1.42,1288135000.0,,1288135000.0,10428970318.0,23.0,12.94,58787000.0,0.306,1.0,449931000.0,0.572,3096984000.0,62201000.0,6911775000.0,,0.0,0.0,0.0,0.0,5437974000.0,901708000.0,4536266000.0,6289047318.0,-24563000.0,-15585000.0,15401000.0,-24633000.0,0.0,-61012000.0,-105810000.0,0.0,139960000.0,2299000.0,271637000.0,271637000.0,271637000.0,326000.0,739000.0,0.345,302641000.0,147290000.0,162036000.0,0.19,4.882,17.296,17.153,2606903000.0,0.0,32.763,2.042,2.047,636978000.0,276348000.0,786892000.0,786892000.0,0.0,,,,,7317000.0,213807000.0,1.0,191955783.0,192381000,193526000.0,4.09,3638140000.0,1670000.0,-182775000.0,64014000.0,18.911,61160000.0
29,IRM,MRQ,2014-03-31,2014-03-31,2014-03-31,2021-08-05,-6983000.0,6706617000.0,,987629000.0,5718988000.0,,5.435,-89964000.0,203766000.0,203766000.0,335145000.0,42109000.0,1.138,5.423,4343689000.0,55084000.0,4288605000.0,4343689000.0,227432000.0,74713000.0,0.0,0.053,0.27,133713000.0,208426000.0,0.271,208426000.0,133713000.0,71401000.0,0.22,0.22,0.22,1042818000.0,,1042818000.0,8897057527.0,21.0,11.728,-34323000.0,-0.179,1.0,434981000.0,0.565,3085611000.0,62312000.0,6893079000.0,,0.0,0.0,0.0,0.0,5655446000.0,867850000.0,4787596000.0,4879721527.0,49380000.0,-30781000.0,2417000.0,174081000.0,0.0,120839000.0,-128903000.0,0.0,55641000.0,1803000.0,41667000.0,41667000.0,41667000.0,612000.0,442000.0,0.054,294897000.0,140084000.0,167637000.0,1.227,4.679,41.232,40.446,2561786000.0,0.0,25.481,1.601,1.605,626116000.0,63297000.0,770126000.0,770126000.0,0.0,,,,,7141000.0,214780000.0,1.0,191504318.0,191879000,193069000.0,4.014,3621006000.0,25975000.0,29734000.0,319128000.0,18.871,119779000.0
30,IRM,MRQ,2013-12-31,2013-12-31,2013-12-31,2021-08-05,-8660000.0,6653005000.0,,933607000.0,5719398000.0,,5.434,-82741000.0,154386000.0,154386000.0,336081000.0,47061000.0,0.963,5.379,4171722000.0,52583000.0,4119139000.0,4171722000.0,238724000.0,85224000.0,0.0,0.048,0.54,83155000.0,168379000.0,0.219,168379000.0,83155000.0,19637000.0,0.24,0.24,0.24,1041238000.0,,1041238000.0,9183350572.0,22.0,12.376,90223000.0,0.471,1.0,431151000.0,0.562,3068836000.0,63518000.0,6632404000.0,,0.0,0.0,0.0,0.0,5601271000.0,969101000.0,4632170000.0,5363662572.0,-51505000.0,-194419000.0,2938000.0,137233000.0,0.0,68369000.0,-291025000.0,1000.0,172964000.0,-1813000.0,46465000.0,46465000.0,46465000.0,684000.0,596000.0,0.061,335481000.0,95670000.0,216456000.0,2.25,5.151,55.604,53.942,2578260000.0,0.0,28.05,1.773,1.771,616797000.0,67820000.0,767232000.0,767232000.0,0.0,,,,,7338000.0,250844000.0,1.0,191217917.0,191609000,192703000.0,4.004,3584169000.0,17623000.0,-26828000.0,340568000.0,18.706,-35494000.0
31,IRM,MRQ,2013-09-30,2013-09-30,2013-09-30,2021-08-05,-4497000.0,6380779000.0,,942478000.0,5438301000.0,,5.533,-47129000.0,205644000.0,205644000.0,310665000.0,4759000.0,1.138,5.014,4025332000.0,51533000.0,3973799000.0,4025332000.0,209385000.0,81168000.0,0.0,0.194,0.27,92524000.0,173692000.0,0.23,173692000.0,92524000.0,28039000.0,0.03,0.03,0.03,1058720000.0,,1058720000.0,8418617648.0,20.0,11.186,73552000.0,0.384,1.0,444649000.0,0.589,2864389000.0,64485000.0,6507578000.0,,0.0,0.0,0.0,0.0,5308613000.0,828500000.0,4480113000.0,4772396648.0,-86835000.0,-69889000.0,-171000.0,-17044000.0,0.0,-76723000.0,-130249000.0,0.0,120681000.0,-544000.0,3849000.0,3849000.0,3849000.0,571000.0,910000.0,0.005,304691000.0,139958000.0,164969000.0,9.0,4.508,64.224,60.907,2505982000.0,0.0,24.972,1.583,1.585,614649000.0,78862000.0,755314000.0,755314000.0,0.0,,,,,9423000.0,225205000.0,1.0,191109909.0,191332000,192268000.0,3.948,3516390000.0,15828000.0,24190000.0,336219000.0,18.378,113978000.0
32,IRM,MRQ,2013-06-30,2013-06-30,2013-06-30,2021-08-05,-21697000.0,6334819000.0,,1045982000.0,5288837000.0,,5.661,-59406000.0,292479000.0,292479000.0,321056000.0,27242000.0,0.975,4.852,3938700000.0,324682000.0,3614018000.0,3938700000.0,210483000.0,92808000.0,0.0,0.197,0.27,115295000.0,208103000.0,0.276,208103000.0,115295000.0,52306000.0,0.14,0.14,0.14,1080273000.0,,1080273000.0,8275163104.0,17.0,10.256,47890000.0,0.251,1.0,433340000.0,0.574,2774867000.0,62989000.0,6133248000.0,,0.0,0.0,0.0,0.0,5241280000.0,1072925000.0,4168355000.0,4689069104.0,28867000.0,-52866000.0,9892000.0,81392000.0,0.0,41006000.0,-115905000.0,0.0,107296000.0,-3530000.0,26366000.0,26366000.0,26366000.0,98000.0,876000.0,0.035,301796000.0,131544000.0,141686000.0,1.929,4.341,38.039,35.642,2452309000.0,0.0,24.593,1.56,1.561,581481000.0,126964000.0,754396000.0,754396000.0,0.0,,,,,7883000.0,224531000.0,1.0,190666820.0,190823000,192569000.0,3.953,3559952000.0,15918000.0,25940000.0,393596000.0,18.656,-26943000.0
33,IRM,MRQ,2013-03-31,2013-03-31,2013-03-31,2021-08-05,5352000.0,6298180000.0,,1001136000.0,5297044000.0,,5.86,-95935000.0,263612000.0,263612000.0,321076000.0,20534000.0,1.185,4.639,3849706000.0,91853000.0,3757853000.0,3849706000.0,214734000.0,70095000.0,0.0,0.144,0.27,121139000.0,191234000.0,0.256,191234000.0,121139000.0,57957000.0,0.11,0.11,0.11,1114555000.0,,1114555000.0,9928694388.0,19.0,11.922,10670000.0,0.056,1.0,425955000.0,0.57,2755009000.0,63182000.0,6284687000.0,,0.0,0.0,0.0,0.0,5170103000.0,844578000.0,4325525000.0,6380718388.0,-13416000.0,74000.0,5005000.0,30670000.0,0.0,-14088000.0,-100508000.0,-1000.0,106605000.0,-5425000.0,19386000.0,19386000.0,19386000.0,-2184000.0,1148000.0,0.026,303113000.0,122842000.0,168590000.0,2.455,5.725,47.279,43.023,2478111000.0,0.0,33.558,2.124,2.125,571402000.0,152496000.0,747031000.0,747031000.0,0.0,,,,,5710000.0,223451000.0,1.0,190140008.0,190213000,192110000.0,3.927,3543171000.0,0.0,38571000.0,408130000.0,18.627,156558000.0
34,IRM,MRQ,2012-12-31,2012-12-31,2012-12-31,2021-08-05,20314000.0,6358339000.0,,1024092000.0,5334247000.0,,6.388,-75495000.0,277027000.0,277027000.0,338411000.0,25400000.0,1.132,4.518,3825003000.0,92887000.0,3732116000.0,3825003000.0,217133000.0,81709000.0,0.0,0.168,4.032,97886000.0,179595000.0,0.237,179595000.0,97886000.0,33668000.0,0.13,0.12,0.13,1149971000.0,,1149971000.0,8318895443.0,16.0,9.774,56504000.0,0.314,1.0,418756000.0,0.553,2790879000.0,64218000.0,6210483000.0,,0.0,0.0,0.0,0.0,5195891000.0,904953000.0,4290938000.0,4950663443.0,-91168000.0,-18913000.0,17916000.0,54613000.0,0.0,-115470000.0,-106903000.0,3000000.0,131999000.0,-794000.0,24708000.0,24708000.0,24708000.0,1074000.0,692000.0,0.033,317550000.0,101206000.0,168120000.0,31.015,4.305,28.964,28.697,2477727000.0,0.0,28.697,1.648,1.658,572200000.0,185558000.0,757167000.0,757167000.0,0.0,,,,,9561000.0,231698000.0,1.0,172515017.0,180024000,181968000.0,4.206,3567460000.0,10152000.0,8960000.0,398549000.0,19.817,119139000.0
35,IRM,MRQ,2012-09-30,2012-09-30,2012-09-30,2021-08-05,18270000.0,6327575000.0,,1065984000.0,5261591000.0,,7.507,-58232000.0,371195000.0,371195000.0,310344000.0,53751000.0,1.38,3.906,3739427000.0,71380000.0,3668047000.0,3739427000.0,196763000.0,82621000.0,0.0,0.033,0.27,145310000.0,227931000.0,0.305,227931000.0,145310000.0,83929000.0,0.31,0.32,0.31,1287209000.0,,1287209000.0,8697078505.0,15.0,9.791,30315000.0,0.177,1.0,437781000.0,0.585,2779517000.0,61381000.0,6143675000.0,,0.0,0.0,0.0,0.0,5028450000.0,772615000.0,4255835000.0,5410926505.0,164353000.0,-1261000.0,11299000.0,171568000.0,0.0,136617000.0,-64726000.0,0.0,88547000.0,3915000.0,52809000.0,52809000.0,52809000.0,-32000.0,942000.0,0.071,283815000.0,153966000.0,124762000.0,0.871,4.204,30.352,28.659,2410124000.0,0.0,31.525,1.811,1.809,576500000.0,913139000.0,748125000.0,748125000.0,0.0,,,,,4682000.0,204498000.0,1.0,171639223.0,171464000,172500000.0,4.363,3548058000.0,4393000.0,31120000.0,434854000.0,20.693,293369000.0
36,IRM,MRQ,2012-06-30,2012-06-30,2012-06-30,2021-08-05,-1285000.0,6087212000.0,,891154000.0,5196058000.0,,7.237,-51436000.0,206842000.0,206842000.0,313060000.0,38917000.0,1.141,3.902,3492994000.0,62837000.0,3430157000.0,3492994000.0,202855000.0,88813000.0,0.0,0.033,0.27,145235000.0,234048000.0,0.311,234048000.0,145235000.0,87019000.0,0.23,0.23,0.23,1239611000.0,,1239611000.0,8455353611.0,16.0,10.013,85870000.0,0.501,1.0,439105000.0,0.584,2769007000.0,58216000.0,5823631000.0,,0.0,0.0,0.0,0.0,4836888000.0,780726000.0,4056162000.0,5215082611.0,-8063000.0,-98472000.0,9708000.0,54004000.0,0.0,21179000.0,-161539000.0,-1500000.0,137306000.0,-5009000.0,38055000.0,38055000.0,38055000.0,2524000.0,862000.0,0.051,280418000.0,158687000.0,136666000.0,1.174,4.207,32.034,30.77,2376347000.0,0.0,30.462,1.733,1.734,572377000.0,906811000.0,752165000.0,752165000.0,0.0,,,,,6317000.0,203515000.0,1.0,171199613.0,171296000,172231000.0,4.391,3318205000.0,14446000.0,48964000.0,468064000.0,19.371,110428000.0
37,IRM,MRQ,2012-03-31,2012-03-31,2012-03-31,2021-08-05,25286000.0,6086622000.0,,931999000.0,5154623000.0,,7.352,-54063000.0,213405000.0,213405000.0,315298000.0,55980000.0,1.198,3.825,3453676000.0,63229000.0,3390447000.0,3453676000.0,204101000.0,70149000.0,0.0,0.038,0.25,139394000.0,209543000.0,0.281,209543000.0,139394000.0,80610000.0,0.33,0.32,0.33,1259616000.0,,1259616000.0,7692463371.0,11.0,7.465,20821000.0,0.122,1.0,431200000.0,0.578,2698939000.0,58784000.0,5849814000.0,,0.0,0.0,0.0,0.0,4817819000.0,778140000.0,4039679000.0,4553830371.0,-1552000.0,-8818000.0,-36731000.0,65473000.0,0.0,-14096000.0,-67032000.0,-2000.0,74884000.0,4692000.0,55350000.0,55350000.0,55350000.0,5093000.0,630000.0,0.074,289387000.0,141813000.0,139236000.0,0.758,3.615,12.065,13.242,2402658000.0,0.0,26.617,1.51,1.512,558357000.0,915126000.0,746498000.0,746498000.0,0.0,,,,,9800000.0,210660000.0,1.0,171087289.0,171320000,172223000.0,4.357,3387683000.0,42289000.0,25260000.0,493950000.0,19.774,153859000.0
38,IRM,MRQ,2011-12-31,2011-12-31,2011-12-31,2021-08-05,-2203000.0,6041258000.0,,914450000.0,5126808000.0,,6.395,-60969000.0,214955000.0,214955000.0,315307000.0,34001000.0,1.077,3.843,3353588000.0,73320000.0,3280268000.0,3353588000.0,197181000.0,85362000.0,0.0,0.033,0.25,131388000.0,216750000.0,0.292,216750000.0,131388000.0,73401000.0,0.23,0.23,0.23,1245688000.0,,1245688000.0,8088210850.0,11.0,7.829,143511000.0,0.737,1.0,426530000.0,0.575,2664417000.0,57987000.0,5666444000.0,,0.0,0.0,0.0,0.0,4787002000.0,849030000.0,3937972000.0,5283792850.0,-301034000.0,-74000.0,-432643000.0,36561000.0,0.0,-443174000.0,-56260000.0,-1000.0,204480000.0,-6080000.0,32056000.0,32056000.0,32056000.0,13381000.0,1945000.0,0.043,277067000.0,149463000.0,156381000.0,1.087,4.242,13.358,13.818,2407083000.0,0.0,28.466,1.753,1.839,543467000.0,902567000.0,741837000.0,741837000.0,0.0,,,,,4808000.0,189444000.0,1.0,185617679.0,194777000,195938000.0,3.809,3376841000.0,43235000.0,41345000.0,507358000.0,17.337,65420000.0
39,IRM,MRQ,2011-09-30,2011-09-30,2011-09-30,2021-08-05,5552000.0,6391443000.0,,1259943000.0,5131500000.0,,8.723,-44800000.0,515988000.0,515988000.0,306361000.0,37925000.0,1.669,2.741,3320406000.0,63193000.0,3257213000.0,3320406000.0,166096000.0,78567000.0,0.0,0.03,0.25,105512000.0,184079000.0,0.24,184079000.0,105512000.0,55465000.0,0.2,0.2,0.2,1706326000.0,,1706326000.0,8563296831.0,12.0,8.473,123101000.0,0.629,1.0,461945000.0,0.601,2676912000.0,50047000.0,5764260000.0,,0.0,0.0,0.0,0.0,4677742000.0,754689000.0,3923053000.0,5936709831.0,209455000.0,123000.0,-275099000.0,428087000.0,0.0,102861000.0,-55719000.0,-1000.0,167901000.0,-5588000.0,37338000.0,37338000.0,37338000.0,12469000.0,587000.0,0.049,326746000.0,135199000.0,130470000.0,1.25,3.479,15.113,14.685,2395967000.0,0.0,29.224,2.024,1.949,548422000.0,924087000.0,768306000.0,768306000.0,0.0,,,,,4403000.0,209003000.0,1.0,203145012.0,195610000,196717000.0,3.928,3714531000.0,50955000.0,18127000.0,517578000.0,18.989,505254000.0
40,IRM,MRQ,2011-06-30,2011-06-30,2011-06-30,2021-08-05,70801000.0,6410699000.0,,1069646000.0,5341053000.0,,10.184,-47113000.0,306532000.0,306532000.0,307577000.0,253047000.0,1.34,2.118,2933119000.0,66199000.0,2866920000.0,2933119000.0,172816000.0,88550000.0,0.0,0.022,0.25,331540000.0,420090000.0,0.554,420090000.0,331540000.0,282936000.0,1.25,1.24,1.25,2053606000.0,,2053606000.0,9103686295.0,18.0,10.932,76607000.0,0.38,1.0,450974000.0,0.595,2808237000.0,48604000.0,5430657000.0,,0.0,0.0,0.0,0.0,4348590000.0,798392000.0,3550198000.0,6322931295.0,81607000.0,-40875000.0,-189663000.0,-104723000.0,0.0,-332984000.0,289478000.0,-1000.0,123720000.0,1393000.0,252684000.0,252684000.0,252684000.0,-185587000.0,363000.0,0.333,302037000.0,148937000.0,133633000.0,0.2,3.079,31.348,30.294,2478199000.0,0.0,31.506,2.184,2.194,577616000.0,933626000.0,758551000.0,758551000.0,0.0,,,,,3600000.0,223389000.0,1.0,200689751.0,201653000,203311000.0,3.762,3602462000.0,51702000.0,30252000.0,501837000.0,17.865,271254000.0
41,IRM,MRQ,2011-03-31,2011-03-31,2011-03-31,2021-08-05,52000000.0,6470102000.0,,1018602000.0,5451500000.0,,10.086,-52042000.0,224924000.0,224924000.0,315955000.0,74619000.0,1.261,2.2,3005679000.0,44799000.0,2960880000.0,3005679000.0,209131000.0,73338000.0,0.0,0.017,0.188,138842000.0,212180000.0,0.284,212180000.0,138842000.0,90224000.0,0.38,0.37,0.38,2019483000.0,,2019483000.0,8493875270.0,26.0,13.579,67295000.0,0.336,1.0,430054000.0,0.576,2856019000.0,48618000.0,5586891000.0,,0.0,0.0,0.0,0.0,4442116000.0,807947000.0,3634169000.0,5778218270.0,-68876000.0,-34755000.0,-1806000.0,-52385000.0,0.0,-90511000.0,-98991000.0,-2000.0,119337000.0,1289000.0,73460000.0,73460000.0,73460000.0,6557000.0,1159000.0,0.098,292454000.0,137600000.0,132139000.0,0.495,2.861,-596.184,-2886.3,2526664000.0,0.0,28.863,2.019,2.019,610149000.0,731566000.0,746009000.0,746009000.0,0.0,,,,,4439000.0,212755000.0,1.0,200194653.0,200228000,201251000.0,3.726,3614083000.0,43080000.0,16764000.0,489915000.0,18.05,210655000.0
42,IRM,MRQ,2010-12-31,2010-12-31,2010-12-31,2021-08-05,29482000.0,6416393000.0,,1212462000.0,5203931000.0,,9.631,-64360000.0,293798000.0,293798000.0,273327000.0,30548000.0,1.386,2.294,3008207000.0,96081000.0,2912126000.0,3008207000.0,190713000.0,77229000.0,0.0,0.016,0.188,117086000.0,194315000.0,0.294,194315000.0,117086000.0,73760000.0,0.16,0.17,0.16,1945448000.0,,1945448000.0,7416439128.0,24.0,11.885,115744000.0,0.573,1.0,386601000.0,0.586,2659369000.0,43326000.0,5596730000.0,,0.0,0.0,0.0,0.0,4463528000.0,874703000.0,3588825000.0,4625987128.0,74520000.0,-619000.0,-12085000.0,-946000.0,0.0,-26190000.0,-80114000.0,0.0,180104000.0,720000.0,29332000.0,29332000.0,29332000.0,33934000.0,1216000.0,0.044,236708000.0,149893000.0,143765000.0,1.175,2.378,-80.332,-88.904,2468244000.0,0.0,23.115,1.599,1.614,524326000.0,685310000.0,659928000.0,659928000.0,0.0,,,,,4144000.0,162028000.0,1.0,200129229.0,201991000,201991000.0,3.267,3757024000.0,44225000.0,44428000.0,492464000.0,18.6,337759000.0
43,IRM,MRQ,2010-09-30,2010-09-30,2010-09-30,2021-08-05,22317000.0,6350918000.0,,994610000.0,5356308000.0,,9.742,-51847000.0,219277000.0,219277000.0,299622000.0,-150817000.0,1.331,2.236,3009729000.0,36756000.0,2972973000.0,3009729000.0,197317000.0,78573000.0,0.0,0.009,0.062,-72412000.0,6161000.0,0.008,6161000.0,-72412000.0,-124466000.0,-0.75,-0.75,-0.75,1960539000.0,,1960539000.0,6951837038.0,21.0,11.541,125091000.0,0.622,1.0,431510000.0,0.59,2756879000.0,52054000.0,5637325000.0,,0.0,0.0,0.0,0.0,4383706000.0,747166000.0,3636540000.0,4160604038.0,-156306000.0,-1458000.0,-39863000.0,-223463000.0,0.0,-275857000.0,-61988000.0,0.0,176938000.0,4601000.0,-153776000.0,-153776000.0,-153776000.0,178307000.0,2959000.0,-0.21,324512000.0,106998000.0,138364000.0,-0.083,2.122,-145.521,-172.058,2498870000.0,0.0,20.647,1.501,1.499,590230000.0,700203000.0,731132000.0,731132000.0,0.0,,,,,4013000.0,180156000.0,1.0,201511311.0,201249000,201249000.0,3.633,3594039000.0,27963000.0,29310000.0,478631000.0,17.859,247444000.0
44,IRM,MRQ,2010-06-30,2010-06-30,2010-06-30,2021-08-05,-23963000.0,6647096000.0,,1125234000.0,5521862000.0,,10.405,-42433000.0,375582000.0,375582000.0,294681000.0,41752000.0,1.538,2.145,3166815000.0,37662000.0,3129153000.0,3166815000.0,207980000.0,66655000.0,0.0,0.006,0.062,146183000.0,212838000.0,0.294,212838000.0,146183000.0,93566000.0,0.2,0.2,0.2,2112313000.0,,2112313000.0,7080677796.0,13.0,8.633,94498000.0,0.465,1.0,430102000.0,0.593,2960168000.0,52617000.0,5746511000.0,,0.0,0.0,0.0,0.0,4531041000.0,731650000.0,3799391000.0,4220049796.0,15057000.0,106576000.0,-35604000.0,-14606000.0,0.0,-62032000.0,-57024000.0,0.0,136931000.0,-2818000.0,41292000.0,41292000.0,41292000.0,7176000.0,460000.0,0.057,272135000.0,157967000.0,124310000.0,0.31,1.998,25.064,24.712,2456819000.0,0.0,20.758,1.504,1.502,581176000.0,866511000.0,724783000.0,724783000.0,0.0,,,,,4390000.0,196775000.0,1.0,203297514.0,203006000,204210000.0,3.57,3686928000.0,25759000.0,52274000.0,450867000.0,18.162,393584000.0
45,IRM,MRQ,2010-03-31,2010-03-31,2010-03-31,2021-08-05,8183000.0,6738679000.0,,1090323000.0,5648356000.0,,10.55,-77673000.0,360524000.0,360524000.0,325232000.0,25839000.0,1.502,2.135,3221152000.0,37803000.0,3183349000.0,3221152000.0,215995000.0,87105000.0,0.0,0.002,0.062,123599000.0,210704000.0,0.271,210704000.0,123599000.0,67037000.0,0.13,0.12,0.13,2147855000.0,,2147855000.0,7961194397.0,14.0,9.434,53494000.0,0.263,1.0,451274000.0,0.581,3022234000.0,56562000.0,5851164000.0,,0.0,0.0,0.0,0.0,4586739000.0,725909000.0,3860830000.0,5156066397.0,-121234000.0,-118340000.0,-5786000.0,-11886000.0,0.0,-17155000.0,-233544000.0,-35102000.0,131167000.0,-1702000.0,25566000.0,25566000.0,25566000.0,0.0,273000.0,0.033,318583000.0,132691000.0,132395000.0,0.477,2.401,24.013,23.666,2507730000.0,0.0,25.323,1.824,1.823,582599000.0,837860000.0,776506000.0,776506000.0,0.0,,,,,4727000.0,233852000.0,1.0,203611989.0,203581000,204705000.0,3.814,3716445000.0,31248000.0,41471000.0,463241000.0,18.255,364414000.0
46,IRM,MRQ,2009-12-31,2009-12-31,2009-12-31,2021-08-05,27661000.0,6846834000.0,,1211425000.0,5635409000.0,,10.618,-68791000.0,446656000.0,446656000.0,250723000.0,61746000.0,1.487,2.178,3251784000.0,40561000.0,3211223000.0,3251784000.0,208062000.0,42117000.0,0.0,0.0,0.0,130518000.0,172635000.0,0.32,172635000.0,130518000.0,88138000.0,0.3,0.29,0.3,2153367000.0,,2153367000.0,7134943168.0,13.0,8.632,114230000.0,0.563,1.0,289402000.0,0.536,2973525000.0,42380000.0,5863723000.0,,0.0,0.0,0.0,0.0,4689363000.0,814714000.0,3874649000.0,4277565168.0,-2607000.0,-2669000.0,4135000.0,-90714000.0,0.0,-87465000.0,-100416000.0,0.0,183021000.0,2253000.0,58327000.0,58327000.0,58327000.0,12138000.0,3419000.0,0.108,146077000.0,143325000.0,175231000.0,0.0,1.986,19.626,19.477,2568200000.0,0.0,21.035,1.542,1.538,585376000.0,825014000.0,540125000.0,540125000.0,0.0,,,,,1223000.0,105054000.0,1.0,203354655.0,202812000,204271000.0,2.663,3873309000.0,37924000.0,29811000.0,467067000.0,19.098,396711000.0
47,IRM,MRQ,2009-09-30,2009-09-30,2009-09-30,2021-08-05,4822000.0,6706225000.0,,1197667000.0,5508558000.0,,10.078,-82497000.0,449263000.0,449263000.0,321470000.0,43177000.0,1.66,2.274,3306641000.0,30706000.0,3275935000.0,3306641000.0,206592000.0,82709000.0,0.0,0.0,0.0,141268000.0,223977000.0,0.293,223977000.0,141268000.0,81799000.0,0.21,0.21,0.21,2047950000.0,,2047950000.0,7922705307.0,15.0,9.464,103102000.0,0.507,1.0,443415000.0,0.58,2946370000.0,59469000.0,5895736000.0,,0.0,0.0,0.0,0.0,4656151000.0,721497000.0,3934654000.0,4999794307.0,133207000.0,-515000.0,9115000.0,16026000.0,0.0,28204000.0,-85725000.0,0.0,185599000.0,5129000.0,43186000.0,43186000.0,43186000.0,0.0,-9000.0,0.056,300766000.0,142649000.0,136573000.0,0.0,2.441,31.059,31.59,2467922000.0,0.0,24.64,1.674,1.676,596427000.0,751535000.0,764885000.0,764885000.0,0.0,,,,,4851000.0,218633000.0,1.0,202913730.0,203216000,204893000.0,3.764,3759855000.0,25250000.0,38613000.0,462721000.0,18.502,476170000.0
48,IRM,MRQ,2009-06-30,2009-06-30,2009-06-30,2021-08-05,-34562000.0,6472499000.0,,1112613000.0,5359886000.0,,9.623,-61662000.0,316056000.0,316056000.0,312698000.0,87512000.0,1.644,2.32,3238967000.0,30583000.0,3208384000.0,3238967000.0,206135000.0,79957000.0,0.0,0.0,0.0,156574000.0,236531000.0,0.317,236531000.0,156574000.0,101399000.0,0.43,0.43,0.43,1948735000.0,,1948735000.0,8265748828.0,16.0,10.203,59137000.0,0.292,1.0,433330000.0,0.581,2881900000.0,55175000.0,5836739000.0,,0.0,0.0,0.0,0.0,4520933000.0,676771000.0,3844162000.0,5377184828.0,44225000.0,-16000.0,8303000.0,-24747000.0,0.0,-14321000.0,-63770000.0,0.0,120799000.0,1517000.0,87638000.0,87638000.0,87638000.0,0.0,-126000.0,0.117,295276000.0,138054000.0,123618000.0,0.0,2.759,41.649,42.176,2387316000.0,0.0,26.571,1.789,1.79,589156000.0,708349000.0,746028000.0,746028000.0,0.0,,,,,4877000.0,215854000.0,1.0,202370435.0,202502000,204199000.0,3.684,3590599000.0,37988000.0,13761000.0,442495000.0,17.731,435842000.0
49,IRM,MRQ,2009-03-31,2009-03-31,2009-03-31,2021-08-05,-65732000.0,6244564000.0,,973938000.0,5270626000.0,,8.98,-70376000.0,271831000.0,271831000.0,316980000.0,26944000.0,1.467,2.439,3160395000.0,30032000.0,3130363000.0,3160395000.0,199679000.0,77520000.0,0.0,0.0,0.0,115897000.0,193417000.0,0.267,193417000.0,115897000.0,60376000.0,0.14,0.14,0.14,1814596000.0,,1814596000.0,7103846392.0,15.0,9.248,57116000.0,0.283,1.0,406366000.0,0.562,2840388000.0,55521000.0,5629027000.0,,0.0,0.0,0.0,0.0,4426526000.0,663713000.0,3762813000.0,4139001392.0,-6539000.0,-1432000.0,2680000.0,-59680000.0,0.0,-56110000.0,-74155000.0,0.0,127492000.0,-3766000.0,28799000.0,28799000.0,28799000.0,0.0,-1855000.0,0.04,285169000.0,121197000.0,121211000.0,0.0,2.281,53.507,53.921,2336353000.0,0.0,20.49,1.366,1.367,562656000.0,620711000.0,723346000.0,723346000.0,0.0,,,,,4259000.0,210393000.0,1.0,202001044.0,202066000,203312000.0,3.58,3404176000.0,39305000.0,31577000.0,442067000.0,16.847,310225000.0
50,IRM,MRQ,2008-12-31,2008-12-31,2008-12-31,2021-08-05,-41215000.0,6356854000.0,,976392000.0,5380462000.0,,8.957,-112939000.0,278370000.0,278370000.0,335046000.0,879000.0,1.338,2.524,3243215000.0,35751000.0,3207464000.0,3243215000.0,182759000.0,74674000.0,0.0,0.0,0.0,108574000.0,183248000.0,0.244,183248000.0,108574000.0,51138000.0,0.0,0.0,0.0,1802780000.0,,1802780000.0,7706906718.0,17.0,10.177,73680000.0,0.366,1.0,417509000.0,0.555,2896033000.0,57436000.0,5696069000.0,,0.0,0.0,0.0,0.0,4550526000.0,729597000.0,3820929000.0,4609416718.0,-39874000.0,-478000.0,4144000.0,-103167000.0,0.0,-97766000.0,-117284000.0,0.0,186619000.0,-11443000.0,1355000.0,1355000.0,1355000.0,0.0,-476000.0,0.002,291540000.0,125969000.0,154614000.0,,2.557,56.187,55.746,2386754000.0,0.0,22.856,1.509,1.506,552830000.0,591912000.0,752555000.0,752555000.0,0.0,,,,,4473000.0,215246000.0,1.0,201672065.0,201279000,203290000.0,3.739,3460821000.0,41305000.0,49783000.0,427324000.0,17.194,246795000.0
51,IRM,MRQ,2008-09-30,2008-09-30,2008-09-30,2021-08-05,64275000.0,6637694000.0,,1082300000.0,5555394000.0,,9.413,-100028000.0,318244000.0,318244000.0,352251000.0,11252000.0,1.385,2.498,3415734000.0,22367000.0,3393367000.0,3415734000.0,196615000.0,76171000.0,0.0,0.0,0.0,120747000.0,196918000.0,0.251,196918000.0,120747000.0,61324000.0,0.06,0.06,0.06,1897466000.0,,1897466000.0,7761332370.0,17.0,10.298,60749000.0,0.301,1.0,432087000.0,0.551,3060857000.0,59423000.0,5892742000.0,,0.0,0.0,0.0,0.0,4740228000.0,781585000.0,3958643000.0,4546740370.0,115047000.0,-9836000.0,2061000.0,64799000.0,0.0,67145000.0,-113540000.0,0.0,160777000.0,665000.0,11314000.0,11314000.0,11314000.0,0.0,-62000.0,0.014,295742000.0,136345000.0,139117000.0,0.0,2.396,41.835,41.018,2391113000.0,0.0,22.56,1.501,1.501,610472000.0,590557000.0,784338000.0,784338000.0,0.0,,,,,4680000.0,218958000.0,1.0,201539910.0,201575000,203518000.0,3.891,3576837000.0,58029000.0,50010000.0,394026000.0,17.744,300715000.0
52,IRM,MRQ,2008-06-30,2008-06-30,2008-06-30,2021-08-05,85506000.0,6508610000.0,,955149000.0,5553461000.0,,9.461,-80348000.0,203197000.0,203197000.0,346971000.0,35738000.0,1.264,2.425,3417789000.0,98839000.0,3318950000.0,3417789000.0,197680000.0,74098000.0,0.0,0.0,0.0,120502000.0,194600000.0,0.253,194600000.0,120502000.0,60745000.0,0.18,0.18,0.18,1900342000.0,,1900342000.0,8130684166.0,18.0,10.978,36764000.0,0.183,1.0,421886000.0,0.549,3082665000.0,59757000.0,5884929000.0,,0.0,0.0,0.0,0.0,4608268000.0,755608000.0,3852660000.0,4933101166.0,95773000.0,-44248000.0,8074000.0,95472000.0,0.0,107177000.0,-128454000.0,0.0,117112000.0,-62000.0,35886000.0,35886000.0,35886000.0,0.0,-148000.0,0.047,298000000.0,123886000.0,147441000.0,0.0,2.596,33.174,32.717,2371339000.0,0.0,24.538,1.674,1.672,603419000.0,579243000.0,768857000.0,768857000.0,0.0,,,,,4828000.0,225932000.0,1.0,201039252.0,200855000,203038000.0,3.828,3425945000.0,57773000.0,24859000.0,355477000.0,17.057,199541000.0
53,IRM,MRQ,2008-03-31,2008-03-31,2008-03-31,2021-08-05,71650000.0,6326579000.0,,860257000.0,5466322000.0,,9.133,-93756000.0,107424000.0,107424000.0,347751000.0,34074000.0,1.263,2.449,3305007000.0,25790000.0,3279217000.0,3305007000.0,203015000.0,70777000.0,0.0,0.0,0.0,111773000.0,182550000.0,0.244,182550000.0,111773000.0,51754000.0,0.17,0.16,0.17,1834541000.0,,1834541000.0,8048300821.0,18.0,11.146,-21235000.0,-0.106,1.0,401633000.0,0.536,3037614000.0,60019000.0,5805243000.0,,0.0,0.0,0.0,0.0,4492038000.0,681305000.0,3810733000.0,4907619821.0,-18183000.0,-3779000.0,1866000.0,8047000.0,0.0,10812000.0,-100316000.0,0.0,72521000.0,-1200000.0,33482000.0,33482000.0,33482000.0,0.0,592000.0,0.045,295303000.0,106330000.0,151222000.0,0.0,2.675,32.315,31.735,2334331000.0,0.0,24.436,1.724,1.724,586458000.0,543357000.0,749384000.0,749384000.0,0.0,,,,,5007000.0,222228000.0,1.0,200835645.0,200871000,203421000.0,3.731,3288965000.0,59352000.0,18272000.0,360230000.0,16.374,178952000.0
54,IRM,MRQ,2007-12-31,2007-12-31,2007-12-31,2021-08-05,74061000.0,6307921000.0,,822396000.0,5485525000.0,,8.98,-117694000.0,125607000.0,125607000.0,334554000.0,28921000.0,1.074,2.513,3266288000.0,33440000.0,3232848000.0,3266288000.0,194344000.0,69856000.0,0.0,0.0,0.0,109737000.0,179593000.0,0.247,179593000.0,109737000.0,50257000.0,0.14,0.15,0.14,1795455000.0,,1795455000.0,9869477389.0,22.0,13.992,39070000.0,0.195,1.0,392447000.0,0.54,3054695000.0,59480000.0,5628230000.0,,0.0,0.0,0.0,0.0,4512466000.0,765677000.0,3746789000.0,6857548389.0,34856000.0,-141711000.0,6752000.0,129991000.0,0.0,140968000.0,-264030000.0,0.0,156764000.0,1154000.0,28001000.0,28001000.0,28001000.0,0.0,920000.0,0.039,277543000.0,114904000.0,208672000.0,0.0,3.819,44.793,44.434,2335961000.0,0.0,34.214,2.512,2.506,564049000.0,509875000.0,727001000.0,727001000.0,0.0,,,,,4110000.0,209751000.0,1.0,200431063.0,199938000,202062000.0,3.636,3253226000.0,41465000.0,22256000.0,351226000.0,16.271,56719000.0
55,IRM,MRQ,2007-09-30,2007-09-30,2007-09-30,2021-08-05,60618000.0,5903183000.0,,751397000.0,5151786000.0,,8.585,-92332000.0,90751000.0,90751000.0,322598000.0,51334000.0,1.143,2.434,3102680000.0,28381000.0,3074299000.0,3102680000.0,177283000.0,64369000.0,0.0,0.0,0.0,119537000.0,183906000.0,0.262,183906000.0,119537000.0,61981000.0,0.26,0.25,0.26,1718796000.0,,1718796000.0,8545036357.0,19.0,12.232,28785000.0,0.144,1.0,379235000.0,0.54,2870614000.0,57556000.0,5387035000.0,,0.0,0.0,0.0,0.0,4184387000.0,657463000.0,3526924000.0,5636541357.0,-4213000.0,-75963000.0,2782000.0,40917000.0,0.0,44743000.0,-171285000.0,0.0,121117000.0,1212000.0,51334000.0,51334000.0,51334000.0,0.0,0.0,0.073,250448000.0,128787000.0,139452000.0,0.0,3.279,34.745,34.354,2198336000.0,0.0,28.17,2.157,2.159,560085000.0,481874000.0,701833000.0,701833000.0,0.0,,,,,3945000.0,192274000.0,1.0,200090215.0,200203000,202111000.0,3.506,3032569000.0,2223000.0,10647000.0,277549000.0,15.147,93934000.0
56,IRM,MRQ,2007-06-30,2007-06-30,2007-06-30,2021-08-05,53534000.0,5713796000.0,,712962000.0,5000834000.0,,8.271,-85700000.0,94964000.0,94964000.0,307963000.0,39052000.0,1.128,2.458,3003459000.0,31805000.0,2971654000.0,3003459000.0,169792000.0,61747000.0,0.0,0.0,0.0,114298000.0,176045000.0,0.263,176045000.0,114298000.0,53076000.0,0.2,0.19,0.2,1652408000.0,,1652408000.0,7450691195.0,17.0,11.194,19098000.0,0.096,1.0,360726000.0,0.539,2797476000.0,61222000.0,5192647000.0,,0.0,0.0,0.0,0.0,4061388000.0,632168000.0,3429220000.0,4819570195.0,33483000.0,-244540000.0,8667000.0,251722000.0,0.0,262458000.0,-335761000.0,0.0,104798000.0,1988000.0,39052000.0,39052000.0,39052000.0,0.0,0.0,0.058,249492000.0,111234000.0,142714000.0,0.0,2.917,35.05,35.0,2135494000.0,0.0,24.15,1.923,1.925,522448000.0,430540000.0,668689000.0,668689000.0,0.0,,,,,3330000.0,188845000.0,1.0,199568124.0,199792000,201742000.0,3.347,2916320000.0,14167000.0,14024000.0,288465000.0,14.597,80794000.0
57,IRM,MRQ,2007-03-31,2007-03-31,2007-03-31,2021-08-05,41420000.0,5269731000.0,,667592000.0,4602139000.0,,7.968,-72980000.0,61481000.0,61481000.0,295005000.0,34707000.0,1.003,2.319,2692602000.0,99883000.0,2592719000.0,2692602000.0,165052000.0,58683000.0,0.0,0.0,0.0,107125000.0,165808000.0,0.262,165808000.0,107125000.0,56790000.0,0.17,0.17,0.17,1587509000.0,,1587509000.0,7433004363.0,17.0,11.412,28985000.0,0.145,1.0,337507000.0,0.534,2489367000.0,50335000.0,4745790000.0,,0.0,0.0,0.0,0.0,3682222000.0,665695000.0,3016527000.0,4809557363.0,16112000.0,-19312000.0,3642000.0,3817000.0,0.0,8836000.0,-95559000.0,0.0,101965000.0,870000.0,34707000.0,34707000.0,34707000.0,0.0,0.0,0.055,237714000.0,99793000.0,132926000.0,0.0,3.03,35.287,35.515,2047616000.0,0.0,24.15,1.988,1.989,485687000.0,391488000.0,632512000.0,632512000.0,0.0,,,,,2476000.0,180505000.0,1.0,199153514.0,199230000,201416000.0,3.175,2780364000.0,34957000.0,22083000.0,263226000.0,13.956,1897000.0
58,IRM,MRQ,2006-12-31,2006-12-31,2006-12-31,2021-08-05,33794000.0,5209521000.0,,679721000.0,4529800000.0,,7.84,-105731000.0,45369000.0,45369000.0,275383000.0,37135000.0,1.064,2.354,2668816000.0,63105000.0,2605711000.0,2668816000.0,160148000.0,55628000.0,0.0,0.0,0.0,117206000.0,172834000.0,0.284,172834000.0,117206000.0,66542000.0,0.19,0.18,0.19,1553273000.0,,1553273000.0,7648078982.0,18.0,12.112,-10664000.0,-0.054,1.0,334124000.0,0.548,2447885000.0,50664000.0,4746436000.0,,0.0,0.0,0.0,0.0,3656248000.0,638647000.0,3017601000.0,5058638982.0,-20000.0,-9422000.0,8162000.0,13464000.0,0.0,23493000.0,-119059000.0,0.0,95067000.0,479000.0,37135000.0,37135000.0,37135000.0,0.0,0.0,0.061,219396000.0,114728000.0,148461000.0,0.0,3.257,39.256,39.186,2015235000.0,0.0,25.471,2.152,2.147,473366000.0,373387000.0,609507000.0,609507000.0,0.0,,,,,3536000.0,175344000.0,1.0,198603862.0,198116000,200463000.0,3.077,2761636000.0,60537000.0,29407000.0,280225000.0,13.939,41074000.0
59,IRM,MRQ,2006-09-30,2006-09-30,2006-09-30,2021-08-05,34261000.0,5058947000.0,,619919000.0,4439028000.0,,7.582,-103878000.0,45389000.0,45389000.0,277227000.0,26613000.0,1.006,2.365,2634829000.0,59748000.0,2575081000.0,2634829000.0,156505000.0,54621000.0,0.0,0.0,0.0,96280000.0,150901000.0,0.253,150901000.0,96280000.0,45818000.0,0.13,0.13,0.13,1503585000.0,,1503585000.0,7814900296.0,20.0,12.979,1602000.0,0.008,1.0,318383000.0,0.535,2449867000.0,50462000.0,4582334000.0,,0.0,0.0,0.0,0.0,3555362000.0,616186000.0,2939176000.0,5248094296.0,4437000.0,-5743000.0,3881000.0,4663000.0,0.0,10995000.0,-112692000.0,0.0,105480000.0,654000.0,26613000.0,26613000.0,26613000.0,0.0,0.0,0.045,221253000.0,97130000.0,137331000.0,0.0,3.49,44.441,44.317,1927782000.0,0.0,26.457,2.303,2.302,457996000.0,336252000.0,595610000.0,595610000.0,0.0,,,,,3028000.0,167602000.0,1.0,198363166.0,198308000,200585000.0,3.003,2609080000.0,27533000.0,19205000.0,272133000.0,13.157,3733000.0
60,IRM,MRQ,2006-06-30,2006-06-30,2006-06-30,2021-08-05,29020000.0,4956912000.0,,589596000.0,4367316000.0,,7.396,-81281000.0,40952000.0,40952000.0,259290000.0,37842000.0,0.968,2.387,2607758000.0,65762000.0,2541996000.0,2607758000.0,159685000.0,52507000.0,0.0,0.0,0.0,109308000.0,161815000.0,0.278,161815000.0,109308000.0,62054000.0,0.19,0.19,0.19,1463603000.0,,1463603000.0,7078354557.0,18.0,11.67,30456000.0,0.154,1.0,322278000.0,0.554,2430269000.0,47254000.0,4484235000.0,,0.0,0.0,0.0,0.0,3493309000.0,609214000.0,2884095000.0,4556421557.0,-1600000.0,-45521000.0,8034000.0,9736000.0,0.0,17056000.0,-131098000.0,0.0,111737000.0,705000.0,37842000.0,37842000.0,37842000.0,0.0,0.0,0.065,219384000.0,102894000.0,139564000.0,0.0,3.113,35.637,35.27,1875516000.0,0.0,23.031,2.062,2.062,440285000.0,309639000.0,581568000.0,581568000.0,0.0,,,,,3117000.0,168285000.0,1.0,197838633.0,197894000,200167000.0,2.939,2526643000.0,25745000.0,24212000.0,254500000.0,12.768,-19618000.0
61,IRM,MRQ,2006-03-31,2006-03-31,2006-03-31,2021-08-05,17122000.0,4797357000.0,,563093000.0,4234264000.0,,7.098,-74422000.0,42552000.0,42552000.0,262368000.0,27273000.0,1.023,2.422,2564485000.0,33218000.0,2531267000.0,2564485000.0,157349000.0,51080000.0,0.0,0.0,0.0,94822000.0,145902000.0,0.259,145902000.0,94822000.0,48244000.0,0.14,0.14,0.14,1402049000.0,,1402049000.0,7437108111.0,19.0,12.774,-12424000.0,-0.063,1.0,301289000.0,0.535,2363422000.0,46578000.0,4405331000.0,,0.0,0.0,0.0,0.0,3395308000.0,550537000.0,2844771000.0,4961090111.0,-10861000.0,-26465000.0,2168000.0,30307000.0,0.0,31190000.0,-103865000.0,0.0,61998000.0,-184000.0,27273000.0,27273000.0,27273000.0,0.0,0.0,0.048,208854000.0,92435000.0,113612000.0,0.0,3.538,42.982,42.546,1806793000.0,0.0,25.102,2.318,2.316,421936000.0,271797000.0,563657000.0,563657000.0,0.0,,,,,2706000.0,158843000.0,1.0,197637244.0,197522000,199971000.0,2.854,2433935000.0,27165000.0,20971000.0,236396000.0,12.322,12556000.0
62,IRM,MRQ,2005-12-31,2005-12-31,2005-12-31,2021-08-05,18684000.0,4766140000.0,,554168000.0,4211972000.0,,6.991,-54795000.0,53413000.0,53413000.0,242109000.0,26363000.0,0.936,2.479,2529431000.0,25905000.0,2503526000.0,2529431000.0,151137000.0,53123000.0,0.0,0.0,0.0,90356000.0,143479000.0,0.267,143479000.0,90356000.0,44108000.0,0.137,0.14,0.137,1370129000.0,,1370129000.0,7481868030.0,20.0,13.171,43520000.0,0.222,1.0,296246000.0,0.55,2367647000.0,46248000.0,4282515000.0,,0.0,0.0,0.0,0.0,3396011000.0,591996000.0,2804015000.0,5117416030.0,9423000.0,-132142000.0,9004000.0,103904000.0,0.0,112220000.0,-199988000.0,0.0,98315000.0,-1124000.0,26363000.0,26363000.0,26363000.0,0.0,0.0,0.049,199442000.0,96804000.0,148234000.0,0.0,3.735,46.062,45.639,1781266000.0,0.0,26.014,2.462,2.453,408564000.0,244524000.0,538355000.0,538355000.0,0.0,,,,,2178000.0,151600000.0,1.0,196717768.0,195988000,198104000.0,2.747,2398493000.0,27623000.0,17745000.0,225314000.0,12.238,-37828000.0
63,IRM,MRQ,2005-09-30,2005-09-30,2005-09-30,2021-08-05,17694000.0,4552490000.0,,545852000.0,4006638000.0,,6.762,-57861000.0,43990000.0,43990000.0,237414000.0,36377000.0,1.034,2.43,2408442000.0,26303000.0,2382139000.0,2408442000.0,142234000.0,47043000.0,0.0,0.0,0.0,108322000.0,155365000.0,0.295,155365000.0,108322000.0,64014000.0,0.187,0.18,0.187,1327422000.0,,1327422000.0,6837317273.0,18.0,12.047,29645000.0,0.151,1.0,289058000.0,0.549,2247297000.0,44308000.0,4141804000.0,,0.0,0.0,0.0,0.0,3225068000.0,527841000.0,2697227000.0,4437072273.0,14473000.0,-11222000.0,4273000.0,-13130000.0,0.0,-9509000.0,-63687000.0,0.0,87506000.0,163000.0,36377000.0,36377000.0,36377000.0,0.0,0.0,0.069,186881000.0,102177000.0,111683000.0,0.0,3.343,38.71,38.325,1702477000.0,0.0,22.612,2.198,2.199,394599000.0,218161000.0,526472000.0,526472000.0,0.0,,,,,1865000.0,141442000.0,1.0,196226440.0,196293000,198424500.0,2.682,2305193000.0,32789000.0,27637000.0,249187000.0,11.744,18011000.0
64,IRM,MRQ,2005-06-30,2005-06-30,2005-06-30,2021-08-05,25866000.0,4540455000.0,,511298000.0,4029157000.0,,6.596,-73204000.0,29517000.0,29517000.0,228088000.0,25410000.0,0.936,2.517,2429762000.0,23566000.0,2406196000.0,2429762000.0,140572000.0,45955000.0,0.0,0.0,0.0,91498000.0,137453000.0,0.269,137453000.0,91498000.0,44276000.0,0.127,0.127,0.127,1290870000.0,,1290870000.0,6207803773.0,17.0,11.439,54737000.0,0.28,1.0,283834000.0,0.554,2261172000.0,47222000.0,4133550000.0,,0.0,0.0,0.0,0.0,3249585000.0,545978000.0,2703607000.0,3737166773.0,741000.0,-1661000.0,6986000.0,-55473000.0,0.0,-48716000.0,-78029000.0,0.0,127941000.0,-455000.0,25410000.0,25410000.0,25410000.0,0.0,0.0,0.05,187141000.0,96693000.0,115093000.0,0.0,2.895,38.649,38.457,1708386000.0,0.0,19.113,1.915,1.917,375839000.0,181784000.0,511922000.0,511922000.0,0.0,,,,,1103000.0,141313000.0,1.0,195530098.0,195711000,197205000.0,2.616,2279283000.0,34542000.0,18866000.0,231026000.0,11.646,-34680000.0
65,IRM,MRQ,2005-03-31,2005-03-31,2005-03-31,2021-08-05,23773000.0,4507930000.0,,512324000.0,3995606000.0,,6.439,-58646000.0,28776000.0,28776000.0,230628000.0,22949000.0,0.961,2.591,2499413000.0,50887000.0,2448526000.0,2499413000.0,139578000.0,45752000.0,0.0,0.0,0.0,85991000.0,131743000.0,0.263,131743000.0,85991000.0,40185000.0,0.12,0.113,0.12,1255468000.0,,1255468000.0,5908291420.0,17.0,11.201,4768000.0,0.024,1.0,270778000.0,0.54,2259743000.0,45806000.0,4185741000.0,,0.0,0.0,0.0,0.0,3252462000.0,533083000.0,2719379000.0,3462211420.0,-3166000.0,-33213000.0,5386000.0,23830000.0,0.0,27454000.0,-94471000.0,0.0,63414000.0,437000.0,22949000.0,22949000.0,22949000.0,0.0,0.0,0.046,179668000.0,91110000.0,101068000.0,0.0,2.758,36.776,36.265,1673966000.0,0.0,17.77,1.837,1.838,376866000.0,156374000.0,501406000.0,501406000.0,0.0,,,,,1043000.0,135340000.0,1.0,194834632.0,194971500,197275500.0,2.572,2248187000.0,35805000.0,17236000.0,215682000.0,11.531,-20759000.0
66,IRM,MRQ,2004-12-31,2004-12-31,2004-12-31,2021-08-05,20285000.0,4442387000.0,,501154000.0,3941233000.0,,6.293,-72273000.0,31942000.0,31942000.0,214965000.0,29887000.0,0.972,2.646,2478022000.0,39435000.0,2438587000.0,2478022000.0,136470000.0,44897000.0,0.0,0.0,0.0,98111000.0,143008000.0,0.299,143008000.0,98111000.0,52793000.0,0.157,0.153,0.157,1218568000.0,,1218568000.0,5949471197.0,17.0,11.512,24112000.0,0.125,1.0,263962000.0,0.551,2229997000.0,45318000.0,4143007000.0,,0.0,0.0,0.0,0.0,3223819000.0,515463000.0,2708356000.0,3645821197.0,-12486000.0,-131668000.0,17276000.0,92371000.0,0.0,98024000.0,-206901000.0,0.0,96385000.0,6000.0,29887000.0,29887000.0,29887000.0,0.0,0.0,0.062,177086000.0,86876000.0,103415000.0,0.0,2.992,38.707,38.339,1649796000.0,0.0,18.786,2.006,2.001,354434000.0,133425000.0,478927000.0,478927000.0,0.0,,,,,3857000.0,132790000.0,1.0,194071180.0,193625000,196764000.0,2.473,2212390000.0,36033000.0,22906000.0,206539000.0,11.426,-14309000.0
67,IRM,MRQ,2004-09-30,2004-09-30,2004-09-30,2021-08-05,7194000.0,4206228000.0,,479628000.0,3726600000.0,,6.008,-57386000.0,44428000.0,44428000.0,209797000.0,18450000.0,1.02,2.61,2348078000.0,17923000.0,2330155000.0,2348078000.0,119165000.0,43450000.0,0.0,0.0,0.0,87056000.0,130506000.0,0.284,130506000.0,87056000.0,32743000.0,0.093,0.093,0.093,1165113000.0,,1165113000.0,6282013558.0,18.0,12.52,21856000.0,0.113,1.0,249533000.0,0.543,2105743000.0,54313000.0,3933758000.0,,0.0,0.0,0.0,0.0,3041115000.0,470377000.0,2570738000.0,4043165558.0,4422000.0,-71670000.0,765000.0,54652000.0,0.0,56106000.0,-132168000.0,0.0,79242000.0,1242000.0,18450000.0,18450000.0,18450000.0,0.0,0.0,0.04,164531000.0,85002000.0,96619000.0,0.0,3.47,43.601,43.45,1575446000.0,0.0,20.856,2.314,2.315,343941000.0,103538000.0,459330000.0,459330000.0,0.0,,,,,0.0,122508000.0,1.0,193861026.0,193932000,197049000.0,2.369,2100485000.0,32213000.0,14293000.0,183602000.0,10.831,9251000.0
68,IRM,MRQ,2004-06-30,2004-06-30,2004-06-30,2021-08-05,-4827000.0,4066887000.0,,461387000.0,3605500000.0,,5.848,-56147000.0,40006000.0,40006000.0,200827000.0,22857000.0,1.024,2.595,2278854000.0,18381000.0,2260473000.0,2278854000.0,115443000.0,40896000.0,0.0,0.0,0.0,81341000.0,122237000.0,0.274,122237000.0,81341000.0,38682000.0,0.12,0.113,0.12,1131268000.0,,1131268000.0,6097048954.0,19.0,12.95,31982000.0,0.165,1.0,244583000.0,0.549,2016225000.0,42659000.0,3838988000.0,,0.0,0.0,0.0,0.0,2935619000.0,450522000.0,2485097000.0,3830907954.0,9028000.0,-14215000.0,0.0,792000.0,0.0,-4271000.0,-74080000.0,0.0,88129000.0,-750000.0,22857000.0,22857000.0,22857000.0,0.0,0.0,0.051,157717000.0,86866000.0,85154000.0,0.0,3.386,43.008,42.448,1542890000.0,0.0,19.823,2.295,2.297,322444000.0,85088000.0,445410000.0,445410000.0,0.0,,,,,0.0,118488000.0,1.0,193255711.0,193434000,196554000.0,2.303,2050662000.0,35310000.0,15825000.0,168337000.0,10.601,10865000.0
69,IRM,MRQ,2004-03-31,2004-03-31,2004-03-31,2021-08-05,-4000000.0,4008889000.0,,429712000.0,3579177000.0,,5.707,-43049000.0,30978000.0,30978000.0,198310000.0,22997000.0,0.987,2.643,2297119000.0,34351000.0,2262768000.0,2297119000.0,109694000.0,38032000.0,0.0,0.0,0.0,83006000.0,121038000.0,0.279,121038000.0,83006000.0,39547000.0,0.12,0.12,0.12,1100543000.0,,1100543000.0,5553227172.0,18.0,12.281,-1441000.0,-0.007,1.0,235612000.0,0.543,1979478000.0,43459000.0,3860004000.0,,0.0,0.0,0.0,0.0,2908346000.0,435548000.0,2472798000.0,3537982172.0,-43705000.0,-167643000.0,0.0,164077000.0,0.0,126710000.0,-213374000.0,0.0,41608000.0,1351000.0,22997000.0,22997000.0,22997000.0,0.0,0.0,0.053,149860000.0,85752000.0,82677000.0,0.0,3.215,40.973,40.468,1524830000.0,0.0,18.332,2.234,2.233,305001000.0,62231000.0,433922000.0,433922000.0,0.0,,,,,0.0,112460000.0,1.0,192994882.0,192837000,196149000.0,2.25,2029411000.0,31458000.0,16550000.0,150231000.0,10.524,-5836000.0
70,IRM,MRQ,2003-12-31,2003-12-31,2003-12-31,2021-08-05,-8046000.0,3892099000.0,,471583000.0,3420516000.0,,5.546,-51392000.0,74683000.0,74683000.0,187209000.0,28426000.0,0.806,2.651,2089928000.0,115781000.0,1974147000.0,2089928000.0,107857000.0,37722000.0,0.0,0.0,0.0,90237000.0,127959000.0,0.313,127959000.0,90237000.0,50521000.0,0.147,0.144,0.147,1066114000.0,,1066114000.0,5158962084.0,17.0,11.821,53682000.0,0.279,1.0,221281000.0,0.542,1892745000.0,39716000.0,3429854000.0,,0.0,0.0,0.0,0.0,2825985000.0,584745000.0,2241240000.0,3119534084.0,51139000.0,-1087000.0,8426000.0,-1652000.0,0.0,2018000.0,-56418000.0,0.0,105074000.0,465000.0,28426000.0,28426000.0,28426000.0,0.0,0.0,0.07,134515000.0,86766000.0,87006000.0,0.0,2.926,36.858,36.914,1492267000.0,0.0,16.242,2.078,2.076,279800000.0,39234000.0,408490000.0,408490000.0,0.0,,,,,1664000.0,98264000.0,1.0,192065884.0,192231750,195304500.0,2.125,1999354000.0,33043000.0,22095000.0,146231000.0,10.401,-113162000.0
71,IRM,MRQ,2003-09-30,2003-09-30,2003-09-30,2021-08-05,-16808000.0,3739541000.0,,396118000.0,3343423000.0,,5.327,-41757000.0,23544000.0,23544000.0,171355000.0,14794000.0,0.837,2.658,2062972000.0,60812000.0,2002160000.0,2062972000.0,101989000.0,33974000.0,0.0,0.0,0.0,65596000.0,99570000.0,0.261,99570000.0,65596000.0,26806000.0,0.08,0.073,0.08,1022350000.0,,1022350000.0,4527181988.0,16.0,11.277,11205000.0,0.058,1.0,210403000.0,0.551,1828428000.0,38790000.0,3477415000.0,,0.0,0.0,0.0,0.0,2717191000.0,473126000.0,2244065000.0,2829774988.0,-154319000.0,-354694000.0,0.0,176572000.0,0.0,192695000.0,-400376000.0,0.0,52962000.0,400000.0,14794000.0,14794000.0,14794000.0,0.0,0.0,0.039,133154000.0,77249000.0,77958000.0,0.0,2.768,38.927,38.103,1473476000.0,0.0,14.746,1.974,1.975,276391000.0,10808000.0,381758000.0,381758000.0,0.0,,,,,0.0,98087000.0,1.0,191901193.0,191932500,195133500.0,1.989,1911113000.0,35200000.0,12012000.0,118944000.0,9.957,-77008000.0
72,IRM,MRQ,2003-06-30,2003-06-30,2003-06-30,2021-08-05,-20887000.0,3476215000.0,,486729000.0,2989486000.0,,5.223,-56230000.0,177863000.0,177863000.0,162032000.0,20133000.0,1.151,2.471,1875270000.0,52895000.0,1822375000.0,1875270000.0,97065000.0,31798000.0,0.0,0.0,0.0,71815000.0,103613000.0,0.288,103613000.0,71815000.0,35418000.0,0.107,0.1,0.107,1001556000.0,,1001556000.0,4631440261.0,17.0,11.652,37903000.0,0.198,1.0,197238000.0,0.549,1639729000.0,36397000.0,3110867000.0,,0.0,0.0,0.0,0.0,2474659000.0,423026000.0,2051633000.0,2921302261.0,164282000.0,-6949000.0,0.0,132639000.0,0.0,135703000.0,-65737000.0,0.0,94133000.0,183000.0,20133000.0,20133000.0,20133000.0,0.0,0.0,0.056,128587000.0,68651000.0,73460000.0,0.0,2.917,39.693,39.367,1306994000.0,0.0,15.235,2.11,2.11,239987000.0,-3986000.0,359270000.0,359270000.0,0.0,,,,,0.0,96134000.0,1.0,191749410.0,191776500,195285000.0,1.873,1836486000.0,33729000.0,15285000.0,104606000.0,9.576,63703000.0
73,IRM,MRQ,2003-03-31,2003-03-31,2003-03-31,2021-08-05,-23817000.0,3268870000.0,,339251000.0,2929619000.0,,5.1,-43431000.0,13581000.0,13581000.0,160151000.0,21284000.0,0.855,2.348,1723719000.0,43858000.0,1679861000.0,1723719000.0,97725000.0,31078000.0,0.0,0.0,0.0,74187000.0,105265000.0,0.299,105265000.0,74187000.0,38622000.0,0.111,0.111,0.111,976412000.0,,976412000.0,4684221207.0,17.0,12.081,-6907000.0,-0.036,1.0,191660000.0,0.545,1623171000.0,35565000.0,2958896000.0,,0.0,0.0,0.0,0.0,2292458000.0,396941000.0,1895517000.0,3008416207.0,-42711000.0,-17160000.0,0.0,-19439000.0,0.0,-15362000.0,-64103000.0,-1357000.0,36524000.0,230000.0,21284000.0,21284000.0,21284000.0,0.0,0.0,0.06,119433000.0,72227000.0,72782000.0,0.0,3.081,40.956,40.599,1275794000.0,0.0,15.712,2.223,2.223,248973000.0,-24119000.0,351811000.0,351811000.0,0.0,,,,,0.0,91156000.0,1.0,191472518.0,191468250,194739750.0,1.837,1645699000.0,34088000.0,17338000.0,93517000.0,8.595,-57690000.0
74,IRM,MRQ,2002-12-31,2002-12-31,2002-12-31,2021-08-05,-31038000.0,3230655000.0,,367040000.0,2863615000.0,,4.944,-54290000.0,56292000.0,56292000.0,160588000.0,16484000.0,0.858,2.419,1732097000.0,69732000.0,1662365000.0,1732097000.0,95188000.0,29763000.0,0.0,0.0,0.0,63252000.0,93015000.0,0.273,93015000.0,63252000.0,28305000.0,0.089,0.082,0.089,944861000.0,,944861000.0,4148422103.0,17.0,11.648,28210000.0,0.148,1.0,179878000.0,0.528,1593187000.0,34947000.0,2885311000.0,,0.0,0.0,0.0,0.0,2285794000.0,427962000.0,1857832000.0,2588569103.0,28695000.0,-26392000.0,0.0,23645000.0,0.0,27896000.0,-82260000.0,0.0,82500000.0,559000.0,16484000.0,16484000.0,16484000.0,-1116000.0,0.0,0.048,112812000.0,67066000.0,76115000.0,0.0,2.74,44.407,44.166,1239188000.0,0.0,13.559,1.963,1.959,225416000.0,-45403000.0,340466000.0,340466000.0,0.0,,,,,0.0,81558000.0,1.0,190911506.0,191095500,193966500.0,1.782,1637468000.0,34192000.0,11821000.0,78464000.0,8.569,-60922000.0
75,IRM,MRQ,2002-09-30,2002-09-30,2002-09-30,2021-08-05,-22492000.0,3032242000.0,,321162000.0,2711080000.0,,4.889,-36413000.0,27597000.0,27597000.0,153858000.0,15697000.0,0.87,2.252,1587450000.0,40968000.0,1546482000.0,1587450000.0,93753000.0,32641000.0,0.0,0.0,0.0,62955000.0,95596000.0,0.287,95596000.0,62955000.0,26938000.0,0.08,0.084,0.08,932451000.0,,932451000.0,3457246946.0,17.0,10.33,37887000.0,0.199,1.0,179255000.0,0.538,1569415000.0,36017000.0,2653374000.0,,0.0,0.0,0.0,0.0,2099791000.0,369306000.0,1730485000.0,1957347946.0,1542000.0,-8281000.0,-5567000.0,-25876000.0,0.0,-23828000.0,-48855000.0,0.0,74300000.0,-75000.0,15697000.0,15697000.0,15697000.0,0.0,0.0,0.047,113265000.0,65990000.0,61644000.0,0.0,2.099,72.208,74.384,1109074000.0,0.0,10.265,1.512,1.512,228605000.0,-61887000.0,333113000.0,333113000.0,0.0,,,,,0.0,83986000.0,1.0,190681729.0,190723500,193567500.0,1.747,1462827000.0,33306000.0,11241000.0,80408000.0,7.67,-48144000.0
76,IRM,MRQ,2002-06-30,2002-06-30,2002-06-30,2021-08-05,-21337000.0,2931334000.0,,327189000.0,2604145000.0,,4.812,-41858000.0,26055000.0,26055000.0,155407000.0,19989000.0,0.913,2.203,1525954000.0,38753000.0,1487201000.0,1525954000.0,91842000.0,26353000.0,0.0,0.0,0.0,67516000.0,93869000.0,0.286,93869000.0,67516000.0,34728000.0,0.107,0.102,0.107,915188000.0,,915188000.0,3900112286.0,25.0,13.354,5021000.0,0.026,1.0,172313000.0,0.526,1561342000.0,32788000.0,2511474000.0,,0.0,0.0,0.0,0.0,2016146000.0,358417000.0,1657729000.0,2408304286.0,14636000.0,-6932000.0,4179000.0,15424000.0,0.0,17736000.0,-49848000.0,0.0,46879000.0,-131000.0,19989000.0,19989000.0,19989000.0,0.0,0.0,0.061,109967000.0,62346000.0,57864000.0,0.0,2.631,-211.273,-204.387,1008944000.0,0.0,12.672,1.921,1.923,232380000.0,-77584000.0,327720000.0,327720000.0,0.0,,,,,0.0,85312000.0,1.0,190049265.0,190206000,193603500.0,1.723,1369992000.0,30986000.0,14739000.0,69110000.0,7.203,-31228000.0
77,IRM,MRQ,2002-03-31,2002-03-31,2002-03-31,2021-08-05,-19309000.0,2876745000.0,,311988000.0,2564757000.0,,4.701,-57416000.0,11419000.0,11419000.0,152446000.0,6122000.0,0.844,2.224,1503227000.0,37415000.0,1465812000.0,1503227000.0,85474000.0,25156000.0,0.0,0.0,0.0,48519000.0,73675000.0,0.232,73675000.0,48519000.0,15639000.0,0.031,0.031,0.031,892422000.0,,892422000.0,3948479492.0,31.0,14.287,-6147000.0,-0.032,1.0,164752000.0,0.519,1546529000.0,32880000.0,2452365000.0,,0.0,0.0,0.0,0.0,1984323000.0,369659000.0,1614664000.0,2473739492.0,-9940000.0,-7756000.0,1388000.0,8026000.0,0.0,5294000.0,-66794000.0,0.0,51269000.0,291000.0,6122000.0,6122000.0,6122000.0,0.0,0.0,0.019,107568000.0,57184000.0,69476000.0,0.0,2.772,-60.139,-58.689,983509000.0,0.0,13.029,2.029,2.029,228399000.0,-97573000.0,317198000.0,317198000.0,0.0,,,,,0.0,82194000.0,1.0,189864110.0,189837000,193504500.0,1.671,1330216000.0,31668000.0,9517000.0,58704000.0,7.007,-57671000.0
78,IRM,MRQ,2001-12-31,2001-12-31,2001-12-31,2021-08-05,-18025000.0,2859906000.0,,309317000.0,2550589000.0,,4.706,-60518000.0,21359000.0,21359000.0,157770000.0,-14701000.0,0.862,2.228,1496099000.0,35256000.0,1460843000.0,1496099000.0,85894000.0,45774000.0,0.0,0.0,0.0,25771000.0,71545000.0,0.226,71545000.0,25771000.0,-7520000.0,-0.08,-0.08,-0.08,885959000.0,,885959000.0,3707909178.0,34.0,13.9,-7787000.0,-0.041,1.0,159019000.0,0.502,1562431000.0,33291000.0,2413206000.0,,0.0,0.0,0.0,0.0,1973947000.0,359009000.0,1614938000.0,2267944178.0,-38779000.0,-16750000.0,-8453000.0,-5249000.0,0.0,-5919000.0,-81086000.0,-2000000.0,52731000.0,-4505000.0,-14701000.0,-14701000.0,-14701000.0,0.0,0.0,-0.046,124585000.0,34434000.0,64596000.0,0.0,2.56,-51.477,-50.822,952231000.0,0.0,11.994,1.913,1.904,219050000.0,-103695000.0,316789000.0,316789000.0,0.0,,,,,0.0,81975000.0,1.0,189089893.0,188248500,188248500.0,1.683,1297475000.0,31140000.0,7181000.0,47213000.0,6.892,-49692000.0
79,IRM,MRQ,2001-09-30,2001-09-30,2001-09-30,2021-08-05,-24432000.0,2853887000.0,,355129000.0,2498758000.0,,4.713,-46458000.0,60138000.0,60138000.0,139918000.0,-22809000.0,1.016,2.208,1500103000.0,30237000.0,1469866000.0,1500103000.0,82367000.0,38921000.0,0.0,0.0,0.0,14052000.0,52973000.0,0.182,52973000.0,14052000.0,-19369000.0,-0.12,-0.12,-0.12,889530000.0,,889530000.0,3554972625.0,30.0,13.464,-1088000.0,-0.006,1.0,151755000.0,0.52,1525670000.0,33421000.0,2418475000.0,,0.0,0.0,0.0,0.0,1964357000.0,349707000.0,1614650000.0,2139468625.0,23301000.0,-9878000.0,2308000.0,30726000.0,0.0,33053000.0,-57106000.0,0.0,45370000.0,1984000.0,-22809000.0,-22809000.0,-22809000.0,0.0,0.0,-0.078,116792000.0,34963000.0,50998000.0,0.0,2.405,-84.698,-85.346,908628000.0,0.0,11.351,1.857,1.859,223760000.0,-88994000.0,291673000.0,291673000.0,0.0,,,,,0.0,76822000.0,1.0,188482832.0,188748000,188748000.0,1.545,1328217000.0,30667000.0,3440000.0,39699000.0,7.037,5422000.0
80,IRM,MRQ,2001-06-30,2001-06-30,2001-06-30,2021-08-05,-10524000.0,2823428000.0,,320838000.0,2502590000.0,,4.911,-41174000.0,36837000.0,36837000.0,139030000.0,-9746000.0,0.941,2.061,1452341000.0,31395000.0,1420946000.0,1452341000.0,78738000.0,37788000.0,0.0,0.0,0.0,40388000.0,78176000.0,0.267,78176000.0,40388000.0,6345000.0,-0.053,-0.053,-0.053,922477000.0,,922477000.0,3696453195.0,29.0,13.61,-2265000.0,-0.012,1.0,154304000.0,0.526,1544875000.0,34043000.0,2352996000.0,,0.0,0.0,0.0,0.0,1900951000.0,341061000.0,1559890000.0,2303285195.0,26934000.0,-9996000.0,3606000.0,37002000.0,0.0,40873000.0,-54695000.0,0.0,38909000.0,1847000.0,-9746000.0,-9746000.0,-9746000.0,0.0,0.0,-0.033,116851000.0,37453000.0,48822000.0,0.0,2.497,-3095.813,-3069.75,886055000.0,0.0,12.279,2.063,2.065,215531000.0,-66185000.0,293334000.0,293334000.0,0.0,,,,,0.0,78686000.0,1.0,187579216.0,187827750,183892500.0,1.562,1278553000.0,30642000.0,16091000.0,44142000.0,6.807,-20223000.0
81,IRM,MRQ,2001-03-31,2001-03-31,2001-03-31,2021-08-05,-12608000.0,2738054000.0,,276778000.0,2461276000.0,,4.95,-48169000.0,9903000.0,9903000.0,139820000.0,3199000.0,0.893,1.957,1403071000.0,31629000.0,1371442000.0,1403071000.0,76729000.0,35718000.0,0.0,0.0,0.0,28349000.0,64067000.0,0.226,64067000.0,28349000.0,-5638000.0,0.018,0.018,0.018,925935000.0,,925935000.0,3312473221.0,33.0,13.981,-24270000.0,-0.13,1.0,144102000.0,0.508,1535901000.0,33987000.0,2285515000.0,,0.0,0.0,0.0,0.0,1812119000.0,309806000.0,1502313000.0,1963542221.0,3703000.0,-34773000.0,2539000.0,40061000.0,0.0,66894000.0,-85249000.0,0.0,23899000.0,-1841000.0,3199000.0,3199000.0,3199000.0,0.0,0.0,0.011,106836000.0,37266000.0,37831000.0,0.0,2.121,-102.039,-99.943,861303000.0,0.0,10.494,1.825,1.825,208057000.0,-56439000.0,283922000.0,283922000.0,0.0,,,,,0.0,70317000.0,1.0,187110942.0,187067250,191002500.0,1.518,1202153000.0,31128000.0,-8837000.0,32773000.0,6.426,-33028000.0
82,IRM,MRQ,2000-12-31,2000-12-31,2000-12-31,2021-08-05,-7566000.0,2659096000.0,,236668000.0,2422428000.0,,5.156,-51228000.0,6200000.0,6200000.0,149055000.0,4096000.0,0.754,1.876,1355131000.0,40789000.0,1314342000.0,1355131000.0,53884000.0,34034000.0,0.0,0.0,0.0,34777000.0,68811000.0,0.243,68811000.0,34777000.0,1868000.0,0.022,0.022,0.022,924458000.0,,924458000.0,3164263074.0,32.0,13.996,-3306000.0,-0.018,1.0,134275000.0,0.474,1525630000.0,32909000.0,2168344000.0,,0.0,0.0,0.0,0.0,1734638000.0,314053000.0,1420585000.0,1886382074.0,-68387000.0,-64821000.0,2720000.0,-10161000.0,0.0,3959000.0,-119794000.0,0.0,47922000.0,-474000.0,4096000.0,4096000.0,4096000.0,0.0,0.0,0.014,98303000.0,35972000.0,42531000.0,0.0,2.041,-67.795,-65.167,832394000.0,0.0,10.166,1.879,1.815,176442000.0,-59383000.0,283330000.0,283330000.0,0.0,,,,,0.0,64595000.0,1.0,185557946.0,179298000,179298000.0,1.58,1133466000.0,30990000.0,-2228000.0,38948000.0,6.322,-77385000.0
83,IRM,MRQ,2000-09-30,2000-09-30,2000-09-30,2021-08-05,-4814000.0,2619168000.0,,296798000.0,2322370000.0,,4.999,-53392000.0,74587000.0,74587000.0,125079000.0,1707000.0,1.019,1.831,1352468000.0,41268000.0,1311200000.0,1352468000.0,50463000.0,34829000.0,0.0,0.0,0.0,25722000.0,60551000.0,0.236,60551000.0,25722000.0,-5316000.0,0.009,0.009,0.009,925073000.0,,925073000.0,3125908676.0,39.0,16.195,-16781000.0,-0.091,1.0,131054000.0,0.512,1511019000.0,31038000.0,2094664000.0,,0.0,0.0,0.0,0.0,1694095000.0,291366000.0,1402729000.0,1871495676.0,66240000.0,-5020000.0,1598000.0,92193000.0,0.0,91440000.0,-61826000.0,-24000.0,36611000.0,15000.0,1707000.0,1707000.0,1707000.0,0.0,0.0,0.007,103070000.0,27984000.0,38601000.0,0.0,2.023,-57.875,-55.978,748534000.0,0.0,10.132,2.17,2.174,177888000.0,-63479000.0,256133000.0,256133000.0,0.0,,,,,171000.0,63783000.0,1.0,184711377.0,185041125,189438750.0,1.384,1108149000.0,17322000.0,-7023000.0,30565000.0,5.989,5432000.0
84,IRM,MRQ,2000-06-30,2000-06-30,2000-06-30,2021-08-05,-3670000.0,2534017000.0,,218400000.0,2315617000.0,,5.113,-35120000.0,8347000.0,8347000.0,121973000.0,-28245000.0,0.828,1.687,1262760000.0,32810000.0,1229950000.0,1262760000.0,49748000.0,31644000.0,0.0,0.0,0.0,11847000.0,43491000.0,0.172,43491000.0,11847000.0,-18398000.0,-0.154,-0.154,-0.154,942928000.0,,942928000.0,2918669136.0,42.0,17.924,20233000.0,0.11,1.0,130592000.0,0.517,1532652000.0,30245000.0,1992125000.0,,0.0,0.0,0.0,0.0,1591089000.0,263653000.0,1327436000.0,1710580136.0,-1757000.0,-65463000.0,2977000.0,55926000.0,0.0,51568000.0,-108936000.0,-6500000.0,55353000.0,258000.0,-28245000.0,-28245000.0,-28245000.0,0.0,0.0,-0.112,115182000.0,15410000.0,27317000.0,0.0,1.814,-46.176,-43.592,720562000.0,0.0,9.285,2.302,2.304,169259000.0,-65186000.0,252565000.0,252565000.0,0.0,,,,,14939000.0,64724000.0,1.0,184230494.0,184413375,184413375.0,1.37,1001365000.0,18137000.0,9847000.0,39287000.0,5.43,-45253000.0
85,IRM,MRQ,2000-03-31,2000-03-31,2000-03-31,2021-08-05,-1072000.0,2469619000.0,,214832000.0,2254787000.0,,5.897,-27646000.0,10104000.0,10104000.0,104458000.0,-5383000.0,0.878,1.588,1218193000.0,34657000.0,1183536000.0,1218193000.0,49116000.0,26303000.0,0.0,0.0,0.0,26929000.0,53232000.0,0.251,53232000.0,26929000.0,3146000.0,-0.033,-0.033,-0.033,954160000.0,,954160000.0,2318628543.0,36.0,16.28,-9928000.0,-0.061,1.0,107679000.0,0.508,1505066000.0,23783000.0,1927916000.0,,0.0,0.0,0.0,0.0,1515459000.0,244726000.0,1270733000.0,1709511543.0,6274000.0,-5636000.0,885000.0,20291000.0,0.0,25443000.0,-37073000.0,0.0,17718000.0,186000.0,-5383000.0,-5383000.0,-5383000.0,0.0,0.0,-0.025,81057000.0,26622000.0,29904000.0,0.0,1.792,-87.879,-60.571,697773000.0,0.0,9.328,2.747,2.425,160860000.0,-36941000.0,212137000.0,212137000.0,0.0,,,,,0.0,53457000.0,1.0,183266675.0,161807625,161807625.0,1.311,964553000.0,13695000.0,8529000.0,27615000.0,5.961,-29894000.0
86,IRM,MRQ,1999-12-31,1999-12-31,1999-12-31,2021-08-05,-1193000.0,1317212000.0,,143664000.0,1173548000.0,,4.343,-25888000.0,3830000.0,3830000.0,71102000.0,-416000.0,0.956,1.695,612947000.0,9890000.0,603057000.0,612947000.0,32981000.0,19208000.0,0.0,0.0,0.0,16537000.0,35745000.0,0.253,35745000.0,16537000.0,2358000.0,-0.003,-0.003,-0.003,488754000.0,,488754000.0,1886314763.0,37.0,16.232,5031000.0,0.045,1.0,70404000.0,0.498,729213000.0,14179000.0,1046768000.0,,0.0,0.0,0.0,0.0,828458000.0,150348000.0,678110000.0,1286723763.0,358000.0,-24647000.0,3291000.0,12019000.0,0.0,13797000.0,-44373000.0,0.0,30919000.0,15000.0,-416000.0,-416000.0,-416000.0,0.0,0.0,-0.003,53962000.0,16442000.0,25770000.0,0.0,2.633,-90.493,-86.815,403739000.0,0.0,10.765,2.477,2.332,104074000.0,-31558000.0,141506000.0,141506000.0,0.0,,,,,0.0,34754000.0,1.0,119528450.0,112540500,112540500.0,1.257,587999000.0,12475000.0,2774000.0,16207000.0,5.225,-6684000.0
87,IRM,MRQ,1999-09-30,1999-09-30,1999-09-30,2021-08-05,-1947000.0,1287924000.0,,144988000.0,1142936000.0,,4.06,-32431000.0,3472000.0,3472000.0,69226000.0,-3001000.0,1.245,1.66,603063000.0,4570000.0,598493000.0,603063000.0,31579000.0,16338000.0,0.0,0.0,0.0,14027000.0,30365000.0,0.222,30365000.0,14027000.0,-48000.0,-0.024,-0.024,-0.024,484155000.0,,484155000.0,1665213025.0,36.0,15.75,-30725000.0,-0.258,1.0,67681000.0,0.494,724578000.0,14075000.0,1046469000.0,,0.0,0.0,0.0,0.0,803769000.0,116468000.0,687301000.0,1105992025.0,-23097000.0,-15884000.0,-91000.0,21874000.0,0.0,20888000.0,-45707000.0,0.0,1706000.0,16000.0,-3001000.0,-3001000.0,-3001000.0,4000000.0,0.0,-0.022,49719000.0,17962000.0,19543000.0,0.0,2.284,-73.123,-68.206,379249000.0,0.0,9.276,2.45,2.45,106115000.0,-31142000.0,136907000.0,136907000.0,0.0,,,,,0.0,33381000.0,1.0,119231568.0,119242125,122161500.0,1.148,563346000.0,12528000.0,2953000.0,20946000.0,4.724,28520000.0
88,IRM,MRQ,1999-06-30,1999-06-30,1999-06-30,2021-08-05,-2287000.0,1260097000.0,,146650000.0,1113447000.0,,4.367,-22045000.0,26569000.0,26569000.0,66167000.0,-10653000.0,1.281,1.589,585790000.0,4216000.0,581574000.0,585790000.0,31115000.0,16281000.0,0.0,0.0,0.0,6803000.0,23084000.0,0.175,23084000.0,6803000.0,-7424000.0,-0.095,-0.095,-0.095,486754000.0,,486754000.0,1356690668.0,30.0,13.529,-8616000.0,-0.077,1.0,65598000.0,0.498,718125000.0,14227000.0,986709000.0,,0.0,4800000.0,0.0,4800000.0,773343000.0,114484000.0,658859000.0,820274668.0,21670000.0,-117140000.0,114044000.0,44761000.0,0.0,154861000.0,-146559000.0,0.0,13429000.0,-61000.0,-10653000.0,-10653000.0,-10653000.0,9258000.0,0.0,-0.081,49219000.0,16379000.0,16365000.0,0.0,1.685,-62.175,-63.218,354094000.0,0.0,7.839,1.985,2.115,100010000.0,-28141000.0,131765000.0,131765000.0,0.0,,,,,0.0,32938000.0,1.0,104640218.0,111469500,111469500.0,1.182,541972000.0,9526000.0,3229000.0,18329000.0,4.862,32166000.0
89,IRM,MRQ,1999-03-31,1999-03-31,1999-03-31,2021-08-05,-576000.0,1052744000.0,,110054000.0,942690000.0,,3.403,-18293000.0,4899000.0,4899000.0,54435000.0,-149000.0,1.059,2.107,541315000.0,4219000.0,537096000.0,541315000.0,30142000.0,13595000.0,0.0,0.0,0.0,13418000.0,27013000.0,0.247,27013000.0,13418000.0,1474000.0,-0.003,-0.003,-0.003,338857000.0,,338857000.0,1306560929.0,25.0,12.822,-8909000.0,-0.089,1.0,54936000.0,0.502,600715000.0,11944000.0,884477000.0,,0.0,0.0,0.0,0.0,713887000.0,103968000.0,609919000.0,852097929.0,3184000.0,-54489000.0,616000.0,67929000.0,0.0,68307000.0,-74486000.0,0.0,9384000.0,-21000.0,-149000.0,-149000.0,-149000.0,-99000.0,0.0,-0.001,41470000.0,13466000.0,13656000.0,0.0,2.515,-304.212,-259.333,311821000.0,0.0,8.558,2.273,2.273,84378000.0,-17488000.0,109371000.0,109371000.0,0.0,,,,,0.0,27875000.0,1.0,99567414.0,99562500,99562500.0,1.099,452029000.0,10477000.0,1623000.0,14442000.0,4.54,6086000.0
90,IRM,MRQ,1998-12-31,1998-12-31,1998-12-31,2021-08-05,0.0,967385000.0,,143937000.0,823448000.0,,3.423,-18970000.0,1715000.0,1715000.0,29504000.0,-1322000.0,1.003,1.855,456178000.0,1731000.0,454447000.0,456178000.0,26043000.0,12710000.0,0.0,0.0,0.0,12558000.0,25268000.0,0.344,25268000.0,12558000.0,1113000.0,-0.015,-0.015,-0.015,338882000.0,,338882000.0,1418666776.0,29.0,14.541,3429000.0,0.035,1.0,43950000.0,0.598,527235000.0,11445000.0,751141000.0,,0.0,0.0,0.0,0.0,628503000.0,143472000.0,485031000.0,975999776.0,1193000.0,-14700000.0,2502000.0,12417000.0,0.0,13427000.0,-34633000.0,0.0,22399000.0,0.0,-1322000.0,-1322000.0,-1322000.0,-201000.0,0.0,-0.018,31277000.0,12673000.0,20620000.0,0.0,2.88,-329.063,-299.242,266743000.0,0.0,9.875,2.542,2.384,75565000.0,-17339000.0,73454000.0,73454000.0,0.0,,,,,0.0,19201000.0,1.0,98835420.0,99009000,99009000.0,0.742,440150000.0,10474000.0,2435000.0,12043000.0,4.446,465000.0
91,IRM,MRQ,1998-09-30,1998-09-30,1998-09-30,2021-08-05,0.0,894706000.0,,92456000.0,802250000.0,,3.454,-14953000.0,522000.0,522000.0,49506000.0,-1069000.0,1.15,1.628,443189000.0,1893000.0,441296000.0,443189000.0,24172000.0,12630000.0,0.0,0.0,0.0,12288000.0,24918000.0,0.253,24918000.0,12288000.0,1309000.0,-0.012,-0.012,-0.012,340460000.0,,340460000.0,1224367919.0,28.0,13.863,9419000.0,0.096,1.0,49038000.0,0.498,522184000.0,10979000.0,734806000.0,,0.0,0.0,0.0,0.0,554246000.0,80383000.0,473863000.0,809837919.0,-14067000.0,-37504000.0,370000.0,14873000.0,0.0,15243000.0,-53682000.0,0.0,24372000.0,0.0,-1069000.0,-1069000.0,-1069000.0,51000.0,0.0,-0.011,36699000.0,12339000.0,9553000.0,0.0,2.379,-185.956,-132.5,250243000.0,0.0,8.215,2.269,2.269,72253000.0,-16017000.0,98544000.0,98544000.0,0.0,,,,,0.0,24069000.0,1.0,98580392.0,98580375,98580375.0,1.0,372522000.0,15048000.0,2378000.0,13752000.0,3.779,12073000.0
92,IRM,MRQ,1998-06-30,1998-06-30,1998-06-30,2021-08-05,0.0,867032000.0,,108033000.0,758999000.0,,3.481,-11787000.0,14589000.0,14589000.0,46756000.0,-261000.0,1.409,1.546,429119000.0,2085000.0,427034000.0,429119000.0,21521000.0,11697000.0,0.0,0.0,0.0,13001000.0,24698000.0,0.264,24698000.0,13001000.0,2126000.0,-0.003,-0.003,-0.003,340533000.0,,340533000.0,1324591651.0,35.0,17.427,-280000.0,-0.003,1.0,46708000.0,0.5,509436000.0,10875000.0,695452000.0,,0.0,0.0,0.0,0.0,526499000.0,76674000.0,449825000.0,803749651.0,12277000.0,-25003000.0,133947000.0,-95794000.0,0.0,38145000.0,-37375000.0,0.0,11507000.0,0.0,-261000.0,-261000.0,-261000.0,-134000.0,0.0,-0.003,35541000.0,11167000.0,10852000.0,0.0,2.36,-222.584,-148.545,220168000.0,0.0,8.17,2.568,2.554,74550000.0,-14948000.0,93464000.0,93464000.0,0.0,,,,,0.0,23638000.0,1.0,98378170.0,97837875,97837875.0,0.955,357596000.0,12383000.0,2387000.0,8442000.0,3.655,31359000.0
93,IRM,MRQ,1998-03-31,1998-03-31,1998-03-31,2021-08-05,0.0,806018000.0,,89131000.0,716887000.0,,2.575,-10217000.0,2312000.0,2312000.0,52610000.0,-314000.0,1.253,3.164,523154000.0,956000.0,522198000.0,523154000.0,18919000.0,11264000.0,0.0,0.0,0.0,11192000.0,22456000.0,0.226,22456000.0,11192000.0,-1140000.0,-0.003,-0.003,-0.003,193549000.0,,193549000.0,921140935.0,31.0,14.74,-1365000.0,-0.018,1.0,46874000.0,0.471,480095000.0,12332000.0,775608000.0,,0.0,0.0,0.0,0.0,612469000.0,71157000.0,541312000.0,517632935.0,-22198000.0,-112522000.0,568000.0,92235000.0,0.0,92467000.0,-123517000.0,0.0,8852000.0,0.0,-314000.0,-314000.0,-314000.0,0.0,0.0,-0.003,35682000.0,11192000.0,12231000.0,0.0,2.674,-119.85,-97.8,207067000.0,0.0,6.846,1.945,1.934,70549000.0,-14687000.0,99484000.0,99484000.0,0.0,,,,,0.0,24418000.0,1.0,75611004.0,75157875,75157875.0,1.324,325923000.0,9879000.0,-826000.0,5224000.0,4.337,17974000.0
94,IRM,MRQ,1997-12-31,1997-12-31,1997-12-31,2021-08-05,0.0,636786000.0,,81927000.0,554859000.0,,2.081,-17702000.0,24510000.0,24510000.0,33137000.0,-2711000.0,1.469,3.623,428018000.0,3520000.0,424498000.0,428018000.0,11931000.0,8612000.0,0.0,0.0,0.0,7636000.0,16248000.0,0.249,16248000.0,7636000.0,-2445000.0,-0.044,-0.044,-0.044,137733000.0,,137733000.0,,,,-8658000.0,-0.131,1.0,32234000.0,0.493,340852000.0,10081000.0,643689000.0,,0.0,0.0,0.0,0.0,499053000.0,55753000.0,443300000.0,496915520.0,22268000.0,-110965000.0,-56000.0,143666000.0,0.0,143171000.0,-129947000.0,0.0,9044000.0,0.0,-2711000.0,-2711000.0,-2711000.0,0.0,0.0,-0.041,24598000.0,7636000.0,11022000.0,0.0,3.608,-109.913,-85.351,183898000.0,0.0,6.572,2.38,1.824,45955000.0,-14373000.0,65371000.0,65371000.0,0.0,,,,,0.0,15986000.0,1.0,75611004.0,66187125,66187125.0,0.988,295934000.0,5896000.0,266000.0,5264000.0,4.471,26174000.0
95,IRM,MRQ,1997-09-30,1997-09-30,1997-09-30,2021-08-05,,,,,,,,-7660000.0,,,27870000.0,-325000.0,,,,,,,,6530000.0,,0.0,0.0,6076000.0,12606000.0,0.231,12606000.0,6076000.0,-475000.0,-0.005,-0.005,-0.005,,,,,,,-1155000.0,-0.021,1.0,26785000.0,0.49,,6551000.0,,,,,,,,,,,1657000.0,-28491000.0,315000.0,32072000.0,0.0,31709000.0,-36557000.0,0.0,6505000.0,0.0,-325000.0,-325000.0,-325000.0,0.0,0.0,-0.006,20709000.0,6076000.0,,0.0,,,,,0.0,6.39,,,,,54655000.0,54655000.0,0.0,,,,,0.0,14179000.0,1.0,,55211625,55211625.0,0.99,,,-150000.0,,,
96,IRM,MRQ,1997-06-30,1997-06-30,1997-06-30,2021-08-05,,,,,,,,-7532000.0,,,24108000.0,-969000.0,,,,,,,,6243000.0,,0.0,0.0,4938000.0,11181000.0,0.24,11181000.0,4938000.0,-1002000.0,-0.018,-0.018,-0.018,,,,,,,-6072000.0,-0.114,1.0,22477000.0,0.482,,5940000.0,,,,,,,,,,,-1182000.0,-34758000.0,-188000.0,39913000.0,0.0,39716000.0,-42358000.0,0.0,1460000.0,0.0,-969000.0,-969000.0,-969000.0,0.0,0.0,-0.021,17539000.0,4938000.0,,0.0,,,,,0.0,5.477,,,,,46585000.0,46585000.0,0.0,,,,,0.0,11296000.0,1.0,,53213625,53213625.0,0.875,,,-33000.0,,,
97,IRM,MRQ,1997-03-31,1997-03-31,1997-03-31,2021-08-05,,,,,,,,-5426000.0,,,21764000.0,-516000.0,,,,,,,,5722000.0,,0.0,0.0,4461000.0,10183000.0,0.242,10183000.0,4461000.0,-679000.0,-0.01,-0.01,-0.01,,,,,,,-15000.0,0.0,1.0,20390000.0,0.484,,5140000.0,,,,,,,,,,,-1686000.0,-18016000.0,66000.0,16658000.0,0.0,16559000.0,-23656000.0,0.0,5411000.0,0.0,-516000.0,-516000.0,-516000.0,0.0,0.0,-0.012,15929000.0,4461000.0,,0.0,,,,,0.0,4.518,,,,,42154000.0,42154000.0,0.0,,,,,0.0,10207000.0,1.0,,51318562,51318562.0,0.821,,,-163000.0,,,
98,IRM,MRQ,1996-12-31,1996-12-31,1996-12-31,2021-08-05,0.0,281799000.0,,34788000.0,247011000.0,,1.116,,3453000.0,3453000.0,,,1.297,4.379,184733000.0,396000.0,184337000.0,184733000.0,4995000.0,,0.0,0.0,0.0,,,,,,,,,,52384000.0,,52384000.0,,,,,,1.0,,,109363000.0,,326886000.0,,0.0,0.0,0.0,0.0,229415000.0,26830000.0,202585000.0,,,,,,,,,,,,,,,,,,,,3750000.0,,,,-125.5,118349000.0,,5.522,,1.869,24136000.0,-9852000.0,,,,,,,,,,1.0,,46949625,,,172436000.0,3378000.0,,4021000.0,3.673,7958000.0
0,IRM,MRT,2021-06-30,2021-06-30,2021-06-30,2021-08-05,-258653000.0,14314316000.0,14022673000.0,1390608000.0,12923708000.0,0.307,3.968,230768000.0,315928000.0,315928000.0,1810216000.0,608470000.0,0.795,11.472,11053627000.0,106274000.0,10947353000.0,11053627000.0,256245000.0,669756000.0,0.0,0.058,2.474,1161059000.0,1830815000.0,0.426,1830815000.0,1161059000.0,741987000.0,2.1,2.1,2.1,1147742000.0,1045384250.0,1147742000.0,23057621771.0,20.0,12.594,1168553000.0,4.04,1.0,2487880000.0,0.579,5764935000.0,419072000.0,17538878000.0,17026250250.0,0.0,0.0,0.0,0.0,13166574000.0,1748202000.0,11418372000.0,12219099771.0,-591252000.0,103551000.0,20349000.0,-1004623000.0,0.0,-1774550000.0,251420000.0,0.0,937785000.0,-5907000.0,606692000.0,606692000.0,606692000.0,0.0,1778000.0,0.141,1345989000.0,1141891000.0,321286000.0,1.178,10.646,20.141,20.152,6797803000.0,0.0,42.32,2.843,2.848,852449000.0,-2988896000.0,4298096000.0,4298096000.0,0.0,0.043,0.58,0.068,0.27,44654000.0,987037000.0,1.0,288731091.0,289247000,291079000.0,14.86,8549381000.0,0.0,135295000.0,236811000.0,29.557,-357594000.0
1,IRM,MRT,2021-03-31,2021-03-31,2021-03-31,2021-08-05,-306911000.0,13944449000.0,14035982250.0,1174491000.0,12769958000.0,0.296,3.324,89219000.0,138944000.0,138944000.0,1742330000.0,324835000.0,0.609,13.53,10977466000.0,363911000.0,10613555000.0,10977466000.0,284974000.0,672117000.0,0.0,0.067,2.474,776191000.0,1448308000.0,0.348,1448308000.0,776191000.0,358883000.0,1.13,1.13,1.13,959707000.0,1014523750.0,959707000.0,21217318167.0,27.0,14.65,1020290000.0,3.533,1.0,2418249000.0,0.581,5792379000.0,417308000.0,17063145000.0,16827175750.0,0.0,0.0,0.0,0.0,12984742000.0,1927447000.0,11057295000.0,10674469167.0,-13740000.0,-25262000.0,375000.0,-194350000.0,0.0,-930967000.0,-12899000.0,0.0,931071000.0,-945000.0,324321000.0,324321000.0,324321000.0,0.0,514000.0,0.078,1450560000.0,967689000.0,327060000.0,2.189,11.123,32.913,32.752,6671939000.0,0.0,37.01,2.566,2.569,814983000.0,-3083421000.0,4160579000.0,4160579000.0,0.0,0.023,0.32,0.046,0.187,42100000.0,969205000.0,1.0,288421215.0,288756000,289528000.0,14.409,8152070000.0,0.0,34562000.0,191138000.0,28.232,-752956000.0
2,IRM,MRT,2020-12-31,2020-12-31,2020-12-31,2021-08-05,-255893000.0,14149267000.0,13941454000.0,1269787000.0,12879480000.0,0.297,3.944,126401000.0,205063000.0,205063000.0,1757342000.0,343096000.0,0.636,11.447,10747912000.0,193759000.0,10554153000.0,10747912000.0,295785000.0,669445000.0,0.0,0.084,2.474,790837000.0,1460282000.0,0.352,1460282000.0,790837000.0,372302000.0,1.19,1.19,1.19,1136729000.0,1055515750.0,1136729000.0,19173605251.0,24.0,13.13,1114058000.0,3.866,1.0,2389928000.0,0.576,5884586000.0,418535000.0,16811835000.0,16734388250.0,0.0,0.0,0.0,0.0,13012538000.0,1995695000.0,11016843000.0,8495291251.0,11508000.0,-136831000.0,321000.0,-167965000.0,0.0,-886699000.0,-85440000.0,0.0,987657000.0,-4010000.0,342693000.0,342693000.0,342693000.0,0.0,403000.0,0.083,1455143000.0,934785000.0,359863000.0,2.079,7.473,24.79,24.773,6698945000.0,0.0,29.48,2.048,2.048,859344000.0,-2950339000.0,4147270000.0,4147270000.0,0.0,0.025,0.325,0.047,0.191,37674000.0,949215000.0,1.0,288171345.0,288183000,288643000.0,14.391,8264681000.0,0.0,29609000.0,198377000.0,28.679,-725908000.0
3,IRM,MRT,2020-09-30,2020-09-30,2020-09-30,2021-08-05,-383178000.0,13682660000.0,13858341250.0,1134025000.0,12548635000.0,0.301,3.25,-267571000.0,151972000.0,151972000.0,1767607000.0,133445000.0,0.6,13.597,10830286000.0,392586000.0,10437700000.0,10830286000.0,244430000.0,673236000.0,0.0,0.092,2.474,601370000.0,1274606000.0,0.306,1274606000.0,601370000.0,183091000.0,0.47,0.47,0.47,937359000.0,1137324000.0,937359000.0,18245135466.0,30.0,14.314,678157000.0,2.351,1.0,2399600000.0,0.576,5778928000.0,418279000.0,16691143000.0,16578585750.0,0.0,0.0,0.0,0.0,12745414000.0,1890903000.0,10854511000.0,7719493466.0,-34806000.0,-127169000.0,2107000.0,206809000.0,0.0,-526032000.0,-455381000.0,0.0,945728000.0,879000.0,132983000.0,132983000.0,132983000.0,0.0,462000.0,0.032,1684034000.0,715566000.0,302618000.0,5.264,8.235,58.049,57.0,6422086000.0,0.0,26.79,1.852,1.854,791859000.0,-3018144000.0,4167207000.0,4167207000.0,0.0,0.01,0.117,0.036,0.144,43132000.0,946421000.0,1.0,288148319.0,288403000,288811000.0,14.449,7903732000.0,0.0,50108000.0,194638000.0,27.405,-756878000.0
4,IRM,MRT,2020-06-30,2020-06-30,2020-06-30,2021-08-05,-427523000.0,14367553000.0,13831968000.0,1897373000.0,12470180000.0,0.303,3.556,-396797000.0,907180000.0,907180000.0,1782474000.0,203167000.0,0.796,13.027,11432822000.0,880212000.0,10552610000.0,11432822000.0,252034000.0,673236000.0,0.0,0.094,2.466,681019000.0,1354255000.0,0.323,1354255000.0,681019000.0,260366000.0,0.71,0.71,0.71,1024300000.0,1280691750.0,1024300000.0,17957110463.0,26.0,13.26,579201000.0,2.011,1.0,2410310000.0,0.575,5767344000.0,420653000.0,16742580000.0,16397068000.0,0.0,0.0,0.0,0.0,13343222000.0,2383271000.0,10959951000.0,7513742463.0,745184000.0,-138948000.0,724000.0,1110173000.0,0.0,378837000.0,-605423000.0,0.0,975998000.0,-4228000.0,202264000.0,202264000.0,202264000.0,0.0,903000.0,0.048,1711534000.0,698776000.0,296629000.0,3.473,7.335,37.148,36.761,6483393000.0,0.0,26.1,1.792,1.793,805901000.0,-2876861000.0,4192784000.0,4192784000.0,0.0,0.015,0.158,0.042,0.162,41306000.0,951477000.0,1.0,287882853.0,288071000,288071000.0,14.555,8600209000.0,0.0,58102000.0,184029000.0,29.854,-485898000.0
5,IRM,MRT,2020-03-31,2020-03-31,2020-03-31,2021-08-05,-493248000.0,13566336000.0,13670325250.0,1199056000.0,12367280000.0,0.313,3.904,-438078000.0,152684000.0,152684000.0,1839590000.0,302755000.0,0.758,11.073,10596052000.0,127557000.0,10468495000.0,10596052000.0,260399000.0,675447000.0,0.0,0.103,2.459,783367000.0,1458814000.0,0.341,1458814000.0,783367000.0,360856000.0,1.05,1.05,1.05,1123675000.0,1439072000.0,1123675000.0,17038479374.0,22.0,11.68,536925000.0,1.865,1.0,2437862000.0,0.57,5736446000.0,422511000.0,16691995000.0,16254157250.0,0.0,0.0,0.0,0.0,12442495000.0,1581263000.0,10861232000.0,6838769374.0,-8791000.0,-136883000.0,2380000.0,395094000.0,0.0,-312951000.0,-650839000.0,0.0,975003000.0,-20004000.0,301791000.0,301791000.0,301791000.0,-128000.0,964000.0,0.071,1677697000.0,760165000.0,321160000.0,2.342,6.086,22.661,22.667,6427770000.0,0.0,23.8,1.599,1.602,831507000.0,-2690433000.0,4277452000.0,4277452000.0,0.0,0.022,0.21,0.048,0.183,33662000.0,961686000.0,1.0,287343251.0,287840000,288359000.0,14.861,7829890000.0,0.0,59065000.0,177316000.0,27.202,-382207000.0
6,IRM,MRT,2019-12-31,2019-12-31,2019-12-31,2021-08-05,-262581000.0,13816816000.0,13701082000.0,1236339000.0,12580477000.0,0.311,5.101,-526840000.0,193555000.0,193555000.0,1833315000.0,268315000.0,0.634,8.438,10393265000.0,389013000.0,10004252000.0,10393265000.0,274036000.0,674941000.0,0.0,0.077,2.452,746606000.0,1421547000.0,0.333,1421547000.0,746606000.0,327308000.0,0.93,0.93,0.93,1463962000.0,1598003500.0,1463962000.0,19206558349.0,26.0,13.511,439815000.0,1.533,1.0,2429269000.0,0.57,5878392000.0,419298000.0,16188625000.0,16131052750.0,0.0,0.0,0.0,0.0,12352589000.0,1949509000.0,10403080000.0,9151260349.0,28070000.0,-77459000.0,1027000.0,506450000.0,0.0,-198973000.0,-730885000.0,0.0,966655000.0,-8727000.0,267377000.0,267377000.0,267377000.0,-104000.0,938000.0,0.063,1647931000.0,781338000.0,324708000.0,2.637,6.251,34.226,34.269,6492138000.0,0.0,31.87,2.147,2.146,850701000.0,-2574896000.0,4262584000.0,4262584000.0,0.0,0.02,0.167,0.046,0.175,35654000.0,991664000.0,1.0,287143406.0,286971000,287687000.0,14.854,7938424000.0,0.0,59931000.0,188128000.0,27.663,-713170000.0
7,IRM,MRT,2019-09-30,2019-09-30,2019-09-30,2021-08-05,-346203000.0,13577167000.0,13211182500.0,1203893000.0,12373274000.0,0.321,5.261,-496129000.0,186778000.0,186778000.0,1819578000.0,383543000.0,0.658,7.986,10242076000.0,394822000.0,9847254000.0,10242076000.0,257328000.0,653751000.0,0.0,0.075,2.444,846243000.0,1499994000.0,0.353,1499994000.0,846243000.0,425928000.0,1.32,1.32,1.32,1510830000.0,1697276500.0,1510830000.0,19306580608.0,23.0,12.871,463022000.0,1.612,1.0,2424905000.0,0.571,5837282000.0,420315000.0,15965072000.0,15182953750.0,0.0,0.0,0.0,0.0,12065318000.0,1830111000.0,10235207000.0,9299389608.0,-10898000.0,-123267000.0,75791000.0,484540000.0,0.0,-198996000.0,-754720000.0,0.0,959151000.0,-16333000.0,381296000.0,381296000.0,381296000.0,-104000.0,2247000.0,0.09,1603028000.0,821877000.0,289940000.0,1.852,6.155,24.389,24.538,6322215000.0,0.0,32.39,2.191,2.191,821926000.0,-2433802000.0,4244483000.0,4244483000.0,0.0,0.029,0.225,0.056,0.199,35955000.0,983117000.0,1.0,287106811.0,287152000,287691000.0,14.781,7739885000.0,0.0,44632000.0,189564000.0,26.954,-626218000.0
8,IRM,MRT,2019-06-30,2019-06-30,2019-06-30,2021-08-05,-261821000.0,13720982000.0,12768383000.0,1215103000.0,12505879000.0,0.332,5.778,-476808000.0,161996000.0,161996000.0,1818224000.0,341003000.0,0.752,7.276,10169187000.0,123527000.0,10045660000.0,10169187000.0,268779000.0,658589000.0,0.0,0.077,2.421,793793000.0,1452382000.0,0.342,1452382000.0,793793000.0,376217000.0,1.22,1.22,1.22,1657821000.0,1803915500.0,1657821000.0,18965427063.0,24.0,13.058,495143000.0,1.726,1.0,2425026000.0,0.572,5940449000.0,417576000.0,16170937000.0,14340737500.0,0.0,0.0,0.0,0.0,12062001000.0,1616787000.0,10445214000.0,8979364063.0,-26196000.0,-154542000.0,75582000.0,470635000.0,0.0,-208973000.0,-770055000.0,0.0,971951000.0,-19119000.0,339490000.0,339490000.0,339490000.0,11501000.0,1513000.0,0.08,1630988000.0,794038000.0,303988000.0,1.984,5.416,26.45,25.656,6352366000.0,0.0,31.3,2.116,2.116,852330000.0,-2364812000.0,4243250000.0,4243250000.0,0.0,0.027,0.188,0.055,0.187,36114000.0,1005895000.0,1.0,286880641.0,286925000,287481000.0,14.789,7780533000.0,0.0,36727000.0,194532000.0,27.117,-401684000.0
9,IRM,MRT,2019-03-31,2019-03-31,2019-03-31,2021-08-05,-250960000.0,13689363000.0,12291271000.0,1209850000.0,12479513000.0,0.345,6.14,-443571000.0,161475000.0,161475000.0,1805879000.0,340431000.0,0.799,6.78,10147538000.0,125142000.0,10022396000.0,10147538000.0,266314000.0,657649000.0,0.0,0.068,2.397,805406000.0,1463055000.0,0.345,1463055000.0,805406000.0,390948000.0,1.22,1.22,1.22,1759401000.0,1903445250.0,1759401000.0,18131865545.0,23.0,12.393,517477000.0,1.806,1.0,2431287000.0,0.574,5960716000.0,414458000.0,16199577000.0,13407912000.0,0.0,0.0,0.0,0.0,11928629000.0,1515133000.0,10413496000.0,10154527545.0,-281016000.0,-387209000.0,75037000.0,429455000.0,0.0,-246838000.0,-971083000.0,0.0,961048000.0,-24143000.0,338810000.0,338810000.0,338810000.0,11989000.0,1621000.0,0.08,1628904000.0,802383000.0,283709000.0,1.965,5.772,29.971,29.066,6317119000.0,0.0,35.46,2.397,2.398,837521000.0,-2257485000.0,4237166000.0,4237166000.0,0.0,0.028,0.178,0.06,0.19,32302000.0,1005964000.0,1.0,286365695.0,286528000,287492000.0,14.788,7728647000.0,0.0,52138000.0,190871000.0,26.973,-305283000.0
10,IRM,MRT,2018-12-31,2018-12-31,2018-12-31,2021-08-05,-265664000.0,11857218000.0,11868467500.0,1208114000.0,10649104000.0,0.356,6.509,-373903000.0,165485000.0,165485000.0,1793954000.0,355131000.0,0.81,5.37,8142823000.0,126406000.0,8016417000.0,8142823000.0,264823000.0,655189000.0,0.0,0.073,2.374,806334000.0,1461523000.0,0.346,1461523000.0,806334000.0,396686000.0,1.28,1.28,1.28,1861054000.0,2028531750.0,1861054000.0,17309575042.0,21.0,11.844,561646000.0,1.964,1.0,2431807000.0,0.575,5947552000.0,409648000.0,12396229000.0,12499193000.0,0.0,0.0,0.0,0.0,9994755000.0,1490775000.0,8503980000.0,9276377042.0,-760214000.0,-1757538000.0,83766000.0,1143070000.0,0.0,550678000.0,-2221878000.0,0.0,935549000.0,-24563000.0,353933000.0,353933000.0,353933000.0,12427000.0,1198000.0,0.084,1623540000.0,808267000.0,318765000.0,1.855,4.984,26.209,25.32,4489557000.0,0.0,32.41,2.195,2.193,846889000.0,-2139493000.0,4225761000.0,4225761000.0,0.0,0.03,0.174,0.065,0.191,31167000.0,1006983000.0,1.0,286219594.0,285913000,286653000.0,14.78,5909666000.0,0.0,42753000.0,183836000.0,20.669,-282661000.0
11,IRM,MRT,2018-09-30,2018-09-30,2018-09-30,2021-08-05,-228260000.0,11805969000.0,11647263500.0,1215975000.0,10589994000.0,0.357,6.77,-428225000.0,197676000.0,197676000.0,1753710000.0,210570000.0,0.975,5.093,8230874000.0,121695000.0,8109179000.0,8230874000.0,237574000.0,572781000.0,0.0,0.068,2.35,638435000.0,1211216000.0,0.291,1211216000.0,638435000.0,246040000.0,0.78,0.79,0.78,1937386000.0,2137627750.0,1937386000.0,17775139429.0,28.0,14.675,398417000.0,1.392,1.0,2401797000.0,0.578,5995608000.0,392395000.0,12596207000.0,11972382500.0,0.0,0.0,0.0,0.0,9867093000.0,1247352000.0,8619741000.0,9877752429.0,-140210000.0,-1708756000.0,587987000.0,1262604000.0,0.0,1268504000.0,-2218840000.0,0.0,826642000.0,-16516000.0,211327000.0,211327000.0,211327000.0,15297000.0,-757000.0,0.051,1701722000.0,700075000.0,285810000.0,3.013,5.098,46.742,44.256,4424693000.0,0.0,34.52,2.377,2.377,847452000.0,-2098403000.0,4155507000.0,4155507000.0,0.0,0.018,0.099,0.053,0.154,30518000.0,999096000.0,1.0,286145783.0,286159000,286982000.0,14.522,5810361000.0,0.0,34713000.0,181730000.0,20.305,-31377000.0
12,IRM,MRT,2018-06-30,2018-06-30,2018-06-30,2021-08-05,-207450000.0,11812534000.0,11260772750.0,1244334000.0,10568200000.0,0.361,7.189,-394528000.0,188192000.0,188192000.0,1724019000.0,169150000.0,0.977,4.745,8085579000.0,123818000.0,7961761000.0,8085579000.0,256181000.0,560364000.0,0.0,0.066,2.312,570207000.0,1130571000.0,0.278,1130571000.0,570207000.0,192761000.0,0.61,0.62,0.61,2055940000.0,2120028250.0,2055940000.0,17725777314.0,31.0,15.679,400092000.0,1.399,1.0,2336158000.0,0.575,5997183000.0,377446000.0,12439635000.0,11351938500.0,0.0,0.0,0.0,0.0,9755087000.0,1273103000.0,8481984000.0,10010197314.0,-102827000.0,-1821538000.0,594333000.0,1374887000.0,0.0,1400762000.0,-2299974000.0,0.0,794620000.0,1765000.0,169803000.0,169803000.0,169803000.0,4750000.0,-653000.0,0.042,1655600000.0,680558000.0,293293000.0,3.79,4.869,58.952,57.393,4406487000.0,0.0,35.01,2.465,2.466,867041000.0,-1996365000.0,4060177000.0,4060177000.0,0.0,0.015,0.08,0.05,0.14,31000000.0,981524000.0,1.0,285923945.0,285984000,286569000.0,14.197,5815351000.0,0.0,22958000.0,184836000.0,20.335,-28769000.0
13,IRM,MRT,2018-03-31,2018-03-31,2018-03-31,2021-08-05,-74082000.0,11998149000.0,10761312500.0,1524873000.0,10473276000.0,0.367,7.922,-375650000.0,442491000.0,442491000.0,1686839000.0,158369000.0,1.239,4.309,8158071000.0,137198000.0,8020873000.0,8158071000.0,267925000.0,572855000.0,0.0,0.069,2.275,536798000.0,1109653000.0,0.281,1109653000.0,536798000.0,171582000.0,0.6,0.6,0.6,2259747000.0,2069990250.0,2259747000.0,15492909500.0,29.0,13.962,315049000.0,1.104,1.0,2262321000.0,0.573,5917966000.0,365216000.0,12564701000.0,10545916000.0,0.0,0.0,0.0,0.0,9736874000.0,1231062000.0,8505812000.0,9375337500.0,146863000.0,-1609679000.0,595760000.0,1436059000.0,0.0,1489015000.0,-2057157000.0,0.0,690699000.0,24306000.0,156672000.0,156672000.0,156672000.0,6416000.0,1697000.0,0.04,1611466000.0,650855000.0,251214000.0,3.792,4.149,59.841,54.767,4365471000.0,0.0,32.86,2.374,2.374,859106000.0,-1919787000.0,3949160000.0,3949160000.0,0.0,0.015,0.076,0.051,0.136,30854000.0,966744000.0,1.0,285311549.0,285259000,285993000.0,13.844,6080183000.0,0.0,14910000.0,169889000.0,21.315,293811000.0
14,IRM,MRT,2017-12-31,2017-12-31,2017-12-31,2021-08-05,-103989000.0,10972402000.0,10179808750.0,1950315000.0,9022087000.0,0.378,8.64,-333794000.0,925699000.0,925699000.0,1664825000.0,171724000.0,1.466,3.775,7043271000.0,146300000.0,6896971000.0,7043271000.0,241590000.0,537338000.0,0.0,0.059,2.238,546720000.0,1084058000.0,0.282,1084058000.0,546720000.0,193075000.0,0.66,0.66,0.66,2297438000.0,1980734750.0,2297438000.0,16614134557.0,30.0,15.326,387174000.0,1.456,1.0,2180753000.0,0.567,5470814000.0,353645000.0,10288987000.0,9671747000.0,0.0,0.0,0.0,0.0,8673560000.0,1330173000.0,7343387000.0,10071536557.0,689215000.0,-190469000.0,588686000.0,382659000.0,0.0,540425000.0,-599448000.0,0.0,720968000.0,27270000.0,170113000.0,170113000.0,170113000.0,6291000.0,1611000.0,0.044,1546702000.0,634051000.0,289137000.0,3.391,4.384,59.205,57.167,3417679000.0,0.0,37.73,2.619,2.609,835742000.0,-1765966000.0,3845578000.0,3845578000.0,0.0,0.017,0.086,0.057,0.142,30019000.0,937180000.0,1.0,266937094.0,265898000,266845000.0,14.463,5501588000.0,0.0,22962000.0,155728000.0,20.691,620142000.0
15,IRM,MRT,2017-09-30,2017-09-30,2017-09-30,2021-08-05,-115343000.0,10260006000.0,9808408250.0,1328224000.0,8931782000.0,0.386,7.04,-311603000.0,337886000.0,337886000.0,1675533000.0,213478000.0,1.078,4.495,6880484000.0,180390000.0,6700094000.0,6880484000.0,218033000.0,431820000.0,0.0,0.057,2.2,588766000.0,1020586000.0,0.269,1020586000.0,588766000.0,238322000.0,0.81,0.8,0.81,1866988000.0,1890512000.0,1866988000.0,16446033308.0,28.0,16.114,328569000.0,1.239,1.0,2113003000.0,0.558,5455804000.0,350444000.0,10114431000.0,9423849250.0,0.0,0.0,0.0,0.0,8391360000.0,1232369000.0,7158991000.0,10284798308.0,-120242000.0,-230595000.0,12163000.0,156845000.0,0.0,-274484000.0,-512272000.0,0.0,640172000.0,26342000.0,210038000.0,210038000.0,210038000.0,3696000.0,3440000.0,0.055,1476058000.0,636945000.0,252955000.0,2.716,5.509,48.966,48.025,3344475000.0,0.0,38.9,2.715,2.723,784884000.0,-1621538000.0,3788536000.0,3788536000.0,0.0,0.021,0.111,0.062,0.155,29959000.0,970513000.0,1.0,264390702.0,265198000,266139000.0,14.286,4804202000.0,0.0,28284000.0,175169000.0,18.116,95855000.0
16,IRM,MRT,2017-06-30,2017-06-30,2017-06-30,2021-08-05,-153590000.0,9814693000.0,9719635750.0,1205876000.0,8608817000.0,0.387,7.024,-313992000.0,291019000.0,291019000.0,1687014000.0,196954000.0,0.818,4.288,6452254000.0,423269000.0,6028985000.0,6452254000.0,225133000.0,459506000.0,0.0,0.062,2.135,586962000.0,1046468000.0,0.278,1046468000.0,586962000.0,242207000.0,0.73,0.72,0.73,1855788000.0,1954938250.0,1855788000.0,15123390696.0,26.0,14.452,342830000.0,1.298,1.0,2078683000.0,0.552,5285777000.0,344755000.0,9215545000.0,9323783250.0,0.0,0.0,0.0,0.0,7957396000.0,1474606000.0,6482790000.0,9075043696.0,54030000.0,-74508000.0,14091000.0,155342000.0,0.0,-249150000.0,-354408000.0,0.0,656822000.0,766000.0,192773000.0,192773000.0,192773000.0,597000.0,4181000.0,0.051,1482077000.0,596606000.0,247134000.0,2.925,4.89,47.076,47.068,3175439000.0,0.0,34.36,2.41,2.411,730366000.0,-1498285000.0,3765697000.0,3765697000.0,0.0,0.02,0.099,0.063,0.156,28155000.0,981100000.0,1.0,264116522.0,264217000,264930000.0,14.252,4528916000.0,0.0,49434000.0,170890000.0,17.141,-268730000.0
17,IRM,MRT,2017-03-31,2017-03-31,2017-03-31,2021-08-05,-161239000.0,9672134000.0,9701226000.0,1198637000.0,8473497000.0,0.381,7.211,-313079000.0,295628000.0,295628000.0,1668379000.0,102699000.0,0.845,4.083,6343975000.0,421227000.0,5922748000.0,6343975000.0,223701000.0,504138000.0,0.0,0.058,2.07,472094000.0,976232000.0,0.264,976232000.0,472094000.0,142439000.0,0.33,0.33,0.33,1902725000.0,2046260000.0,1902725000.0,15421739678.0,33.0,15.797,271535000.0,1.029,1.0,2031260000.0,0.549,5233987000.0,329655000.0,9068025000.0,9416573000.0,0.0,0.0,0.0,0.0,7768360000.0,1418469000.0,6349891000.0,9407042678.0,177683000.0,-251735000.0,29589000.0,525196000.0,0.0,142774000.0,-533013000.0,0.0,584614000.0,-16692000.0,100175000.0,100175000.0,100175000.0,-3016000.0,2524000.0,0.027,1509785000.0,521475000.0,239894000.0,6.273,4.944,93.906,108.091,3111740000.0,0.0,35.67,2.543,2.544,721030000.0,-1430613000.0,3699639000.0,3699639000.0,0.0,0.01,0.049,0.05,0.128,28640000.0,1020732000.0,1.0,263724213.0,263855000,264810000.0,14.021,4438147000.0,0.0,42264000.0,151314000.0,16.82,-219832000.0
18,IRM,MRT,2016-12-31,2016-12-31,2016-12-31,2021-08-05,-212573000.0,9486800000.0,8888769750.0,1112107000.0,8374693000.0,0.395,7.866,-320626000.0,236484000.0,236484000.0,1567777000.0,107233000.0,1.063,3.899,6251181000.0,172975000.0,6078206000.0,6251181000.0,201128000.0,465477000.0,0.0,0.062,2.005,460430000.0,925907000.0,0.264,925907000.0,460430000.0,149768000.0,0.41,0.41,0.41,1936547000.0,1694678250.0,1936547000.0,14557884843.0,32.0,15.723,223269000.0,0.907,1.0,1943676000.0,0.554,5157544000.0,310662000.0,9297396000.0,9039087500.0,0.0,0.0,0.0,0.0,7550129000.0,1046557000.0,6503572000.0,8556785843.0,108103000.0,-261311000.0,31922000.0,618391000.0,0.0,125373000.0,-535991000.0,0.0,543895000.0,-25174000.0,104824000.0,104824000.0,104824000.0,-3353000.0,2409000.0,0.03,1439890000.0,503786000.0,222197000.0,4.89,4.419,81.63,79.22,3083326000.0,0.0,32.48,2.437,2.277,691249000.0,-1343311000.0,3511453000.0,3511453000.0,0.0,0.012,0.062,0.051,0.131,28976000.0,988332000.0,1.0,263447840.0,246178000,247267000.0,14.264,4329256000.0,0.0,44944000.0,151295000.0,17.586,65550000.0
19,IRM,MRT,2016-09-30,2016-09-30,2016-09-30,2021-08-05,-138446000.0,9904916000.0,8104716500.0,1467341000.0,8437575000.0,0.411,8.07,-331260000.0,458128000.0,458128000.0,1475987000.0,63648000.0,1.433,3.65,6459227000.0,121203000.0,6338024000.0,6459227000.0,202171000.0,424415000.0,0.0,0.052,1.94,411314000.0,835729000.0,0.251,835729000.0,411314000.0,118335000.0,0.25,0.26,0.25,2124693000.0,1337751750.0,2124693000.0,15858299572.0,39.0,18.975,312997000.0,1.189,1.0,1853700000.0,0.557,5167821000.0,292979000.0,9714167000.0,8530178750.0,0.0,0.0,0.0,0.0,7754662000.0,1024027000.0,6730635000.0,9879721572.0,-68631000.0,-308004000.0,19535000.0,503689000.0,0.0,47286000.0,-733939000.0,0.0,644257000.0,-26235000.0,61591000.0,61591000.0,61591000.0,-3628000.0,2057000.0,0.018,1367960000.0,485740000.0,233971000.0,7.76,4.65,160.409,150.12,3166528000.0,0.0,37.53,2.967,2.967,700238000.0,-1246408000.0,3329687000.0,3329687000.0,0.0,0.008,0.046,0.048,0.124,28519000.0,954755000.0,1.0,263248643.0,263269000,264502000.0,12.647,4737095000.0,11075000.0,56744000.0,192782000.0,17.993,443314000.0
20,IRM,MRT,2016-06-30,2016-06-30,2016-06-30,2021-08-05,-149289000.0,9741054000.0,7295943000.0,1289370000.0,8451684000.0,0.429,9.015,-312720000.0,236989000.0,236989000.0,1363842000.0,79365000.0,1.313,3.375,6215567000.0,112509000.0,6103058000.0,6215567000.0,212231000.0,384731000.0,0.0,0.048,1.93,389535000.0,774266000.0,0.247,774266000.0,389535000.0,114721000.0,0.34,0.35,0.34,2221075000.0,958379500.0,2221075000.0,13345379055.0,34.0,17.236,256052000.0,1.039,1.0,1769552000.0,0.565,5150899000.0,274814000.0,9586704000.0,7981159250.0,0.0,0.0,0.0,0.0,7495024000.0,982029000.0,6512995000.0,8442054055.0,86031000.0,-314447000.0,16336000.0,677559000.0,0.0,239897000.0,-708587000.0,0.0,568772000.0,-14051000.0,77621000.0,77621000.0,77621000.0,-1587000.0,1744000.0,0.025,1291919000.0,477633000.0,220119000.0,5.676,3.801,108.76,117.147,3196248000.0,0.0,39.83,2.694,3.132,710526000.0,-1124924000.0,3133394000.0,3133394000.0,0.0,0.011,0.081,0.049,0.124,28721000.0,917504000.0,1.0,211952148.0,246388000,247587000.0,12.717,4590155000.0,5190000.0,37100000.0,214526000.0,18.63,307341000.0
21,IRM,MRT,2016-03-31,2016-03-31,2016-03-31,2021-08-05,-152160000.0,6422309000.0,6466323750.0,831896000.0,5590413000.0,0.465,2.347,-294294000.0,117945000.0,117945000.0,1294476000.0,146505000.0,1.111,11.888,5021270000.0,89974000.0,4931296000.0,5021270000.0,181091000.0,369875000.0,0.0,0.057,1.92,444619000.0,814494000.0,0.271,814494000.0,444619000.0,178584000.0,0.69,0.69,0.69,496398000.0,580307500.0,496398000.0,11889540130.0,27.0,14.597,323072000.0,1.527,1.0,1714904000.0,0.57,3019058000.0,266035000.0,7558083000.0,7424065500.0,0.0,0.0,0.0,0.0,5901165000.0,748493000.0,5152672000.0,7172243130.0,-35520000.0,-126467000.0,810000.0,256596000.0,0.0,-158113000.0,-487747000.0,0.0,617366000.0,-7026000.0,144919000.0,144919000.0,144919000.0,0.0,1586000.0,0.048,1204395000.0,510509000.0,180259000.0,2.783,14.449,49.491,49.145,2539304000.0,0.0,33.91,2.383,2.383,574717000.0,-982532000.0,3009380000.0,3009380000.0,0.0,0.022,0.25,0.06,0.148,27614000.0,856312000.0,1.0,211508202.0,211526000,212471000.0,14.227,3403251000.0,22261000.0,33665000.0,50941000.0,16.089,83403000.0
22,IRM,MRT,2015-12-31,2015-12-31,2015-12-31,2021-08-05,-174917000.0,6350587000.0,6453610000.0,857912000.0,5492675000.0,0.466,2.414,-287977000.0,128381000.0,128381000.0,1290025000.0,125203000.0,1.019,11.442,4845678000.0,88068000.0,4757610000.0,4845678000.0,183112000.0,354713000.0,0.0,0.071,1.91,424825000.0,779538000.0,0.259,779538000.0,424825000.0,160954000.0,0.59,0.59,0.59,508841000.0,641921750.0,508841000.0,10384635450.0,24.0,13.322,253783000.0,1.204,1.0,1717951000.0,0.571,2964292000.0,263871000.0,7261761000.0,7358134250.0,0.0,0.0,0.0,0.0,5821980000.0,841831000.0,4980149000.0,5703240450.0,-31412000.0,-113558000.0,7149000.0,299108000.0,0.0,-108511000.0,-456646000.0,0.0,541760000.0,-8015000.0,123241000.0,123241000.0,123241000.0,0.0,1962000.0,0.041,1192574000.0,525377000.0,219590000.0,3.237,11.208,46.277,45.78,2497158000.0,0.0,27.01,1.896,1.893,564401000.0,-942218000.0,3007976000.0,3007976000.0,0.0,0.019,0.192,0.058,0.141,27585000.0,844960000.0,1.0,211152923.0,210764000,212118000.0,14.272,3386295000.0,22179000.0,37713000.0,55002000.0,16.067,16081000.0
23,IRM,MRT,2015-09-30,2015-09-30,2015-09-30,2021-08-05,-163687000.0,6669822000.0,6496779500.0,1228298000.0,5441524000.0,0.467,2.879,-258908000.0,492899000.0,492899000.0,1302624000.0,132666000.0,1.349,9.964,5174294000.0,253726000.0,4920568000.0,5174294000.0,182197000.0,357484000.0,0.0,0.069,2.155,427391000.0,784875000.0,0.259,784875000.0,427391000.0,158287000.0,0.61,0.6,0.61,607204000.0,728800250.0,607204000.0,11211865028.0,26.0,14.285,232283000.0,1.101,1.0,1730903000.0,0.571,2922351000.0,269104000.0,7518089000.0,7315586500.0,0.0,0.0,0.0,0.0,6050045000.0,910777000.0,5139268000.0,6539813028.0,308911000.0,-109702000.0,20922000.0,893081000.0,0.0,210564000.0,-378513000.0,0.0,491191000.0,-14331000.0,130285000.0,130285000.0,130285000.0,-729000.0,2381000.0,0.043,1200061000.0,530842000.0,156845000.0,3.533,10.77,50.196,50.852,2428725000.0,0.0,31.02,2.156,2.157,573889000.0,-844675000.0,3033527000.0,3033527000.0,0.0,0.02,0.179,0.058,0.141,27431000.0,852640000.0,1.0,210825694.0,210912000,211917000.0,14.383,3747471000.0,22353000.0,28002000.0,47032000.0,17.768,317521000.0
24,IRM,MRT,2015-06-30,2015-06-30,2015-06-30,2021-08-05,-129750000.0,6422577000.0,6488408750.0,874727000.0,5547850000.0,0.473,3.364,-284852000.0,117098000.0,117098000.0,1320467000.0,110007000.0,1.163,8.042,4789150000.0,70235000.0,4718915000.0,4789150000.0,185851000.0,359937000.0,0.0,0.091,2.824,453548000.0,813485000.0,0.265,813485000.0,453548000.0,186359000.0,0.5,0.49,0.5,708787000.0,690942250.0,708787000.0,11109453191.0,24.0,13.657,172233000.0,0.817,1.0,1749228000.0,0.57,2984165000.0,267189000.0,7358329000.0,6983641250.0,0.0,0.0,0.0,0.0,5700352000.0,752135000.0,4948217000.0,6527216191.0,-28245000.0,-103441000.0,35926000.0,547083000.0,0.0,-75439000.0,-395877000.0,0.0,457085000.0,-14014000.0,107241000.0,107241000.0,107241000.0,-729000.0,2766000.0,0.035,1204582000.0,544646000.0,162238000.0,5.648,9.209,60.865,62.0,2493013000.0,0.0,31.0,2.126,2.128,596252000.0,-766849000.0,3069695000.0,3069695000.0,0.0,0.017,0.155,0.065,0.148,29943000.0,853284000.0,1.0,210555361.0,210699000,212077000.0,14.569,3438412000.0,21609000.0,79118000.0,49842000.0,16.319,122592000.0
25,IRM,MRT,2015-03-31,2015-03-31,2015-03-31,2021-08-05,-131082000.0,6371454000.0,6566545500.0,887473000.0,5483981000.0,0.472,3.533,-301840000.0,139605000.0,139605000.0,1331145000.0,328376000.0,1.232,7.559,4721842000.0,54483000.0,4667359000.0,4721842000.0,185195000.0,361230000.0,0.0,0.072,2.619,477790000.0,839020000.0,0.271,839020000.0,477790000.0,214487000.0,1.66,1.65,1.66,742855000.0,835779250.0,742855000.0,12167164013.0,25.0,14.502,120979000.0,0.575,1.0,1765708000.0,0.57,2939002000.0,263303000.0,7294358000.0,6872002750.0,0.0,0.0,0.0,0.0,5614952000.0,720331000.0,4894621000.0,7663426013.0,-50301000.0,-103743000.0,46237000.0,530602000.0,0.0,-32119000.0,-427255000.0,0.0,422819000.0,-13746000.0,325548000.0,325548000.0,325548000.0,-403000.0,2828000.0,0.105,1203274000.0,562434000.0,184406000.0,1.578,10.316,23.54,21.976,2476802000.0,0.0,36.48,2.475,2.477,590026000.0,-718996000.0,3096853000.0,3096853000.0,0.0,0.05,0.39,0.07,0.154,29339000.0,851206000.0,1.0,210071985.0,210237000,212249000.0,14.73,3432452000.0,21052000.0,-111061000.0,55878000.0,16.327,167142000.0
26,IRM,MRT,2014-12-31,2014-12-31,2014-12-31,2021-08-05,-75031000.0,6523265000.0,6650336250.0,917719000.0,5605546000.0,0.469,4.385,-317438000.0,159793000.0,159793000.0,1344636000.0,328746000.0,1.071,6.602,4616454000.0,52095000.0,4564359000.0,4616454000.0,197142000.0,361152000.0,0.0,0.062,2.414,489561000.0,850713000.0,0.273,850713000.0,489561000.0,228844000.0,1.68,1.67,1.68,856355000.0,910770000.0,856355000.0,11663242416.0,24.0,13.71,155510000.0,0.796,1.0,1773057000.0,0.569,3031620000.0,260717000.0,7091570000.0,6771683000.0,0.0,0.0,0.0,0.0,5653310000.0,856736000.0,4796574000.0,7488605416.0,5407000.0,-128093000.0,44290000.0,536541000.0,0.0,19857000.0,-479978000.0,0.0,472948000.0,-7420000.0,326119000.0,326119000.0,326119000.0,209000.0,2627000.0,0.105,1215473000.0,557584000.0,203014000.0,1.437,8.745,22.963,23.012,2550727000.0,0.0,38.66,2.402,2.421,604265000.0,-659553000.0,3117693000.0,3117693000.0,0.0,0.049,0.358,0.072,0.157,29624000.0,869572000.0,1.0,193704227.0,195278000,196749000.0,15.965,3491645000.0,14192000.0,-97275000.0,54658000.0,17.88,60983000.0
27,IRM,MRT,2014-09-30,2014-09-30,2014-09-30,2021-08-05,-47232000.0,6636339000.0,6682771250.0,976386000.0,5659953000.0,0.465,2.357,-341820000.0,217848000.0,217848000.0,1343693000.0,362404000.0,0.611,13.535,4392485000.0,60799000.0,4331686000.0,4392485000.0,232628000.0,355327000.0,0.0,0.068,2.224,486107000.0,841434000.0,0.271,841434000.0,486107000.0,234856000.0,1.88,1.87,1.88,455772000.0,956990750.0,455772000.0,10480527605.0,22.0,12.456,132996000.0,0.688,1.0,1763254000.0,0.568,3022360000.0,251251000.0,6190308000.0,6656891500.0,0.0,0.0,0.0,0.0,6168677000.0,1598308000.0,4570369000.0,6305184605.0,11957000.0,-240785000.0,40294000.0,368559000.0,0.0,163202000.0,-622317000.0,1000.0,474816000.0,-3744000.0,359835000.0,359835000.0,359835000.0,1622000.0,2569000.0,0.116,1238734000.0,524520000.0,141645000.0,1.183,13.834,17.522,17.367,2560704000.0,0.0,32.65,2.029,2.032,618996000.0,-516361000.0,3106947000.0,3106947000.0,0.0,0.054,0.376,0.073,0.156,30467000.0,895768000.0,1.0,193114383.0,193360000,194905000.0,16.068,3613979000.0,10636000.0,-124979000.0,60960000.0,18.69,-621922000.0
28,IRM,MRT,2014-06-30,2014-06-30,2014-06-30,2021-08-05,-2335000.0,6735124000.0,6618881250.0,962868000.0,5772256000.0,0.465,6.696,-301007000.0,179203000.0,179203000.0,1318852000.0,366305000.0,1.068,4.222,4354546000.0,56604000.0,4297942000.0,4354546000.0,238316000.0,345467000.0,0.0,0.041,1.35,460455000.0,805922000.0,0.262,805922000.0,460455000.0,207939000.0,1.91,1.9,1.91,1288135000.0,1107727750.0,1288135000.0,10428970318.0,23.0,12.94,188239000.0,0.978,1.0,1760712000.0,0.572,3096984000.0,252516000.0,6911775000.0,6736209000.0,0.0,0.0,0.0,0.0,5437974000.0,901708000.0,4536266000.0,6289047318.0,-113523000.0,-310674000.0,20585000.0,269637000.0,0.0,51473000.0,-655987000.0,1000.0,489246000.0,1745000.0,363618000.0,363618000.0,363618000.0,2193000.0,2687000.0,0.118,1237710000.0,523002000.0,162036000.0,0.707,4.882,17.296,17.153,2606903000.0,0.0,32.763,2.042,2.047,636978000.0,276348000.0,3079564000.0,3079564000.0,0.0,0.055,0.328,0.068,0.15,31219000.0,904636000.0,1.0,191955783.0,192381000,193526000.0,16.008,3638140000.0,1670000.0,-155679000.0,64014000.0,18.911,61160000.0
29,IRM,MRT,2014-03-31,2014-03-31,2014-03-31,2021-08-05,-6983000.0,6706617000.0,6518805000.0,987629000.0,5718988000.0,0.467,5.435,-279240000.0,203766000.0,203766000.0,1302947000.0,121171000.0,1.138,5.423,4343689000.0,55084000.0,4288605000.0,4343689000.0,227432000.0,333913000.0,0.0,0.053,1.35,424687000.0,758600000.0,0.249,758600000.0,424687000.0,171383000.0,0.63,0.63,0.63,1042818000.0,1055762250.0,1042818000.0,8897057527.0,21.0,11.728,177342000.0,0.924,1.0,1744121000.0,0.572,3085611000.0,253304000.0,6893079000.0,6541577250.0,0.0,0.0,0.0,0.0,5655446000.0,867850000.0,4787596000.0,4879721527.0,-60093000.0,-347955000.0,15076000.0,375662000.0,0.0,153491000.0,-666082000.0,1000.0,456582000.0,-4084000.0,118347000.0,118347000.0,118347000.0,1965000.0,2824000.0,0.039,1236865000.0,507256000.0,167637000.0,2.143,4.679,41.232,40.446,2561786000.0,0.0,25.481,1.601,1.605,626116000.0,63297000.0,3047068000.0,3047068000.0,0.0,0.018,0.112,0.065,0.139,31785000.0,915360000.0,1.0,191504318.0,191879000,193069000.0,15.88,3621006000.0,25975000.0,53036000.0,319128000.0,18.871,119779000.0
30,IRM,MRT,2013-12-31,2013-12-31,2013-12-31,2021-08-05,-8660000.0,6653005000.0,6416695750.0,933607000.0,5719398000.0,0.471,5.452,-285211000.0,154386000.0,154386000.0,1288878000.0,99992000.0,0.963,5.379,4171722000.0,52583000.0,4119139000.0,4171722000.0,238724000.0,329295000.0,0.0,0.048,1.35,412763000.0,742058000.0,0.245,742058000.0,412763000.0,158589000.0,0.52,0.52,0.52,1041238000.0,1073696500.0,1041238000.0,9183350572.0,22.0,12.376,222335000.0,1.164,1.0,1735745000.0,0.574,3068836000.0,254174000.0,6632404000.0,6389479250.0,0.0,0.0,0.0,0.0,5601271000.0,969101000.0,4632170000.0,5363662572.0,-122889000.0,-317100000.0,17664000.0,232251000.0,0.0,18564000.0,-637687000.0,0.0,507546000.0,-11312000.0,96462000.0,96462000.0,96462000.0,-831000.0,3530000.0,0.032,1245081000.0,490664000.0,216456000.0,2.596,5.151,55.604,53.942,2578260000.0,0.0,28.05,1.773,1.771,616797000.0,67820000.0,3024623000.0,3024623000.0,0.0,0.015,0.09,0.065,0.136,30354000.0,924031000.0,1.0,191217917.0,190994000,192412000.0,15.836,3584169000.0,17623000.0,62127000.0,340568000.0,18.766,-35494000.0
31,IRM,MRT,2013-09-30,2013-09-30,2013-09-30,2021-08-05,-4497000.0,6380779000.0,6343029250.0,942478000.0,5438301000.0,0.475,5.533,-277965000.0,205644000.0,205644000.0,1291208000.0,77935000.0,1.138,5.014,4025332000.0,51533000.0,3973799000.0,4025332000.0,209385000.0,325780000.0,0.0,0.194,4.842,426844000.0,752624000.0,0.25,752624000.0,426844000.0,171970000.0,0.41,0.4,0.41,1058720000.0,1100879750.0,1058720000.0,8418617648.0,20.0,11.186,188616000.0,0.986,1.0,1722700000.0,0.572,2864389000.0,254874000.0,6507578000.0,6283999000.0,0.0,0.0,0.0,0.0,5308613000.0,828500000.0,4480113000.0,4772396648.0,-162552000.0,-141594000.0,32642000.0,149631000.0,0.0,-165275000.0,-453565000.0,2999000.0,466581000.0,-10293000.0,74309000.0,74309000.0,74309000.0,-441000.0,3626000.0,0.025,1227150000.0,495550000.0,164969000.0,11.81,4.508,64.224,60.907,2505982000.0,0.0,24.972,1.583,1.585,614649000.0,78862000.0,3013908000.0,3013908000.0,0.0,0.012,0.067,0.068,0.142,32577000.0,904885000.0,1.0,191109909.0,191332000,192268000.0,15.752,3516390000.0,15828000.0,97661000.0,336219000.0,18.378,113978000.0
32,IRM,MRT,2013-06-30,2013-06-30,2013-06-30,2021-08-05,-21697000.0,6334819000.0,6329728250.0,1045982000.0,5288837000.0,0.475,5.661,-289068000.0,292479000.0,292479000.0,1290887000.0,126927000.0,0.975,4.852,3938700000.0,324682000.0,3614018000.0,3938700000.0,210483000.0,327233000.0,0.0,0.197,4.842,479630000.0,806863000.0,0.268,806863000.0,479630000.0,227860000.0,0.69,0.69,0.69,1080273000.0,1158002000.0,1080273000.0,8275163104.0,17.0,10.256,145379000.0,0.762,1.0,1715832000.0,0.571,2774867000.0,251770000.0,6133248000.0,6193023250.0,0.0,0.0,0.0,0.0,5241280000.0,1072925000.0,4168355000.0,4689069104.0,88636000.0,-72966000.0,44112000.0,338243000.0,0.0,48065000.0,-388042000.0,2999000.0,434447000.0,-5834000.0,123269000.0,123269000.0,123269000.0,-1044000.0,3658000.0,0.041,1206274000.0,509558000.0,141686000.0,7.017,4.341,38.039,35.642,2452309000.0,0.0,24.593,1.56,1.561,581481000.0,126964000.0,3006719000.0,3006719000.0,0.0,0.019,0.106,0.077,0.16,27836000.0,884178000.0,1.0,190666820.0,190823000,192569000.0,15.757,3559952000.0,15918000.0,104591000.0,393596000.0,18.656,-26943000.0
33,IRM,MRT,2013-03-31,2013-03-31,2013-03-31,2021-08-05,5352000.0,6298180000.0,6267826500.0,1001136000.0,5297044000.0,0.479,5.86,-281098000.0,263612000.0,263612000.0,1282891000.0,138602000.0,1.185,4.639,3849706000.0,91853000.0,3757853000.0,3849706000.0,214734000.0,323238000.0,0.0,0.144,4.842,509570000.0,832808000.0,0.277,832808000.0,509570000.0,262573000.0,0.78,0.78,0.78,1114555000.0,1197836500.0,1114555000.0,9928694388.0,19.0,11.922,183359000.0,0.964,1.0,1721597000.0,0.573,2755009000.0,246997000.0,6284687000.0,6115619000.0,0.0,0.0,0.0,0.0,5170103000.0,844578000.0,4325525000.0,6380718388.0,51706000.0,-118572000.0,43928000.0,310855000.0,0.0,28238000.0,-433676000.0,1499000.0,464457000.0,-7313000.0,134958000.0,134958000.0,134958000.0,1382000.0,3644000.0,0.045,1184896000.0,536701000.0,168590000.0,6.208,5.725,47.279,43.023,2478111000.0,0.0,33.558,2.124,2.125,571402000.0,152496000.0,3004488000.0,3004488000.0,0.0,0.022,0.113,0.083,0.17,26270000.0,863162000.0,1.0,190140008.0,190213000,192110000.0,15.795,3543171000.0,0.0,127615000.0,408130000.0,18.627,156558000.0
34,IRM,MRT,2012-12-31,2012-12-31,2012-12-31,2021-08-05,20314000.0,6358339000.0,6214937000.0,1024092000.0,5334247000.0,0.483,6.624,-239226000.0,277027000.0,277027000.0,1277113000.0,174048000.0,1.132,4.518,3825003000.0,92887000.0,3732116000.0,3825003000.0,217133000.0,323292000.0,0.0,0.168,4.822,527825000.0,851117000.0,0.283,851117000.0,527825000.0,285226000.0,1.0,0.99,1.0,1149971000.0,1234101750.0,1149971000.0,8318895443.0,16.0,9.774,193510000.0,1.115,1.0,1726842000.0,0.575,2790879000.0,242599000.0,6210483000.0,6006900750.0,0.0,0.0,0.0,0.0,5195891000.0,904953000.0,4290938000.0,4950663443.0,63570000.0,-127464000.0,2192000.0,345658000.0,0.0,28230000.0,-400200000.0,1498000.0,432736000.0,2804000.0,170922000.0,170922000.0,170922000.0,8659000.0,3126000.0,0.057,1171170000.0,555672000.0,168120000.0,4.822,4.305,28.964,28.697,2477727000.0,0.0,28.697,1.648,1.658,572200000.0,185558000.0,3003955000.0,3003955000.0,0.0,0.028,0.138,0.088,0.176,30360000.0,850371000.0,1.0,172515017.0,173604000,174867000.0,17.303,3567460000.0,10152000.0,114304000.0,398549000.0,20.549,119139000.0
35,IRM,MRT,2012-09-30,2012-09-30,2012-09-30,2021-08-05,18270000.0,6327575000.0,6135666750.0,1065984000.0,5261591000.0,0.487,7.507,-224700000.0,371195000.0,371195000.0,1254009000.0,182649000.0,1.38,3.906,3739427000.0,71380000.0,3668047000.0,3739427000.0,196763000.0,326945000.0,0.0,0.033,1.04,561327000.0,888272000.0,0.297,888272000.0,561327000.0,324959000.0,1.1,1.1,1.1,1287209000.0,1258031000.0,1287209000.0,8697078505.0,15.0,9.791,280517000.0,1.636,1.0,1734616000.0,0.58,2779517000.0,236368000.0,6143675000.0,5870891000.0,0.0,0.0,0.0,0.0,5028450000.0,772615000.0,4255835000.0,5410926505.0,-146296000.0,-108625000.0,-448367000.0,327606000.0,0.0,-299474000.0,-349557000.0,-1503000.0,505217000.0,-2482000.0,178270000.0,178270000.0,178270000.0,20966000.0,4379000.0,0.06,1130687000.0,603929000.0,124762000.0,0.945,4.204,30.352,28.659,2410124000.0,0.0,31.525,1.811,1.809,576500000.0,913139000.0,2988625000.0,2988625000.0,0.0,0.029,0.142,0.096,0.188,25607000.0,808117000.0,1.0,171639223.0,171464000,172500000.0,17.43,3548058000.0,4393000.0,146689000.0,434854000.0,20.693,293369000.0
36,IRM,MRT,2012-06-30,2012-06-30,2012-06-30,2021-08-05,-1285000.0,6087212000.0,6151633750.0,891154000.0,5196058000.0,0.489,7.237,-211268000.0,206842000.0,206842000.0,1250026000.0,166823000.0,1.141,3.902,3492994000.0,62837000.0,3430157000.0,3492994000.0,202855000.0,322891000.0,0.0,0.033,1.02,521529000.0,844420000.0,0.281,844420000.0,521529000.0,296495000.0,0.99,0.98,0.99,1239611000.0,1362810250.0,1239611000.0,8455353611.0,16.0,10.013,373303000.0,2.179,1.0,1758780000.0,0.585,2769007000.0,225034000.0,5823631000.0,5776037250.0,0.0,0.0,0.0,0.0,4836888000.0,780726000.0,4056162000.0,5215082611.0,-101194000.0,-107241000.0,-734765000.0,584125000.0,0.0,-333230000.0,-340550000.0,-1504000.0,584571000.0,-11985000.0,162799000.0,162799000.0,162799000.0,33467000.0,4024000.0,0.054,1173618000.0,585162000.0,136666000.0,1.03,4.207,32.034,30.77,2376347000.0,0.0,30.462,1.733,1.734,572377000.0,906811000.0,3008806000.0,3008806000.0,0.0,0.026,0.119,0.09,0.173,25328000.0,812622000.0,1.0,171199613.0,171296000,172231000.0,17.565,3318205000.0,14446000.0,133696000.0,468064000.0,19.371,110428000.0
37,IRM,MRT,2012-03-31,2012-03-31,2012-03-31,2021-08-05,25286000.0,6086622000.0,6232505500.0,931999000.0,5154623000.0,0.484,7.352,-206945000.0,213405000.0,213405000.0,1244543000.0,380953000.0,1.198,3.825,3453676000.0,63229000.0,3390447000.0,3453676000.0,204101000.0,322628000.0,0.0,0.038,1.0,707834000.0,1030462000.0,0.342,1030462000.0,707834000.0,492412000.0,2.01,1.99,2.01,1259616000.0,1566309000.0,1259616000.0,7692463371.0,11.0,7.465,364040000.0,2.125,1.0,1770649000.0,0.587,2698939000.0,215422000.0,5849814000.0,5677793750.0,0.0,0.0,0.0,0.0,4817819000.0,778140000.0,4039679000.0,4553830371.0,-11524000.0,-49644000.0,-934136000.0,425398000.0,0.0,-687393000.0,110467000.0,-5000.0,570985000.0,-5583000.0,377428000.0,377428000.0,377428000.0,-154644000.0,3525000.0,0.125,1195237000.0,575412000.0,139236000.0,0.498,3.615,12.065,13.242,2402658000.0,0.0,26.617,1.51,1.512,558357000.0,915126000.0,3015192000.0,3015192000.0,0.0,0.061,0.241,0.125,0.235,22611000.0,832496000.0,1.0,171087289.0,171320000,172223000.0,17.6,3387683000.0,42289000.0,114984000.0,493950000.0,19.774,153859000.0
38,IRM,MRT,2011-12-31,2011-12-31,2011-12-31,2021-08-05,-2203000.0,6041258000.0,6328375500.0,914450000.0,5126808000.0,0.476,6.395,-204924000.0,214955000.0,214955000.0,1245200000.0,399592000.0,1.077,3.843,3353588000.0,73320000.0,3280268000.0,3353588000.0,197181000.0,325817000.0,0.0,0.033,0.938,707282000.0,1033099000.0,0.343,1033099000.0,707282000.0,502026000.0,2.06,2.04,2.06,1245688000.0,1756275750.0,1245688000.0,8088210850.0,11.0,7.829,410514000.0,2.108,1.0,1769503000.0,0.587,2664417000.0,205256000.0,5666444000.0,5612063000.0,0.0,0.0,0.0,0.0,4787002000.0,849030000.0,3937972000.0,5283792850.0,-78848000.0,-75581000.0,-899211000.0,307540000.0,0.0,-763808000.0,78508000.0,-5000.0,615438000.0,-8986000.0,395538000.0,395538000.0,395538000.0,-153180000.0,4054000.0,0.131,1198304000.0,571199000.0,156381000.0,0.455,4.242,13.358,13.818,2407083000.0,0.0,28.466,1.753,1.839,543467000.0,902567000.0,3014703000.0,3014703000.0,0.0,0.063,0.225,0.126,0.235,17250000.0,834591000.0,1.0,185617679.0,194777000,195938000.0,15.478,3376841000.0,43235000.0,106488000.0,507358000.0,17.337,65420000.0
39,IRM,MRT,2011-09-30,2011-09-30,2011-09-30,2021-08-05,5552000.0,6391443000.0,6422159250.0,1259943000.0,5131500000.0,0.457,8.723,-208315000.0,515988000.0,515988000.0,1203220000.0,396139000.0,1.669,2.741,3320406000.0,63193000.0,3257213000.0,3320406000.0,166096000.0,317684000.0,0.0,0.03,0.875,692980000.0,1010664000.0,0.345,1010664000.0,692980000.0,502385000.0,1.99,1.98,1.99,1706326000.0,1931215750.0,1706326000.0,8563296831.0,12.0,8.473,382747000.0,1.957,1.0,1729574000.0,0.59,2676912000.0,190595000.0,5764260000.0,5594634500.0,0.0,0.0,0.0,0.0,4677742000.0,754689000.0,3923053000.0,5936709831.0,296706000.0,-76126000.0,-478653000.0,270033000.0,0.0,-346824000.0,54654000.0,-4000.0,591062000.0,-2186000.0,392814000.0,392814000.0,392814000.0,-132627000.0,3325000.0,0.134,1157945000.0,571629000.0,130470000.0,0.44,3.479,15.113,14.685,2395967000.0,0.0,29.224,2.024,1.949,548422000.0,924087000.0,2932794000.0,2932794000.0,0.0,0.061,0.203,0.124,0.236,16586000.0,807175000.0,1.0,203145012.0,195610000,196717000.0,14.993,3714531000.0,50955000.0,109571000.0,517578000.0,18.989,505254000.0
40,IRM,MRT,2011-06-30,2011-06-30,2011-06-30,2021-08-05,70801000.0,6410699000.0,6412028000.0,1069646000.0,5341053000.0,0.452,10.184,-215362000.0,306532000.0,306532000.0,1196481000.0,207397000.0,1.34,2.118,2933119000.0,66199000.0,2866920000.0,2933119000.0,172816000.0,317690000.0,0.0,0.022,0.688,515056000.0,832746000.0,0.288,832746000.0,515056000.0,322454000.0,1.04,1.03,1.04,2053606000.0,1994769000.0,2053606000.0,9103686295.0,18.0,10.932,384737000.0,1.908,1.0,1699139000.0,0.587,2808237000.0,192602000.0,5430657000.0,5562900750.0,0.0,0.0,0.0,0.0,4348590000.0,798392000.0,3550198000.0,6322931295.0,-69055000.0,-77707000.0,-243417000.0,-381517000.0,0.0,-725542000.0,48385000.0,-3000.0,600099000.0,8003000.0,201700000.0,201700000.0,201700000.0,33211000.0,5697000.0,0.07,1155711000.0,543428000.0,133633000.0,0.662,3.079,31.348,30.294,2478199000.0,0.0,31.506,2.184,2.194,577616000.0,933626000.0,2895620000.0,2895620000.0,0.0,0.031,0.101,0.093,0.178,16196000.0,778328000.0,1.0,200689751.0,201653000,203311000.0,14.359,3602462000.0,51702000.0,120754000.0,501837000.0,17.865,271254000.0
41,IRM,MRT,2011-03-31,2011-03-31,2011-03-31,2021-08-05,52000000.0,6470102000.0,6471127250.0,1018602000.0,5451500000.0,0.442,10.086,-210682000.0,224924000.0,224924000.0,1183585000.0,-3898000.0,1.261,2.2,3005679000.0,44799000.0,2960880000.0,3005679000.0,209131000.0,295795000.0,0.0,0.017,0.5,329699000.0,625494000.0,0.219,625494000.0,329699000.0,133084000.0,-0.01,-0.01,-0.01,2019483000.0,2009445750.0,2019483000.0,8493875270.0,26.0,13.579,402628000.0,2.011,1.0,1678267000.0,0.586,2856019000.0,196615000.0,5586891000.0,5641864250.0,0.0,0.0,0.0,0.0,4442116000.0,807947000.0,3634169000.0,5778218270.0,-135605000.0,69744000.0,-89358000.0,-291400000.0,0.0,-454590000.0,-298117000.0,-2000.0,613310000.0,3792000.0,-9692000.0,-9692000.0,-9692000.0,225974000.0,5794000.0,-0.003,1125809000.0,552458000.0,132139000.0,-50.0,2.861,-596.184,-2886.3,2526664000.0,0.0,28.863,2.019,2.019,610149000.0,731566000.0,2861852000.0,2861852000.0,0.0,-0.001,-0.005,0.058,0.115,16986000.0,751714000.0,1.0,200194653.0,200228000,201251000.0,14.293,3614083000.0,43080000.0,142776000.0,489915000.0,18.05,210655000.0
42,IRM,MRT,2010-12-31,2010-12-31,2010-12-31,2021-08-05,29482000.0,6416393000.0,6538271500.0,1212462000.0,5203931000.0,0.442,9.631,-236313000.0,293798000.0,293798000.0,1192862000.0,-52678000.0,1.386,2.294,3008207000.0,96081000.0,2912126000.0,3008207000.0,190713000.0,309562000.0,0.0,0.016,0.375,314456000.0,624018000.0,0.216,624018000.0,314456000.0,109897000.0,-0.26,-0.26,-0.26,1945448000.0,2041538750.0,1945448000.0,7416439128.0,24.0,11.885,388827000.0,1.925,1.0,1699487000.0,0.588,2659369000.0,204559000.0,5596730000.0,5707932500.0,0.0,0.0,0.0,0.0,4463528000.0,874703000.0,3588825000.0,4625987128.0,-187963000.0,-13841000.0,-93338000.0,-250901000.0,0.0,-381234000.0,-432670000.0,-35102000.0,625140000.0,801000.0,-57586000.0,-57586000.0,-57586000.0,219417000.0,4908000.0,-0.02,1151938000.0,547549000.0,143765000.0,-1.442,2.378,-80.332,-88.904,2468244000.0,0.0,23.115,1.599,1.614,524326000.0,685310000.0,2892349000.0,2892349000.0,0.0,-0.009,-0.028,0.055,0.109,17274000.0,772811000.0,1.0,200129229.0,201991000,201991000.0,14.319,3757024000.0,44225000.0,167483000.0,492464000.0,18.6,337759000.0
43,IRM,MRT,2010-09-30,2010-09-30,2010-09-30,2021-08-05,22317000.0,6350918000.0,6645881750.0,994610000.0,5356308000.0,0.417,9.742,-240744000.0,219277000.0,219277000.0,1170258000.0,-21480000.0,1.331,2.236,3009729000.0,36756000.0,2972973000.0,3009729000.0,197317000.0,274450000.0,0.0,0.009,0.188,327888000.0,602338000.0,0.217,602338000.0,327888000.0,124275000.0,-0.12,-0.14,-0.12,1960539000.0,2093518500.0,1960539000.0,6951837038.0,21.0,11.541,387313000.0,1.925,1.0,1602288000.0,0.578,2756879000.0,203613000.0,5637325000.0,5774680750.0,0.0,0.0,0.0,0.0,4383706000.0,747166000.0,3636540000.0,4160604038.0,-265090000.0,-15891000.0,-77118000.0,-340669000.0,0.0,-442509000.0,-452972000.0,-35102000.0,628057000.0,2334000.0,-28591000.0,-28591000.0,-28591000.0,197621000.0,7111000.0,-0.01,1061307000.0,540981000.0,138364000.0,-1.567,2.122,-145.521,-172.058,2498870000.0,0.0,20.647,1.501,1.499,590230000.0,700203000.0,2772546000.0,2772546000.0,0.0,-0.004,-0.014,0.057,0.118,14353000.0,715837000.0,1.0,201511311.0,201249000,201249000.0,13.777,3594039000.0,27963000.0,152866000.0,478631000.0,17.859,247444000.0
44,IRM,MRT,2010-06-30,2010-06-30,2010-06-30,2021-08-05,-23963000.0,6647096000.0,6734708500.0,1125234000.0,5521862000.0,0.417,10.405,-271394000.0,375582000.0,375582000.0,1192106000.0,172514000.0,1.538,2.145,3166815000.0,37662000.0,3129153000.0,3166815000.0,207980000.0,278586000.0,0.0,0.006,0.125,541568000.0,820154000.0,0.292,820154000.0,541568000.0,330540000.0,0.84,0.82,0.84,2112313000.0,2115371250.0,2112313000.0,7080677796.0,13.0,8.633,365324000.0,1.8,1.0,1614193000.0,0.575,2960168000.0,211028000.0,5746511000.0,5839283500.0,0.0,0.0,0.0,0.0,4531041000.0,731650000.0,3799391000.0,4220049796.0,24423000.0,-14948000.0,-28140000.0,-101180000.0,0.0,-138448000.0,-476709000.0,-35102000.0,636718000.0,2862000.0,168371000.0,168371000.0,168371000.0,19314000.0,4143000.0,0.06,1037561000.0,576632000.0,124310000.0,0.149,1.998,25.064,24.712,2456819000.0,0.0,20.758,1.504,1.502,581176000.0,866511000.0,2806299000.0,2806299000.0,0.0,0.025,0.08,0.093,0.193,15191000.0,754314000.0,1.0,203297514.0,203006000,204210000.0,13.824,3686928000.0,25759000.0,162169000.0,450867000.0,18.162,393584000.0
45,IRM,MRT,2010-03-31,2010-03-31,2010-03-31,2021-08-05,8183000.0,6738679000.0,6691059250.0,1090323000.0,5648356000.0,0.423,10.55,-290623000.0,360524000.0,360524000.0,1210123000.0,218274000.0,1.502,2.135,3221152000.0,37803000.0,3183349000.0,3221152000.0,215995000.0,291888000.0,0.0,0.002,0.062,551959000.0,843847000.0,0.298,843847000.0,551959000.0,338373000.0,1.07,1.05,1.07,2147855000.0,2074476750.0,2147855000.0,7961194397.0,14.0,9.434,329963000.0,1.621,1.0,1617421000.0,0.572,3022234000.0,213586000.0,5851164000.0,5861840500.0,0.0,0.0,0.0,0.0,4586739000.0,725909000.0,3860830000.0,5156066397.0,53591000.0,-121540000.0,15767000.0,-111321000.0,0.0,-90737000.0,-483455000.0,-35102000.0,620586000.0,7197000.0,214717000.0,214717000.0,214717000.0,12138000.0,3557000.0,0.076,1060702000.0,556719000.0,132395000.0,0.058,2.401,24.013,23.666,2507730000.0,0.0,25.323,1.824,1.823,582599000.0,837860000.0,2827544000.0,2827544000.0,0.0,0.032,0.104,0.094,0.195,15678000.0,773393000.0,1.0,203611989.0,203581000,204705000.0,13.889,3716445000.0,31248000.0,123656000.0,463241000.0,18.255,364414000.0
46,IRM,MRT,2009-12-31,2009-12-31,2009-12-31,2021-08-05,27661000.0,6846834000.0,6567530500.0,1211425000.0,5635409000.0,0.422,10.618,-283326000.0,446656000.0,446656000.0,1201871000.0,219379000.0,1.487,2.178,3251784000.0,40561000.0,3211223000.0,3251784000.0,208062000.0,282303000.0,0.0,0.0,0.0,544257000.0,826560000.0,0.298,826560000.0,544257000.0,331712000.0,1.08,1.07,1.08,2153367000.0,1991162000.0,2153367000.0,7134943168.0,13.0,8.632,333585000.0,1.645,1.0,1572513000.0,0.567,2973525000.0,212545000.0,5863723000.0,5806306250.0,0.0,0.0,0.0,0.0,4689363000.0,814714000.0,3874649000.0,4277565168.0,168286000.0,-4632000.0,24233000.0,-159115000.0,0.0,-129692000.0,-324066000.0,0.0,616911000.0,5133000.0,217950000.0,217950000.0,217950000.0,12138000.0,1429000.0,0.079,1027288000.0,545225000.0,175231000.0,0.0,1.986,19.626,19.477,2568200000.0,0.0,21.035,1.542,1.538,585376000.0,825014000.0,2774384000.0,2774384000.0,0.0,0.033,0.109,0.094,0.196,15210000.0,749934000.0,1.0,203354655.0,202812000,204271000.0,13.68,3873309000.0,37924000.0,113762000.0,467067000.0,19.098,396711000.0
47,IRM,MRT,2009-09-30,2009-09-30,2009-09-30,2021-08-05,4822000.0,6706225000.0,6445035500.0,1197667000.0,5508558000.0,0.463,10.078,-327474000.0,449263000.0,449263000.0,1286194000.0,158512000.0,1.66,2.274,3306641000.0,30706000.0,3275935000.0,3306641000.0,206592000.0,314860000.0,0.0,0.0,0.0,522313000.0,837173000.0,0.28,837173000.0,522313000.0,294712000.0,0.78,0.78,0.78,2047950000.0,1903515250.0,2047950000.0,7922705307.0,15.0,9.464,293035000.0,1.442,1.0,1700620000.0,0.569,2946370000.0,227601000.0,5895736000.0,5764392750.0,0.0,0.0,0.0,0.0,4656151000.0,721497000.0,3934654000.0,4999794307.0,131019000.0,-2441000.0,24242000.0,-171568000.0,0.0,-139993000.0,-340934000.0,0.0,620509000.0,-8563000.0,160978000.0,160978000.0,160978000.0,0.0,-2466000.0,0.054,1172751000.0,527869000.0,136573000.0,0.0,2.441,31.059,31.59,2467922000.0,0.0,24.64,1.674,1.676,596427000.0,751535000.0,2986814000.0,2986814000.0,0.0,0.025,0.085,0.091,0.175,18460000.0,860126000.0,1.0,202913730.0,203216000,204893000.0,14.698,3759855000.0,25250000.0,133734000.0,462721000.0,18.502,476170000.0
48,IRM,MRT,2009-06-30,2009-06-30,2009-06-30,2021-08-05,-34562000.0,6472499000.0,6427902750.0,1112613000.0,5359886000.0,0.468,9.623,-345005000.0,316056000.0,316056000.0,1316975000.0,126587000.0,1.644,2.32,3238967000.0,30583000.0,3208384000.0,3238967000.0,206135000.0,308322000.0,0.0,0.0,0.0,501792000.0,810114000.0,0.269,810114000.0,501792000.0,274237000.0,0.63,0.63,0.63,1948735000.0,1865894250.0,1948735000.0,8265748828.0,16.0,10.203,250682000.0,1.238,1.0,1689292000.0,0.562,2881900000.0,227555000.0,5836739000.0,5763644250.0,0.0,0.0,0.0,0.0,4520933000.0,676771000.0,3844162000.0,5377184828.0,112859000.0,-11762000.0,17188000.0,-122795000.0,0.0,-101052000.0,-368749000.0,0.0,595687000.0,-13027000.0,129106000.0,129106000.0,129106000.0,0.0,-2519000.0,0.043,1167727000.0,521565000.0,123618000.0,0.0,2.759,41.649,42.176,2387316000.0,0.0,26.571,1.789,1.79,589156000.0,708349000.0,3006267000.0,3006267000.0,0.0,0.02,0.069,0.087,0.167,18289000.0,860451000.0,1.0,202370435.0,202502000,204199000.0,14.846,3590599000.0,37988000.0,145131000.0,442495000.0,17.731,435842000.0
49,IRM,MRT,2009-03-31,2009-03-31,2009-03-31,2021-08-05,-65732000.0,6244564000.0,6436930500.0,973938000.0,5270626000.0,0.471,8.98,-363691000.0,271831000.0,271831000.0,1351248000.0,74813000.0,1.467,2.439,3160395000.0,30032000.0,3130363000.0,3160395000.0,199679000.0,302463000.0,0.0,0.0,0.0,465720000.0,768183000.0,0.254,768183000.0,465720000.0,233583000.0,0.38,0.38,0.38,1814596000.0,1853796000.0,1814596000.0,7103846392.0,15.0,9.248,228309000.0,1.13,1.0,1677848000.0,0.554,2840388000.0,232137000.0,5629027000.0,5775691750.0,0.0,0.0,0.0,0.0,4426526000.0,663713000.0,3762813000.0,4139001392.0,164407000.0,-55994000.0,16959000.0,-2576000.0,0.0,20446000.0,-433433000.0,0.0,592000000.0,-14606000.0,77354000.0,77354000.0,77354000.0,0.0,-2541000.0,0.026,1170451000.0,507397000.0,121211000.0,0.0,2.281,53.507,53.921,2336353000.0,0.0,20.49,1.366,1.367,562656000.0,620711000.0,3029096000.0,3029096000.0,0.0,0.012,0.042,0.081,0.154,18240000.0,870529000.0,1.0,202001044.0,202066000,203312000.0,14.991,3404176000.0,39305000.0,156229000.0,442067000.0,16.847,310225000.0
50,IRM,MRT,2008-12-31,2008-12-31,2008-12-31,2021-08-05,-41215000.0,6356854000.0,6457434250.0,976392000.0,5380462000.0,0.473,8.957,-387071000.0,278370000.0,278370000.0,1382019000.0,81943000.0,1.338,2.524,3243215000.0,35751000.0,3207464000.0,3243215000.0,182759000.0,295720000.0,0.0,0.0,0.0,461596000.0,757316000.0,0.248,757316000.0,461596000.0,224961000.0,0.41,0.4,0.41,1802780000.0,1858782250.0,1802780000.0,7706906718.0,17.0,10.177,149958000.0,0.745,1.0,1673115000.0,0.548,2896033000.0,236635000.0,5696069000.0,5819745750.0,0.0,0.0,0.0,0.0,4550526000.0,729597000.0,3820929000.0,4609416718.0,152763000.0,-58341000.0,16145000.0,65151000.0,0.0,87368000.0,-459594000.0,0.0,537029000.0,-12040000.0,82037000.0,82037000.0,82037000.0,0.0,-94000.0,0.027,1180585000.0,492530000.0,154614000.0,0.0,2.557,56.187,55.746,2386754000.0,0.0,22.856,1.509,1.506,552830000.0,591912000.0,3055134000.0,3055134000.0,0.0,0.013,0.044,0.079,0.151,18988000.0,882364000.0,1.0,201672065.0,201279000,203290000.0,15.179,3460821000.0,41305000.0,142924000.0,427324000.0,17.194,246795000.0
51,IRM,MRT,2008-09-30,2008-09-30,2008-09-30,2021-08-05,64275000.0,6637694000.0,6445201000.0,1082300000.0,5555394000.0,0.47,9.413,-391826000.0,318244000.0,318244000.0,1381527000.0,109985000.0,1.385,2.498,3415734000.0,22367000.0,3393367000.0,3415734000.0,196615000.0,290902000.0,0.0,0.0,0.0,462759000.0,753661000.0,0.249,753661000.0,462759000.0,224080000.0,0.55,0.55,0.55,1897466000.0,1856951000.0,1897466000.0,7761332370.0,17.0,10.298,115348000.0,0.572,1.0,1648053000.0,0.544,3060857000.0,238679000.0,5892742000.0,5802786000.0,0.0,0.0,0.0,0.0,4740228000.0,781585000.0,3958643000.0,4546740370.0,227493000.0,-199574000.0,18753000.0,298309000.0,0.0,326102000.0,-606340000.0,0.0,507174000.0,557000.0,108683000.0,108683000.0,108683000.0,0.0,1302000.0,0.036,1166588000.0,481465000.0,139117000.0,0.0,2.396,41.835,41.018,2391113000.0,0.0,22.56,1.501,1.501,610472000.0,590557000.0,3029580000.0,3029580000.0,0.0,0.017,0.059,0.08,0.153,18625000.0,876869000.0,1.0,201539910.0,201575000,203518000.0,15.03,3576837000.0,58029000.0,115397000.0,394026000.0,17.744,300715000.0
52,IRM,MRT,2008-06-30,2008-06-30,2008-06-30,2021-08-05,85506000.0,6508610000.0,6261573250.0,955149000.0,5553461000.0,0.471,9.461,-384130000.0,203197000.0,203197000.0,1351874000.0,150067000.0,1.264,2.425,3417789000.0,98839000.0,3318950000.0,3417789000.0,197680000.0,279100000.0,0.0,0.0,0.0,461549000.0,740649000.0,0.251,740649000.0,461549000.0,224737000.0,0.75,0.74,0.75,1900342000.0,1812283500.0,1900342000.0,8130684166.0,18.0,10.978,83384000.0,0.415,1.0,1595201000.0,0.541,3082665000.0,236812000.0,5884929000.0,5676359250.0,0.0,0.0,0.0,0.0,4608268000.0,755608000.0,3852660000.0,4933101166.0,108233000.0,-265701000.0,19474000.0,274427000.0,0.0,303700000.0,-664085000.0,0.0,467514000.0,1104000.0,148703000.0,148703000.0,148703000.0,0.0,1364000.0,0.05,1121294000.0,473907000.0,147441000.0,0.0,2.596,33.174,32.717,2371339000.0,0.0,24.538,1.674,1.672,603419000.0,579243000.0,2947075000.0,2947075000.0,0.0,0.024,0.082,0.081,0.157,17890000.0,850185000.0,1.0,201039252.0,200855000,203038000.0,14.673,3425945000.0,57773000.0,76034000.0,355477000.0,17.057,199541000.0
53,IRM,MRT,2008-03-31,2008-03-31,2008-03-31,2021-08-05,71650000.0,6326579000.0,6062869750.0,860257000.0,5466322000.0,0.47,9.133,-389482000.0,107424000.0,107424000.0,1312866000.0,153381000.0,1.263,2.449,3305007000.0,25790000.0,3279217000.0,3305007000.0,203015000.0,266749000.0,0.0,0.0,0.0,455345000.0,722094000.0,0.254,722094000.0,455345000.0,217068000.0,0.77,0.75,0.77,1834541000.0,1750300000.0,1834541000.0,8048300821.0,18.0,11.146,65718000.0,0.327,1.0,1534041000.0,0.539,3037614000.0,238277000.0,5805243000.0,5503288750.0,0.0,0.0,0.0,0.0,4492038000.0,681305000.0,3810733000.0,4907619821.0,45943000.0,-465993000.0,20067000.0,430677000.0,0.0,458981000.0,-871392000.0,0.0,455200000.0,3154000.0,151869000.0,151869000.0,151869000.0,0.0,1512000.0,0.053,1072786000.0,461255000.0,151222000.0,0.0,2.675,32.315,31.735,2334331000.0,0.0,24.436,1.724,1.724,586458000.0,543357000.0,2846907000.0,2846907000.0,0.0,0.025,0.087,0.083,0.16,16392000.0,813098000.0,1.0,200835645.0,200871000,203421000.0,14.173,3288965000.0,59352000.0,65199000.0,360230000.0,16.374,178952000.0
54,IRM,MRT,2007-12-31,2007-12-31,2007-12-31,2021-08-05,74061000.0,6307921000.0,5798657750.0,822396000.0,5485525000.0,0.471,8.98,-368706000.0,125607000.0,125607000.0,1260120000.0,154014000.0,1.074,2.513,3266288000.0,33440000.0,3232848000.0,3266288000.0,194344000.0,254655000.0,0.0,0.0,0.0,450697000.0,705352000.0,0.258,705352000.0,450697000.0,222104000.0,0.77,0.76,0.77,1795455000.0,1688542000.0,1795455000.0,9869477389.0,22.0,13.992,115938000.0,0.58,1.0,1469915000.0,0.538,3054695000.0,228593000.0,5628230000.0,5238425500.0,0.0,0.0,0.0,0.0,4512466000.0,765677000.0,3746789000.0,6857548389.0,80238000.0,-481526000.0,21843000.0,426447000.0,0.0,457005000.0,-866635000.0,0.0,484644000.0,5224000.0,153094000.0,153094000.0,153094000.0,0.0,920000.0,0.056,1015197000.0,454718000.0,208672000.0,0.0,3.819,44.793,44.434,2335961000.0,0.0,34.214,2.512,2.506,564049000.0,509875000.0,2730035000.0,2730035000.0,0.0,0.026,0.091,0.086,0.165,13861000.0,771375000.0,1.0,200431063.0,199938000,202062000.0,13.654,3253226000.0,41465000.0,69010000.0,351226000.0,16.271,56719000.0
55,IRM,MRT,2007-09-30,2007-09-30,2007-09-30,2021-08-05,60618000.0,5903183000.0,5524057750.0,751397000.0,5151786000.0,0.473,8.585,-356743000.0,90751000.0,90751000.0,1200949000.0,162228000.0,1.143,2.434,3102680000.0,28381000.0,3074299000.0,3102680000.0,177283000.0,240427000.0,0.0,0.0,0.0,458166000.0,698593000.0,0.267,698593000.0,458166000.0,238389000.0,0.82,0.79,0.82,1718796000.0,1627996500.0,1718796000.0,8545036357.0,19.0,12.232,66204000.0,0.331,1.0,1411592000.0,0.54,2870614000.0,219777000.0,5387035000.0,5017977000.0,0.0,0.0,0.0,0.0,4184387000.0,657463000.0,3526924000.0,5636541357.0,45362000.0,-349237000.0,23253000.0,309920000.0,0.0,339530000.0,-721664000.0,0.0,422947000.0,4549000.0,162228000.0,162228000.0,162228000.0,0.0,0.0,0.062,957050000.0,454542000.0,139452000.0,0.0,3.279,34.745,34.354,2198336000.0,0.0,28.17,2.157,2.159,560085000.0,481874000.0,2612541000.0,2612541000.0,0.0,0.029,0.1,0.091,0.175,13287000.0,736968000.0,1.0,200090215.0,200203000,202111000.0,13.049,3032569000.0,2223000.0,76161000.0,277549000.0,15.147,93934000.0
56,IRM,MRT,2007-06-30,2007-06-30,2007-06-30,2021-08-05,53534000.0,5713796000.0,5312998750.0,712962000.0,5000834000.0,0.472,8.271,-368289000.0,94964000.0,94964000.0,1155578000.0,137507000.0,1.128,2.458,3003459000.0,31805000.0,2971654000.0,3003459000.0,169792000.0,230679000.0,0.0,0.0,0.0,434909000.0,665588000.0,0.266,665588000.0,434909000.0,222226000.0,0.69,0.67,0.69,1652408000.0,1574193750.0,1652408000.0,7450691195.0,17.0,11.194,39021000.0,0.195,1.0,1350740000.0,0.539,2797476000.0,212683000.0,5192647000.0,4816801750.0,0.0,0.0,0.0,0.0,4061388000.0,632168000.0,3429220000.0,4819570195.0,54012000.0,-279017000.0,24352000.0,273666000.0,0.0,305782000.0,-663071000.0,0.0,407310000.0,3991000.0,137507000.0,137507000.0,137507000.0,0.0,0.0,0.055,927855000.0,422885000.0,142714000.0,0.0,2.917,35.05,35.0,2135494000.0,0.0,24.15,1.923,1.925,522448000.0,430540000.0,2506318000.0,2506318000.0,0.0,0.026,0.087,0.09,0.174,12370000.0,712296000.0,1.0,199568124.0,199792000,201742000.0,12.545,2916320000.0,14167000.0,84719000.0,288465000.0,14.597,80794000.0
57,IRM,MRT,2007-03-31,2007-03-31,2007-03-31,2021-08-05,41420000.0,5269731000.0,5123777750.0,667592000.0,4602139000.0,0.472,7.968,-363870000.0,61481000.0,61481000.0,1106905000.0,136297000.0,1.003,2.319,2692602000.0,99883000.0,2592719000.0,2692602000.0,165052000.0,221439000.0,0.0,0.0,0.0,429919000.0,651358000.0,0.269,651358000.0,429919000.0,231204000.0,0.68,0.67,0.68,1587509000.0,1526992500.0,1587509000.0,7433004363.0,17.0,11.412,50379000.0,0.253,1.0,1312292000.0,0.542,2489367000.0,198715000.0,4745790000.0,4639698750.0,0.0,0.0,0.0,0.0,3682222000.0,665695000.0,3016527000.0,4809557363.0,18929000.0,-79998000.0,23719000.0,31680000.0,0.0,60380000.0,-458408000.0,0.0,414249000.0,2708000.0,136297000.0,136297000.0,136297000.0,0.0,0.0,0.056,897747000.0,414545000.0,132926000.0,0.0,3.03,35.287,35.515,2047616000.0,0.0,24.15,1.988,1.989,485687000.0,391488000.0,2419197000.0,2419197000.0,0.0,0.027,0.089,0.093,0.178,12157000.0,691736000.0,1.0,199153514.0,199230000,201416000.0,12.143,2780364000.0,34957000.0,94907000.0,263226000.0,13.956,1897000.0
58,IRM,MRT,2006-12-31,2006-12-31,2006-12-31,2021-08-05,33794000.0,5209521000.0,5005684250.0,679721000.0,4529800000.0,0.47,7.84,-365312000.0,45369000.0,45369000.0,1074268000.0,128863000.0,1.064,2.354,2668816000.0,63105000.0,2605711000.0,2668816000.0,160148000.0,213836000.0,0.0,0.0,0.0,417616000.0,631452000.0,0.269,631452000.0,417616000.0,222658000.0,0.65,0.64,0.65,1553273000.0,1480627500.0,1553273000.0,7648078982.0,18.0,12.112,8970000.0,0.045,1.0,1276074000.0,0.543,2447885000.0,194958000.0,4746436000.0,4554584000.0,0.0,0.0,0.0,0.0,3656248000.0,638647000.0,3017601000.0,5058638982.0,-8044000.0,-87151000.0,22245000.0,58170000.0,0.0,82734000.0,-466714000.0,0.0,374282000.0,1654000.0,128863000.0,128863000.0,128863000.0,0.0,0.0,0.055,868887000.0,407187000.0,148461000.0,0.0,3.257,39.256,39.186,2015235000.0,0.0,25.471,2.152,2.147,473366000.0,373387000.0,2350342000.0,2350342000.0,0.0,0.026,0.087,0.092,0.178,12387000.0,670074000.0,1.0,198603862.0,198116000,200463000.0,11.863,2761636000.0,60537000.0,93795000.0,280225000.0,13.939,41074000.0
59,IRM,MRT,2006-09-30,2006-09-30,2006-09-30,2021-08-05,34261000.0,5058947000.0,4894839000.0,619919000.0,4439028000.0,0.466,7.582,-314376000.0,45389000.0,45389000.0,1040994000.0,118091000.0,1.006,2.365,2634829000.0,59748000.0,2575081000.0,2634829000.0,156505000.0,211331000.0,0.0,0.0,0.0,390766000.0,602097000.0,0.264,602097000.0,390766000.0,200224000.0,0.597,0.6,0.597,1503585000.0,1434841500.0,1503585000.0,7814900296.0,20.0,12.979,63154000.0,0.318,1.0,1238196000.0,0.543,2449867000.0,190542000.0,4582334000.0,4438603750.0,0.0,0.0,0.0,0.0,3555362000.0,616186000.0,2939176000.0,5248094296.0,1399000.0,-209871000.0,23087000.0,148610000.0,0.0,171461000.0,-547643000.0,0.0,377530000.0,51000.0,118091000.0,118091000.0,118091000.0,0.0,0.0,0.052,848933000.0,389263000.0,137331000.0,0.0,3.49,44.441,44.317,1927782000.0,0.0,26.457,2.303,2.302,457996000.0,336252000.0,2279190000.0,2279190000.0,0.0,0.024,0.082,0.088,0.171,11029000.0,646330000.0,1.0,198363166.0,198308000,200585000.0,11.493,2609080000.0,27533000.0,82133000.0,272133000.0,13.157,3733000.0
60,IRM,MRT,2006-06-30,2006-06-30,2006-06-30,2021-08-05,29020000.0,4956912000.0,4768224750.0,589596000.0,4367316000.0,0.463,7.396,-268359000.0,40952000.0,40952000.0,1001181000.0,127855000.0,0.968,2.387,2607758000.0,65762000.0,2541996000.0,2607758000.0,159685000.0,203753000.0,0.0,0.0,0.0,402808000.0,606561000.0,0.274,606561000.0,402808000.0,218420000.0,0.653,0.65,0.653,1463603000.0,1390800750.0,1463603000.0,7078354557.0,18.0,11.67,91197000.0,0.461,1.0,1208871000.0,0.547,2430269000.0,184388000.0,4484235000.0,4328471250.0,0.0,0.0,0.0,0.0,3493309000.0,609214000.0,2884095000.0,4556421557.0,11435000.0,-215350000.0,23479000.0,130817000.0,0.0,150957000.0,-498638000.0,0.0,359556000.0,-440000.0,127855000.0,127855000.0,127855000.0,0.0,0.0,0.058,814561000.0,394310000.0,139564000.0,0.0,3.113,35.637,35.27,1875516000.0,0.0,23.031,2.062,2.062,440285000.0,309639000.0,2210052000.0,2210052000.0,0.0,0.027,0.092,0.093,0.182,9866000.0,620170000.0,1.0,197838633.0,197894000,200167000.0,11.168,2526643000.0,25745000.0,90565000.0,254500000.0,12.768,-19618000.0
61,IRM,MRT,2006-03-31,2006-03-31,2006-03-31,2021-08-05,17122000.0,4797357000.0,4664110500.0,563093000.0,4234264000.0,0.459,7.098,-260282000.0,42552000.0,42552000.0,969979000.0,115423000.0,1.023,2.422,2564485000.0,33218000.0,2531267000.0,2564485000.0,157349000.0,197201000.0,0.0,0.0,0.0,384998000.0,582199000.0,0.272,582199000.0,384998000.0,200642000.0,0.59,0.587,0.59,1402049000.0,1347617500.0,1402049000.0,7437108111.0,19.0,12.774,115478000.0,0.585,1.0,1170427000.0,0.547,2363422000.0,184356000.0,4405331000.0,4240800000.0,0.0,0.0,0.0,0.0,3395308000.0,550537000.0,2844771000.0,4961090111.0,13776000.0,-171490000.0,22431000.0,65608000.0,0.0,85185000.0,-445569000.0,0.0,375760000.0,-1600000.0,115423000.0,115423000.0,115423000.0,0.0,0.0,0.054,782318000.0,388109000.0,113612000.0,0.0,3.538,42.982,42.546,1806793000.0,0.0,25.102,2.318,2.316,421936000.0,271797000.0,2140406000.0,2140406000.0,0.0,0.025,0.086,0.091,0.18,7852000.0,593198000.0,1.0,197637244.0,197522000,199971000.0,10.836,2433935000.0,27165000.0,85219000.0,236396000.0,12.322,12556000.0
62,IRM,MRT,2005-12-31,2005-12-31,2005-12-31,2021-08-05,18684000.0,4766140000.0,4591753750.0,554168000.0,4211972000.0,0.453,6.991,-244506000.0,53413000.0,53413000.0,938239000.0,111099000.0,0.936,2.479,2529431000.0,25905000.0,2503526000.0,2529431000.0,151137000.0,191873000.0,0.0,0.0,0.0,376167000.0,568040000.0,0.273,568040000.0,376167000.0,192583000.0,0.57,0.56,0.57,1370129000.0,1310972250.0,1370129000.0,7481868030.0,20.0,13.171,132670000.0,0.677,1.0,1139916000.0,0.549,2367647000.0,183584000.0,4282515000.0,4185902500.0,0.0,0.0,0.0,0.0,3396011000.0,591996000.0,2804015000.0,5117416030.0,21471000.0,-178238000.0,25649000.0,59131000.0,0.0,81449000.0,-436175000.0,0.0,377176000.0,-979000.0,111099000.0,111099000.0,111099000.0,0.0,0.0,0.053,753132000.0,386784000.0,148234000.0,0.0,3.735,46.062,45.639,1781266000.0,0.0,26.014,2.462,2.453,408564000.0,244524000.0,2078155000.0,2078155000.0,0.0,0.024,0.085,0.09,0.181,6189000.0,569695000.0,1.0,196717768.0,195988000,198104000.0,10.603,2398493000.0,27623000.0,81484000.0,225314000.0,12.238,-37828000.0
63,IRM,MRT,2005-09-30,2005-09-30,2005-09-30,2021-08-05,17694000.0,4552490000.0,4510815500.0,545852000.0,4006638000.0,0.448,6.762,-261984000.0,43990000.0,43990000.0,911095000.0,114623000.0,1.034,2.43,2408442000.0,26303000.0,2382139000.0,2408442000.0,142234000.0,183647000.0,0.0,0.0,0.0,383922000.0,567569000.0,0.281,567569000.0,383922000.0,201268000.0,0.59,0.573,0.59,1327422000.0,1273082000.0,1327422000.0,6837317273.0,18.0,12.047,113262000.0,0.577,1.0,1107632000.0,0.549,2247297000.0,182654000.0,4141804000.0,4151025500.0,0.0,0.0,0.0,0.0,3225068000.0,527841000.0,2697227000.0,4437072273.0,-438000.0,-177764000.0,33921000.0,47598000.0,0.0,67253000.0,-443088000.0,0.0,375246000.0,151000.0,114623000.0,114623000.0,114623000.0,0.0,0.0,0.057,730776000.0,376856000.0,111683000.0,0.0,3.343,38.71,38.325,1702477000.0,0.0,22.612,2.198,2.199,394599000.0,218161000.0,2018727000.0,2018727000.0,0.0,0.025,0.09,0.092,0.19,7868000.0,550885000.0,1.0,196226440.0,196293000,198424500.0,10.284,2305193000.0,32789000.0,86645000.0,249187000.0,11.744,18011000.0
64,IRM,MRT,2005-06-30,2005-06-30,2005-06-30,2021-08-05,25866000.0,4540455000.0,4424250000.0,511298000.0,4029157000.0,0.441,6.596,-261509000.0,29517000.0,29517000.0,883478000.0,96696000.0,0.936,2.517,2429762000.0,23566000.0,2406196000.0,2429762000.0,140572000.0,180054000.0,0.0,0.0,0.0,362656000.0,542710000.0,0.278,542710000.0,362656000.0,169997000.0,0.497,0.487,0.497,1290870000.0,1232504750.0,1290870000.0,6207803773.0,17.0,11.439,105473000.0,0.539,1.0,1068107000.0,0.547,2261172000.0,192659000.0,4133550000.0,4099014000.0,0.0,0.0,0.0,0.0,3249585000.0,545978000.0,2703607000.0,3737166773.0,-10489000.0,-238212000.0,30413000.0,115380000.0,0.0,132868000.0,-511569000.0,0.0,366982000.0,1230000.0,96696000.0,96696000.0,96696000.0,0.0,0.0,0.05,708426000.0,359681000.0,115093000.0,0.0,2.895,38.649,38.457,1708386000.0,0.0,19.113,1.915,1.917,375839000.0,181784000.0,1951585000.0,1951585000.0,0.0,0.022,0.078,0.088,0.186,6003000.0,531951000.0,1.0,195530098.0,195711000,197205000.0,9.972,2279283000.0,34542000.0,73301000.0,231026000.0,11.646,-34680000.0
65,IRM,MRT,2005-03-31,2005-03-31,2005-03-31,2021-08-05,23773000.0,4507930000.0,4305858000.0,512324000.0,3995606000.0,0.438,6.439,-244452000.0,28776000.0,28776000.0,856217000.0,94143000.0,0.961,2.591,2499413000.0,50887000.0,2448526000.0,2499413000.0,139578000.0,174995000.0,0.0,0.0,0.0,352499000.0,527494000.0,0.28,527494000.0,352499000.0,164403000.0,0.49,0.473,0.49,1255468000.0,1192604250.0,1255468000.0,5908291420.0,17.0,11.201,82718000.0,0.424,1.0,1028856000.0,0.546,2259743000.0,188096000.0,4185741000.0,4025373500.0,0.0,0.0,0.0,0.0,3252462000.0,533083000.0,2719379000.0,3462211420.0,-2202000.0,-250766000.0,23427000.0,171645000.0,0.0,177313000.0,-507620000.0,0.0,327170000.0,935000.0,94143000.0,94143000.0,94143000.0,0.0,0.0,0.05,679002000.0,349854000.0,101068000.0,0.0,2.758,36.776,36.265,1673966000.0,0.0,17.77,1.837,1.838,376866000.0,156374000.0,1885073000.0,1885073000.0,0.0,0.022,0.079,0.088,0.187,4900000.0,509126000.0,1.0,194834632.0,194971500,197275500.0,9.668,2248187000.0,35805000.0,70260000.0,215682000.0,11.531,-20759000.0
66,IRM,MRT,2004-12-31,2004-12-31,2004-12-31,2021-08-05,20285000.0,4442387000.0,4181097750.0,501154000.0,3941233000.0,0.435,6.293,-228855000.0,31942000.0,31942000.0,823899000.0,94191000.0,0.972,2.646,2478022000.0,39435000.0,2438587000.0,2478022000.0,136470000.0,167275000.0,0.0,0.0,0.0,349514000.0,516789000.0,0.284,516789000.0,349514000.0,163765000.0,0.49,0.48,0.49,1218568000.0,1153873000.0,1218568000.0,5949471197.0,17.0,11.512,76509000.0,0.395,1.0,993690000.0,0.547,2229997000.0,185749000.0,4143007000.0,3943939250.0,0.0,0.0,0.0,0.0,3223819000.0,515463000.0,2708356000.0,3645821197.0,-42741000.0,-385196000.0,18041000.0,311892000.0,0.0,276569000.0,-626523000.0,0.0,305364000.0,1849000.0,94191000.0,94191000.0,94191000.0,0.0,0.0,0.052,649194000.0,344496000.0,103415000.0,0.0,2.992,38.707,38.339,1649796000.0,0.0,18.786,2.006,2.001,354434000.0,133425000.0,1817589000.0,1817589000.0,0.0,0.023,0.082,0.089,0.192,3857000.0,486246000.0,1.0,194071180.0,193625000,196764000.0,9.387,2212390000.0,36033000.0,69574000.0,206539000.0,11.426,-14309000.0
67,IRM,MRT,2004-09-30,2004-09-30,2004-09-30,2021-08-05,7194000.0,4206228000.0,4043525750.0,479628000.0,3726600000.0,0.432,6.008,-207974000.0,44428000.0,44428000.0,796143000.0,92730000.0,1.02,2.61,2348078000.0,17923000.0,2330155000.0,2348078000.0,119165000.0,160100000.0,0.0,0.0,0.0,341640000.0,501740000.0,0.287,501740000.0,341640000.0,161493000.0,0.48,0.471,0.48,1165113000.0,1115759500.0,1165113000.0,6282013558.0,18.0,12.52,106079000.0,0.547,1.0,951009000.0,0.544,2105743000.0,180147000.0,3933758000.0,3765651000.0,0.0,0.0,0.0,0.0,3041115000.0,470377000.0,2570738000.0,4043165558.0,20884000.0,-254615000.0,9191000.0,217869000.0,0.0,180563000.0,-476040000.0,0.0,314053000.0,2308000.0,92730000.0,92730000.0,92730000.0,0.0,0.0,0.053,606623000.0,344386000.0,96619000.0,0.0,3.47,43.601,43.45,1575446000.0,0.0,20.856,2.314,2.315,343941000.0,103538000.0,1747152000.0,1747152000.0,0.0,0.023,0.083,0.091,0.196,1664000.0,451720000.0,1.0,193861026.0,193932000,197049000.0,9.009,2100485000.0,32213000.0,68763000.0,183602000.0,10.831,9251000.0
68,IRM,MRT,2004-06-30,2004-06-30,2004-06-30,2021-08-05,-4827000.0,4066887000.0,3926854000.0,461387000.0,3605500000.0,0.425,5.848,-192345000.0,40006000.0,40006000.0,757701000.0,89074000.0,1.024,2.595,2278854000.0,18381000.0,2260473000.0,2278854000.0,115443000.0,150624000.0,0.0,0.0,0.0,320180000.0,470804000.0,0.282,470804000.0,320180000.0,155556000.0,0.467,0.451,0.467,1131268000.0,1080068750.0,1131268000.0,6097048954.0,19.0,12.95,95428000.0,0.493,1.0,911879000.0,0.546,2016225000.0,164624000.0,3838988000.0,3651565250.0,0.0,0.0,0.0,0.0,2935619000.0,450522000.0,2485097000.0,3830907954.0,-137857000.0,-537639000.0,8426000.0,339789000.0,0.0,317152000.0,-744248000.0,0.0,287773000.0,1466000.0,89074000.0,89074000.0,89074000.0,0.0,0.0,0.053,575246000.0,336633000.0,85154000.0,0.0,3.386,43.008,42.448,1542890000.0,0.0,19.823,2.295,2.297,322444000.0,85088000.0,1669580000.0,1669580000.0,0.0,0.023,0.082,0.088,0.192,1664000.0,427299000.0,1.0,193255711.0,193434000,196554000.0,8.631,2050662000.0,35310000.0,66482000.0,168337000.0,10.601,10865000.0
69,IRM,MRT,2004-03-31,2004-03-31,2004-03-31,2021-08-05,-4000000.0,4008889000.0,3779186000.0,429712000.0,3579177000.0,0.419,5.707,-192428000.0,30978000.0,30978000.0,718906000.0,86350000.0,0.987,2.643,2297119000.0,34351000.0,2262768000.0,2297119000.0,109694000.0,141526000.0,0.0,0.0,0.0,310654000.0,452180000.0,0.286,452180000.0,310654000.0,152292000.0,0.453,0.438,0.453,1100543000.0,1047640750.0,1100543000.0,5553227172.0,18.0,12.281,101349000.0,0.526,1.0,864534000.0,0.546,1979478000.0,158362000.0,3860004000.0,3469535000.0,0.0,0.0,0.0,0.0,2908346000.0,435548000.0,2472798000.0,3537982172.0,17397000.0,-530373000.0,8426000.0,471636000.0,0.0,457126000.0,-735905000.0,0.0,293777000.0,2399000.0,86350000.0,86350000.0,86350000.0,0.0,0.0,0.055,546116000.0,318418000.0,82677000.0,0.0,3.215,40.973,40.468,1524830000.0,0.0,18.332,2.234,2.233,305001000.0,62231000.0,1583440000.0,1583440000.0,0.0,0.023,0.082,0.09,0.196,1664000.0,404945000.0,1.0,192994882.0,192837000,196149000.0,8.211,2029411000.0,31458000.0,65942000.0,150231000.0,10.524,-5836000.0
70,IRM,MRT,2003-12-31,2003-12-31,2003-12-31,2021-08-05,-8046000.0,3892099000.0,3594181250.0,471583000.0,3420516000.0,0.418,5.557,-192810000.0,74683000.0,74683000.0,680747000.0,84637000.0,0.806,2.651,2089928000.0,115781000.0,1974147000.0,2089928000.0,107857000.0,134572000.0,0.0,0.0,0.0,301835000.0,436407000.0,0.291,436407000.0,301835000.0,151367000.0,0.44,0.433,0.44,1066114000.0,1016608000.0,1066114000.0,5158962084.0,17.0,11.821,95883000.0,0.5,1.0,820582000.0,0.547,1892745000.0,150468000.0,3429854000.0,3244258000.0,0.0,0.0,0.0,0.0,2825985000.0,584745000.0,2241240000.0,3119534084.0,18391000.0,-379890000.0,8426000.0,288120000.0,0.0,315054000.0,-586634000.0,-1357000.0,288693000.0,1278000.0,84637000.0,84637000.0,84637000.0,0.0,0.0,0.056,515689000.0,304893000.0,87006000.0,0.0,2.926,36.858,36.914,1492267000.0,0.0,16.242,2.078,2.076,279800000.0,39234000.0,1501329000.0,1501329000.0,0.0,0.024,0.083,0.093,0.201,1664000.0,383641000.0,1.0,192065884.0,191851500,195115500.0,7.825,1999354000.0,33043000.0,66730000.0,146231000.0,10.421,-113162000.0
71,IRM,MRT,2003-09-30,2003-09-30,2003-09-30,2021-08-05,-16808000.0,3739541000.0,3428820250.0,396118000.0,3343423000.0,0.418,5.327,-195708000.0,23544000.0,23544000.0,654126000.0,72695000.0,0.837,2.658,2062972000.0,60812000.0,2002160000.0,2062972000.0,101989000.0,126613000.0,0.0,0.0,0.0,274850000.0,401463000.0,0.28,401463000.0,274850000.0,129151000.0,0.387,0.367,0.387,1022350000.0,986294750.0,1022350000.0,4527181988.0,16.0,11.277,70411000.0,0.367,1.0,779179000.0,0.544,1828428000.0,145699000.0,3477415000.0,3108122250.0,0.0,0.0,0.0,0.0,2717191000.0,473126000.0,2244065000.0,2829774988.0,-4053000.0,-405195000.0,0.0,313417000.0,0.0,340932000.0,-612476000.0,-1357000.0,266119000.0,1372000.0,72695000.0,72695000.0,72695000.0,-1116000.0,0.0,0.051,493986000.0,285193000.0,77958000.0,0.0,2.768,38.927,38.103,1473476000.0,0.0,14.746,1.974,1.975,276391000.0,10808000.0,1433305000.0,1433305000.0,0.0,0.021,0.074,0.088,0.192,0.0,366935000.0,1.0,191901193.0,191932500,195133500.0,7.468,1911113000.0,35200000.0,56456000.0,118944000.0,9.957,-77008000.0
72,IRM,MRT,2003-06-30,2003-06-30,2003-06-30,2021-08-05,-20887000.0,3476215000.0,3251995500.0,486729000.0,2989486000.0,0.426,5.223,-190364000.0,177863000.0,177863000.0,636629000.0,73598000.0,1.151,2.471,1875270000.0,52895000.0,1822375000.0,1875270000.0,97065000.0,125280000.0,0.0,0.0,0.0,272209000.0,397489000.0,0.287,397489000.0,272209000.0,129283000.0,0.387,0.378,0.387,1001556000.0,963820000.0,1001556000.0,4631440261.0,17.0,11.652,97093000.0,0.506,1.0,748031000.0,0.54,1639729000.0,142926000.0,3110867000.0,2902112000.0,0.0,0.0,0.0,0.0,2474659000.0,423026000.0,2051633000.0,2921302261.0,151808000.0,-58782000.0,-5567000.0,110969000.0,0.0,124409000.0,-260955000.0,-1357000.0,287457000.0,897000.0,73598000.0,73598000.0,73598000.0,-1116000.0,0.0,0.053,474097000.0,273934000.0,73460000.0,0.0,2.917,39.693,39.367,1306994000.0,0.0,15.235,2.11,2.11,239987000.0,-3986000.0,1384660000.0,1384660000.0,0.0,0.023,0.076,0.094,0.197,0.0,352834000.0,1.0,191749410.0,191776500,195285000.0,7.22,1836486000.0,33729000.0,55685000.0,104606000.0,9.576,63703000.0
73,IRM,MRT,2003-03-31,2003-03-31,2003-03-31,2021-08-05,-23817000.0,3268870000.0,3115775250.0,339251000.0,2929619000.0,0.434,5.1,-175992000.0,13581000.0,13581000.0,630004000.0,73454000.0,0.855,2.348,1723719000.0,43858000.0,1679861000.0,1723719000.0,97725000.0,119835000.0,0.0,0.0,0.0,267910000.0,387745000.0,0.287,387745000.0,267910000.0,128593000.0,0.387,0.38,0.387,976412000.0,942228000.0,976412000.0,4684221207.0,17.0,12.081,64211000.0,0.335,1.0,723106000.0,0.534,1623171000.0,139317000.0,2958896000.0,2752263750.0,0.0,0.0,0.0,0.0,2292458000.0,396941000.0,1895517000.0,3008416207.0,2162000.0,-58765000.0,-1388000.0,-6246000.0,0.0,6442000.0,-245066000.0,-1357000.0,240203000.0,583000.0,73454000.0,73454000.0,73454000.0,-1116000.0,0.0,0.054,455477000.0,267629000.0,72782000.0,0.0,3.081,40.956,40.599,1275794000.0,0.0,15.712,2.223,2.223,248973000.0,-24119000.0,1353110000.0,1353110000.0,0.0,0.024,0.078,0.097,0.198,0.0,342012000.0,1.0,191472518.0,191468250,194739750.0,7.067,1645699000.0,34088000.0,55139000.0,93517000.0,8.595,-57690000.0
74,IRM,MRT,2002-12-31,2002-12-31,2002-12-31,2021-08-05,-31038000.0,3230655000.0,3017744000.0,367040000.0,2863615000.0,0.437,4.961,-189977000.0,56292000.0,56292000.0,622299000.0,58292000.0,0.858,2.419,1732097000.0,69732000.0,1662365000.0,1732097000.0,95188000.0,113913000.0,0.0,0.0,0.0,242242000.0,356155000.0,0.27,356155000.0,242242000.0,105610000.0,0.307,0.3,0.307,944861000.0,921230500.0,944861000.0,4148422103.0,17.0,11.648,64971000.0,0.341,1.0,696198000.0,0.528,1593187000.0,136632000.0,2885311000.0,2625631000.0,0.0,0.0,0.0,0.0,2285794000.0,427962000.0,1857832000.0,2588569103.0,34933000.0,-49361000.0,0.0,21219000.0,0.0,27098000.0,-247757000.0,0.0,254948000.0,644000.0,58292000.0,58292000.0,58292000.0,-1116000.0,0.0,0.044,443612000.0,252586000.0,76115000.0,0.0,2.74,44.407,44.166,1239188000.0,0.0,13.559,1.963,1.959,225416000.0,-45403000.0,1318497000.0,1318497000.0,0.0,0.019,0.063,0.092,0.184,0.0,333050000.0,1.0,190911506.0,190465500,193660500.0,6.922,1637468000.0,34192000.0,47318000.0,78464000.0,8.597,-60922000.0
75,IRM,MRT,2002-09-30,2002-09-30,2002-09-30,2021-08-05,-22492000.0,3032242000.0,2925056750.0,321162000.0,2711080000.0,0.443,4.889,-196205000.0,27597000.0,27597000.0,619481000.0,27107000.0,0.87,2.252,1587450000.0,40968000.0,1546482000.0,1587450000.0,93753000.0,129924000.0,0.0,0.0,0.0,204761000.0,334685000.0,0.258,334685000.0,204761000.0,69785000.0,0.138,0.138,0.138,932451000.0,906505000.0,932451000.0,3457246946.0,17.0,10.33,28974000.0,0.152,1.0,675339000.0,0.522,1569415000.0,134976000.0,2653374000.0,2507604750.0,0.0,0.0,0.0,0.0,2099791000.0,369306000.0,1730485000.0,1957347946.0,-32541000.0,-39719000.0,-8453000.0,-7675000.0,0.0,-6717000.0,-246583000.0,-2000000.0,225179000.0,-4420000.0,27107000.0,27107000.0,27107000.0,0.0,0.0,0.021,455385000.0,219954000.0,61644000.0,0.0,2.099,72.208,74.384,1109074000.0,0.0,10.265,1.512,1.512,228605000.0,-61887000.0,1294820000.0,1294820000.0,0.0,0.009,0.03,0.082,0.158,0.0,333467000.0,1.0,190681729.0,190723500,193567500.0,6.789,1462827000.0,33306000.0,42678000.0,80408000.0,7.67,-48144000.0
76,IRM,MRT,2002-06-30,2002-06-30,2002-06-30,2021-08-05,-21337000.0,2931334000.0,2880468000.0,327189000.0,2604145000.0,0.435,4.812,-206250000.0,26055000.0,26055000.0,605541000.0,-11399000.0,0.913,2.203,1525954000.0,38753000.0,1487201000.0,1525954000.0,91842000.0,136204000.0,0.0,0.0,0.0,155858000.0,292062000.0,0.233,292062000.0,155858000.0,23478000.0,-0.062,-0.067,-0.062,915188000.0,895774750.0,915188000.0,3900112286.0,25.0,13.354,-10001000.0,-0.053,1.0,647839000.0,0.517,1561342000.0,132380000.0,2511474000.0,2448880000.0,0.0,0.0,0.0,0.0,2016146000.0,358417000.0,1657729000.0,2408304286.0,-10782000.0,-41316000.0,-578000.0,48927000.0,0.0,50164000.0,-254834000.0,-2000000.0,196249000.0,-2361000.0,-11399000.0,-11399000.0,-11399000.0,0.0,0.0,-0.009,458912000.0,188927000.0,57864000.0,0.0,2.631,-211.273,-204.387,1008944000.0,0.0,12.672,1.921,1.923,232380000.0,-77584000.0,1253380000.0,1253380000.0,0.0,-0.004,-0.013,0.064,0.124,0.0,326303000.0,1.0,190049265.0,190206000,193603500.0,6.59,1369992000.0,30986000.0,34877000.0,69110000.0,7.203,-31228000.0
77,IRM,MRT,2002-03-31,2002-03-31,2002-03-31,2021-08-05,-19309000.0,2876745000.0,2853491500.0,311988000.0,2564757000.0,0.427,4.701,-205566000.0,11419000.0,11419000.0,589164000.0,-41134000.0,0.844,2.224,1503227000.0,37415000.0,1465812000.0,1503227000.0,85474000.0,147639000.0,0.0,0.0,0.0,128730000.0,276369000.0,0.227,276369000.0,128730000.0,-4905000.0,-0.222,-0.222,-0.222,892422000.0,897597000.0,892422000.0,3948479492.0,31.0,14.287,-17287000.0,-0.091,1.0,629830000.0,0.517,1546529000.0,133635000.0,2452365000.0,2409260500.0,0.0,0.0,0.0,0.0,1984323000.0,369659000.0,1614664000.0,2473739492.0,1516000.0,-44380000.0,-1151000.0,70505000.0,0.0,73301000.0,-259681000.0,-2000000.0,188279000.0,-383000.0,-41134000.0,-41134000.0,-41134000.0,0.0,0.0,-0.034,465796000.0,164034000.0,69476000.0,0.0,2.772,-60.139,-58.689,983509000.0,0.0,13.029,2.029,2.029,228399000.0,-97573000.0,1218994000.0,1218994000.0,0.0,-0.014,-0.046,0.053,0.106,0.0,319677000.0,1.0,189864110.0,189837000,193504500.0,6.421,1330216000.0,31668000.0,36229000.0,58704000.0,7.007,-57671000.0
78,IRM,MRT,2001-12-31,2001-12-31,2001-12-31,2021-08-05,-18025000.0,2859906000.0,2818818750.0,309317000.0,2550589000.0,0.421,4.706,-196319000.0,21359000.0,21359000.0,576538000.0,-44057000.0,0.862,2.228,1496099000.0,35256000.0,1460843000.0,1496099000.0,85894000.0,158201000.0,0.0,0.0,0.0,108560000.0,266761000.0,0.225,266761000.0,108560000.0,-26182000.0,-0.236,-0.236,-0.236,885959000.0,905975250.0,885959000.0,3707909178.0,34.0,13.9,-35410000.0,-0.188,1.0,609180000.0,0.514,1562431000.0,134742000.0,2413206000.0,2367548000.0,0.0,0.0,0.0,0.0,1973947000.0,359009000.0,1614938000.0,2267944178.0,15159000.0,-71397000.0,0.0,102540000.0,0.0,134901000.0,-278136000.0,-2000000.0,160909000.0,-2515000.0,-44057000.0,-44057000.0,-44057000.0,0.0,0.0,-0.037,465064000.0,144116000.0,64596000.0,0.0,2.56,-51.477,-50.822,952231000.0,0.0,11.994,1.913,1.904,219050000.0,-103695000.0,1185718000.0,1185718000.0,0.0,-0.016,-0.049,0.046,0.092,0.0,307800000.0,1.0,189089893.0,188248500,188248500.0,6.299,1297475000.0,31140000.0,17875000.0,47213000.0,6.892,-49692000.0
79,IRM,MRT,2001-09-30,2001-09-30,2001-09-30,2021-08-05,-24432000.0,2853887000.0,2768616250.0,355129000.0,2498758000.0,0.416,4.713,-187029000.0,60138000.0,60138000.0,567823000.0,-25260000.0,1.016,2.208,1500103000.0,30237000.0,1469866000.0,1500103000.0,82367000.0,146461000.0,0.0,0.0,0.0,117566000.0,264027000.0,0.229,264027000.0,117566000.0,-16794000.0,-0.133,-0.133,-0.133,889530000.0,915600000.0,889530000.0,3554972625.0,30.0,13.464,-30929000.0,-0.164,1.0,584436000.0,0.507,1525670000.0,134360000.0,2418475000.0,2306332500.0,0.0,0.0,0.0,0.0,1964357000.0,349707000.0,1614650000.0,2139468625.0,-14449000.0,-119468000.0,11173000.0,97628000.0,0.0,144779000.0,-316844000.0,0.0,156100000.0,1516000.0,-25260000.0,-25260000.0,-25260000.0,0.0,0.0,-0.022,438782000.0,145654000.0,50998000.0,0.0,2.405,-84.698,-85.346,908628000.0,0.0,11.351,1.857,1.859,223760000.0,-88994000.0,1152259000.0,1152259000.0,0.0,-0.009,-0.028,0.051,0.102,0.0,290420000.0,1.0,188482832.0,188748000,188748000.0,6.105,1328217000.0,30667000.0,8466000.0,39699000.0,7.037,5422000.0
80,IRM,MRT,2001-06-30,2001-06-30,2001-06-30,2021-08-05,-10524000.0,2823428000.0,2709936500.0,320838000.0,2502590000.0,0.412,4.911,-193963000.0,36837000.0,36837000.0,552984000.0,-744000.0,0.941,2.061,1452341000.0,31395000.0,1420946000.0,1452341000.0,78738000.0,142369000.0,0.0,0.0,0.0,129236000.0,271605000.0,0.243,271605000.0,129236000.0,-2741000.0,-0.004,-0.004,-0.004,922477000.0,924485750.0,922477000.0,3696453195.0,29.0,13.61,-46622000.0,-0.248,1.0,563735000.0,0.505,1544875000.0,131977000.0,2352996000.0,2225379750.0,0.0,0.0,0.0,0.0,1900951000.0,341061000.0,1559890000.0,2303285195.0,28490000.0,-114610000.0,10463000.0,159095000.0,0.0,203166000.0,-321564000.0,-24000.0,147341000.0,-453000.0,-744000.0,-744000.0,-744000.0,0.0,0.0,-0.001,425060000.0,138675000.0,48822000.0,0.0,2.497,-3095.813,-3069.75,886055000.0,0.0,12.279,2.063,2.065,215531000.0,-66185000.0,1116719000.0,1116719000.0,0.0,0.0,-0.001,0.058,0.116,171000.0,277381000.0,1.0,187579216.0,187827750,183892500.0,5.945,1278553000.0,30642000.0,-1997000.0,44142000.0,6.807,-20223000.0
81,IRM,MRT,2001-03-31,2001-03-31,2001-03-31,2021-08-05,-12608000.0,2738054000.0,2637583750.0,276778000.0,2461276000.0,0.408,4.95,-187909000.0,9903000.0,9903000.0,535927000.0,-19243000.0,0.893,1.957,1403071000.0,31629000.0,1371442000.0,1403071000.0,76729000.0,136225000.0,0.0,0.0,0.0,100695000.0,236920000.0,0.22,236920000.0,100695000.0,-27484000.0,-0.105,-0.105,-0.105,925935000.0,929598500.0,925935000.0,3312473221.0,33.0,13.981,-24124000.0,-0.129,1.0,540023000.0,0.502,1535901000.0,128179000.0,2285515000.0,2135162000.0,0.0,0.0,0.0,0.0,1812119000.0,309806000.0,1502313000.0,1963542221.0,-201000.0,-170077000.0,9834000.0,178019000.0,0.0,213861000.0,-375805000.0,-6524000.0,163785000.0,-2042000.0,-19243000.0,-19243000.0,-19243000.0,0.0,0.0,-0.018,423391000.0,116632000.0,37831000.0,0.0,2.121,-102.039,-99.943,861303000.0,0.0,10.494,1.825,1.825,208057000.0,-56439000.0,1075950000.0,1075950000.0,0.0,-0.007,-0.021,0.047,0.094,15110000.0,263419000.0,1.0,187110942.0,187067250,191002500.0,5.752,1202153000.0,31128000.0,-8241000.0,32773000.0,6.426,-33028000.0
82,IRM,MRT,2000-12-31,2000-12-31,2000-12-31,2021-08-05,-7566000.0,2659096000.0,2570475000.0,236668000.0,2422428000.0,0.391,5.156,-167386000.0,6200000.0,6200000.0,500565000.0,-27825000.0,0.754,1.876,1355131000.0,40789000.0,1314342000.0,1355131000.0,53884000.0,126810000.0,0.0,0.0,0.0,99275000.0,226085000.0,0.225,226085000.0,99275000.0,-18700000.0,-0.156,-0.156,-0.156,924458000.0,936654750.0,924458000.0,3164263074.0,32.0,13.996,-9782000.0,-0.055,1.0,503600000.0,0.502,1525630000.0,117975000.0,2168344000.0,2045762250.0,0.0,0.0,0.0,0.0,1734638000.0,314053000.0,1420585000.0,1886382074.0,2370000.0,-140940000.0,8180000.0,158249000.0,0.0,172410000.0,-327629000.0,-6524000.0,157604000.0,-15000.0,-27825000.0,-27825000.0,-27825000.0,0.0,0.0,-0.028,397612000.0,105988000.0,42531000.0,0.0,2.041,-67.795,-65.167,832394000.0,0.0,10.166,1.879,1.815,176442000.0,-59383000.0,1004165000.0,1004165000.0,0.0,-0.011,-0.03,0.049,0.099,15110000.0,246559000.0,1.0,185557946.0,179298000,179298000.0,5.601,1133466000.0,30990000.0,9125000.0,38948000.0,6.322,-77385000.0
83,IRM,MRT,2000-09-30,2000-09-30,2000-09-30,2021-08-05,-4814000.0,2619168000.0,2235004000.0,296798000.0,2322370000.0,0.386,4.999,-142046000.0,74587000.0,74587000.0,422612000.0,-32337000.0,1.019,1.831,1352468000.0,41268000.0,1311200000.0,1352468000.0,50463000.0,111984000.0,0.0,0.0,0.0,81035000.0,193019000.0,0.224,193019000.0,81035000.0,-18210000.0,-0.181,-0.181,-0.181,925073000.0,827728750.0,925073000.0,3125908676.0,39.0,16.195,-1445000.0,-0.008,1.0,439729000.0,0.51,1511019000.0,99245000.0,2094664000.0,1765368250.0,0.0,0.0,0.0,0.0,1694095000.0,291366000.0,1402729000.0,1871495676.0,71115000.0,-100766000.0,8751000.0,180429000.0,0.0,182248000.0,-252208000.0,-6524000.0,140601000.0,474000.0,-32337000.0,-32337000.0,-32337000.0,0.0,0.0,-0.037,353271000.0,86458000.0,38601000.0,0.0,2.023,-57.875,-55.978,748534000.0,0.0,10.132,2.17,2.174,177888000.0,-63479000.0,862341000.0,862341000.0,0.0,-0.014,-0.039,0.046,0.094,15110000.0,216718000.0,1.0,184711377.0,185041125,189438750.0,4.66,1108149000.0,17322000.0,14127000.0,30565000.0,5.989,5432000.0
84,IRM,MRT,2000-06-30,2000-06-30,2000-06-30,2021-08-05,-3670000.0,2534017000.0,1902193000.0,218400000.0,2315617000.0,0.391,5.113,-121085000.0,8347000.0,8347000.0,366759000.0,-37045000.0,0.828,1.687,1262760000.0,32810000.0,1229950000.0,1262760000.0,49748000.0,93493000.0,0.0,0.0,0.0,69340000.0,162833000.0,0.219,162833000.0,69340000.0,-12942000.0,-0.213,-0.213,-0.213,942928000.0,717499250.0,942928000.0,2918669136.0,42.0,17.924,-15389000.0,-0.083,1.0,376356000.0,0.506,1532652000.0,82282000.0,1992125000.0,1503319500.0,0.0,0.0,0.0,0.0,1591089000.0,263653000.0,1327436000.0,1710580136.0,-18222000.0,-111630000.0,7062000.0,110110000.0,0.0,111696000.0,-236089000.0,-6500000.0,105696000.0,475000.0,-37045000.0,-37045000.0,-37045000.0,4000000.0,0.0,-0.05,299920000.0,76436000.0,27317000.0,0.0,1.814,-46.176,-43.592,720562000.0,0.0,9.285,2.302,2.304,169259000.0,-65186000.0,743115000.0,743115000.0,0.0,-0.019,-0.052,0.046,0.093,14939000.0,186316000.0,1.0,184230494.0,184413375,184413375.0,4.03,1001365000.0,18137000.0,24103000.0,39287000.0,5.43,-45253000.0
85,IRM,MRT,2000-03-31,2000-03-31,2000-03-31,2021-08-05,-1072000.0,2469619000.0,1583713000.0,214832000.0,2254787000.0,0.393,5.897,-108010000.0,10104000.0,10104000.0,310953000.0,-19453000.0,0.878,1.588,1218193000.0,34657000.0,1183536000.0,1218193000.0,49116000.0,78130000.0,0.0,0.0,0.0,64296000.0,142426000.0,0.229,142426000.0,64296000.0,-1968000.0,-0.154,-0.154,-0.154,954160000.0,603455750.0,954160000.0,2318628543.0,36.0,16.28,-44238000.0,-0.273,1.0,311362000.0,0.5,1505066000.0,66264000.0,1927916000.0,1251965500.0,0.0,0.0,0.0,0.0,1515459000.0,244726000.0,1270733000.0,1709511543.0,5205000.0,-163307000.0,118129000.0,98945000.0,0.0,214989000.0,-273712000.0,0.0,63772000.0,156000.0,-19453000.0,-19453000.0,-19453000.0,13258000.0,0.0,-0.031,233957000.0,77405000.0,29904000.0,0.0,1.792,-87.879,-60.571,697773000.0,0.0,9.328,2.747,2.425,160860000.0,-36941000.0,622315000.0,622315000.0,0.0,-0.012,-0.032,0.051,0.103,0.0,154530000.0,1.0,183266675.0,161807625,161807625.0,3.846,964553000.0,13695000.0,17485000.0,27615000.0,5.961,-29894000.0
86,IRM,MRT,1999-12-31,1999-12-31,1999-12-31,2021-08-05,-1193000.0,1317212000.0,1229494250.0,143664000.0,1173548000.0,0.423,4.343,-98657000.0,3830000.0,3830000.0,260930000.0,-14219000.0,0.956,1.695,612947000.0,9890000.0,603057000.0,612947000.0,32981000.0,65422000.0,0.0,0.0,0.0,50785000.0,116207000.0,0.224,116207000.0,50785000.0,-3640000.0,-0.124,-0.124,-0.124,488754000.0,449630000.0,488754000.0,1886314763.0,37.0,16.232,-43219000.0,-0.384,1.0,258619000.0,0.498,729213000.0,54425000.0,1046768000.0,991105750.0,0.0,0.0,0.0,0.0,828458000.0,150348000.0,678110000.0,1286723763.0,2115000.0,-212160000.0,117860000.0,146583000.0,0.0,257853000.0,-311125000.0,0.0,55438000.0,-51000.0,-14219000.0,-14219000.0,-14219000.0,13159000.0,0.0,-0.027,194370000.0,64249000.0,25770000.0,0.0,2.633,-90.493,-86.815,403739000.0,0.0,10.765,2.477,2.332,104074000.0,-31558000.0,519549000.0,519549000.0,0.0,-0.012,-0.032,0.051,0.098,0.0,128948000.0,1.0,119528450.0,112540500,112540500.0,4.617,587999000.0,12475000.0,10579000.0,16207000.0,5.225,-6684000.0
87,IRM,MRT,1999-09-30,1999-09-30,1999-09-30,2021-08-05,-1947000.0,1287924000.0,1142037500.0,144988000.0,1142936000.0,0.395,4.06,-91739000.0,3472000.0,3472000.0,219332000.0,-15125000.0,1.245,1.66,603063000.0,4570000.0,598493000.0,603063000.0,31579000.0,58924000.0,0.0,0.0,0.0,46806000.0,105730000.0,0.234,105730000.0,46806000.0,-4885000.0,-0.136,-0.136,-0.136,484155000.0,412162000.0,484155000.0,1665213025.0,36.0,15.75,-44821000.0,-0.376,1.0,232165000.0,0.514,724578000.0,51691000.0,1046469000.0,917199000.0,0.0,0.0,0.0,0.0,803769000.0,116468000.0,687301000.0,1105992025.0,2950000.0,-202213000.0,117071000.0,146981000.0,0.0,257483000.0,-301385000.0,0.0,46918000.0,-66000.0,-15125000.0,-15125000.0,-15125000.0,12958000.0,0.0,-0.033,171685000.0,60480000.0,19543000.0,0.0,2.284,-73.123,-68.206,379249000.0,0.0,9.276,2.45,2.45,106115000.0,-31142000.0,451497000.0,451497000.0,0.0,-0.013,-0.037,0.051,0.104,0.0,113395000.0,1.0,119231568.0,119242125,122161500.0,3.786,563346000.0,12528000.0,10240000.0,20946000.0,4.724,28520000.0
88,IRM,MRT,1999-06-30,1999-06-30,1999-06-30,2021-08-05,-2287000.0,1260097000.0,1043733000.0,146650000.0,1113447000.0,0.396,4.367,-74261000.0,26569000.0,26569000.0,199612000.0,-13193000.0,1.281,1.589,585790000.0,4216000.0,581574000.0,585790000.0,31115000.0,55216000.0,0.0,0.0,0.0,45067000.0,100283000.0,0.243,100283000.0,45067000.0,-3528000.0,-0.124,-0.124,-0.124,486754000.0,376238250.0,486754000.0,1356690668.0,30.0,13.529,-4677000.0,-0.042,1.0,213522000.0,0.517,718125000.0,48595000.0,986709000.0,839283250.0,0.0,4800000.0,0.0,4800000.0,773343000.0,114484000.0,658859000.0,820274668.0,11980000.0,-223833000.0,117532000.0,139980000.0,0.0,251838000.0,-309360000.0,0.0,69584000.0,-82000.0,-13193000.0,-13193000.0,-13193000.0,9009000.0,0.0,-0.032,158665000.0,54857000.0,16365000.0,0.0,1.685,-62.175,-63.218,354094000.0,0.0,7.839,1.985,2.115,100010000.0,-28141000.0,413134000.0,413134000.0,0.0,-0.013,-0.035,0.054,0.109,0.0,104083000.0,1.0,104640218.0,111469500,111469500.0,3.706,541972000.0,9526000.0,9665000.0,18329000.0,4.862,32166000.0
89,IRM,MRT,1999-03-31,1999-03-31,1999-03-31,2021-08-05,-576000.0,1052744000.0,945466750.0,110054000.0,942690000.0,0.396,3.403,-64003000.0,4899000.0,4899000.0,180201000.0,-2801000.0,1.059,2.107,541315000.0,4219000.0,537096000.0,541315000.0,30142000.0,50632000.0,0.0,0.0,0.0,51265000.0,101897000.0,0.272,101897000.0,51265000.0,6022000.0,-0.033,-0.033,-0.033,338857000.0,339683000.0,338857000.0,1306560929.0,25.0,12.822,3659000.0,0.037,1.0,194632000.0,0.519,600715000.0,45243000.0,884477000.0,766469000.0,0.0,0.0,0.0,0.0,713887000.0,103968000.0,609919000.0,852097929.0,2587000.0,-131696000.0,137435000.0,-575000.0,0.0,135122000.0,-200176000.0,0.0,67662000.0,-21000.0,-2801000.0,-2801000.0,-2801000.0,-383000.0,0.0,-0.007,144987000.0,49645000.0,13656000.0,0.0,2.515,-304.212,-259.333,311821000.0,0.0,8.558,2.273,2.273,84378000.0,-17488000.0,374833000.0,374833000.0,0.0,-0.003,-0.008,0.067,0.137,0.0,94783000.0,1.0,99567414.0,99562500,99562500.0,3.765,452029000.0,10477000.0,8823000.0,14442000.0,4.54,6086000.0
90,IRM,MRT,1998-12-31,1998-12-31,1998-12-31,2021-08-05,0.0,967385000.0,883785250.0,143937000.0,823448000.0,0.434,3.655,-55927000.0,1715000.0,1715000.0,192113000.0,-2966000.0,1.003,1.855,456178000.0,1731000.0,454447000.0,456178000.0,26043000.0,48301000.0,0.0,0.0,0.0,49265000.0,97566000.0,0.254,97566000.0,49265000.0,3592000.0,-0.033,-0.033,-0.033,338882000.0,303356000.0,338882000.0,1418666776.0,29.0,14.541,11203000.0,0.121,1.0,191848000.0,0.5,527235000.0,45673000.0,751141000.0,739251750.0,0.0,0.0,0.0,0.0,628503000.0,143472000.0,485031000.0,975999776.0,-22795000.0,-189729000.0,137387000.0,23731000.0,0.0,159282000.0,-249207000.0,0.0,67130000.0,0.0,-2966000.0,-2966000.0,-2966000.0,-201000.0,0.0,-0.008,144168000.0,47680000.0,20620000.0,0.0,2.88,-329.063,-299.242,266743000.0,0.0,9.875,2.542,2.384,75565000.0,-17339000.0,383961000.0,383961000.0,0.0,-0.003,-0.01,0.067,0.128,0.0,95867000.0,1.0,98835420.0,92711250,92711250.0,4.141,440150000.0,10474000.0,6558000.0,12043000.0,4.748,465000.0
91,IRM,MRT,1998-09-30,1998-09-30,1998-09-30,2021-08-05,0.0,894706000.0,801135500.0,92456000.0,802250000.0,0.445,3.454,-54659000.0,522000.0,522000.0,182009000.0,-4355000.0,1.15,1.628,443189000.0,1893000.0,441296000.0,443189000.0,24172000.0,44203000.0,0.0,0.0,0.0,44117000.0,88320000.0,0.247,88320000.0,44117000.0,-150000.0,-0.062,-0.062,-0.062,340460000.0,253068750.0,340460000.0,1224367919.0,28.0,13.863,-884000.0,-0.009,1.0,174854000.0,0.49,522184000.0,44267000.0,734806000.0,712388750.0,0.0,0.0,0.0,0.0,554246000.0,80383000.0,473863000.0,809837919.0,-1720000.0,-285994000.0,134829000.0,154980000.0,0.0,289026000.0,-344521000.0,0.0,53775000.0,0.0,-4355000.0,-4355000.0,-4355000.0,-83000.0,0.0,-0.012,132520000.0,42334000.0,9553000.0,0.0,2.379,-185.956,-132.5,250243000.0,0.0,8.215,2.269,2.269,72253000.0,-16017000.0,356863000.0,356863000.0,0.0,-0.005,-0.017,0.062,0.124,0.0,88111000.0,1.0,98580392.0,98580375,98580375.0,3.62,372522000.0,15048000.0,4205000.0,13752000.0,3.779,12073000.0
92,IRM,MRT,1998-06-30,1998-06-30,1998-06-30,2021-08-05,0.0,867032000.0,,108033000.0,758999000.0,,3.481,-47366000.0,14589000.0,14589000.0,160373000.0,-3611000.0,1.409,1.546,429119000.0,2085000.0,427034000.0,429119000.0,21521000.0,38103000.0,0.0,0.0,0.0,37905000.0,76008000.0,0.243,76008000.0,37905000.0,-1934000.0,-0.055,-0.055,-0.055,340533000.0,,340533000.0,1324591651.0,35.0,17.427,-11458000.0,-0.117,1.0,152601000.0,0.488,509436000.0,39839000.0,695452000.0,,0.0,0.0,0.0,0.0,526499000.0,76674000.0,449825000.0,803749651.0,14004000.0,-276981000.0,134774000.0,172179000.0,0.0,305492000.0,-327396000.0,0.0,35908000.0,0.0,-3611000.0,-3611000.0,-3611000.0,-134000.0,0.0,-0.012,116530000.0,36071000.0,10852000.0,0.0,2.36,-222.584,-148.545,220168000.0,0.0,8.17,2.568,2.554,74550000.0,-14948000.0,312974000.0,312974000.0,0.0,,,,0.121,0.0,78221000.0,1.0,98378170.0,97837875,97837875.0,3.199,357596000.0,12383000.0,1677000.0,8442000.0,3.655,31359000.0
93,IRM,MRT,1998-03-31,1998-03-31,1998-03-31,2021-08-05,0.0,806018000.0,,89131000.0,716887000.0,,2.575,-43111000.0,2312000.0,2312000.0,137725000.0,-4319000.0,1.253,3.164,523154000.0,956000.0,522198000.0,523154000.0,18919000.0,32649000.0,0.0,0.0,0.0,29842000.0,62491000.0,0.235,62491000.0,29842000.0,-5062000.0,-0.07,-0.07,-0.07,193549000.0,,193549000.0,921140935.0,31.0,14.74,-17250000.0,-0.23,1.0,128370000.0,0.482,480095000.0,34904000.0,775608000.0,,0.0,0.0,0.0,0.0,612469000.0,71157000.0,541312000.0,517632935.0,545000.0,-286736000.0,639000.0,307886000.0,0.0,307063000.0,-332379000.0,0.0,25861000.0,0.0,-4319000.0,-4319000.0,-4319000.0,0.0,0.0,-0.016,98528000.0,29842000.0,12231000.0,0.0,2.674,-119.85,-97.8,207067000.0,0.0,6.846,1.945,1.934,70549000.0,-14687000.0,266095000.0,266095000.0,0.0,,,,0.112,0.0,65879000.0,1.0,75611004.0,75157875,75157875.0,3.54,325923000.0,9879000.0,-743000.0,5224000.0,4.337,17974000.0
94,IRM,MRT,1997-12-31,1997-12-31,1997-12-31,2021-08-05,0.0,636786000.0,459292500.0,81927000.0,554859000.0,0.455,2.377,-38320000.0,24510000.0,24510000.0,106879000.0,-4521000.0,1.469,3.623,428018000.0,3520000.0,424498000.0,428018000.0,11931000.0,27107000.0,0.0,0.0,0.0,23111000.0,50218000.0,0.241,50218000.0,23111000.0,-4601000.0,-0.077,-0.077,-0.077,137733000.0,95058500.0,137733000.0,,,,-15900000.0,-0.274,1.0,101886000.0,0.488,340852000.0,27712000.0,643689000.0,485287500.0,0.0,0.0,0.0,0.0,499053000.0,55753000.0,443300000.0,496915520.0,21057000.0,-192230000.0,137000.0,232309000.0,0.0,231155000.0,-232518000.0,0.0,22420000.0,0.0,-4521000.0,-4521000.0,-4521000.0,0.0,0.0,-0.022,78775000.0,23111000.0,11022000.0,0.0,3.608,-109.913,-85.351,183898000.0,0.0,6.572,2.38,1.824,45955000.0,-14373000.0,208765000.0,208765000.0,0.0,-0.01,-0.048,0.048,0.111,0.0,51668000.0,1.0,75611004.0,57955500,57955500.0,3.602,295934000.0,5896000.0,-80000.0,5264000.0,5.106,26174000.0
95,IRM,MRT,1997-09-30,1997-09-30,1997-09-30,2021-08-05,,,,,,,,,,,,,,,,,,,,,,0.0,0.0,,,,,,,,,,,,,,,,,,1.0,,,,,,,,,,,,,,,,,,,,,,,,,,,,,,,,,,,,,,,,6.39,,,,,,,,,,,,,,1.0,,55211625,,,,,,,,
96,IRM,MRT,1997-06-30,1997-06-30,1997-06-30,2021-08-05,,,,,,,,,,,,,,,,,,,,,,0.0,0.0,,,,,,,,,,,,,,,,,,1.0,,,,,,,,,,,,,,,,,,,,,,,,,,,,,,,,,,,,,,,,5.477,,,,,,,,,,,,,,1.0,,53213625,,,,,,,,
97,IRM,MRT,1997-03-31,1997-03-31,1997-03-31,2021-08-05,,,,,,,,,,,,,,,,,,,,,,0.0,0.0,,,,,,,,,,,,,,,,,,1.0,,,,,,,,,,,,,,,,,,,,,,,,,,,,,,,,,,,,,,,,4.518,,,,,,,,,,,,,,1.0,,51318562,,,,,,,,
98,IRM,MRT,1996-12-31,1996-12-31,1996-12-31,2021-08-05,0.0,281799000.0,,34788000.0,247011000.0,,1.116,-24446000.0,3453000.0,3453000.0,70747000.0,-1769000.0,1.297,4.379,184733000.0,396000.0,184337000.0,184733000.0,4995000.0,16936000.0,0.0,0.0,0.0,14567000.0,31503000.0,0.227,31503000.0,14567000.0,-334000.0,-0.044,-0.044,-0.044,52384000.0,,52384000.0,,,,-8546000.0,-0.182,1.0,67971000.0,0.49,109363000.0,14901000.0,326886000.0,,0.0,0.0,0.0,0.0,229415000.0,26830000.0,202585000.0,,1868000.0,-68496000.0,33351000.0,56105000.0,0.0,80577000.0,-94609000.0,0.0,15900000.0,0.0,-1769000.0,-2049000.0,-2049000.0,0.0,0.0,-0.015,51278000.0,16693000.0,3750000.0,0.0,,,-125.5,118349000.0,280000.0,5.522,,1.869,24136000.0,-9852000.0,138718000.0,138718000.0,0.0,,,,0.105,0.0,34342000.0,1.0,,46949625,46949625.0,2.955,172436000.0,3378000.0,1435000.0,4021000.0,3.673,7958000.0
99,IRM,MRT,1995-12-31,1995-12-31,1995-12-31,2021-08-05,,,,,,,,-15180000.0,,,52277000.0,248000.0,,,,,,,,12341000.0,,,0.0,13783000.0,26124000.0,0.25,26124000.0,13783000.0,1945000.0,-9.663,-9.663,-9.663,,,,,,,547000.0,2.843,1.0,52159000.0,0.499,,11838000.0,,,,,,,,,,,282000.0,-33048000.0,1000.0,35538000.0,0.0,34091000.0,-49536000.0,0.0,15727000.0,0.0,248000.0,-1859000.0,-1859000.0,0.0,0.0,-0.018,38376000.0,13783000.0,,0.0,,,,,2107000.0,,,,,,104436000.0,104436000.0,0.0,,,,0.132,0.0,26035000.0,1.0,,192375,192375.0,542.877,,,1697000.0,,,
