None,ticker,dimension,calendardate,datekey,reportperiod,lastupdated,accoci,assets,assetsavg,assetsc,assetsnc,assetturnover,bvps,capex,cashneq,cashnequsd,cor,consolinc,currentratio,de,debt,debtc,debtnc,debtusd,deferredrev,depamor,deposits,divyield,dps,ebit,ebitda,ebitdamargin,ebitdausd,ebitusd,ebt,eps,epsdil,epsusd,equity,equityavg,equityusd,ev,evebit,evebitda,fcf,fcfps,fxusd,gp,grossmargin,intangibles,intexp,invcap,invcapavg,inventory,investments,investmentsc,investmentsnc,liabilities,liabilitiesc,liabilitiesnc,marketcap,ncf,ncfbus,ncfcommon,ncfdebt,ncfdiv,ncff,ncfi,ncfinv,ncfo,ncfx,netinc,netinccmn,netinccmnusd,netincdis,netincnci,netmargin,opex,opinc,payables,payoutratio,pb,pe,pe1,ppnenet,prefdivis,price,ps,ps1,receivables,retearn,revenue,revenueusd,rnd,roa,roe,roic,ros,sbcomp,sgna,sharefactor,sharesbas,shareswa,shareswadil,sps,tangibles,taxassets,taxexp,taxliabilities,tbvps,workingcapital
0,ENRNQ,MRY,2000-12-31,2000-12-31,2000-12-31,2018-08-31,-1198000000.0,64926000000.0,50243000000.0,30027000000.0,34899000000.0,2.006,13.98,-2381000000.0,3673000000.0,3673000000.0,94517000000.0,979000000.0,1.045,5.31,10857000000.0,2192000000.0,8665000000.0,10857000000.0,0.0,855000000.0,4277000000.0,0.006,0.5,2251000000.0,3106000000.0,0.031,3106000000.0,2251000000.0,1413000000.0,1.22,1.12,1.22,10289000000.0,10618500000.0,10289000000.0,75141040487.0,33.0,24.192,2398000000.0,3.258,1.0,6272000000.0,0.062,3720000000.0,838000000.0,39649000000.0,40247750000.0,953000000.0,5599000000.0,0.0,5599000000.0,54637000000.0,28741000000.0,25896000000.0,62057040487.0,1086000000.0,-1262000000.0,634000000.0,62000000.0,-523000000.0,571000000.0,-4264000000.0,-933000000.0,4779000000.0,0.0,979000000.0,896000000.0,896000000.0,0.0,0.0,0.009,4319000000.0,1953000000.0,9577000000.0,0.41,6.031,69.26,68.135,11733000000.0,83000000.0,83.125,0.616,0.607,12050000000.0,2613000000.0,100789000000.0,100789000000.0,0.0,0.018,0.084,0.056,0.022,0.0,3184000000.0,1.0,746550863.0,736000000,814000000.0,136.942,61206000000.0,0.0,434000000.0,1679000000.0,83.16,1286000000.0
1,ENRNQ,MRY,1999-12-31,1999-12-31,1999-12-31,2018-08-31,-741000000.0,33381000000.0,33450750000.0,7255000000.0,26126000000.0,1.199,13.574,-2363000000.0,369000000.0,369000000.0,34761000000.0,893000000.0,1.073,2.488,8152000000.0,1001000000.0,7151000000.0,8152000000.0,0.0,870000000.0,44000000.0,0.014,0.625,1653000000.0,2523000000.0,0.063,2523000000.0,1653000000.0,997000000.0,1.17,1.1,1.17,9570000000.0,9236250000.0,9570000000.0,40031333576.0,24.0,15.867,-1135000000.0,-1.61,1.0,5351000000.0,0.133,2799000000.0,656000000.0,31606000000.0,32834750000.0,598000000.0,5036000000.0,0.0,5036000000.0,23811000000.0,6759000000.0,17052000000.0,31755333576.0,177000000.0,-311000000.0,991000000.0,1504000000.0,-467000000.0,2456000000.0,-3507000000.0,-722000000.0,1228000000.0,0.0,893000000.0,827000000.0,827000000.0,0.0,0.0,0.021,4549000000.0,802000000.0,2154000000.0,0.534,3.318,38.398,37.927,10681000000.0,66000000.0,44.375,0.792,0.78,3548000000.0,2698000000.0,40112000000.0,40112000000.0,0.0,0.025,0.09,0.05,0.041,0.0,3045000000.0,1.0,715613151.0,705000000,769000000.0,56.896,30582000000.0,0.0,104000000.0,1894000000.0,43.379,496000000.0
2,ENRNQ,MRY,1998-12-31,1998-12-31,1998-12-31,2018-08-31,-162000000.0,29350000000.0,28019250000.0,5933000000.0,23417000000.0,1.116,10.978,-1905000000.0,111000000.0,111000000.0,26381000000.0,703000000.0,0.972,3.164,7357000000.0,0.0,7357000000.0,7357000000.0,0.0,827000000.0,0.0,0.017,0.481,1428000000.0,2255000000.0,0.072,2255000000.0,1428000000.0,878000000.0,1.07,1.01,1.07,7048000000.0,6650000000.0,7048000000.0,28066178426.0,20.0,12.446,-265000000.0,-0.413,1.0,4879000000.0,0.156,1949000000.0,550000000.0,28540000000.0,27447000000.0,514000000.0,4433000000.0,0.0,4433000000.0,22302000000.0,6107000000.0,16195000000.0,18872178426.0,-59000000.0,-284000000.0,880000000.0,875000000.0,-414000000.0,2266000000.0,-3965000000.0,-1659000000.0,1640000000.0,0.0,703000000.0,686000000.0,686000000.0,0.0,0.0,0.022,3501000000.0,1378000000.0,2380000000.0,0.45,2.678,27.51,26.665,10657000000.0,17000000.0,28.531,0.604,0.586,2893000000.0,2226000000.0,31260000000.0,31260000000.0,0.0,0.024,0.103,0.052,0.046,0.0,2473000000.0,1.0,661456418.0,642000000,695000000.0,48.692,27401000000.0,0.0,175000000.0,2357000000.0,42.681,-174000000.0
3,ENRNQ,MRY,1997-12-31,1997-12-31,1997-12-31,2018-08-31,-148000000.0,22552000000.0,19148750000.0,4113000000.0,18439000000.0,1.059,10.327,-1392000000.0,170000000.0,170000000.0,17311000000.0,105000000.0,1.067,3.014,6254000000.0,0.0,6254000000.0,6254000000.0,0.0,600000000.0,0.0,0.022,0.456,416000000.0,1016000000.0,0.05,1016000000.0,416000000.0,15000000.0,0.16,0.16,0.16,5618000000.0,4500500000.0,5618000000.0,19162560162.0,46.0,18.861,-1181000000.0,-2.171,1.0,2962000000.0,0.146,1910000000.0,401000000.0,22870000000.0,19983000000.0,136000000.0,2656000000.0,0.0,2656000000.0,16934000000.0,3856000000.0,13078000000.0,12425560162.0,-86000000.0,-82000000.0,-422000000.0,1674000000.0,-354000000.0,1849000000.0,-2146000000.0,-700000000.0,211000000.0,0.0,105000000.0,88000000.0,88000000.0,0.0,0.0,0.004,2947000000.0,15000000.0,1794000000.0,2.85,2.212,141.2,129.883,9170000000.0,17000000.0,20.781,0.613,0.558,1826000000.0,1852000000.0,20273000000.0,20273000000.0,0.0,0.005,0.02,0.021,0.021,0.0,1406000000.0,1.0,597921692.0,544000000,555000000.0,37.267,20642000000.0,0.0,-90000000.0,2039000000.0,37.945,257000000.0
4,ENRNQ,MRY,1996-12-31,1996-12-31,1996-12-31,2018-08-31,-127000000.0,16137000000.0,14659248250.0,3979000000.0,12158000000.0,0.907,7.567,-864000000.0,256000000.0,256000000.0,10478000000.0,584000000.0,1.073,3.334,3349000000.0,0.0,3349000000.0,3349000000.0,0.0,474000000.0,0.0,0.02,0.431,1129000000.0,1603000000.0,0.121,1603000000.0,1129000000.0,855000000.0,1.155,1.08,1.155,3723000000.0,3557396000.0,3723000000.0,14431649244.0,13.0,9.003,20000000.0,0.041,1.0,2811000000.0,0.212,87000000.0,274000000.0,15435000000.0,15119445500.0,0.0,1701000000.0,0.0,1701000000.0,12414000000.0,3708000000.0,8706000000.0,10972971244.0,141000000.0,0.0,107000000.0,282000000.0,-281000000.0,331000000.0,-1074000000.0,-619000000.0,884000000.0,0.0,584000000.0,568000000.0,568000000.0,0.0,0.0,0.043,2121000000.0,690000000.0,2035000000.0,0.373,2.947,19.319,18.669,7112000000.0,16000000.0,21.563,0.826,0.798,2255000000.0,2007000000.0,13289000000.0,13289000000.0,0.0,0.039,0.16,0.075,0.085,0.0,1421000000.0,1.0,508891420.0,492000000,540000000.0,27.01,16050000000.0,0.0,271000000.0,2290000000.0,32.622,271000000.0
5,ENRNQ,MRY,1995-12-31,1995-12-31,1995-12-31,2018-08-31,-153000000.0,13239000000.0,12830221000.0,2727000000.0,10512000000.0,0.716,6.486,-777000000.0,115000000.0,115000000.0,6733000000.0,520000000.0,1.121,3.183,3065000000.0,0.0,3065000000.0,3065000000.0,0.0,432000000.0,0.0,0.021,0.406,1089000000.0,1521000000.0,0.166,1521000000.0,1089000000.0,805000000.0,1.035,0.97,1.035,3165000000.0,3099907500.0,3165000000.0,12912072580.0,12.0,8.489,-792000000.0,-1.623,1.0,2456000000.0,0.267,0.0,284000000.0,13757000000.0,13951441750.0,111000000.0,1217000000.0,0.0,1217000000.0,10074000000.0,2432000000.0,7642000000.0,9593212580.0,-17000000.0,0.0,-44000000.0,269000000.0,-254000000.0,-15000000.0,13000000.0,-170000000.0,-15000000.0,0.0,520000000.0,504000000.0,504000000.0,0.0,0.0,0.055,1838000000.0,618000000.0,1165000000.0,0.392,3.031,19.034,18.418,6868000000.0,16000000.0,19.063,1.044,1.012,1577000000.0,1651000000.0,9189000000.0,9189000000.0,0.0,0.039,0.163,0.078,0.119,0.0,1218000000.0,1.0,503250496.0,488000000,536000000.0,18.83,13239000000.0,0.0,285000000.0,2307000000.0,27.129,295000000.0
6,ENRNQ,MRY,1994-12-31,1994-12-31,1994-12-31,2018-08-31,-158881000.0,11966011000.0,11667666000.0,1908993000.0,10057018000.0,0.77,5.927,-661000000.0,132336000.0,132336000.0,6517000000.0,453000000.0,0.831,3.154,2805142000.0,0.0,2805142000.0,2805142000.0,256298000.0,441000000.0,0.0,0.025,0.381,893000000.0,1334000000.0,0.148,1334000000.0,893000000.0,620000000.0,0.9,0.85,0.9,2880328000.0,2829428750.0,2880328000.0,10933659676.0,12.0,8.196,-201000000.0,-0.414,1.0,2467000000.0,0.275,0.0,273000000.0,12341431000.0,12567004000.0,138405000.0,1065189000.0,0.0,1065189000.0,9085683000.0,2297386000.0,6788297000.0,7715337676.0,-8000000.0,0.0,26000000.0,143000000.0,-231000000.0,92000000.0,-560000000.0,-272000000.0,460000000.0,0.0,453000000.0,438000000.0,438000000.0,0.0,0.0,0.049,1751000000.0,716000000.0,1038570000.0,0.423,2.679,17.615,16.944,6738660000.0,15000000.0,15.25,0.859,0.825,936985000.0,1351297000.0,8984000000.0,8984000000.0,0.0,0.038,0.155,0.071,0.099,0.0,1124000000.0,1.0,505923782.0,486000000,486000000.0,18.486,11966011000.0,0.0,167000000.0,1984356000.0,24.621,-388393000.0
7,ENRNQ,MRY,1993-12-31,1993-12-31,1993-12-31,2018-08-31,-138704000.0,11504315000.0,10907959000.0,2018610000.0,9485705000.0,0.732,5.488,-688032000.0,140240000.0,140240000.0,5566026000.0,332522000.0,0.754,3.385,2661240000.0,0.0,2661240000.0,2661240000.0,327802000.0,458188000.0,0.0,0.025,0.356,767925000.0,1226113000.0,0.154,1226113000.0,767925000.0,467776000.0,0.66,0.625,0.66,2623374000.0,2570845500.0,2623374000.0,,,,-293610000.0,-0.614,1.0,2419774000.0,0.303,0.0,300149000.0,11349726000.0,10880318000.0,197737000.0,697084000.0,0.0,697084000.0,8880941000.0,2675589000.0,6205352000.0,7262000490.0,-1449000.0,0.0,-48263000.0,206544000.0,-189769000.0,169505000.0,-565376000.0,-267097000.0,394422000.0,0.0,332522000.0,315603000.0,315603000.0,0.0,0.0,0.04,1788972000.0,630802000.0,1575859000.0,0.539,2.768,23.01,21.97,6722772000.0,16919000.0,14.5,0.909,0.868,1092446000.0,1104986000.0,7985800000.0,7985800000.0,0.0,0.029,0.123,0.071,0.096,0.0,1146655000.0,1.0,500827620.0,478038000,478038000.0,16.705,11504315000.0,0.0,135254000.0,1949074000.0,24.066,-656979000.0
8,ENRNQ,MRY,1992-12-31,1992-12-31,1992-12-31,2018-08-31,-118160000.0,10311603000.0,,1651856000.0,8659747000.0,,5.724,-596885000.0,141689000.0,141689000.0,4222395000.0,306185000.0,0.745,3.095,2458924000.0,0.0,2458924000.0,2458924000.0,582933000.0,376019000.0,0.0,0.029,0.331,726935000.0,1102954000.0,0.172,1102954000.0,726935000.0,396653000.0,0.645,0.605,0.645,2518317000.0,,2518317000.0,,,,-267021000.0,-0.607,1.0,2192915000.0,0.342,0.0,330282000.0,10410910000.0,,293809000.0,636062000.0,0.0,636062000.0,7793286000.0,2217928000.0,5575358000.0,,-52163000.0,0.0,361831000.0,-559562000.0,-174880000.0,-338708000.0,-43319000.0,-53283000.0,329864000.0,0.0,306185000.0,284076000.0,284076000.0,0.0,0.0,0.044,1573106000.0,619809000.0,1431341000.0,0.513,,,17.975,6545763000.0,22109000.0,11.594,,0.795,734304000.0,959522000.0,6415310000.0,6415310000.0,0.0,,,,0.113,0.0,936040000.0,1.0,,439930000,439930000.0,14.583,10311603000.0,0.0,90468000.0,1984719000.0,23.439,-566072000.0
9,ENRNQ,MRY,1991-12-31,1991-12-31,1991-12-31,2018-08-31,,,,,,,,-827920000.0,,,3645843000.0,232146000.0,,,,,,,,365957000.0,,0.019,0.163,708092000.0,1074049000.0,0.189,1074049000.0,708092000.0,334600000.0,0.515,0.49,0.515,,,,,,,-14240000.0,-0.035,1.0,2037098000.0,0.358,,373492000.0,,,,,,,,,,,8098000.0,0.0,-65755000.0,92484000.0,-154274000.0,-183517000.0,-622065000.0,0.0,813680000.0,0.0,232146000.0,207406000.0,207406000.0,0.0,0.0,0.036,1539161000.0,497937000.0,,0.317,,,16.99,,24740000.0,8.75,,0.622,,,5682941000.0,5682941000.0,0.0,,,,0.125,0.0,914538000.0,,,404160000,404160000.0,14.061,,,102454000.0,,,
0,ENRNQ,MRQ,2001-09-30,2001-09-30,2001-09-30,2018-08-31,-1527000000.0,61783000000.0,,24847000000.0,36936000000.0,,12.612,-384000000.0,3544000000.0,3544000000.0,45742000000.0,-644000000.0,0.92,5.437,12978000000.0,6434000000.0,6544000000.0,12978000000.0,0.0,293000000.0,1770000000.0,0.005,0.0,-719000000.0,-426000000.0,-0.009,-426000000.0,-719000000.0,-920000000.0,-0.87,-0.87,-0.87,9598000000.0,,9598000000.0,29971616675.0,23.0,13.128,200000000.0,0.263,1.0,1135000000.0,0.024,3548000000.0,201000000.0,40664000000.0,,836000000.0,7131000000.0,0.0,7131000000.0,52185000000.0,27005000000.0,25180000000.0,20418616675.0,288000000.0,-48000000.0,-175000000.0,271000000.0,-138000000.0,-91000000.0,-205000000.0,-84000000.0,584000000.0,0.0,-644000000.0,-664000000.0,-664000000.0,0.0,0.0,-0.014,1284000000.0,-149000000.0,7787000000.0,0.0,2.127,125.268,118.391,10915000000.0,20000000.0,27.23,0.109,0.11,10439000000.0,2495000000.0,46877000000.0,46877000000.0,0.0,,,,,0.0,929000000.0,1.0,749857388.0,761000000,761000000.0,61.599,58235000000.0,0.0,-276000000.0,1947000000.0,76.524,-2158000000.0
1,ENRNQ,MRQ,2001-06-30,2001-06-30,2001-06-30,2018-08-31,-1606000000.0,63392000000.0,,26324000000.0,37068000000.0,,15.509,-818000000.0,3259000000.0,3259000000.0,48173000000.0,404000000.0,1.083,4.4,12812000000.0,3457000000.0,9355000000.0,12812000000.0,0.0,240000000.0,1820000000.0,0.005,0.0,745000000.0,985000000.0,0.02,985000000.0,745000000.0,530000000.0,0.51,0.45,0.51,11740000000.0,,11740000000.0,45120762669.0,17.0,12.544,-1691000000.0,-2.234,1.0,1887000000.0,0.038,3527000000.0,215000000.0,45105000000.0,,913000000.0,5934000000.0,0.0,5934000000.0,51652000000.0,24313000000.0,27339000000.0,36633762669.0,-239000000.0,-1000000.0,83000000.0,701000000.0,-113000000.0,671000000.0,-37000000.0,-372000000.0,-873000000.0,0.0,404000000.0,383000000.0,383000000.0,0.0,0.0,0.008,1345000000.0,542000000.0,9646000000.0,0.0,3.12,33.033,32.953,10741000000.0,21000000.0,49.1,0.215,0.218,12581000000.0,3827000000.0,50060000000.0,50060000000.0,0.0,,,,,0.0,1027000000.0,1.0,746105146.0,757000000,891000000.0,66.129,59865000000.0,0.0,126000000.0,1758000000.0,79.082,2011000000.0
2,ENRNQ,MRQ,2001-03-31,2001-03-31,2001-03-31,2018-08-31,-1193000000.0,67260000000.0,,29167000000.0,38093000000.0,,15.594,-382000000.0,3435000000.0,3435000000.0,48159000000.0,425000000.0,1.058,4.735,11922000000.0,2159000000.0,9763000000.0,11922000000.0,0.0,213000000.0,3495000000.0,0.006,0.0,756000000.0,969000000.0,0.019,969000000.0,756000000.0,555000000.0,0.54,0.49,0.54,11727000000.0,,11727000000.0,56458605140.0,23.0,16.838,-846000000.0,-1.125,1.0,1970000000.0,0.039,3609000000.0,201000000.0,44568000000.0,,650000000.0,5694000000.0,0.0,5694000000.0,55533000000.0,27570000000.0,27963000000.0,43374605140.0,-288000000.0,-33000000.0,-107000000.0,1550000000.0,-143000000.0,1300000000.0,-1124000000.0,-716000000.0,-464000000.0,0.0,425000000.0,405000000.0,405000000.0,0.0,0.0,0.008,1294000000.0,676000000.0,8686000000.0,0.0,3.699,43.636,43.037,11575000000.0,20000000.0,58.1,0.315,0.318,11310000000.0,3525000000.0,50129000000.0,50129000000.0,0.0,,,,,0.0,993000000.0,1.0,746550863.0,752000000,872000000.0,66.661,63651000000.0,0.0,130000000.0,1625000000.0,84.642,1597000000.0
3,ENRNQ,MRQ,2000-12-31,2000-12-31,2000-12-31,2018-08-31,-1198000000.0,64926000000.0,,30027000000.0,34899000000.0,,13.755,-832000000.0,3673000000.0,3673000000.0,39016000000.0,60000000.0,1.045,5.31,10857000000.0,2192000000.0,8665000000.0,10857000000.0,0.0,235000000.0,4277000000.0,0.006,0.125,520000000.0,755000000.0,0.019,755000000.0,520000000.0,286000000.0,0.05,0.05,0.05,10289000000.0,,10289000000.0,75141040487.0,33.0,24.192,3847000000.0,5.143,1.0,1735000000.0,0.043,3720000000.0,234000000.0,39649000000.0,,953000000.0,5599000000.0,0.0,5599000000.0,54637000000.0,28741000000.0,25896000000.0,62057040487.0,677000000.0,-4000000.0,98000000.0,-3812000000.0,-127000000.0,-3340000000.0,-662000000.0,-63000000.0,4679000000.0,0.0,60000000.0,39000000.0,39000000.0,0.0,0.0,0.001,1015000000.0,720000000.0,9577000000.0,2.5,6.031,69.26,68.135,11733000000.0,21000000.0,83.125,0.616,0.607,12050000000.0,2613000000.0,40751000000.0,40751000000.0,0.0,,,,,0.0,690000000.0,1.0,746550863.0,748000000,814000000.0,54.48,61206000000.0,0.0,226000000.0,1679000000.0,81.826,1286000000.0
4,ENRNQ,MRQ,2000-09-30,2000-09-30,2000-09-30,2018-08-31,-958000000.0,52996000000.0,,18806000000.0,34190000000.0,,15.468,-530000000.0,697000000.0,697000000.0,28036000000.0,303000000.0,1.1,3.7,13781000000.0,3117000000.0,10664000000.0,13781000000.0,0.0,253000000.0,0.0,0.006,0.125,635000000.0,888000000.0,0.03,888000000.0,635000000.0,376000000.0,0.39,0.35,0.39,11276000000.0,,11276000000.0,75726571193.0,35.0,25.42,144000000.0,0.198,1.0,1798000000.0,0.06,3646000000.0,259000000.0,45332000000.0,,1942000000.0,5376000000.0,0.0,5376000000.0,41720000000.0,17102000000.0,24618000000.0,64747571193.0,-10000000.0,-415000000.0,401000000.0,491000000.0,-131000000.0,642000000.0,-1326000000.0,-468000000.0,674000000.0,0.0,303000000.0,282000000.0,282000000.0,0.0,0.0,0.009,1265000000.0,533000000.0,5390000000.0,0.321,5.742,58.701,57.271,11453000000.0,21000000.0,87.625,0.914,0.902,7675000000.0,3277000000.0,29834000000.0,29834000000.0,0.0,,,,,0.0,943000000.0,1.0,738916647.0,729000000,858000000.0,40.925,49350000000.0,0.0,73000000.0,1565000000.0,67.695,1704000000.0
5,ENRNQ,MRQ,2000-06-30,2000-06-30,2000-06-30,2018-08-31,-861000000.0,45566000000.0,,14370000000.0,31196000000.0,,14.692,-513000000.0,718000000.0,718000000.0,15324000000.0,289000000.0,1.176,3.231,11697000000.0,1486000000.0,10211000000.0,11697000000.0,0.0,192000000.0,0.0,0.01,0.125,549000000.0,741000000.0,0.044,741000000.0,549000000.0,353000000.0,0.37,0.34,0.37,10769000000.0,,10769000000.0,56922858640.0,29.0,20.483,-603000000.0,-0.823,1.0,1562000000.0,0.093,3408000000.0,196000000.0,40915000000.0,,571000000.0,5621000000.0,0.0,5621000000.0,34797000000.0,12222000000.0,22575000000.0,47216858640.0,252000000.0,-214000000.0,-114000000.0,1419000000.0,-109000000.0,1103000000.0,-761000000.0,-74000000.0,-90000000.0,0.0,289000000.0,268000000.0,268000000.0,0.0,0.0,0.016,1143000000.0,419000000.0,4400000000.0,0.338,4.385,43.239,42.434,11211000000.0,21000000.0,64.5,0.894,0.895,6269000000.0,3101000000.0,16886000000.0,16886000000.0,0.0,,,,,0.0,892000000.0,1.0,732044320.0,733000000,862000000.0,23.037,42158000000.0,0.0,64000000.0,1678000000.0,57.514,2148000000.0
6,ENRNQ,MRQ,2000-03-31,2000-03-31,2000-03-31,2018-08-31,-756000000.0,37484000000.0,,9333000000.0,28151000000.0,,14.025,-496000000.0,466000000.0,466000000.0,11888000000.0,338000000.0,1.016,2.697,10172000000.0,1884000000.0,8288000000.0,10172000000.0,0.0,172000000.0,0.0,0.008,0.125,571000000.0,743000000.0,0.057,743000000.0,571000000.0,410000000.0,0.44,0.4,0.44,10140000000.0,,10140000000.0,62120013922.0,33.0,22.999,-953000000.0,-1.318,1.0,1257000000.0,0.096,2905000000.0,161000000.0,35095000000.0,,437000000.0,6020000000.0,0.0,6020000000.0,27344000000.0,9190000000.0,18154000000.0,54256013922.0,178000000.0,-629000000.0,249000000.0,1930000000.0,-156000000.0,2128000000.0,-1493000000.0,-316000000.0,-457000000.0,0.0,338000000.0,318000000.0,318000000.0,0.0,0.0,0.024,985000000.0,272000000.0,2914000000.0,0.284,5.351,52.83,51.997,10697000000.0,20000000.0,74.875,1.189,1.187,4352000000.0,2922000000.0,13145000000.0,13145000000.0,0.0,,,,,0.0,747000000.0,1.0,724621221.0,723000000,852000000.0,18.181,34579000000.0,0.0,72000000.0,1791000000.0,47.827,143000000.0
7,ENRNQ,MRQ,1999-12-31,1999-12-31,1999-12-31,2018-08-31,-741000000.0,33381000000.0,,7255000000.0,26126000000.0,,13.403,-341000000.0,369000000.0,369000000.0,9624000000.0,259000000.0,1.073,2.488,8152000000.0,1001000000.0,7151000000.0,8152000000.0,0.0,194000000.0,44000000.0,0.014,0.125,413000000.0,607000000.0,0.055,607000000.0,413000000.0,294000000.0,0.33,0.31,0.33,9570000000.0,,9570000000.0,40031333576.0,24.0,15.867,930000000.0,1.303,1.0,1349000000.0,0.123,2799000000.0,119000000.0,31606000000.0,,598000000.0,5036000000.0,0.0,5036000000.0,23811000000.0,6759000000.0,17052000000.0,31755333576.0,-28000000.0,-98000000.0,-121000000.0,-687000000.0,-121000000.0,-947000000.0,-352000000.0,-4000000.0,1271000000.0,0.0,259000000.0,235000000.0,235000000.0,0.0,0.0,0.021,1129000000.0,220000000.0,2154000000.0,0.379,3.318,38.398,37.927,10681000000.0,24000000.0,44.375,0.792,0.78,3548000000.0,2698000000.0,10973000000.0,10973000000.0,0.0,,,,,0.0,905000000.0,1.0,715613151.0,714000000,778000000.0,15.368,30582000000.0,0.0,35000000.0,1894000000.0,42.832,496000000.0
8,ENRNQ,MRQ,1999-09-30,1999-09-30,1999-09-30,2018-08-31,-853000000.0,33576000000.0,,7567000000.0,26009000000.0,,13.088,-1053000000.0,316000000.0,316000000.0,10489000000.0,290000000.0,1.135,2.593,8592000000.0,0.0,8592000000.0,8592000000.0,0.0,225000000.0,0.0,0.015,0.25,463000000.0,688000000.0,0.058,688000000.0,463000000.0,276000000.0,0.38,0.35,0.38,9345000000.0,,9345000000.0,38004754669.0,24.0,15.318,-1058000000.0,-1.482,1.0,1346000000.0,0.114,2636000000.0,187000000.0,32547000000.0,,613000000.0,4968000000.0,0.0,4968000000.0,24231000000.0,6669000000.0,17562000000.0,29311754669.0,30000000.0,-173000000.0,42000000.0,1407000000.0,-119000000.0,1331000000.0,-1296000000.0,-70000000.0,-5000000.0,0.0,290000000.0,271000000.0,271000000.0,0.0,0.0,0.023,1382000000.0,-36000000.0,2281000000.0,0.658,3.137,38.366,37.33,9775000000.0,19000000.0,41.063,0.796,0.796,3851000000.0,2537000000.0,11835000000.0,11835000000.0,0.0,,,,,0.0,671000000.0,1.0,713832686.0,714000000,781000000.0,16.576,30940000000.0,0.0,-14000000.0,1908000000.0,43.333,898000000.0
9,ENRNQ,MRQ,1999-06-30,1999-06-30,1999-06-30,2018-08-31,-760000000.0,34147000000.0,,6893000000.0,27254000000.0,,13.003,-450000000.0,286000000.0,286000000.0,8347000000.0,222000000.0,1.069,2.709,8979000000.0,0.0,8979000000.0,8979000000.0,0.0,236000000.0,0.0,0.012,0.125,427000000.0,663000000.0,0.069,663000000.0,427000000.0,252000000.0,0.29,0.27,0.29,9206000000.0,,9206000000.0,38031769358.0,26.0,15.993,172000000.0,0.243,1.0,1325000000.0,0.137,2696000000.0,175000000.0,33698000000.0,,557000000.0,4779000000.0,0.0,4779000000.0,24941000000.0,6446000000.0,18495000000.0,28908769358.0,-10000000.0,-2000000.0,112000000.0,-381000000.0,-114000000.0,97000000.0,-729000000.0,-239000000.0,622000000.0,0.0,222000000.0,203000000.0,203000000.0,0.0,0.0,0.021,1092000000.0,233000000.0,2603000000.0,0.431,3.14,44.001,42.139,11816000000.0,19000000.0,40.875,0.796,0.797,3522000000.0,2369000000.0,9672000000.0,9672000000.0,0.0,,,,,0.0,800000000.0,1.0,707248180.0,708000000,771000000.0,13.661,31451000000.0,0.0,30000000.0,2352000000.0,44.422,447000000.0
10,ENRNQ,MRQ,1999-03-31,1999-03-31,1999-03-31,2018-08-31,-711000000.0,32699000000.0,,6445000000.0,26254000000.0,,12.919,-519000000.0,296000000.0,296000000.0,6300000000.0,122000000.0,1.142,2.706,9419000000.0,0.0,9419000000.0,9419000000.0,0.0,215000000.0,0.0,0.015,0.125,350000000.0,565000000.0,0.074,565000000.0,350000000.0,175000000.0,0.17,0.16,0.17,8824000000.0,,8824000000.0,29800399606.0,22.0,13.478,-1179000000.0,-1.726,1.0,1332000000.0,0.175,2690000000.0,175000000.0,33488000000.0,,458000000.0,4632000000.0,0.0,4632000000.0,23875000000.0,5644000000.0,18231000000.0,22554399606.0,185000000.0,-38000000.0,958000000.0,1165000000.0,-113000000.0,1975000000.0,-1130000000.0,-409000000.0,-660000000.0,0.0,122000000.0,118000000.0,118000000.0,0.0,0.0,0.015,947000000.0,385000000.0,2694000000.0,0.735,2.556,37.97,35.694,11585000000.0,4000000.0,32.125,0.679,0.661,3534000000.0,2256000000.0,7632000000.0,7632000000.0,0.0,,,,,0.0,670000000.0,1.0,702082478.0,683000000,745000000.0,11.174,30009000000.0,0.0,53000000.0,2194000000.0,43.937,801000000.0
11,ENRNQ,MRQ,1998-12-31,1998-12-31,1998-12-31,2018-08-31,-162000000.0,29350000000.0,,5933000000.0,23417000000.0,,10.679,-674000000.0,111000000.0,111000000.0,6278000000.0,176000000.0,0.972,3.164,7357000000.0,0.0,7357000000.0,7357000000.0,0.0,240000000.0,0.0,0.017,0.125,325000000.0,565000000.0,0.073,565000000.0,325000000.0,173000000.0,0.26,0.24,0.26,7048000000.0,,7048000000.0,28066178426.0,20.0,12.446,995000000.0,1.508,1.0,1424000000.0,0.185,1949000000.0,152000000.0,28540000000.0,,514000000.0,4433000000.0,0.0,4433000000.0,22302000000.0,6107000000.0,16195000000.0,18872178426.0,-272000000.0,-17000000.0,7000000.0,-1987000000.0,-107000000.0,-1147000000.0,-794000000.0,-189000000.0,1669000000.0,0.0,176000000.0,172000000.0,172000000.0,0.0,0.0,0.022,1046000000.0,378000000.0,2380000000.0,0.481,2.678,27.51,26.665,10657000000.0,4000000.0,28.531,0.604,0.586,2893000000.0,2226000000.0,7702000000.0,7702000000.0,0.0,,,,,0.0,852000000.0,1.0,661456418.0,660000000,716000000.0,11.67,27401000000.0,0.0,-3000000.0,2357000000.0,41.517,-174000000.0
12,ENRNQ,MRQ,1998-09-30,1998-09-30,1998-09-30,2018-08-31,-170000000.0,29749000000.0,,6549000000.0,23200000000.0,,10.548,-646000000.0,383000000.0,383000000.0,10017000000.0,168000000.0,0.92,3.28,9577000000.0,1102000000.0,8475000000.0,9577000000.0,0.0,215000000.0,0.0,0.018,0.119,370000000.0,585000000.0,0.052,585000000.0,370000000.0,236000000.0,0.25,0.24,0.25,6951000000.0,,6951000000.0,24441226706.0,17.0,11.089,-424000000.0,-0.643,1.0,1303000000.0,0.115,1976000000.0,134000000.0,29852000000.0,,0.0,4382000000.0,0.0,4382000000.0,22798000000.0,7115000000.0,15683000000.0,17627226706.0,208000000.0,-62000000.0,22000000.0,2129000000.0,-103000000.0,2020000000.0,-2034000000.0,-1319000000.0,222000000.0,0.0,168000000.0,164000000.0,164000000.0,0.0,0.0,0.014,913000000.0,390000000.0,2898000000.0,0.476,2.536,25.961,23.884,10027000000.0,4000000.0,26.75,0.599,0.599,3413000000.0,2138000000.0,11320000000.0,11320000000.0,0.0,,,,,0.0,614000000.0,1.0,658961746.0,659000000,713000000.0,17.178,27773000000.0,0.0,68000000.0,2040000000.0,42.144,-566000000.0
13,ENRNQ,MRQ,1998-06-30,1998-06-30,1998-06-30,2018-08-31,-159000000.0,28258000000.0,,7478000000.0,20780000000.0,,10.638,-297000000.0,175000000.0,175000000.0,5528000000.0,145000000.0,1.17,3.164,6989000000.0,0.0,6989000000.0,6989000000.0,0.0,190000000.0,0.0,0.017,0.119,306000000.0,496000000.0,0.076,496000000.0,306000000.0,175000000.0,0.22,0.21,0.22,6787000000.0,,6787000000.0,23508507964.0,18.0,11.423,-598000000.0,-0.937,1.0,1029000000.0,0.157,1884000000.0,131000000.0,26799000000.0,,0.0,2761000000.0,0.0,2761000000.0,21471000000.0,6389000000.0,15082000000.0,16846507964.0,2000000.0,-205000000.0,846000000.0,152000000.0,-105000000.0,948000000.0,-645000000.0,-102000000.0,-301000000.0,0.0,145000000.0,140000000.0,140000000.0,0.0,0.0,0.021,831000000.0,198000000.0,2730000000.0,0.541,2.482,26.159,24.799,9508000000.0,5000000.0,27.031,0.704,0.721,3518000000.0,2051000000.0,6557000000.0,6557000000.0,0.0,,,,,0.0,570000000.0,1.0,623223416.0,638000000,692000000.0,10.277,26374000000.0,0.0,30000000.0,2052000000.0,41.339,1089000000.0
14,ENRNQ,MRQ,1998-03-31,1998-03-31,1998-03-31,2018-08-31,-147000000.0,24720000000.0,,5388000000.0,19332000000.0,,9.531,-288000000.0,173000000.0,173000000.0,4559000000.0,214000000.0,1.099,3.252,6835000000.0,0.0,6835000000.0,6835000000.0,0.0,182000000.0,0.0,0.02,0.119,427000000.0,609000000.0,0.107,609000000.0,427000000.0,294000000.0,0.345,0.325,0.345,5814000000.0,,5814000000.0,20534637633.0,46.0,18.567,-238000000.0,-0.39,1.0,1123000000.0,0.198,1883000000.0,133000000.0,24597000000.0,,0.0,2649000000.0,0.0,2649000000.0,18906000000.0,4902000000.0,14004000000.0,14450637633.0,3000000.0,0.0,5000000.0,581000000.0,-99000000.0,445000000.0,-492000000.0,-49000000.0,50000000.0,0.0,214000000.0,210000000.0,210000000.0,0.0,0.0,0.037,711000000.0,412000000.0,2075000000.0,0.345,2.485,180.633,1545.833,9247000000.0,4000000.0,23.188,0.701,0.686,2205000000.0,1989000000.0,5682000000.0,5682000000.0,0.0,,,,,0.0,437000000.0,1.0,623208092.0,610000000,660000000.0,9.315,22837000000.0,0.0,80000000.0,2158000000.0,37.438,486000000.0
15,ENRNQ,MRQ,1997-12-31,1997-12-31,1997-12-31,2018-08-31,-148000000.0,22552000000.0,,4113000000.0,18439000000.0,,9.891,-439000000.0,170000000.0,170000000.0,5041000000.0,169000000.0,1.067,3.014,6254000000.0,0.0,6254000000.0,6254000000.0,0.0,182000000.0,0.0,0.022,0.119,332000000.0,514000000.0,0.088,514000000.0,332000000.0,202000000.0,0.305,0.305,0.305,5618000000.0,,5618000000.0,19162560162.0,46.0,18.861,360000000.0,0.634,1.0,831000000.0,0.142,1910000000.0,130000000.0,22870000000.0,,136000000.0,2656000000.0,0.0,2656000000.0,16934000000.0,3856000000.0,13078000000.0,12425560162.0,-24000000.0,-5000000.0,-26000000.0,-689000000.0,-99000000.0,-173000000.0,-650000000.0,-449000000.0,799000000.0,0.0,169000000.0,165000000.0,165000000.0,0.0,0.0,0.028,673000000.0,158000000.0,1794000000.0,0.39,2.212,141.2,129.883,9170000000.0,4000000.0,20.781,0.613,0.558,1826000000.0,1852000000.0,5872000000.0,5872000000.0,0.0,,,,,0.0,407000000.0,1.0,597921692.0,568000000,612000000.0,10.338,20642000000.0,0.0,33000000.0,2039000000.0,36.342,257000000.0
16,ENRNQ,MRQ,1997-09-30,1997-09-30,1997-09-30,2018-08-31,-129000000.0,22810000000.0,,4764000000.0,18046000000.0,,8.57,-328000000.0,194000000.0,194000000.0,4927000000.0,134000000.0,1.314,3.527,6931000000.0,0.0,6931000000.0,6931000000.0,0.0,169000000.0,0.0,0.023,0.113,270000000.0,439000000.0,0.076,439000000.0,270000000.0,148000000.0,0.22,0.21,0.22,5039000000.0,,5039000000.0,15856671345.0,45.0,17.697,-393000000.0,-0.668,1.0,879000000.0,0.151,1666000000.0,122000000.0,24256000000.0,,0.0,2305000000.0,0.0,2305000000.0,17771000000.0,3625000000.0,14146000000.0,11530671345.0,-17000000.0,-37000000.0,-312000000.0,1298000000.0,-90000000.0,897000000.0,-849000000.0,-367000000.0,-65000000.0,0.0,134000000.0,129000000.0,129000000.0,0.0,0.0,0.022,654000000.0,225000000.0,2036000000.0,0.514,2.288,230.613,296.154,9029000000.0,5000000.0,19.25,0.625,0.613,2578000000.0,1750000000.0,5806000000.0,5806000000.0,0.0,,,,,0.0,418000000.0,1.0,598995914.0,588000000,634000000.0,9.874,21144000000.0,0.0,14000000.0,2270000000.0,35.959,1139000000.0
17,ENRNQ,MRQ,1997-06-30,1997-06-30,1997-06-30,2018-08-31,-129000000.0,16085000000.0,,3822000000.0,12263000000.0,,6.917,-411000000.0,211000000.0,211000000.0,2711000000.0,-420000000.0,1.165,3.688,4537000000.0,0.0,4537000000.0,4537000000.0,0.0,125000000.0,0.0,0.022,0.113,-581000000.0,-456000000.0,-0.14,-456000000.0,-581000000.0,-660000000.0,-0.855,-0.855,-0.855,3431000000.0,,3431000000.0,13721270330.0,43.0,16.94,-792000000.0,-1.597,1.0,540000000.0,0.166,0.0,79000000.0,17131000000.0,,121000000.0,1927000000.0,0.0,1927000000.0,12654000000.0,3280000000.0,9374000000.0,10412270330.0,-44000000.0,-40000000.0,-52000000.0,850000000.0,-82000000.0,916000000.0,-579000000.0,-103000000.0,-381000000.0,0.0,-420000000.0,-424000000.0,-424000000.0,0.0,0.0,-0.13,1165000000.0,-625000000.0,1725000000.0,-0.132,3.035,260.307,240.074,7202000000.0,4000000.0,20.406,0.656,0.638,1875000000.0,1692000000.0,3251000000.0,3251000000.0,0.0,,,,,0.0,308000000.0,1.0,510249082.0,496000000,496000000.0,6.554,16085000000.0,0.0,-240000000.0,2029000000.0,32.429,542000000.0
18,ENRNQ,MRQ,1997-03-31,1997-03-31,1997-03-31,2018-08-31,-142000000.0,15148000000.0,,3273000000.0,11875000000.0,,7.891,-214000000.0,255000000.0,255000000.0,4632000000.0,222000000.0,1.176,2.87,3564000000.0,0.0,3564000000.0,3564000000.0,0.0,124000000.0,0.0,0.023,0.113,395000000.0,519000000.0,0.097,519000000.0,395000000.0,325000000.0,0.44,0.405,0.44,3914000000.0,,3914000000.0,12851023981.0,11.0,7.982,-356000000.0,-0.718,1.0,712000000.0,0.133,0.0,70000000.0,15675000000.0,,111000000.0,1685000000.0,0.0,1685000000.0,11234000000.0,2782000000.0,8452000000.0,9758023981.0,-1000000.0,0.0,-32000000.0,215000000.0,-83000000.0,209000000.0,-68000000.0,219000000.0,-142000000.0,0.0,222000000.0,218000000.0,218000000.0,0.0,0.0,0.041,455000000.0,257000000.0,1587000000.0,0.257,2.493,16.912,16.293,7079000000.0,4000000.0,19.063,0.626,0.607,1802000000.0,2172000000.0,5344000000.0,5344000000.0,0.0,,,,,0.0,273000000.0,1.0,511896340.0,496000000,546000000.0,10.774,15148000000.0,0.0,103000000.0,2421000000.0,30.54,491000000.0
19,ENRNQ,MRQ,1996-12-31,1996-12-31,1996-12-31,2018-08-31,-127000000.0,16137000000.0,,3979000000.0,12158000000.0,,7.567,-346000000.0,256000000.0,256000000.0,3354000000.0,131000000.0,1.073,3.334,3349000000.0,0.0,3349000000.0,3349000000.0,0.0,128000000.0,0.0,0.02,0.113,266000000.0,394000000.0,0.097,394000000.0,266000000.0,192000000.0,0.26,0.24,0.26,3723000000.0,,3723000000.0,14431649244.0,13.0,9.003,52000000.0,0.106,1.0,695000000.0,0.172,87000000.0,74000000.0,15435000000.0,,0.0,1701000000.0,0.0,1701000000.0,12414000000.0,3708000000.0,8706000000.0,10972971244.0,151000000.0,0.0,24000000.0,-214000000.0,-75000000.0,-65000000.0,-182000000.0,-303000000.0,398000000.0,0.0,131000000.0,127000000.0,127000000.0,0.0,0.0,0.031,659000000.0,36000000.0,2035000000.0,0.435,2.947,19.319,18.669,7112000000.0,4000000.0,21.563,0.826,0.798,2255000000.0,2007000000.0,4049000000.0,4049000000.0,0.0,,,,,0.0,465000000.0,1.0,508891420.0,492000000,540000000.0,8.23,16050000000.0,0.0,61000000.0,2290000000.0,32.622,271000000.0
20,ENRNQ,MRQ,1996-09-30,1996-09-30,1996-09-30,2018-08-31,-150489000.0,14821085000.0,,2585318000.0,12235767000.0,,7.273,-243000000.0,104530000.0,104530000.0,2472000000.0,123000000.0,1.091,3.125,3563208000.0,0.0,3563208000.0,3563208000.0,150909000.0,116000000.0,0.0,0.021,0.106,237000000.0,353000000.0,0.109,353000000.0,237000000.0,171000000.0,0.24,0.225,0.24,3592749000.0,,3592749000.0,13534418549.0,12.0,8.324,117000000.0,0.237,1.0,753000000.0,0.233,0.0,66000000.0,15909171000.0,,123100000.0,1805964000.0,0.0,1805964000.0,11228336000.0,2370592000.0,8857744000.0,10337624549.0,-28000000.0,0.0,-45000000.0,233000000.0,-69000000.0,119000000.0,-507000000.0,-37000000.0,360000000.0,0.0,123000000.0,119000000.0,119000000.0,0.0,0.0,0.037,547000000.0,206000000.0,1078697000.0,0.442,2.877,18.238,17.565,6919175000.0,4000000.0,20.375,0.877,0.854,1335205000.0,1929062000.0,3225000000.0,3225000000.0,0.0,,,,,0.0,378000000.0,1.0,507368076.0,494000000,494000000.0,6.528,14821085000.0,0.0,48000000.0,2275263000.0,30.002,214726000.0
21,ENRNQ,MRQ,1996-06-30,1996-06-30,1996-06-30,2018-08-31,-153078000.0,14627783000.0,,3187943000.0,11439840000.0,,7.223,-156000000.0,133002000.0,133002000.0,2311000000.0,117000000.0,1.248,3.116,3329796000.0,0.0,3329796000.0,3329796000.0,168925000.0,110000000.0,0.0,0.021,0.106,234000000.0,344000000.0,0.116,344000000.0,234000000.0,169000000.0,0.23,0.215,0.23,3553864000.0,,3553864000.0,13230890921.0,11.0,8.249,-326000000.0,-0.663,1.0,650000000.0,0.22,0.0,65000000.0,15270339000.0,,105096000.0,1449011000.0,0.0,1449011000.0,11073919000.0,2554238000.0,8519681000.0,10303444921.0,-66000000.0,0.0,98000000.0,202000000.0,-70000000.0,244000000.0,-140000000.0,-175000000.0,-170000000.0,0.0,117000000.0,113000000.0,113000000.0,0.0,0.0,0.038,442000000.0,208000000.0,1283238000.0,0.461,2.899,18.918,18.248,6787403000.0,4000000.0,20.438,0.958,0.935,1727888000.0,1863397000.0,2961000000.0,2961000000.0,0.0,,,,,0.0,281000000.0,1.0,504144094.0,492000000,492000000.0,6.018,14627783000.0,0.0,52000000.0,2195116000.0,29.731,633705000.0
22,ENRNQ,MRQ,1996-03-31,1996-03-31,1996-03-31,2018-08-31,-162896000.0,13051125000.0,,2577153000.0,10473972000.0,,6.885,-119000000.0,199156000.0,199156000.0,2341000000.0,213000000.0,1.218,2.884,3126602000.0,0.0,3126602000.0,3126602000.0,198128000.0,120000000.0,0.0,0.022,0.106,392000000.0,512000000.0,0.168,512000000.0,392000000.0,323000000.0,0.43,0.4,0.43,3359971000.0,,3359971000.0,12222370592.0,11.0,7.776,177000000.0,0.363,1.0,713000000.0,0.233,0.0,69000000.0,13863272000.0,,72748000.0,1340626000.0,0.0,1340626000.0,9691154000.0,2115299000.0,7575855000.0,9272448592.0,84000000.0,0.0,30000000.0,61000000.0,-67000000.0,33000000.0,-245000000.0,-104000000.0,296000000.0,0.0,213000000.0,209000000.0,209000000.0,0.0,0.0,0.068,473000000.0,240000000.0,1274318000.0,0.247,2.76,17.768,17.151,6786012000.0,4000000.0,18.438,0.933,0.905,1615161000.0,1799881000.0,3054000000.0,3054000000.0,0.0,,,,,0.0,297000000.0,1.0,502912466.0,488000000,488000000.0,6.258,13051125000.0,0.0,110000000.0,2224507000.0,26.744,461854000.0
23,ENRNQ,MRQ,1995-12-31,1995-12-31,1995-12-31,2018-08-31,-153000000.0,13239000000.0,,2727000000.0,10512000000.0,,6.459,-245685000.0,115000000.0,115000000.0,2006538000.0,130422000.0,1.121,3.183,3065000000.0,0.0,3065000000.0,3065000000.0,0.0,110710000.0,0.0,0.021,0.106,306277000.0,416987000.0,0.164,416987000.0,306277000.0,236067000.0,0.26,0.245,0.26,3165000000.0,,3165000000.0,12912072580.0,12.0,8.489,-302846000.0,-0.618,1.0,543362000.0,0.213,0.0,70210000.0,13757000000.0,,111000000.0,1217000000.0,0.0,1217000000.0,10074000000.0,2432000000.0,7642000000.0,9593212580.0,8992000.0,0.0,-21922000.0,-352840000.0,-63618000.0,-424380000.0,490533000.0,-266278000.0,-57161000.0,0.0,130422000.0,125827000.0,125827000.0,0.0,0.0,0.049,601071000.0,-57709000.0,1165000000.0,0.408,3.031,19.034,18.418,6868000000.0,4595000.0,19.063,1.044,1.012,1577000000.0,1651000000.0,2549900000.0,2549900000.0,0.0,,,,,0.0,448363000.0,1.0,503250496.0,489998000,536000000.0,5.204,13239000000.0,0.0,105645000.0,2307000000.0,27.018,295000000.0
24,ENRNQ,MRQ,1995-09-30,1995-09-30,1995-09-30,2018-08-31,-149570000.0,13028613000.0,,2017030000.0,11011583000.0,,6.369,-248799000.0,106344000.0,106344000.0,1556549000.0,100583000.0,1.083,3.193,3425204000.0,0.0,3425204000.0,3425204000.0,216639000.0,111050000.0,0.0,0.024,0.1,219812000.0,330862000.0,0.151,330862000.0,219812000.0,143949000.0,0.2,0.185,0.2,3107491000.0,,3107491000.0,11719295326.0,12.0,8.164,2134000.0,0.004,1.0,629256000.0,0.288,0.0,75863000.0,14485595000.0,,127320000.0,1150965000.0,0.0,1150965000.0,9921122000.0,1861878000.0,8059244000.0,8442226326.0,-34172000.0,0.0,-23303000.0,7869000.0,-62718000.0,-78152000.0,-206953000.0,57203000.0,250933000.0,0.0,100583000.0,96806000.0,96806000.0,0.0,0.0,0.044,434380000.0,194876000.0,859662000.0,0.5,2.717,17.491,16.834,6803864000.0,3777000.0,16.75,0.915,0.886,988587000.0,1574335000.0,2185805000.0,2185805000.0,0.0,,,,,0.0,277313000.0,1.0,504013512.0,487880000,487880000.0,4.48,13028613000.0,0.0,43366000.0,2127375000.0,26.705,155152000.0
25,ENRNQ,MRQ,1995-06-30,1995-06-30,1995-06-30,2018-08-31,-154092000.0,12771995000.0,,1953658000.0,10818337000.0,,6.327,-166275000.0,140516000.0,140516000.0,1550480000.0,94045000.0,1.083,3.136,3417585000.0,0.0,3417585000.0,3417585000.0,219787000.0,102844000.0,0.0,0.022,0.1,209148000.0,311992000.0,0.145,311992000.0,209148000.0,138229000.0,0.185,0.175,0.185,3088000000.0,,3088000000.0,11852399713.0,12.0,8.472,-237104000.0,-0.486,1.0,598866000.0,0.279,0.0,70919000.0,14244997000.0,,105619000.0,1128895000.0,0.0,1128895000.0,9683995000.0,1804067000.0,7879928000.0,8846088713.0,47485000.0,0.0,9182000.0,319927000.0,-62894000.0,266215000.0,-147901000.0,36006000.0,-70829000.0,0.0,94045000.0,90236000.0,90236000.0,0.0,0.0,0.042,421840000.0,177026000.0,900739000.0,0.541,2.865,18.501,17.83,6777619000.0,3809000.0,17.563,0.975,0.945,936504000.0,1529781000.0,2149346000.0,2149346000.0,0.0,,,,,0.0,269866000.0,1.0,503691884.0,488036000,488036000.0,4.404,12771995000.0,0.0,44184000.0,2021165000.0,26.17,149591000.0
26,ENRNQ,MRQ,1995-03-31,1995-03-31,1995-03-31,2018-08-31,-152149000.0,12281276000.0,,1852820000.0,10428456000.0,,6.248,-116241000.0,93031000.0,93031000.0,1619433000.0,194950000.0,0.941,3.041,3099342000.0,0.0,3099342000.0,3099342000.0,237295000.0,107396000.0,0.0,0.024,0.1,353763000.0,461159000.0,0.2,461159000.0,353763000.0,286755000.0,0.395,0.365,0.395,3039139000.0,,3039139000.0,10978428688.0,12.0,8.106,-254184000.0,-0.523,1.0,684516000.0,0.297,0.0,67008000.0,13318175000.0,,106736000.0,1123354000.0,0.0,1123354000.0,9242137000.0,1969412000.0,7272725000.0,8305622688.0,-39305000.0,0.0,-7957000.0,294044000.0,-64770000.0,221317000.0,-122679000.0,3069000.0,-137943000.0,0.0,194950000.0,191131000.0,191131000.0,0.0,0.0,0.083,380709000.0,303807000.0,836920000.0,0.253,2.733,18.064,17.368,6731519000.0,3819000.0,16.5,0.94,0.909,828568000.0,1490963000.0,2303949000.0,2303949000.0,0.0,,,,,0.0,222458000.0,1.0,503371072.0,486434000,486434000.0,4.736,12281276000.0,0.0,91805000.0,2055862000.0,25.248,-116592000.0
27,ENRNQ,MRQ,1994-12-31,1994-12-31,1994-12-31,2018-08-31,-158881000.0,11966011000.0,,1908993000.0,10057018000.0,,5.938,-212684000.0,132336000.0,132336000.0,1886175000.0,108341000.0,0.831,3.154,2805142000.0,0.0,2805142000.0,2805142000.0,256298000.0,112778000.0,0.0,0.025,0.1,218659000.0,331437000.0,0.128,331437000.0,218659000.0,147534000.0,0.215,0.2,0.215,2880328000.0,,2880328000.0,10933659676.0,12.0,8.196,310220000.0,0.639,1.0,700726000.0,0.271,0.0,71125000.0,12341431000.0,,138405000.0,1065189000.0,0.0,1065189000.0,9085683000.0,2297386000.0,6788297000.0,7715337676.0,-67102000.0,0.0,-30956000.0,-613051000.0,-58181000.0,-620975000.0,30969000.0,-129347000.0,522904000.0,0.0,108341000.0,104486000.0,104486000.0,0.0,0.0,0.04,507473000.0,193253000.0,1038570000.0,0.465,2.679,17.615,16.944,6738660000.0,3855000.0,15.25,0.859,0.825,936985000.0,1351297000.0,2586901000.0,2586901000.0,0.0,,,,,0.0,409872000.0,1.0,505923782.0,485100000,485100000.0,5.333,11966011000.0,0.0,39193000.0,1984356000.0,24.667,-388393000.0
28,ENRNQ,MRQ,1994-09-30,1994-09-30,1994-09-30,2018-08-31,-151225000.0,12158991000.0,,1918020000.0,10240971000.0,,5.886,-178606000.0,199342000.0,199342000.0,1476889000.0,95995000.0,0.951,3.235,3417664000.0,0.0,3417664000.0,3417664000.0,267549000.0,103349000.0,0.0,0.025,0.094,191014000.0,294363000.0,0.145,294363000.0,191014000.0,126231000.0,0.19,0.18,0.19,2870850000.0,,2870850000.0,10697805604.0,12.0,8.041,-86003000.0,-0.176,1.0,553774000.0,0.273,0.0,64783000.0,13359909000.0,,134910000.0,1156991000.0,0.0,1156991000.0,9288141000.0,2017404000.0,7270737000.0,7611644604.0,79318000.0,0.0,29904000.0,211355000.0,-59098000.0,254948000.0,-268233000.0,-146009000.0,92603000.0,0.0,95995000.0,92293000.0,92293000.0,0.0,0.0,0.045,409037000.0,144737000.0,802648000.0,0.495,2.651,17.551,16.806,6681809000.0,3702000.0,15.125,0.876,0.849,739657000.0,1294861000.0,2030663000.0,2030663000.0,0.0,,,,,0.0,241860000.0,1.0,503249230.0,487716000,487716000.0,4.164,12158991000.0,0.0,30236000.0,2036658000.0,24.93,-99384000.0
29,ENRNQ,MRQ,1994-06-30,1994-06-30,1994-06-30,2018-08-31,-147801000.0,11421996000.0,,1570203000.0,9851793000.0,,5.748,-151053000.0,120024000.0,120024000.0,1371542000.0,75601000.0,0.836,3.08,3206185000.0,0.0,3206185000.0,3206185000.0,278391000.0,109825000.0,0.0,0.023,0.094,157586000.0,267411000.0,0.14,267411000.0,157586000.0,90185000.0,0.15,0.14,0.15,2799653000.0,,2799653000.0,10971127302.0,13.0,8.382,-96550000.0,-0.198,1.0,539167000.0,0.282,0.0,67401000.0,12631039000.0,,119031000.0,1011992000.0,0.0,1011992000.0,8622343000.0,1877118000.0,6745225000.0,8216037302.0,-15704000.0,0.0,17787000.0,315243000.0,-55124000.0,277906000.0,-348113000.0,-191420000.0,54503000.0,0.0,75601000.0,71880000.0,71880000.0,0.0,0.0,0.038,425304000.0,113863000.0,789599000.0,0.627,2.935,22.939,21.98,6599889000.0,3721000.0,16.375,0.957,0.929,665906000.0,1249752000.0,1910709000.0,1910709000.0,0.0,,,,,0.0,249884000.0,1.0,501742736.0,487092000,487092000.0,3.923,11421996000.0,0.0,14584000.0,1906353000.0,23.449,-306915000.0
30,ENRNQ,MRQ,1994-03-31,1994-03-31,1994-03-31,2018-08-31,-133804000.0,11123666000.0,,1724204000.0,9399462000.0,,5.705,-118657000.0,135728000.0,135728000.0,1782393000.0,173063000.0,0.887,3.02,2890818000.0,0.0,2890818000.0,2890818000.0,384155000.0,115048000.0,0.0,0.024,0.094,325739000.0,440787000.0,0.179,440787000.0,325739000.0,256050000.0,0.35,0.325,0.35,2766884000.0,,2766884000.0,10158621205.0,12.0,7.848,-328667000.0,-0.678,1.0,673333000.0,0.274,0.0,69689000.0,11935637000.0,,46788000.0,796253000.0,0.0,796253000.0,8356782000.0,1943119000.0,6413663000.0,7637621205.0,-4512000.0,0.0,9265000.0,229453000.0,-58597000.0,180121000.0,25377000.0,194776000.0,-210010000.0,0.0,173063000.0,169341000.0,169341000.0,0.0,0.0,0.069,409187000.0,264146000.0,917634000.0,0.269,2.76,22.252,21.329,6608688000.0,3722000.0,15.25,0.89,0.862,958116000.0,1226445000.0,2455726000.0,2455726000.0,0.0,,,,,0.0,222385000.0,1.0,500827620.0,484966000,484966000.0,5.064,11123666000.0,0.0,82987000.0,1978711000.0,22.937,-218915000.0
31,ENRNQ,MRQ,1993-12-31,1993-12-31,1993-12-31,2018-08-31,-138704000.0,11504315000.0,,2018610000.0,9485705000.0,,5.445,-253060000.0,140240000.0,140240000.0,1607995000.0,104140000.0,0.754,3.385,2661240000.0,0.0,2661240000.0,2661240000.0,327802000.0,128617000.0,0.0,0.025,0.094,199152000.0,327769000.0,0.143,327769000.0,199152000.0,121499000.0,0.21,0.195,0.21,2623374000.0,,2623374000.0,,,,-95072000.0,-0.197,1.0,679569000.0,0.297,0.0,77653000.0,11349726000.0,,197737000.0,697084000.0,0.0,697084000.0,8880941000.0,2675589000.0,6205352000.0,7262000490.0,1607000.0,0.0,8717000.0,-408294000.0,-49164000.0,-234991000.0,78610000.0,-128434000.0,157988000.0,0.0,104140000.0,100168000.0,100168000.0,0.0,0.0,0.044,524415000.0,155154000.0,1575859000.0,0.448,2.768,23.01,21.97,6722772000.0,3972000.0,14.5,0.909,0.868,1092446000.0,1104986000.0,2287564000.0,2287564000.0,0.0,,,,,0.0,397247000.0,1.0,500827620.0,481752000,478038000.0,4.748,11504315000.0,0.0,17359000.0,1949074000.0,23.88,-656979000.0
32,ENRNQ,MRQ,1993-09-30,1993-09-30,1993-09-30,2018-08-31,,,,,,,,-181138000.0,,,1324844000.0,20908000.0,,,,,,,,111343000.0,,0.02,0.087,161595000.0,272938000.0,0.141,272938000.0,161595000.0,87407000.0,0.035,0.035,0.035,,,,,,,190324000.0,0.397,1.0,608822000.0,0.315,,74188000.0,,,,,,,,,,,27781000.0,0.0,1347000.0,-97040000.0,-47252000.0,-142944000.0,-200737000.0,4109000.0,371462000.0,0.0,20908000.0,16776000.0,16776000.0,0.0,0.0,0.009,468479000.0,140343000.0,,2.486,,,,,4132000.0,17.5,,,,,1933666000.0,1933666000.0,0.0,,,,,0.0,301518000.0,1.0,,479376000,489528000.0,4.034,,,66499000.0,,,
33,ENRNQ,MRQ,1993-06-30,1993-06-30,1993-06-30,2018-08-31,,,,,,,,-137598000.0,,,1376726000.0,61245000.0,,,,,,,,108010000.0,,0.021,0.087,144969000.0,252979000.0,0.133,252979000.0,144969000.0,68348000.0,0.12,0.115,0.12,,,,,,,-74790000.0,-0.157,1.0,530389000.0,0.278,,76621000.0,,,,,,,,,,,-78418000.0,0.0,-14300000.0,120808000.0,-45839000.0,53316000.0,-194542000.0,-152093000.0,62808000.0,0.0,61245000.0,56950000.0,56950000.0,0.0,0.0,0.03,419615000.0,110774000.0,,0.725,,,,,4295000.0,16.469,,,,,1907115000.0,1907115000.0,0.0,,,,,0.0,250563000.0,1.0,,475664000,529924000.0,4.009,,,7103000.0,,,
34,ENRNQ,MRQ,1993-03-31,1993-03-31,1993-03-31,2018-08-31,,,,,,,,-116236000.0,,,1256460000.0,146229000.0,,,,,,,,110218000.0,,0.022,0.087,262209000.0,372427000.0,0.201,372427000.0,262209000.0,190522000.0,0.3,0.275,0.3,,,,,,,-314072000.0,-0.661,1.0,600995000.0,0.324,,71687000.0,,,,,,,,,,,47581000.0,0.0,-44027000.0,591070000.0,-47514000.0,494124000.0,-248707000.0,9321000.0,-197836000.0,0.0,146229000.0,141708000.0,141708000.0,0.0,0.0,0.076,376466000.0,224529000.0,,0.29,,,,,4521000.0,15.063,,,,,1857455000.0,1857455000.0,0.0,,,,,0.0,197329000.0,1.0,,475060000,475060000.0,3.91,,,44293000.0,,,
35,ENRNQ,MRQ,1992-12-31,1992-12-31,1992-12-31,2018-08-31,-118160000.0,10311603000.0,,1651856000.0,8659747000.0,,5.724,,141689000.0,141689000.0,,,0.745,3.095,2458924000.0,0.0,2458924000.0,2458924000.0,582933000.0,,0.0,0.029,0.087,,,,,,,,,,2518317000.0,,2518317000.0,,,,,,1.0,,,0.0,,10410910000.0,,293809000.0,636062000.0,0.0,636062000.0,7793286000.0,2217928000.0,5575358000.0,,,,,,,,,,,,,,,,,,,,1431341000.0,,,,17.975,6545763000.0,,11.594,,0.795,734304000.0,959522000.0,,,,,,,,,,1.0,,439930000,,,10311603000.0,0.0,,1984719000.0,23.439,-566072000.0
0,ENRNQ,MRT,2001-09-30,2001-09-30,2001-09-30,2018-08-31,-1527000000.0,61783000000.0,64340250000.0,24847000000.0,36936000000.0,2.919,12.612,-2416000000.0,3544000000.0,3544000000.0,181090000000.0,245000000.0,0.92,5.437,12978000000.0,6434000000.0,6544000000.0,12978000000.0,0.0,981000000.0,1770000000.0,0.005,0.125,1302000000.0,2283000000.0,0.012,2283000000.0,1302000000.0,451000000.0,0.23,0.12,0.23,9598000000.0,10838500000.0,9598000000.0,29971616675.0,23.0,13.128,1510000000.0,1.984,1.0,6727000000.0,0.036,3548000000.0,851000000.0,40664000000.0,42496500000.0,836000000.0,7131000000.0,0.0,7131000000.0,52185000000.0,27005000000.0,25180000000.0,20418616675.0,438000000.0,-86000000.0,-101000000.0,-1290000000.0,-521000000.0,-1460000000.0,-2028000000.0,-1235000000.0,3926000000.0,0.0,245000000.0,163000000.0,163000000.0,0.0,0.0,0.001,4938000000.0,1789000000.0,7787000000.0,0.543,2.127,125.268,118.391,10915000000.0,82000000.0,27.23,0.109,0.11,10439000000.0,2495000000.0,187817000000.0,187817000000.0,0.0,0.003,0.015,0.031,0.007,0.0,3639000000.0,1.0,749857388.0,761000000,761000000.0,246.803,58235000000.0,0.0,206000000.0,1947000000.0,76.524,-2158000000.0
1,ENRNQ,MRT,2001-06-30,2001-06-30,2001-06-30,2018-08-31,-1606000000.0,63392000000.0,62143500000.0,26324000000.0,37068000000.0,2.748,15.509,-2562000000.0,3259000000.0,3259000000.0,163384000000.0,1192000000.0,1.083,4.4,12812000000.0,3457000000.0,9355000000.0,12812000000.0,0.0,941000000.0,1820000000.0,0.005,0.25,2656000000.0,3597000000.0,0.021,3597000000.0,2656000000.0,1747000000.0,1.49,1.34,1.49,11740000000.0,11258000000.0,11740000000.0,45120762669.0,17.0,12.544,1454000000.0,1.921,1.0,7390000000.0,0.043,3527000000.0,909000000.0,45105000000.0,43663500000.0,913000000.0,5934000000.0,0.0,5934000000.0,51652000000.0,24313000000.0,27339000000.0,36633762669.0,140000000.0,-453000000.0,475000000.0,-1070000000.0,-514000000.0,-727000000.0,-3149000000.0,-1619000000.0,4016000000.0,0.0,1192000000.0,1109000000.0,1109000000.0,0.0,0.0,0.006,4919000000.0,2471000000.0,9646000000.0,0.168,3.12,33.033,32.953,10741000000.0,83000000.0,49.1,0.215,0.218,12581000000.0,3827000000.0,170774000000.0,170774000000.0,0.0,0.018,0.099,0.061,0.016,0.0,3653000000.0,1.0,746105146.0,757000000,891000000.0,225.593,59865000000.0,0.0,555000000.0,1758000000.0,79.082,2011000000.0
2,ENRNQ,MRT,2001-03-31,2001-03-31,2001-03-31,2018-08-31,-1193000000.0,67260000000.0,57687000000.0,29167000000.0,38093000000.0,2.385,15.594,-2257000000.0,3435000000.0,3435000000.0,130535000000.0,1077000000.0,1.058,4.735,11922000000.0,2159000000.0,9763000000.0,11922000000.0,0.0,893000000.0,3495000000.0,0.006,0.375,2460000000.0,3353000000.0,0.024,3353000000.0,2460000000.0,1570000000.0,1.35,1.23,1.35,11727000000.0,11015250000.0,11727000000.0,56458605140.0,23.0,16.838,2542000000.0,3.38,1.0,7065000000.0,0.051,3609000000.0,890000000.0,44568000000.0,42616000000.0,650000000.0,5694000000.0,0.0,5694000000.0,55533000000.0,27570000000.0,27963000000.0,43374605140.0,631000000.0,-666000000.0,278000000.0,-352000000.0,-510000000.0,-295000000.0,-3873000000.0,-1321000000.0,4799000000.0,0.0,1077000000.0,994000000.0,994000000.0,0.0,0.0,0.007,4717000000.0,2348000000.0,8686000000.0,0.278,3.699,43.636,43.037,11575000000.0,83000000.0,58.1,0.315,0.318,11310000000.0,3525000000.0,137600000000.0,137600000000.0,0.0,0.017,0.09,0.058,0.018,0.0,3518000000.0,1.0,746550863.0,752000000,872000000.0,182.979,63651000000.0,0.0,493000000.0,1625000000.0,84.642,1597000000.0
3,ENRNQ,MRT,2000-12-31,2000-12-31,2000-12-31,2018-08-31,-1198000000.0,64926000000.0,50243000000.0,30027000000.0,34899000000.0,2.006,13.98,-2381000000.0,3673000000.0,3673000000.0,94517000000.0,979000000.0,1.045,5.31,10857000000.0,2192000000.0,8665000000.0,10857000000.0,0.0,855000000.0,4277000000.0,0.006,0.5,2251000000.0,3106000000.0,0.031,3106000000.0,2251000000.0,1413000000.0,1.22,1.12,1.22,10289000000.0,10618500000.0,10289000000.0,75141040487.0,33.0,24.192,2398000000.0,3.258,1.0,6272000000.0,0.062,3720000000.0,838000000.0,39649000000.0,40247750000.0,953000000.0,5599000000.0,0.0,5599000000.0,54637000000.0,28741000000.0,25896000000.0,62057040487.0,1086000000.0,-1262000000.0,634000000.0,62000000.0,-523000000.0,571000000.0,-4264000000.0,-933000000.0,4779000000.0,0.0,979000000.0,896000000.0,896000000.0,0.0,0.0,0.009,4319000000.0,1953000000.0,9577000000.0,0.41,6.031,69.26,68.135,11733000000.0,83000000.0,83.125,0.616,0.607,12050000000.0,2613000000.0,100789000000.0,100789000000.0,0.0,0.018,0.084,0.056,0.022,0.0,3184000000.0,1.0,746550863.0,736000000,814000000.0,136.942,61206000000.0,0.0,434000000.0,1679000000.0,83.16,1286000000.0
4,ENRNQ,MRT,2000-09-30,2000-09-30,2000-09-30,2018-08-31,-958000000.0,52996000000.0,42356750000.0,18806000000.0,34190000000.0,1.672,15.468,-1880000000.0,697000000.0,697000000.0,64872000000.0,1189000000.0,1.1,3.7,13781000000.0,3117000000.0,10664000000.0,13781000000.0,0.0,811000000.0,0.0,0.006,0.5,2168000000.0,2979000000.0,0.042,2979000000.0,2168000000.0,1433000000.0,1.53,1.4,1.53,11276000000.0,10438750000.0,11276000000.0,75726571193.0,35.0,25.42,-482000000.0,-0.661,1.0,5966000000.0,0.084,3646000000.0,735000000.0,45332000000.0,38237000000.0,1942000000.0,5376000000.0,0.0,5376000000.0,41720000000.0,17102000000.0,24618000000.0,64747571193.0,392000000.0,-1356000000.0,415000000.0,3153000000.0,-517000000.0,2926000000.0,-3932000000.0,-862000000.0,1398000000.0,0.0,1189000000.0,1103000000.0,1103000000.0,0.0,0.0,0.016,4522000000.0,1444000000.0,5390000000.0,0.327,5.742,58.701,57.271,11453000000.0,86000000.0,87.625,0.914,0.902,7675000000.0,3277000000.0,70838000000.0,70838000000.0,0.0,0.026,0.106,0.057,0.031,0.0,3487000000.0,1.0,738916647.0,729000000,858000000.0,97.171,49350000000.0,0.0,244000000.0,1565000000.0,67.695,1704000000.0
5,ENRNQ,MRT,2000-06-30,2000-06-30,2000-06-30,2018-08-31,-861000000.0,45566000000.0,37501750000.0,14370000000.0,31196000000.0,1.409,14.692,-2403000000.0,718000000.0,718000000.0,47325000000.0,1176000000.0,1.176,3.231,11697000000.0,1486000000.0,10211000000.0,11697000000.0,0.0,783000000.0,0.0,0.01,0.625,1996000000.0,2779000000.0,0.053,2779000000.0,1996000000.0,1333000000.0,1.52,1.4,1.52,10769000000.0,9956000000.0,10769000000.0,56922858640.0,29.0,20.483,-1684000000.0,-2.297,1.0,5514000000.0,0.104,3408000000.0,663000000.0,40915000000.0,35040750000.0,571000000.0,5621000000.0,0.0,5621000000.0,34797000000.0,12222000000.0,22575000000.0,47216858640.0,432000000.0,-1114000000.0,56000000.0,4069000000.0,-505000000.0,3615000000.0,-3902000000.0,-464000000.0,719000000.0,0.0,1176000000.0,1092000000.0,1092000000.0,0.0,0.0,0.021,4639000000.0,875000000.0,4400000000.0,0.411,4.385,43.239,42.434,11211000000.0,84000000.0,64.5,0.894,0.895,6269000000.0,3101000000.0,52839000000.0,52839000000.0,0.0,0.029,0.11,0.057,0.038,0.0,3215000000.0,1.0,732044320.0,733000000,862000000.0,72.086,42158000000.0,0.0,157000000.0,1678000000.0,57.514,2148000000.0
6,ENRNQ,MRT,2000-03-31,2000-03-31,2000-03-31,2018-08-31,-756000000.0,37484000000.0,34647000000.0,9333000000.0,28151000000.0,1.317,14.025,-2340000000.0,466000000.0,466000000.0,40348000000.0,1109000000.0,1.016,2.697,10172000000.0,1884000000.0,8288000000.0,10172000000.0,0.0,827000000.0,0.0,0.008,0.625,1874000000.0,2701000000.0,0.059,2701000000.0,1874000000.0,1232000000.0,1.44,1.33,1.44,10140000000.0,9565250000.0,10140000000.0,62120013922.0,33.0,22.999,-909000000.0,-1.257,1.0,5277000000.0,0.116,2905000000.0,642000000.0,35095000000.0,33236500000.0,437000000.0,6020000000.0,0.0,6020000000.0,27344000000.0,9190000000.0,18154000000.0,54256013922.0,170000000.0,-902000000.0,282000000.0,2269000000.0,-510000000.0,2609000000.0,-3870000000.0,-629000000.0,1431000000.0,0.0,1109000000.0,1027000000.0,1027000000.0,0.0,0.0,0.023,4588000000.0,689000000.0,2914000000.0,0.434,5.351,52.83,51.997,10697000000.0,82000000.0,74.875,1.189,1.187,4352000000.0,2922000000.0,45625000000.0,45625000000.0,0.0,0.03,0.107,0.056,0.041,0.0,3123000000.0,1.0,724621221.0,723000000,852000000.0,63.105,34579000000.0,0.0,123000000.0,1791000000.0,47.827,143000000.0
7,ENRNQ,MRT,1999-12-31,1999-12-31,1999-12-31,2018-08-31,-741000000.0,33381000000.0,33450750000.0,7255000000.0,26126000000.0,1.199,13.574,-2363000000.0,369000000.0,369000000.0,34761000000.0,893000000.0,1.073,2.488,8152000000.0,1001000000.0,7151000000.0,8152000000.0,0.0,870000000.0,44000000.0,0.014,0.625,1653000000.0,2523000000.0,0.063,2523000000.0,1653000000.0,997000000.0,1.17,1.1,1.17,9570000000.0,9236250000.0,9570000000.0,40031333576.0,24.0,15.867,-1135000000.0,-1.61,1.0,5351000000.0,0.133,2799000000.0,656000000.0,31606000000.0,32834750000.0,598000000.0,5036000000.0,0.0,5036000000.0,23811000000.0,6759000000.0,17052000000.0,31755333576.0,177000000.0,-311000000.0,991000000.0,1504000000.0,-467000000.0,2456000000.0,-3507000000.0,-722000000.0,1228000000.0,0.0,893000000.0,827000000.0,827000000.0,0.0,0.0,0.021,4549000000.0,802000000.0,2154000000.0,0.534,3.318,38.398,37.927,10681000000.0,66000000.0,44.375,0.792,0.78,3548000000.0,2698000000.0,40112000000.0,40112000000.0,0.0,0.025,0.09,0.05,0.041,0.0,3045000000.0,1.0,715613151.0,705000000,769000000.0,56.896,30582000000.0,0.0,104000000.0,1894000000.0,43.379,496000000.0
8,ENRNQ,MRT,1999-09-30,1999-09-30,1999-09-30,2018-08-31,-853000000.0,33576000000.0,32443000000.0,7567000000.0,26009000000.0,1.136,13.088,-2696000000.0,316000000.0,316000000.0,31414000000.0,810000000.0,1.135,2.593,8592000000.0,0.0,8592000000.0,8592000000.0,0.0,916000000.0,0.0,0.015,0.625,1565000000.0,2481000000.0,0.067,2481000000.0,1565000000.0,876000000.0,1.1,1.02,1.1,9345000000.0,8605750000.0,9345000000.0,38004754669.0,24.0,15.318,-1070000000.0,-1.499,1.0,5427000000.0,0.147,2636000000.0,689000000.0,32547000000.0,32068250000.0,613000000.0,4968000000.0,0.0,4968000000.0,24231000000.0,6669000000.0,17562000000.0,29311754669.0,-67000000.0,-230000000.0,1119000000.0,204000000.0,-453000000.0,2256000000.0,-3949000000.0,-907000000.0,1626000000.0,0.0,810000000.0,764000000.0,764000000.0,0.0,0.0,0.021,4467000000.0,960000000.0,2281000000.0,0.568,3.137,38.366,37.33,9775000000.0,46000000.0,41.063,0.796,0.796,3851000000.0,2537000000.0,36841000000.0,36841000000.0,0.0,0.024,0.089,0.049,0.042,0.0,2993000000.0,1.0,713832686.0,714000000,781000000.0,51.598,30940000000.0,0.0,66000000.0,1908000000.0,43.333,898000000.0
9,ENRNQ,MRT,1999-06-30,1999-06-30,1999-06-30,2018-08-31,-760000000.0,34147000000.0,31486250000.0,6893000000.0,27254000000.0,1.154,13.003,-2289000000.0,286000000.0,286000000.0,30942000000.0,688000000.0,1.069,2.709,8979000000.0,0.0,8979000000.0,8979000000.0,0.0,906000000.0,0.0,0.012,0.494,1472000000.0,2378000000.0,0.065,2378000000.0,1472000000.0,836000000.0,0.97,0.91,0.97,9206000000.0,8007250000.0,9206000000.0,38031769358.0,26.0,15.993,-436000000.0,-0.616,1.0,5384000000.0,0.148,2696000000.0,636000000.0,33698000000.0,31394500000.0,557000000.0,4779000000.0,0.0,4779000000.0,24941000000.0,6446000000.0,18495000000.0,28908769358.0,111000000.0,-119000000.0,1099000000.0,926000000.0,-437000000.0,2945000000.0,-4687000000.0,-2156000000.0,1853000000.0,0.0,688000000.0,657000000.0,657000000.0,0.0,0.0,0.018,3998000000.0,1386000000.0,2603000000.0,0.509,3.14,44.001,42.139,11816000000.0,31000000.0,40.875,0.796,0.797,3522000000.0,2369000000.0,36326000000.0,36326000000.0,0.0,0.021,0.082,0.047,0.041,0.0,2936000000.0,1.0,707248180.0,708000000,771000000.0,51.308,31451000000.0,0.0,148000000.0,2352000000.0,44.422,447000000.0
10,ENRNQ,MRT,1999-03-31,1999-03-31,1999-03-31,2018-08-31,-711000000.0,32699000000.0,30014000000.0,6445000000.0,26254000000.0,1.107,12.919,-2136000000.0,296000000.0,296000000.0,28123000000.0,611000000.0,1.142,2.706,9419000000.0,0.0,9419000000.0,9419000000.0,0.0,860000000.0,0.0,0.015,0.488,1351000000.0,2211000000.0,0.067,2211000000.0,1351000000.0,759000000.0,0.9,0.85,0.9,8824000000.0,7402500000.0,8824000000.0,29800399606.0,22.0,13.478,-1206000000.0,-1.766,1.0,5088000000.0,0.153,2690000000.0,592000000.0,33488000000.0,29669750000.0,458000000.0,4632000000.0,0.0,4632000000.0,23875000000.0,5644000000.0,18231000000.0,22554399606.0,123000000.0,-322000000.0,1833000000.0,1459000000.0,-428000000.0,3796000000.0,-4603000000.0,-2019000000.0,930000000.0,0.0,611000000.0,594000000.0,594000000.0,0.0,0.0,0.018,3737000000.0,1351000000.0,2694000000.0,0.542,2.556,37.97,35.694,11585000000.0,17000000.0,32.125,0.679,0.661,3534000000.0,2256000000.0,33211000000.0,33211000000.0,0.0,0.02,0.08,0.046,0.041,0.0,2706000000.0,1.0,702082478.0,683000000,745000000.0,48.625,30009000000.0,0.0,148000000.0,2194000000.0,43.937,801000000.0
11,ENRNQ,MRT,1998-12-31,1998-12-31,1998-12-31,2018-08-31,-162000000.0,29350000000.0,28019250000.0,5933000000.0,23417000000.0,1.116,10.978,-1905000000.0,111000000.0,111000000.0,26381000000.0,703000000.0,0.972,3.164,7357000000.0,0.0,7357000000.0,7357000000.0,0.0,827000000.0,0.0,0.017,0.481,1428000000.0,2255000000.0,0.072,2255000000.0,1428000000.0,878000000.0,1.07,1.01,1.07,7048000000.0,6650000000.0,7048000000.0,28066178426.0,20.0,12.446,-265000000.0,-0.413,1.0,4879000000.0,0.156,1949000000.0,550000000.0,28540000000.0,27447000000.0,514000000.0,4433000000.0,0.0,4433000000.0,22302000000.0,6107000000.0,16195000000.0,18872178426.0,-59000000.0,-284000000.0,880000000.0,875000000.0,-414000000.0,2266000000.0,-3965000000.0,-1659000000.0,1640000000.0,0.0,703000000.0,686000000.0,686000000.0,0.0,0.0,0.022,3501000000.0,1378000000.0,2380000000.0,0.45,2.678,27.51,26.665,10657000000.0,17000000.0,28.531,0.604,0.586,2893000000.0,2226000000.0,31260000000.0,31260000000.0,0.0,0.024,0.103,0.052,0.046,0.0,2473000000.0,1.0,661456418.0,642000000,695000000.0,48.692,27401000000.0,0.0,175000000.0,2357000000.0,42.681,-174000000.0
12,ENRNQ,MRT,1998-09-30,1998-09-30,1998-09-30,2018-08-31,-170000000.0,29749000000.0,26319750000.0,6549000000.0,23200000000.0,1.118,10.548,-1670000000.0,383000000.0,383000000.0,25145000000.0,696000000.0,0.92,3.28,9577000000.0,1102000000.0,8475000000.0,9577000000.0,0.0,769000000.0,0.0,0.018,0.475,1435000000.0,2204000000.0,0.075,2204000000.0,1435000000.0,907000000.0,1.12,1.08,1.12,6951000000.0,6292500000.0,6951000000.0,24441226706.0,17.0,11.089,-900000000.0,-1.366,1.0,4286000000.0,0.146,1976000000.0,528000000.0,29852000000.0,26029500000.0,0.0,4382000000.0,0.0,4382000000.0,22798000000.0,7115000000.0,15683000000.0,17627226706.0,189000000.0,-272000000.0,847000000.0,2173000000.0,-406000000.0,3240000000.0,-3821000000.0,-1919000000.0,770000000.0,0.0,696000000.0,679000000.0,679000000.0,0.0,0.0,0.023,3128000000.0,1158000000.0,2898000000.0,0.424,2.536,25.961,23.884,10027000000.0,17000000.0,26.75,0.599,0.599,3413000000.0,2138000000.0,29431000000.0,29431000000.0,0.0,0.026,0.108,0.055,0.049,0.0,2028000000.0,1.0,658961746.0,659000000,713000000.0,44.66,27773000000.0,0.0,211000000.0,2040000000.0,42.144,-566000000.0
13,ENRNQ,MRT,1998-06-30,1998-06-30,1998-06-30,2018-08-31,-159000000.0,28258000000.0,24585000000.0,7478000000.0,20780000000.0,0.973,10.638,-1352000000.0,175000000.0,175000000.0,20055000000.0,662000000.0,1.17,3.164,6989000000.0,0.0,6989000000.0,6989000000.0,0.0,723000000.0,0.0,0.017,0.469,1335000000.0,2058000000.0,0.086,2058000000.0,1335000000.0,819000000.0,1.09,1.05,1.09,6787000000.0,5814500000.0,6787000000.0,23508507964.0,18.0,11.423,-869000000.0,-1.362,1.0,3862000000.0,0.161,1884000000.0,516000000.0,26799000000.0,24630500000.0,0.0,2761000000.0,0.0,2761000000.0,21471000000.0,6389000000.0,15082000000.0,16846507964.0,-36000000.0,-247000000.0,513000000.0,1342000000.0,-393000000.0,2117000000.0,-2636000000.0,-967000000.0,483000000.0,0.0,662000000.0,644000000.0,644000000.0,0.0,0.0,0.027,2869000000.0,993000000.0,2730000000.0,0.43,2.482,26.159,24.799,9508000000.0,18000000.0,27.031,0.704,0.721,3518000000.0,2051000000.0,23917000000.0,23917000000.0,0.0,0.026,0.111,0.054,0.056,0.0,1832000000.0,1.0,623223416.0,638000000,692000000.0,37.487,26374000000.0,0.0,157000000.0,2052000000.0,41.339,1089000000.0
14,ENRNQ,MRT,1998-03-31,1998-03-31,1998-03-31,2018-08-31,-147000000.0,24720000000.0,21541750000.0,5388000000.0,19332000000.0,0.957,9.531,-1466000000.0,173000000.0,173000000.0,17238000000.0,97000000.0,1.099,3.252,6835000000.0,0.0,6835000000.0,6835000000.0,0.0,658000000.0,0.0,0.02,0.462,448000000.0,1106000000.0,0.054,1106000000.0,448000000.0,-16000000.0,0.015,-0.015,0.015,5814000000.0,4975500000.0,5814000000.0,20534637633.0,46.0,18.567,-1063000000.0,-1.743,1.0,3373000000.0,0.164,1883000000.0,464000000.0,24597000000.0,22213500000.0,0.0,2649000000.0,0.0,2649000000.0,18906000000.0,4902000000.0,14004000000.0,14450637633.0,-82000000.0,-82000000.0,-385000000.0,2040000000.0,-370000000.0,2085000000.0,-2570000000.0,-968000000.0,403000000.0,0.0,97000000.0,80000000.0,80000000.0,0.0,0.0,0.004,3203000000.0,170000000.0,2075000000.0,30.8,2.485,180.633,1545.833,9247000000.0,17000000.0,23.188,0.701,0.686,2205000000.0,1989000000.0,20611000000.0,20611000000.0,0.0,0.004,0.016,0.02,0.022,0.0,1570000000.0,1.0,623208092.0,610000000,660000000.0,33.789,22837000000.0,0.0,-113000000.0,2158000000.0,37.438,486000000.0
15,ENRNQ,MRT,1997-12-31,1997-12-31,1997-12-31,2018-08-31,-148000000.0,22552000000.0,19148750000.0,4113000000.0,18439000000.0,1.059,10.327,-1392000000.0,170000000.0,170000000.0,17311000000.0,105000000.0,1.067,3.014,6254000000.0,0.0,6254000000.0,6254000000.0,0.0,600000000.0,0.0,0.022,0.456,416000000.0,1016000000.0,0.05,1016000000.0,416000000.0,15000000.0,0.16,0.16,0.16,5618000000.0,4500500000.0,5618000000.0,19162560162.0,46.0,18.861,-1181000000.0,-2.171,1.0,2962000000.0,0.146,1910000000.0,401000000.0,22870000000.0,19983000000.0,136000000.0,2656000000.0,0.0,2656000000.0,16934000000.0,3856000000.0,13078000000.0,12425560162.0,-86000000.0,-82000000.0,-422000000.0,1674000000.0,-354000000.0,1849000000.0,-2146000000.0,-700000000.0,211000000.0,0.0,105000000.0,88000000.0,88000000.0,0.0,0.0,0.004,2947000000.0,15000000.0,1794000000.0,2.85,2.212,141.2,129.883,9170000000.0,17000000.0,20.781,0.613,0.558,1826000000.0,1852000000.0,20273000000.0,20273000000.0,0.0,0.005,0.02,0.021,0.021,0.0,1406000000.0,1.0,597921692.0,544000000,555000000.0,37.267,20642000000.0,0.0,-90000000.0,2039000000.0,37.945,257000000.0
16,ENRNQ,MRT,1997-09-30,1997-09-30,1997-09-30,2018-08-31,-129000000.0,22810000000.0,17545000000.0,4764000000.0,18046000000.0,1.052,8.57,-1299000000.0,194000000.0,194000000.0,15624000000.0,67000000.0,1.314,3.527,6931000000.0,0.0,6931000000.0,6931000000.0,0.0,546000000.0,0.0,0.023,0.45,350000000.0,896000000.0,0.049,896000000.0,350000000.0,5000000.0,0.065,0.0,0.065,5039000000.0,4026750000.0,5039000000.0,15856671345.0,45.0,17.697,-1489000000.0,-2.532,1.0,2826000000.0,0.153,1666000000.0,345000000.0,24256000000.0,18124250000.0,0.0,2305000000.0,0.0,2305000000.0,17771000000.0,3625000000.0,14146000000.0,11530671345.0,89000000.0,-77000000.0,-372000000.0,2149000000.0,-330000000.0,1957000000.0,-1678000000.0,-554000000.0,-190000000.0,0.0,67000000.0,50000000.0,50000000.0,0.0,0.0,0.003,2933000000.0,-107000000.0,2036000000.0,6.923,2.288,230.613,296.154,9029000000.0,17000000.0,19.25,0.625,0.613,2578000000.0,1750000000.0,18450000000.0,18450000000.0,0.0,0.003,0.012,0.019,0.019,0.0,1464000000.0,1.0,598995914.0,588000000,634000000.0,31.378,21144000000.0,0.0,-62000000.0,2270000000.0,35.959,1139000000.0
17,ENRNQ,MRT,1997-06-30,1997-06-30,1997-06-30,2018-08-31,-129000000.0,16085000000.0,15547771250.0,3822000000.0,12263000000.0,1.021,6.917,-1214000000.0,211000000.0,211000000.0,13169000000.0,56000000.0,1.165,3.688,4537000000.0,0.0,4537000000.0,4537000000.0,0.0,493000000.0,0.0,0.022,0.444,317000000.0,810000000.0,0.051,810000000.0,317000000.0,28000000.0,0.085,0.015,0.085,3431000000.0,3665187250.0,3431000000.0,13721270330.0,43.0,16.94,-979000000.0,-1.974,1.0,2700000000.0,0.17,0.0,289000000.0,17131000000.0,16037542750.0,121000000.0,1927000000.0,0.0,1927000000.0,12654000000.0,3280000000.0,9374000000.0,10412270330.0,78000000.0,-40000000.0,-105000000.0,1084000000.0,-309000000.0,1179000000.0,-1336000000.0,-224000000.0,235000000.0,0.0,56000000.0,40000000.0,40000000.0,0.0,0.0,0.003,2826000000.0,-126000000.0,1725000000.0,5.224,3.035,260.307,240.074,7202000000.0,16000000.0,20.406,0.656,0.638,1875000000.0,1692000000.0,15869000000.0,15869000000.0,0.0,0.003,0.011,0.02,0.02,0.0,1424000000.0,1.0,510249082.0,496000000,496000000.0,31.994,16085000000.0,0.0,-28000000.0,2029000000.0,32.429,542000000.0
18,ENRNQ,MRT,1997-03-31,1997-03-31,1997-03-31,2018-08-31,-142000000.0,15148000000.0,15183467000.0,3273000000.0,11875000000.0,1.026,7.891,-959000000.0,255000000.0,255000000.0,12769000000.0,593000000.0,1.176,2.87,3564000000.0,0.0,3564000000.0,3564000000.0,0.0,478000000.0,0.0,0.023,0.438,1132000000.0,1610000000.0,0.103,1610000000.0,1132000000.0,857000000.0,1.17,1.085,1.17,3914000000.0,3695903250.0,3914000000.0,12851023981.0,11.0,7.982,-513000000.0,-1.034,1.0,2810000000.0,0.18,0.0,275000000.0,15675000000.0,15572377500.0,111000000.0,1685000000.0,0.0,1685000000.0,11234000000.0,2782000000.0,8452000000.0,9758023981.0,56000000.0,0.0,45000000.0,436000000.0,-297000000.0,507000000.0,-897000000.0,-296000000.0,446000000.0,0.0,593000000.0,577000000.0,577000000.0,0.0,0.0,0.037,2103000000.0,707000000.0,1587000000.0,0.374,2.493,16.912,16.293,7079000000.0,16000000.0,19.063,0.626,0.607,1802000000.0,2172000000.0,15579000000.0,15579000000.0,0.0,0.038,0.156,0.073,0.073,0.0,1397000000.0,1.0,511896340.0,496000000,546000000.0,31.409,15148000000.0,0.0,264000000.0,2421000000.0,30.54,491000000.0
19,ENRNQ,MRT,1996-12-31,1996-12-31,1996-12-31,2018-08-31,-127000000.0,16137000000.0,14659248250.0,3979000000.0,12158000000.0,0.907,7.567,-864000000.0,256000000.0,256000000.0,10478000000.0,584000000.0,1.073,3.334,3349000000.0,0.0,3349000000.0,3349000000.0,0.0,474000000.0,0.0,0.02,0.431,1129000000.0,1603000000.0,0.121,1603000000.0,1129000000.0,855000000.0,1.155,1.08,1.155,3723000000.0,3557396000.0,3723000000.0,14431649244.0,13.0,9.003,20000000.0,0.041,1.0,2811000000.0,0.212,87000000.0,274000000.0,15435000000.0,15119445500.0,0.0,1701000000.0,0.0,1701000000.0,12414000000.0,3708000000.0,8706000000.0,10972971244.0,141000000.0,0.0,107000000.0,282000000.0,-281000000.0,331000000.0,-1074000000.0,-619000000.0,884000000.0,0.0,584000000.0,568000000.0,568000000.0,0.0,0.0,0.043,2121000000.0,690000000.0,2035000000.0,0.373,2.947,19.319,18.669,7112000000.0,16000000.0,21.563,0.826,0.798,2255000000.0,2007000000.0,13289000000.0,13289000000.0,0.0,0.039,0.16,0.075,0.085,0.0,1421000000.0,1.0,508891420.0,492000000,540000000.0,27.01,16050000000.0,0.0,271000000.0,2290000000.0,32.622,271000000.0
20,ENRNQ,MRT,1996-09-30,1996-09-30,1996-09-30,2018-08-31,-150489000.0,14821085000.0,13934748250.0,2585318000.0,12235767000.0,0.846,7.273,-763685000.0,104530000.0,104530000.0,9130538000.0,583422000.0,1.091,3.125,3563208000.0,0.0,3563208000.0,3563208000.0,150909000.0,456710000.0,0.0,0.021,0.425,1169277000.0,1625987000.0,0.138,1625987000.0,1169277000.0,899067000.0,1.16,1.085,1.16,3592749000.0,3417896000.0,3592749000.0,13534418549.0,12.0,8.324,-334846000.0,-0.678,1.0,2659362000.0,0.226,0.0,270210000.0,15909171000.0,14699945500.0,123100000.0,1805964000.0,0.0,1805964000.0,11228336000.0,2370592000.0,8857744000.0,10337624549.0,-1008000.0,0.0,61078000.0,143160000.0,-269618000.0,-28380000.0,-401467000.0,-582278000.0,428839000.0,0.0,583422000.0,566827000.0,566827000.0,0.0,0.0,0.048,2063071000.0,596291000.0,1078697000.0,0.366,2.877,18.238,17.565,6919175000.0,16595000.0,20.375,0.877,0.854,1335205000.0,1929062000.0,11789900000.0,11789900000.0,0.0,0.041,0.166,0.08,0.099,0.0,1404363000.0,1.0,507368076.0,494000000,494000000.0,23.866,14821085000.0,0.0,315645000.0,2275263000.0,30.002,214726000.0
21,ENRNQ,MRT,1996-06-30,1996-06-30,1996-06-30,2018-08-31,-153078000.0,14627783000.0,13486630250.0,3187943000.0,11439840000.0,0.797,7.223,-769484000.0,133002000.0,133002000.0,8215087000.0,561005000.0,1.248,3.116,3329796000.0,0.0,3329796000.0,3329796000.0,168925000.0,451760000.0,0.0,0.021,0.419,1152089000.0,1603849000.0,0.149,1603849000.0,1152089000.0,872016000.0,1.12,1.045,1.12,3553864000.0,3296581500.0,3553864000.0,13230890921.0,11.0,8.249,-449712000.0,-0.914,1.0,2535618000.0,0.236,0.0,280073000.0,15270339000.0,14344051500.0,105096000.0,1449011000.0,0.0,1449011000.0,11073919000.0,2554238000.0,8519681000.0,10303444921.0,-7180000.0,0.0,82775000.0,-81971000.0,-263336000.0,-225532000.0,-101420000.0,-488075000.0,319772000.0,0.0,561005000.0,544633000.0,544633000.0,0.0,0.0,0.051,1950451000.0,585167000.0,1283238000.0,0.374,2.899,18.918,18.248,6787403000.0,16372000.0,20.438,0.958,0.935,1727888000.0,1863397000.0,10750705000.0,10750705000.0,0.0,0.04,0.165,0.08,0.107,0.0,1303676000.0,1.0,504144094.0,492000000,492000000.0,21.851,14627783000.0,0.0,311011000.0,2195116000.0,29.731,633705000.0
22,ENRNQ,MRT,1996-03-31,1996-03-31,1996-03-31,2018-08-31,-162896000.0,13051125000.0,13022683250.0,2577153000.0,10473972000.0,0.763,6.885,-779759000.0,199156000.0,199156000.0,7454567000.0,538050000.0,1.218,2.884,3126602000.0,0.0,3126602000.0,3126602000.0,198128000.0,444604000.0,0.0,0.022,0.412,1127237000.0,1571841000.0,0.158,1571841000.0,1127237000.0,841245000.0,1.075,1.005,1.075,3359971000.0,3180115500.0,3359971000.0,12222370592.0,11.0,7.776,-360816000.0,-0.739,1.0,2484484000.0,0.25,0.0,285992000.0,13863272000.0,14087716000.0,72748000.0,1340626000.0,0.0,1340626000.0,9691154000.0,2115299000.0,7575855000.0,9272448592.0,106305000.0,0.0,-6043000.0,35956000.0,-256230000.0,-203317000.0,-109321000.0,-277069000.0,418943000.0,0.0,538050000.0,521869000.0,521869000.0,0.0,0.0,0.053,1930291000.0,554193000.0,1274318000.0,0.383,2.76,17.768,17.151,6786012000.0,16181000.0,18.438,0.933,0.905,1615161000.0,1799881000.0,9939051000.0,9939051000.0,0.0,0.04,0.164,0.08,0.113,0.0,1292542000.0,1.0,502912466.0,488000000,488000000.0,20.367,13051125000.0,0.0,303195000.0,2224507000.0,26.744,461854000.0
23,ENRNQ,MRT,1995-12-31,1995-12-31,1995-12-31,2018-08-31,-153000000.0,13239000000.0,12830221000.0,2727000000.0,10512000000.0,0.716,6.486,-777000000.0,115000000.0,115000000.0,6733000000.0,520000000.0,1.121,3.183,3065000000.0,0.0,3065000000.0,3065000000.0,0.0,432000000.0,0.0,0.021,0.406,1089000000.0,1521000000.0,0.166,1521000000.0,1089000000.0,805000000.0,1.035,0.97,1.035,3165000000.0,3099907500.0,3165000000.0,12912072580.0,12.0,8.489,-792000000.0,-1.623,1.0,2456000000.0,0.267,0.0,284000000.0,13757000000.0,13951441750.0,111000000.0,1217000000.0,0.0,1217000000.0,10074000000.0,2432000000.0,7642000000.0,9593212580.0,-17000000.0,0.0,-44000000.0,269000000.0,-254000000.0,-15000000.0,13000000.0,-170000000.0,-15000000.0,0.0,520000000.0,504000000.0,504000000.0,0.0,0.0,0.055,1838000000.0,618000000.0,1165000000.0,0.392,3.031,19.034,18.418,6868000000.0,16000000.0,19.063,1.044,1.012,1577000000.0,1651000000.0,9189000000.0,9189000000.0,0.0,0.039,0.163,0.078,0.119,0.0,1218000000.0,1.0,503250496.0,488000000,536000000.0,18.83,13239000000.0,0.0,285000000.0,2307000000.0,27.129,295000000.0
24,ENRNQ,MRT,1995-09-30,1995-09-30,1995-09-30,2018-08-31,-149570000.0,13028613000.0,12511973750.0,2017030000.0,11011583000.0,0.737,6.369,-743999000.0,106344000.0,106344000.0,6612637000.0,497919000.0,1.083,3.193,3425204000.0,0.0,3425204000.0,3425204000.0,216639000.0,434068000.0,0.0,0.024,0.4,1001382000.0,1435450000.0,0.156,1435450000.0,1001382000.0,716467000.0,0.995,0.925,0.995,3107491000.0,3028739500.0,3107491000.0,11719295326.0,12.0,8.164,-178934000.0,-0.367,1.0,2613364000.0,0.283,0.0,284915000.0,14485595000.0,13597549500.0,127320000.0,1150965000.0,0.0,1150965000.0,9921122000.0,1861878000.0,8059244000.0,8442226326.0,-93094000.0,0.0,-53034000.0,8789000.0,-248563000.0,-211595000.0,-446564000.0,-33069000.0,565065000.0,0.0,497919000.0,482659000.0,482659000.0,0.0,0.0,0.052,1744402000.0,868962000.0,859662000.0,0.402,2.717,17.491,16.834,6803864000.0,15260000.0,16.75,0.915,0.886,988587000.0,1574335000.0,9226001000.0,9226001000.0,0.0,0.039,0.159,0.074,0.109,0.0,1179509000.0,1.0,504013512.0,487880000,487880000.0,18.91,13028613000.0,0.0,218548000.0,2127375000.0,26.705,155152000.0
25,ENRNQ,MRT,1995-06-30,1995-06-30,1995-06-30,2018-08-31,-154092000.0,12771995000.0,12294568250.0,1953658000.0,10818337000.0,0.738,6.327,-673806000.0,140516000.0,140516000.0,6532977000.0,493331000.0,1.083,3.136,3417585000.0,0.0,3417585000.0,3417585000.0,219787000.0,426367000.0,0.0,0.022,0.394,972584000.0,1398951000.0,0.154,1398951000.0,972584000.0,698749000.0,0.985,0.92,0.985,3088000000.0,2969579250.0,3088000000.0,11852399713.0,12.0,8.472,-267071000.0,-0.547,1.0,2537882000.0,0.28,0.0,273835000.0,14244997000.0,13316128000.0,105619000.0,1128895000.0,0.0,1128895000.0,9683995000.0,1804067000.0,7879928000.0,8846088713.0,20396000.0,0.0,173000.0,212275000.0,-244943000.0,121505000.0,-507844000.0,-236281000.0,406735000.0,0.0,493331000.0,478146000.0,478146000.0,0.0,0.0,0.053,1719059000.0,818823000.0,900739000.0,0.4,2.865,18.501,17.83,6777619000.0,15185000.0,17.563,0.975,0.945,936504000.0,1529781000.0,9070859000.0,9070859000.0,0.0,0.039,0.161,0.073,0.107,0.0,1144056000.0,1.0,503691884.0,488036000,488036000.0,18.586,12771995000.0,0.0,205418000.0,2021165000.0,26.17,149591000.0
26,ENRNQ,MRT,1995-03-31,1995-03-31,1995-03-31,2018-08-31,-152149000.0,12281276000.0,11957068500.0,1852820000.0,10428456000.0,0.739,6.248,-658584000.0,93031000.0,93031000.0,6354039000.0,474887000.0,0.941,3.041,3099342000.0,0.0,3099342000.0,3099342000.0,237295000.0,433348000.0,0.0,0.024,0.388,921022000.0,1354370000.0,0.153,1354370000.0,921022000.0,650705000.0,0.95,0.885,0.95,3039139000.0,2897492500.0,3039139000.0,10978428688.0,12.0,8.106,-126517000.0,-0.26,1.0,2478183000.0,0.281,0.0,270317000.0,13318175000.0,12912638500.0,106736000.0,1123354000.0,0.0,1123354000.0,9242137000.0,1969412000.0,7272725000.0,8305622688.0,-42793000.0,0.0,8778000.0,207591000.0,-237173000.0,133196000.0,-708056000.0,-463707000.0,532067000.0,0.0,474887000.0,459790000.0,459790000.0,0.0,0.0,0.052,1722523000.0,755660000.0,836920000.0,0.408,2.733,18.064,17.368,6731519000.0,15097000.0,16.5,0.94,0.909,828568000.0,1490963000.0,8832222000.0,8832222000.0,0.0,0.038,0.159,0.071,0.104,0.0,1124074000.0,1.0,503371072.0,486434000,486434000.0,18.157,12281276000.0,0.0,175818000.0,2055862000.0,25.248,-116592000.0
27,ENRNQ,MRT,1994-12-31,1994-12-31,1994-12-31,2018-08-31,-158881000.0,11966011000.0,11667666000.0,1908993000.0,10057018000.0,0.77,5.927,-661000000.0,132336000.0,132336000.0,6517000000.0,453000000.0,0.831,3.154,2805142000.0,0.0,2805142000.0,2805142000.0,256298000.0,441000000.0,0.0,0.025,0.381,893000000.0,1334000000.0,0.148,1334000000.0,893000000.0,620000000.0,0.9,0.85,0.9,2880328000.0,2829428750.0,2880328000.0,10933659676.0,12.0,8.196,-201000000.0,-0.414,1.0,2467000000.0,0.275,0.0,273000000.0,12341431000.0,12567004000.0,138405000.0,1065189000.0,0.0,1065189000.0,9085683000.0,2297386000.0,6788297000.0,7715337676.0,-8000000.0,0.0,26000000.0,143000000.0,-231000000.0,92000000.0,-560000000.0,-272000000.0,460000000.0,0.0,453000000.0,438000000.0,438000000.0,0.0,0.0,0.049,1751000000.0,716000000.0,1038570000.0,0.423,2.679,17.615,16.944,6738660000.0,15000000.0,15.25,0.859,0.825,936985000.0,1351297000.0,8984000000.0,8984000000.0,0.0,0.038,0.155,0.071,0.099,0.0,1124000000.0,1.0,505923782.0,486000000,486000000.0,18.486,11966011000.0,0.0,167000000.0,1984356000.0,24.621,-388393000.0
28,ENRNQ,MRT,1994-09-30,1994-09-30,1994-09-30,2018-08-31,-151225000.0,12158991000.0,11552242000.0,1918020000.0,10240971000.0,0.752,5.886,-701376000.0,199342000.0,199342000.0,6238819000.0,448799000.0,0.951,3.235,3417664000.0,0.0,3417664000.0,3417664000.0,267549000.0,456839000.0,0.0,0.025,0.375,873491000.0,1330330000.0,0.153,1330330000.0,873491000.0,593965000.0,0.9,0.84,0.9,2870850000.0,2765190250.0,2870850000.0,10697805604.0,12.0,8.041,-606292000.0,-1.243,1.0,2445843000.0,0.282,0.0,279526000.0,13359909000.0,12319077750.0,134910000.0,1156991000.0,0.0,1156991000.0,9288141000.0,2017404000.0,7270737000.0,7611644604.0,60709000.0,0.0,65673000.0,347757000.0,-221983000.0,477984000.0,-512359000.0,-271087000.0,95084000.0,0.0,448799000.0,433682000.0,433682000.0,0.0,0.0,0.05,1767943000.0,677900000.0,802648000.0,0.417,2.651,17.551,16.806,6681809000.0,15117000.0,15.125,0.876,0.849,739657000.0,1294861000.0,8684662000.0,8684662000.0,0.0,0.038,0.157,0.071,0.101,0.0,1111376000.0,1.0,503249230.0,487716000,487716000.0,17.807,12158991000.0,0.0,145166000.0,2036658000.0,24.93,-99384000.0
29,ENRNQ,MRT,1994-06-30,1994-06-30,1994-06-30,2018-08-31,-147801000.0,11421996000.0,,1570203000.0,9851793000.0,,5.748,-703908000.0,120024000.0,120024000.0,6086774000.0,373712000.0,0.836,3.08,3206185000.0,0.0,3206185000.0,3206185000.0,278391000.0,464833000.0,0.0,0.023,0.369,844072000.0,1308905000.0,0.152,1308905000.0,844072000.0,555141000.0,0.745,0.695,0.745,2799653000.0,,2799653000.0,10971127302.0,13.0,8.382,-329965000.0,-0.677,1.0,2500891000.0,0.291,0.0,288931000.0,12631039000.0,,119031000.0,1011992000.0,0.0,1011992000.0,8622343000.0,1877118000.0,6745225000.0,8216037302.0,9172000.0,0.0,37116000.0,39362000.0,-210137000.0,80092000.0,-444863000.0,-120969000.0,373943000.0,0.0,373712000.0,358165000.0,358165000.0,0.0,0.0,0.042,1827385000.0,673506000.0,789599000.0,0.495,2.935,22.939,21.98,6599889000.0,15547000.0,16.375,0.957,0.929,665906000.0,1249752000.0,8587665000.0,8587665000.0,0.0,,,,0.098,0.0,1171034000.0,1.0,501742736.0,487092000,487092000.0,17.63,11421996000.0,0.0,181429000.0,1906353000.0,23.449,-306915000.0
30,ENRNQ,MRT,1994-03-31,1994-03-31,1994-03-31,2018-08-31,-133804000.0,11123666000.0,,1724204000.0,9399462000.0,,5.705,-690453000.0,135728000.0,135728000.0,6091958000.0,359356000.0,0.887,3.02,2890818000.0,0.0,2890818000.0,2890818000.0,384155000.0,463018000.0,0.0,0.024,0.363,831455000.0,1294473000.0,0.151,1294473000.0,831455000.0,533304000.0,0.715,0.67,0.715,2766884000.0,,2766884000.0,10158621205.0,12.0,7.848,-308205000.0,-0.636,1.0,2492113000.0,0.29,0.0,298151000.0,11935637000.0,,46788000.0,796253000.0,0.0,796253000.0,8356782000.0,1943119000.0,6413663000.0,7637621205.0,-53542000.0,0.0,5029000.0,-155073000.0,-200852000.0,-144498000.0,-291292000.0,-81642000.0,382248000.0,0.0,359356000.0,343235000.0,343235000.0,0.0,0.0,0.04,1821696000.0,670417000.0,917634000.0,0.508,2.76,22.252,21.329,6608688000.0,16121000.0,15.25,0.89,0.862,958116000.0,1226445000.0,8584071000.0,8584071000.0,0.0,,,,0.097,0.0,1171713000.0,1.0,500827620.0,484966000,484966000.0,17.7,11123666000.0,0.0,173948000.0,1978711000.0,22.937,-218915000.0
31,ENRNQ,MRT,1993-12-31,1993-12-31,1993-12-31,2018-08-31,-138704000.0,11504315000.0,10907959000.0,2018610000.0,9485705000.0,0.732,5.488,-688032000.0,140240000.0,140240000.0,5566026000.0,332522000.0,0.754,3.385,2661240000.0,0.0,2661240000.0,2661240000.0,327802000.0,458188000.0,0.0,0.025,0.356,767925000.0,1226113000.0,0.154,1226113000.0,767925000.0,467776000.0,0.66,0.625,0.66,2623374000.0,2570845500.0,2623374000.0,,,,-293610000.0,-0.614,1.0,2419774000.0,0.303,0.0,300149000.0,11349726000.0,10880318000.0,197737000.0,697084000.0,0.0,697084000.0,8880941000.0,2675589000.0,6205352000.0,7262000490.0,-1449000.0,0.0,-48263000.0,206544000.0,-189769000.0,169505000.0,-565376000.0,-267097000.0,394422000.0,0.0,332522000.0,315603000.0,315603000.0,0.0,0.0,0.04,1788972000.0,630802000.0,1575859000.0,0.539,2.768,23.01,21.97,6722772000.0,16919000.0,14.5,0.909,0.868,1092446000.0,1104986000.0,7985800000.0,7985800000.0,0.0,0.029,0.123,0.071,0.096,0.0,1146655000.0,1.0,500827620.0,478038000,478038000.0,16.705,11504315000.0,0.0,135254000.0,1949074000.0,24.066,-656979000.0
32,ENRNQ,MRT,1993-09-30,1993-09-30,1993-09-30,2018-08-31,,,,,,,,,,,,,,,,,,,,,,0.02,0.35,,,,,,,,,,,,,,,,,,1.0,,,,,,,,,,,,,,,,,,,,,,,,,,,,,,,,,,,,,,,,17.5,,,,,,,,,,,,,,1.0,,479376000,,,,,,,,
33,ENRNQ,MRT,1993-06-30,1993-06-30,1993-06-30,2018-08-31,,,,,,,,,,,,,,,,,,,,,,0.021,0.344,,,,,,,,,,,,,,,,,,1.0,,,,,,,,,,,,,,,,,,,,,,,,,,,,,,,,,,,,,,,,16.469,,,,,,,,,,,,,,1.0,,475664000,,,,,,,,
34,ENRNQ,MRT,1993-03-31,1993-03-31,1993-03-31,2018-08-31,,,,,,,,,,,,,,,,,,,,,,0.022,0.337,,,,,,,,,,,,,,,,,,1.0,,,,,,,,,,,,,,,,,,,,,,,,,,,,,,,,,,,,,,,,15.063,,,,,,,,,,,,,,1.0,,475060000,,,,,,,,
35,ENRNQ,MRT,1992-12-31,1992-12-31,1992-12-31,2018-08-31,-118160000.0,10311603000.0,,1651856000.0,8659747000.0,,5.724,-596885000.0,141689000.0,141689000.0,4222395000.0,306185000.0,0.745,3.095,2458924000.0,0.0,2458924000.0,2458924000.0,582933000.0,376019000.0,0.0,0.029,0.331,726935000.0,1102954000.0,0.172,1102954000.0,726935000.0,396653000.0,0.645,0.605,0.645,2518317000.0,,2518317000.0,,,,-267021000.0,-0.607,1.0,2192915000.0,0.342,0.0,330282000.0,10410910000.0,,293809000.0,636062000.0,0.0,636062000.0,7793286000.0,2217928000.0,5575358000.0,,-52163000.0,0.0,361831000.0,-559562000.0,-174880000.0,-338708000.0,-43319000.0,-53283000.0,329864000.0,0.0,306185000.0,284076000.0,284076000.0,0.0,0.0,0.044,1573106000.0,619809000.0,1431341000.0,0.513,,,17.975,6545763000.0,22109000.0,11.594,,0.795,734304000.0,959522000.0,6415310000.0,6415310000.0,0.0,,,,0.113,0.0,936040000.0,1.0,,439930000,439930000.0,14.583,10311603000.0,0.0,90468000.0,1984719000.0,23.439,-566072000.0
36,ENRNQ,MRT,1991-12-31,1991-12-31,1991-12-31,2018-08-31,,,,,,,,-827920000.0,,,3645843000.0,232146000.0,,,,,,,,365957000.0,,0.019,0.163,708092000.0,1074049000.0,0.189,1074049000.0,708092000.0,334600000.0,0.515,0.49,0.515,,,,,,,-14240000.0,-0.035,1.0,2037098000.0,0.358,,373492000.0,,,,,,,,,,,8098000.0,0.0,-65755000.0,92484000.0,-154274000.0,-183517000.0,-622065000.0,0.0,813680000.0,0.0,232146000.0,207406000.0,207406000.0,0.0,0.0,0.036,1539161000.0,497937000.0,,0.317,,,16.99,,24740000.0,8.75,,0.622,,,5682941000.0,5682941000.0,0.0,,,,0.125,0.0,914538000.0,,,404160000,404160000.0,14.061,,,102454000.0,,,
