None,ticker,dimension,calendardate,datekey,reportperiod,lastupdated,accoci,assets,assetsavg,assetsc,assetsnc,assetturnover,bvps,capex,cashneq,cashnequsd,cor,consolinc,currentratio,de,debt,debtc,debtnc,debtusd,deferredrev,depamor,deposits,divyield,dps,ebit,ebitda,ebitdamargin,ebitdausd,ebitusd,ebt,eps,epsdil,epsusd,equity,equityavg,equityusd,ev,evebit,evebitda,fcf,fcfps,fxusd,gp,grossmargin,intangibles,intexp,invcap,invcapavg,inventory,investments,investmentsc,investmentsnc,liabilities,liabilitiesc,liabilitiesnc,marketcap,ncf,ncfbus,ncfcommon,ncfdebt,ncfdiv,ncff,ncfi,ncfinv,ncfo,ncfx,netinc,netinccmn,netinccmnusd,netincdis,netincnci,netmargin,opex,opinc,payables,payoutratio,pb,pe,pe1,ppnenet,prefdivis,price,ps,ps1,receivables,retearn,revenue,revenueusd,rnd,roa,roe,roic,ros,sbcomp,sgna,sharefactor,sharesbas,shareswa,shareswadil,sps,tangibles,taxassets,taxexp,taxliabilities,tbvps,workingcapital
0,APOL,MRY,2016-12-31,2016-08-31,2016-08-31,2019-04-19,-85957000.0,2012906000.0,2051857750.0,1088725000.0,924181000.0,1.024,9.85,-73074000.0,606194000.0,606194000.0,1219817000.0,-91030000.0,1.522,0.875,90795000.0,55609000.0,35186000.0,90795000.0,188092000.0,125730000.0,178160000.0,0.0,0.0,-68003000.0,57727000.0,0.027,57727000.0,-68003000.0,-74725000.0,-0.78,-0.78,-0.78,1070334000.0,1061394500.0,1070334000.0,480146270.0,-7.0,8.318,-27990000.0,-0.258,1.0,882033000.0,0.42,463845000.0,6722000.0,318185000.0,344137250.0,0.0,216644000.0,197886000.0,18758000.0,936312000.0,715477000.0,220835000.0,964881270.0,-39681000.0,-97277000.0,-3280000.0,20737000.0,0.0,17457000.0,-104986000.0,68805000.0,45084000.0,2764000.0,-84554000.0,-84554000.0,-84554000.0,9691000.0,-6476000.0,-0.04,947626000.0,-65593000.0,59640000.0,0.0,0.901,-11.411,-11.372,332702000.0,0.0,8.87,0.459,0.459,224990000.0,5024528000.0,2101850000.0,2101850000.0,0.0,-0.041,-0.08,-0.198,-0.032,32862000.0,600914000.0,1.0,108780301.0,108660000,108660000.0,19.343,1549061000.0,97653000.0,9829000.0,16323000.0,14.256,373248000.0
1,APOL,MRY,2015-12-31,2015-08-31,2015-08-31,2019-04-19,-80579000.0,2201064000.0,2345183500.0,1223300000.0,977764000.0,1.094,10.589,-97961000.0,702074000.0,702074000.0,1417303000.0,24295000.0,1.47,0.912,45646000.0,14080000.0,31566000.0,45646000.0,186950000.0,144830000.0,245470000.0,0.0,0.0,94513000.0,239343000.0,0.093,239343000.0,94513000.0,87918000.0,0.28,0.27,0.28,1144558000.0,1161936250.0,1144558000.0,443629473.0,5.0,1.854,70621000.0,0.653,1.0,1148974000.0,0.448,390434000.0,6595000.0,321858000.0,349087750.0,0.0,290491000.0,194676000.0,95815000.0,1044091000.0,832344000.0,211747000.0,1196704473.0,-714888000.0,-31705000.0,-43185000.0,-608935000.0,0.0,-724740000.0,-154301000.0,-20007000.0,168582000.0,-4429000.0,29755000.0,29755000.0,29755000.0,23185000.0,-5460000.0,0.012,1034030000.0,114944000.0,64100000.0,0.0,1.046,40.219,39.679,370281000.0,0.0,11.11,0.466,0.468,198459000.0,5153452000.0,2566277000.0,2566277000.0,0.0,0.013,0.026,0.271,0.037,38433000.0,761421000.0,1.0,107714174.0,108092000,109038000.0,23.742,1810630000.0,130476000.0,58163000.0,7729000.0,16.751,390956000.0
2,APOL,MRY,2014-12-31,2014-08-31,2014-08-31,2019-04-19,-27320000.0,3092935000.0,2654563250.0,2042550000.0,1050385000.0,1.129,10.598,-100666000.0,1452948000.0,1452948000.0,1498390000.0,204798000.0,1.323,1.566,657096000.0,609506000.0,47590000.0,657096000.0,225818000.0,158155000.0,280562000.0,0.0,0.0,344508000.0,502663000.0,0.168,502663000.0,344508000.0,336594000.0,1.88,1.86,1.88,1180126000.0,1195513750.0,1180126000.0,2222534930.0,6.0,4.422,275241000.0,2.472,1.0,1498475000.0,0.5,449266000.0,7914000.0,304417000.0,284497000.0,0.0,275283000.0,187472000.0,87811000.0,1847606000.0,1543400000.0,304206000.0,3046618930.0,-185672000.0,-119454000.0,-170916000.0,-36691000.0,0.0,-211358000.0,-350317000.0,-130803000.0,375907000.0,96000.0,209304000.0,209304000.0,209304000.0,16632000.0,-4506000.0,0.07,1143511000.0,354964000.0,63907000.0,0.0,2.582,14.556,14.771,435733000.0,0.0,27.77,1.017,1.032,225398000.0,5143949000.0,2996865000.0,2996865000.0,0.0,0.079,0.175,1.211,0.115,41534000.0,831802000.0,1.0,109709000.0,111354000,112610000.0,26.913,2643669000.0,155212000.0,127290000.0,22674000.0,23.741,499150000.0
3,APOL,MRY,2013-12-31,2013-08-31,2013-08-31,2019-04-19,-36563000.0,2997947000.0,2524970500.0,2149656000.0,848291000.0,1.431,9.916,-119348000.0,1673659000.0,1673659000.0,1796801000.0,248965000.0,1.369,1.682,692054000.0,628050000.0,64004000.0,692054000.0,213260000.0,224000000.0,309176000.0,0.0,0.0,441346000.0,665346000.0,0.184,665346000.0,441346000.0,432601000.0,2.2,2.19,2.2,1117598000.0,1071310500.0,1117598000.0,1087166950.0,2.0,1.634,358700000.0,3.182,1.0,1817050000.0,0.503,235812000.0,8745000.0,210215000.0,111989750.0,0.0,149750000.0,105809000.0,43941000.0,1879938000.0,1570315000.0,309623000.0,2095345950.0,138110000.0,0.0,-5670000.0,-26151000.0,0.0,-74304000.0,-264652000.0,-143804000.0,478048000.0,-982000.0,248526000.0,248526000.0,248526000.0,18512000.0,439000.0,0.069,1361071000.0,455979000.0,73123000.0,0.0,1.875,8.431,8.441,472614000.0,0.0,18.57,0.58,0.579,215401000.0,4978815000.0,3613851000.0,3613851000.0,0.0,0.098,0.232,3.941,0.122,49445000.0,955073000.0,1.0,112835000.0,112712000,113285000.0,32.063,2762135000.0,154547000.0,184075000.0,12177000.0,24.506,579341000.0
4,APOL,MRY,2012-12-31,2012-08-31,2012-08-31,2019-04-19,-30034000.0,2868322000.0,2695379750.0,1937990000.0,930332000.0,1.556,7.634,-115187000.0,1594709000.0,1594709000.0,2148497000.0,417006000.0,1.171,2.094,719911000.0,638588000.0,81323000.0,719911000.0,254555000.0,178234000.0,362143000.0,0.0,0.0,717202000.0,895436000.0,0.214,895436000.0,717202000.0,705457000.0,3.48,3.45,3.48,928378000.0,1060320500.0,928378000.0,2214084750.0,3.0,2.473,436113000.0,3.586,1.0,2044693000.0,0.488,252379000.0,11745000.0,86106000.0,-21519500.0,0.0,5946000.0,0.0,5946000.0,1943999000.0,1655039000.0,288960000.0,3044118750.0,-295289000.0,2698000.0,-799964000.0,66876000.0,0.0,-731938000.0,-114183000.0,0.0,551300000.0,-468000.0,422678000.0,422678000.0,422678000.0,-33499000.0,-5672000.0,0.101,1368325000.0,676368000.0,74872000.0,0.0,3.279,7.202,7.716,571629000.0,0.0,26.85,0.726,0.779,198279000.0,4743150000.0,4193190000.0,4193190000.0,0.0,0.157,0.399,-33.328,0.171,77555000.0,983571000.0,1.0,113375000.0,121607000,122357000.0,34.481,2615943000.0,173021000.0,282779000.0,15881000.0,21.511,282951000.0
5,APOL,MRY,2011-12-31,2011-08-31,2011-08-31,2019-04-19,-23761000.0,3269706000.0,3228830000.0,2370786000.0,898920000.0,1.459,8.78,-162573000.0,1951071000.0,1951071000.0,2175372000.0,535796000.0,1.432,1.633,599009000.0,419318000.0,179691000.0,599009000.0,293436000.0,159006000.0,424045000.0,0.0,0.0,1000494000.0,1159500000.0,0.246,1159500000.0,1000494000.0,991563000.0,4.05,4.04,4.05,1240364000.0,1343271750.0,1240364000.0,4842878700.0,5.0,4.177,734549000.0,5.2,1.0,2535677000.0,0.538,254414000.0,8931000.0,7943000.0,10791500.0,0.0,5946000.0,0.0,5946000.0,2025717000.0,1655287000.0,370430000.0,6450424700.0,286895000.0,21251000.0,-758265000.0,-27874000.0,0.0,-775250000.0,164311000.0,10000000.0,897122000.0,712000.0,572427000.0,572427000.0,572427000.0,-6709000.0,-36631000.0,0.122,1579819000.0,955858000.0,69551000.0,0.0,5.2,11.269,11.562,553027000.0,0.0,46.825,1.369,1.404,215567000.0,4320472000.0,4711049000.0,4711049000.0,0.0,0.177,0.426,92.711,0.212,66026000.0,1009947000.0,1.0,137756000.0,141269000,141750000.0,33.348,3015292000.0,230715000.0,419136000.0,26400000.0,21.344,715499000.0
6,APOL,MRY,2010-12-31,2010-08-31,2010-08-31,2019-04-19,-31176000.0,3601451000.0,3260010000.0,2253212000.0,1348239000.0,1.505,8.924,-168177000.0,1855516000.0,1855516000.0,2186417000.0,521581000.0,1.256,1.632,584400000.0,416361000.0,168039000.0,584400000.0,359724000.0,147035000.0,493245000.0,0.0,0.0,1028485000.0,1175520000.0,0.24,1175520000.0,1028485000.0,1016621000.0,3.64,3.62,3.64,1356050000.0,1382810250.0,1356050000.0,5060888210.0,5.0,4.305,865065000.0,5.693,1.0,2720196000.0,0.554,472752000.0,11864000.0,64072000.0,-17374250.0,0.0,15174000.0,0.0,15174000.0,2212711000.0,1793511000.0,419200000.0,6268507210.0,316523000.0,-5497000.0,-426727000.0,-2114000.0,0.0,-419733000.0,-295289000.0,5000000.0,1033242000.0,-1697000.0,553002000.0,553002000.0,553002000.0,13886000.0,-31421000.0,0.113,1711481000.0,1008715000.0,90830000.0,0.0,4.623,11.335,11.673,619537000.0,0.0,42.49,1.278,1.316,264377000.0,3748045000.0,4906613000.0,4906613000.0,0.0,0.17,0.4,-59.196,0.21,57657000.0,923964000.0,1.0,147529000.0,151955000,152906000.0,32.29,3128699000.0,305029000.0,463619000.0,38875000.0,20.59,459701000.0
7,APOL,MRY,2009-12-31,2009-08-31,2009-08-31,2019-04-19,-13740000.0,3263377000.0,2547574750.0,1880017000.0,1383360000.0,1.552,7.352,-127356000.0,1400550000.0,1400550000.0,1771827000.0,593830000.0,1.071,1.758,589066000.0,461365000.0,127701000.0,589066000.0,333041000.0,113350000.0,491639000.0,0.0,0.0,1059487000.0,1172837000.0,0.297,1172837000.0,1059487000.0,1055039000.0,3.79,3.75,3.79,1159923000.0,1124607500.0,1159923000.0,8679941600.0,8.0,7.401,784722000.0,4.974,1.0,2181739000.0,0.552,726029000.0,4448000.0,-29414000.0,-113960500.0,0.0,19579000.0,0.0,19579000.0,2038764000.0,1755278000.0,283486000.0,9965259600.0,485051000.0,-523795000.0,-335411000.0,475829000.0,0.0,217941000.0,-643116000.0,8035000.0,912078000.0,-1852000.0,598319000.0,598319000.0,598319000.0,16377000.0,-4489000.0,0.151,1115804000.0,1065935000.0,66928000.0,0.0,8.591,16.655,17.108,557507000.0,0.0,64.84,2.521,2.587,298270000.0,3195043000.0,3953566000.0,3953566000.0,0.0,0.235,0.532,-9.297,0.268,49495000.0,775455000.0,1.0,153690000.0,157760000,159514000.0,25.061,2537348000.0,211934000.0,456720000.0,55636000.0,16.084,124739000.0
8,APOL,MRY,2008-12-31,2008-08-31,2008-08-31,2019-04-19,-3958000.0,1860412000.0,1801764750.0,1169543000.0,690869000.0,1.739,5.083,-104879000.0,867350000.0,867350000.0,1349879000.0,475927000.0,1.351,1.216,30916000.0,15488000.0,15428000.0,30916000.0,231179000.0,92496000.0,413302000.0,0.0,0.0,794000000.0,886496000.0,0.283,886496000.0,794000000.0,790550000.0,2.9,2.87,2.9,834209000.0,793736750.0,834209000.0,9400979480.0,12.0,10.605,621127000.0,3.785,1.0,1783557000.0,0.569,109064000.0,3450000.0,49305000.0,109841000.0,0.0,28264000.0,3060000.0,25204000.0,1014247000.0,865609000.0,148638000.0,10093980480.0,143876000.0,-93763000.0,-351393000.0,-444000.0,0.0,-321040000.0,-260818000.0,-62176000.0,726006000.0,-272000.0,476525000.0,476525000.0,476525000.0,10824000.0,-598000.0,0.152,1016181000.0,767376000.0,46589000.0,0.0,12.1,21.182,21.959,439135000.0,0.0,63.68,3.221,3.335,221919000.0,2595340000.0,3133436000.0,3133436000.0,0.0,0.264,0.6,7.229,0.253,34922000.0,1016181000.0,1.0,158511000.0,164109000,165870000.0,19.094,1751348000.0,144933000.0,314025000.0,8854000.0,10.672,303934000.0
9,APOL,MRY,2007-12-31,2007-08-31,2007-08-31,2019-04-19,-1281000.0,1449863000.0,1530153500.0,925378000.0,524485000.0,1.78,3.679,-104551000.0,635788000.0,635788000.0,1237491000.0,408810000.0,1.244,1.287,0.0,0.0,0.0,0.0,167298000.0,71383000.0,328008000.0,0.0,0.0,657529000.0,728912000.0,0.268,728912000.0,657529000.0,657297000.0,2.37,2.35,2.37,633840000.0,778738500.0,633840000.0,9253605280.0,14.0,12.695,484071000.0,2.809,1.0,1486302000.0,0.546,31847000.0,232000.0,38393000.0,89869750.0,0.0,53362000.0,31278000.0,22084000.0,816023000.0,743835000.0,72188000.0,10166572280.0,30261000.0,-15079000.0,-429997000.0,0.0,0.0,-425975000.0,-131935000.0,-12162000.0,588622000.0,-451000.0,408810000.0,408810000.0,408810000.0,0.0,0.0,0.15,860605000.0,625697000.0,80729000.0,0.0,16.04,24.869,24.755,364207000.0,0.0,58.67,3.733,3.712,190912000.0,2096385000.0,2723793000.0,2723793000.0,0.0,0.267,0.525,7.316,0.241,50005000.0,860605000.0,1.0,173284000.0,172309000,173603000.0,15.808,1418016000.0,130962000.0,248487000.0,43351000.0,8.229,181543000.0
10,APOL,MRY,2006-12-31,2006-08-31,2006-08-31,2019-04-19,-1034000.0,1283005000.0,1187617000.0,802932000.0,480073000.0,2.086,3.466,-111240000.0,547325000.0,547325000.0,1109584000.0,414833000.0,1.348,1.123,0.0,0.0,0.0,0.0,136295000.0,67290000.0,254130000.0,0.0,0.0,668088000.0,735378000.0,0.297,735378000.0,668088000.0,668088000.0,2.38,2.35,2.38,604373000.0,531642250.0,604373000.0,8415992120.0,13.0,11.444,439768000.0,2.522,1.0,1367949000.0,0.552,16891000.0,0.0,123033000.0,176334250.0,0.0,99670000.0,45978000.0,53692000.0,678632000.0,595756000.0,82876000.0,8674882120.0,171874000.0,0.0,-492291000.0,0.0,0.0,-474815000.0,95577000.0,209698000.0,551008000.0,104000.0,414833000.0,414833000.0,414833000.0,0.0,0.0,0.167,717915000.0,650034000.0,61289000.0,0.0,14.354,20.912,21.097,328440000.0,0.0,50.21,3.501,3.533,160583000.0,1659349000.0,2477533000.0,2477533000.0,0.0,0.349,0.78,3.789,0.27,10259000.0,697710000.0,1.0,172772000.0,174351000,176205000.0,14.21,1266114000.0,85753000.0,253255000.0,47812000.0,7.262,207176000.0
11,APOL,MRY,2005-12-31,2005-08-31,2005-08-31,2019-04-19,-1138000.0,1281548000.0,1262206500.0,809149000.0,472399000.0,1.783,3.467,-94482000.0,364286000.0,364286000.0,952474000.0,427933000.0,1.428,1.021,0.0,0.0,0.0,0.0,134315000.0,45592000.0,242675000.0,0.0,0.0,714439000.0,760031000.0,0.338,760031000.0,714439000.0,714439000.0,2.34,2.3,2.34,634220000.0,684973000.0,634220000.0,13892333040.0,19.0,18.279,455122000.0,2.488,1.0,1298640000.0,0.577,37096000.0,0.0,313421000.0,422924250.0,0.0,321462000.0,224112000.0,97350000.0,647328000.0,566745000.0,80583000.0,14201591040.0,-12895000.0,0.0,-755432000.0,0.0,0.0,-755432000.0,193506000.0,286645000.0,549604000.0,0.0,427933000.0,427933000.0,427933000.0,0.0,0.0,0.19,600988000.0,697652000.0,40129000.0,0.0,22.392,33.186,33.615,270645000.0,0.0,78.66,6.309,6.392,172602000.0,1280996000.0,2251114000.0,2251114000.0,0.0,0.339,0.625,1.689,0.317,67327000.0,584093000.0,1.0,180544000.0,182928000,186066000.0,12.306,1244452000.0,66048000.0,286506000.0,69163000.0,6.803,242404000.0
12,APOL,MRY,2004-12-31,2004-08-31,2004-08-31,2019-04-19,-565000.0,1495101000.0,1601911250.0,854684000.0,640417000.0,1.124,5.433,-109529000.0,235082000.0,235082000.0,781437000.0,280085000.0,1.819,0.562,0.0,0.0,0.0,0.0,323860000.0,45787000.0,0.0,0.0,0.0,604856000.0,650643000.0,0.361,650643000.0,604856000.0,604856000.0,0.8,0.79,0.8,957141000.0,1153092750.0,957141000.0,13013892000.0,22.0,20.002,436679000.0,2.479,1.0,1018610000.0,0.566,37096000.0,0.0,753141000.0,607717250.0,0.0,758986000.0,442243000.0,316743000.0,537960000.0,469782000.0,68178000.0,13681434000.0,105134000.0,0.0,-407317000.0,0.0,0.0,-510442000.0,69609000.0,149899000.0,546208000.0,0.0,418435000.0,141735000.0,141735000.0,0.0,-138350000.0,0.079,568409000.0,450201000.0,50895000.0,0.0,14.294,96.528,97.5,212205000.0,276700000.0,78.0,7.601,7.634,146497000.0,928815000.0,1800047000.0,1800047000.0,0.0,0.088,0.123,0.995,0.336,140767000.0,468126000.0,1.0,175403000.0,176175000,178914000.0,10.217,1458005000.0,57540000.0,186421000.0,11856000.0,8.276,384902000.0
13,APOL,MRY,2003-12-31,2003-08-31,2003-08-31,2019-04-19,-324000.0,1378204000.0,1225631250.0,950243000.0,427961000.0,1.093,5.869,-56699000.0,564068000.0,564068000.0,612940000.0,247010000.0,2.835,0.342,0.0,0.0,0.0,0.0,254095000.0,40305000.0,0.0,0.0,0.0,417112000.0,457417000.0,0.341,457417000.0,417112000.0,417112000.0,1.32,1.3,1.32,1026925000.0,902676250.0,1026925000.0,10705997570.0,26.0,23.405,334589000.0,1.912,1.0,726577000.0,0.542,37096000.0,0.0,441817000.0,355533000.0,0.0,481734000.0,235962000.0,245772000.0,351279000.0,335223000.0,16056000.0,11260366570.0,13172000.0,0.0,25464000.0,-4600000.0,0.0,30375000.0,-408064000.0,-349167000.0,391288000.0,-427000.0,262318000.0,231702000.0,231702000.0,0.0,-15308000.0,0.173,339318000.0,387259000.0,29314000.0,0.0,10.965,48.598,48.538,119057000.0,30616000.0,64.07,8.406,8.37,123728000.0,765196000.0,1339517000.0,1339517000.0,0.0,0.189,0.257,1.173,0.311,46374000.0,339318000.0,1.0,175751000.0,174985000,177637000.0,7.655,1341108000.0,11095000.0,154794000.0,0.0,7.664,615020000.0
14,APOL,MRY,2002-12-31,2002-08-31,2002-08-31,2019-04-19,103000.0,979642000.0,846635000.0,730447000.0,249195000.0,1.192,4.044,-36748000.0,395489000.0,395489000.0,498454000.0,161150000.0,2.764,0.402,0.0,0.0,0.0,0.0,187324000.0,35179000.0,0.0,0.0,0.0,273913000.0,309092000.0,0.306,309092000.0,273913000.0,273913000.0,0.89,0.87,0.89,698993000.0,601702750.0,698993000.0,6930262320.0,25.0,22.421,223782000.0,1.295,1.0,511001000.0,0.506,37096000.0,0.0,282743000.0,271556250.0,0.0,293166000.0,214547000.0,78619000.0,280649000.0,264314000.0,16335000.0,7257672320.0,149304000.0,0.0,16721000.0,-100000.0,0.0,25800000.0,-137047000.0,-98504000.0,260530000.0,0.0,169139000.0,153161000.0,153161000.0,0.0,-7989000.0,0.152,257149000.0,253852000.0,22478000.0,0.0,10.383,47.386,47.0,104292000.0,15978000.0,41.83,7.19,7.163,99282000.0,518186000.0,1009455000.0,1009455000.0,0.0,0.181,0.255,1.009,0.271,30037000.0,257149000.0,1.0,173504000.0,172859000,175697000.0,5.84,942546000.0,12477000.0,104774000.0,7974000.0,5.453,466133000.0
15,APOL,MRY,2001-12-31,2001-08-31,2001-08-31,2019-04-19,82000.0,680343000.0,593987000.0,487051000.0,193292000.0,1.295,2.811,-51172000.0,203829000.0,203829000.0,410084000.0,107817000.0,2.673,0.412,0.0,0.0,0.0,0.0,128735000.0,32740000.0,0.0,0.0,0.0,171805000.0,204545000.0,0.266,204545000.0,171805000.0,171805000.0,0.61,0.6,0.61,481885000.0,421288250.0,481885000.0,4327952310.0,25.0,21.159,113461000.0,0.662,1.0,359390000.0,0.467,37096000.0,0.0,257218000.0,215738750.0,0.0,198105000.0,170866000.0,27239000.0,198458000.0,182200000.0,16258000.0,4514282310.0,86021000.0,0.0,13330000.0,-100000.0,0.0,95764000.0,-174479000.0,-132489000.0,164633000.0,0.0,104513000.0,104513000.0,104513000.0,0.0,3304000.0,0.136,198387000.0,161003000.0,16846000.0,0.0,9.368,43.194,43.027,102624000.0,0.0,26.247,5.867,5.847,92179000.0,357036000.0,769474000.0,769474000.0,0.0,0.176,0.248,0.796,0.223,18180000.0,198387000.0,1.0,171994500.0,171413000,174001000.0,4.489,643247000.0,11002000.0,67292000.0,7096000.0,3.753,304851000.0
16,APOL,MRY,2000-12-31,2000-08-31,2000-08-31,2019-04-19,-21000.0,404790000.0,370737750.0,246907000.0,157883000.0,1.645,1.532,-33833000.0,95593000.0,95593000.0,352874000.0,71191000.0,1.884,0.55,0.0,0.0,0.0,0.0,96312000.0,27052000.0,0.0,0.0,0.0,120305000.0,147357000.0,0.242,147357000.0,120305000.0,120305000.0,0.42,0.41,0.42,261208000.0,235947500.0,261208000.0,2980010430.0,25.0,20.223,84268000.0,0.494,1.0,257123000.0,0.422,38548000.0,0.0,139560000.0,126643250.0,0.0,64246000.0,58226000.0,6020000.0,143582000.0,131089000.0,12493000.0,3068772430.0,8378000.0,0.0,-46701000.0,-100000.0,0.0,-46801000.0,-62905000.0,-24991000.0,118101000.0,0.0,71191000.0,71191000.0,71191000.0,0.0,0.0,0.117,143046000.0,114077000.0,12960000.0,0.0,11.748,43.106,43.185,87833000.0,0.0,18.138,5.031,5.07,78933000.0,249219000.0,609997000.0,609997000.0,0.0,0.192,0.302,0.95,0.197,5615000.0,143046000.0,1.0,169192305.0,170512000,172447000.0,3.577,366242000.0,8267000.0,49114000.0,1590000.0,2.148,115818000.0
17,APOL,MRY,1999-12-31,1999-08-31,1999-08-31,2019-04-19,-4000.0,348342000.0,333981250.0,198213000.0,150129000.0,1.494,1.322,-40520000.0,77332000.0,77332000.0,287582000.0,59005000.0,1.822,0.507,0.0,0.0,0.0,0.0,83646000.0,19971000.0,0.0,0.0,0.0,97982000.0,117953000.0,0.236,117953000.0,97982000.0,97982000.0,0.34,0.333,0.34,231120000.0,220823250.0,231120000.0,1622944584.0,17.0,13.759,35042000.0,0.2,1.0,211264000.0,0.424,39917000.0,0.0,122306000.0,114220000.0,0.0,50272000.0,31064000.0,19208000.0,117222000.0,108787000.0,8435000.0,1695111584.0,-792000.0,0.0,-37366000.0,-200000.0,0.0,-37566000.0,-38778000.0,5278000.0,75562000.0,0.0,59005000.0,59005000.0,59005000.0,0.0,0.0,0.118,118511000.0,92753000.0,12105000.0,0.0,7.334,28.728,28.68,77504000.0,0.0,9.751,3.398,3.417,75664000.0,178028000.0,498846000.0,498846000.0,0.0,0.177,0.267,0.858,0.196,9683000.0,118511000.0,1.0,173837788.0,174786000,177385500.0,2.854,308425000.0,7346000.0,38977000.0,2609000.0,1.765,89426000.0
18,APOL,MRY,1998-12-31,1998-08-31,1998-08-31,2019-04-19,6000.0,305160000.0,250035000.0,174007000.0,131153000.0,1.539,1.15,-30855000.0,75039000.0,75039000.0,223525000.0,46297000.0,1.821,0.527,0.0,0.0,0.0,0.0,67831000.0,12786000.0,0.0,0.0,0.0,76272000.0,89058000.0,0.231,89058000.0,76272000.0,76272000.0,0.267,0.262,0.267,199808000.0,162062500.0,199808000.0,2576513909.0,34.0,28.931,26036000.0,0.15,1.0,161352000.0,0.419,41398000.0,0.0,93149000.0,69763500.0,0.0,56274000.0,27538000.0,28736000.0,105352000.0,95574000.0,9778000.0,2656544909.0,-6602000.0,-30185000.0,6000000.0,-50000.0,0.0,5950000.0,-69446000.0,-4721000.0,56891000.0,0.0,46297000.0,46297000.0,46297000.0,0.0,0.0,0.12,91166000.0,70186000.0,11807000.0,0.0,13.295,57.38,57.012,46618000.0,0.0,15.222,6.902,6.874,61282000.0,119023000.0,384877000.0,384877000.0,0.0,0.185,0.286,1.093,0.198,7249000.0,91166000.0,1.0,174517549.0,173801250,177943500.0,2.214,263762000.0,6203000.0,29975000.0,2443000.0,1.518,78433000.0
19,APOL,MRY,1997-12-31,1997-08-31,1997-08-31,2019-04-19,0.0,194910000.0,,143803000.0,51107000.0,,0.731,-12699000.0,78855000.0,78855000.0,167720000.0,33379000.0,2.134,0.568,0.0,0.0,0.0,0.0,47683000.0,8291000.0,0.0,0.0,0.0,54981000.0,63272000.0,0.227,63272000.0,54981000.0,54981000.0,0.196,0.191,0.196,124317000.0,,124317000.0,,,,36259000.0,0.213,1.0,111475000.0,0.399,2283000.0,0.0,46378000.0,,0.0,41429000.0,27182000.0,14247000.0,70593000.0,67394000.0,3199000.0,,6946000.0,0.0,2812000.0,-50000.0,0.0,2762000.0,-44777000.0,-28651000.0,48958000.0,0.0,33379000.0,33379000.0,33379000.0,0.0,0.0,0.12,60668000.0,50807000.0,7714000.0,0.0,,,54.044,25251000.0,0.0,10.593,,6.456,32040000.0,72729000.0,279195000.0,279195000.0,0.0,,,,0.197,7508000.0,60668000.0,1.0,,170156250,174883500.0,1.641,192627000.0,2873000.0,21602000.0,958000.0,1.132,76409000.0
20,APOL,MRY,1996-12-31,1996-08-31,1996-08-31,2019-04-19,,,,,,,,-9873000.0,,,130039000.0,21392000.0,,,,,,,,6093000.0,,0.0,0.0,34997000.0,41090000.0,0.192,41090000.0,34997000.0,34997000.0,0.129,0.124,0.129,,,,,,,15376000.0,0.091,1.0,84236000.0,0.393,,0.0,,,,,,,,,,,1256000.0,-585000.0,1284000.0,0.0,0.0,3869000.0,-27862000.0,-13273000.0,25249000.0,0.0,21392000.0,21392000.0,21392000.0,0.0,0.0,0.1,49239000.0,34997000.0,,0.0,,,57.422,,0.0,7.407,,5.812,,,214275000.0,214275000.0,0.0,,,,0.163,0.0,49239000.0,,,168122250,172716750.0,1.275,,,13605000.0,,,
0,APOL,MRQ,2016-12-31,2016-11-30,2016-11-30,2019-04-19,-97933000.0,1955243000.0,,1081689000.0,873554000.0,,9.687,-20872000.0,642145000.0,642145000.0,275341000.0,3199000.0,1.588,0.834,56781000.0,23530000.0,33251000.0,56781000.0,234794000.0,28582000.0,145018000.0,0.0,0.0,9718000.0,38300000.0,0.079,38300000.0,9718000.0,8293000.0,0.04,0.04,0.04,1062939000.0,,1062939000.0,518361930.0,-46.0,4.597,-4418000.0,-0.04,1.0,209158000.0,0.432,445109000.0,1425000.0,243664000.0,,0.0,124285000.0,117392000.0,6893000.0,886324000.0,681106000.0,205218000.0,1033760930.0,53250000.0,0.0,-997000.0,-32377000.0,0.0,-33374000.0,70858000.0,91578000.0,16454000.0,-688000.0,4070000.0,4070000.0,4070000.0,0.0,-871000.0,0.008,200754000.0,8404000.0,63360000.0,0.0,0.973,-52.425,-49.632,321345000.0,0.0,9.43,0.517,0.517,246306000.0,5018613000.0,484499000.0,484499000.0,0.0,,,,,3401000.0,142292000.0,1.0,109624701.0,109724000,110186000.0,4.416,1510134000.0,93761000.0,4223000.0,15479000.0,13.763,400583000.0
1,APOL,MRQ,2016-09-30,2016-08-31,2016-08-31,2019-04-19,-85957000.0,2012906000.0,,1088725000.0,924181000.0,,9.825,-21660000.0,606194000.0,606194000.0,288864000.0,14434000.0,1.522,0.875,90795000.0,55609000.0,35186000.0,90795000.0,188092000.0,30990000.0,178160000.0,0.0,0.0,23621000.0,54611000.0,0.111,54611000.0,23621000.0,21896000.0,0.14,0.14,0.14,1070334000.0,,1070334000.0,480146270.0,-7.0,8.318,13791000.0,0.127,1.0,203615000.0,0.413,463845000.0,1725000.0,318185000.0,,0.0,216644000.0,197886000.0,18758000.0,936312000.0,715477000.0,220835000.0,964881270.0,102498000.0,3919000.0,-3186000.0,27561000.0,0.0,24375000.0,43495000.0,63949000.0,35451000.0,-823000.0,15863000.0,15863000.0,15863000.0,6432000.0,-1429000.0,0.032,175142000.0,28473000.0,59640000.0,0.0,0.901,-11.411,-11.372,332702000.0,0.0,8.87,0.459,0.459,224990000.0,5024528000.0,492479000.0,492479000.0,0.0,,,,,5544000.0,129486000.0,1.0,108780301.0,108939000,108939000.0,4.521,1549061000.0,97653000.0,6033000.0,16323000.0,14.22,373248000.0
2,APOL,MRQ,2016-06-30,2016-05-31,2016-05-31,2019-04-19,-82286000.0,2037626000.0,,1064990000.0,972636000.0,,9.794,-17711000.0,546846000.0,546846000.0,304678000.0,19799000.0,1.472,0.907,62111000.0,19514000.0,42597000.0,62111000.0,185025000.0,31129000.0,213986000.0,0.0,0.0,33712000.0,64841000.0,0.116,64841000.0,33712000.0,32143000.0,0.19,0.19,0.19,1064170000.0,,1064170000.0,480936882.0,-5.0,18.272,-31161000.0,-0.287,1.0,253324000.0,0.454,466521000.0,1569000.0,362685000.0,,0.0,281624000.0,242301000.0,39323000.0,965697000.0,723685000.0,242012000.0,998426882.0,-47288000.0,0.0,-106000.0,-1425000.0,0.0,-1531000.0,-34660000.0,-16441000.0,-13450000.0,2353000.0,20744000.0,20744000.0,20744000.0,0.0,-945000.0,0.037,221325000.0,31999000.0,56297000.0,0.0,0.938,-8.397,-8.355,343094000.0,0.0,9.19,0.452,0.452,193477000.0,5061631000.0,558002000.0,558002000.0,0.0,,,,,8732000.0,146596000.0,1.0,108642751.0,108658000,109444000.0,5.135,1571105000.0,122937000.0,11399000.0,16924000.0,14.459,341305000.0
3,APOL,MRQ,2016-03-31,2016-02-29,2016-02-29,2019-04-19,-90870000.0,2110321000.0,,1116889000.0,993432000.0,,9.435,-19247000.0,579526000.0,579526000.0,300760000.0,-63136000.0,1.344,1.05,62036000.0,20961000.0,41075000.0,62036000.0,258982000.0,33264000.0,201470000.0,0.0,0.0,-78266000.0,-45002000.0,-0.097,-45002000.0,-78266000.0,-80238000.0,-0.56,-0.56,-0.56,1024579000.0,,1024579000.0,302963158.0,-6.0,3.547,22703000.0,0.209,1.0,164588000.0,0.354,464963000.0,1972000.0,297035000.0,,0.0,266305000.0,215038000.0,51267000.0,1075449000.0,830833000.0,244616000.0,888942158.0,-10952000.0,-101196000.0,529000.0,-2877000.0,0.0,-2348000.0,-52230000.0,68236000.0,41950000.0,1676000.0,-60396000.0,-60396000.0,-60396000.0,0.0,-2740000.0,-0.13,245404000.0,-80816000.0,70758000.0,0.0,0.868,-9.707,-9.75,346498000.0,0.0,8.19,0.382,0.382,238626000.0,5031861000.0,465348000.0,465348000.0,0.0,,,,,9066000.0,163585000.0,1.0,108539946.0,108595000,108595000.0,4.285,1645358000.0,134769000.0,-19842000.0,16745000.0,15.151,286056000.0
4,APOL,MRQ,2015-12-31,2015-11-30,2015-11-30,2019-04-19,-83575000.0,2046578000.0,,1184991000.0,861587000.0,,10.019,-14456000.0,629246000.0,629246000.0,325515000.0,-62127000.0,1.577,0.874,43267000.0,22485000.0,20782000.0,43267000.0,187830000.0,30347000.0,239946000.0,0.0,0.0,-47070000.0,-16723000.0,-0.029,-16723000.0,-47070000.0,-48526000.0,-0.56,-0.56,-0.56,1086495000.0,,1086495000.0,108907495.0,-7.0,0.903,-33323000.0,-0.307,1.0,260506000.0,0.445,310464000.0,1456000.0,398644000.0,,0.0,335886000.0,257012000.0,78874000.0,949862000.0,751491000.0,198371000.0,765335495.0,-83939000.0,0.0,-517000.0,-2522000.0,0.0,-3039000.0,-61591000.0,-46939000.0,-18867000.0,-442000.0,-60765000.0,-60765000.0,-60765000.0,3259000.0,-1362000.0,-0.104,305755000.0,-45249000.0,49282000.0,0.0,0.704,-11.812,-11.966,351602000.0,0.0,7.06,0.314,0.314,214379000.0,5092995000.0,586021000.0,586021000.0,0.0,,,,,9520000.0,161247000.0,1.0,108404461.0,108446000,108446000.0,5.404,1736114000.0,115985000.0,12239000.0,7928000.0,16.009,433500000.0
5,APOL,MRQ,2015-09-30,2015-08-31,2015-08-31,2019-04-19,-80579000.0,2201064000.0,,1223300000.0,977764000.0,,10.603,-23707000.0,702074000.0,702074000.0,342036000.0,-19476000.0,1.47,0.912,45646000.0,14080000.0,31566000.0,45646000.0,186950000.0,35844000.0,245470000.0,0.0,0.0,-12639000.0,23205000.0,0.039,23205000.0,-12639000.0,-14118000.0,-0.17,-0.17,-0.17,1144558000.0,,1144558000.0,443629473.0,5.0,1.854,21172000.0,0.196,1.0,258255000.0,0.43,390434000.0,1479000.0,321858000.0,,0.0,290491000.0,194676000.0,95815000.0,1044091000.0,832344000.0,211747000.0,1196704473.0,-63297000.0,-10539000.0,-3480000.0,-8236000.0,0.0,-63201000.0,-44537000.0,-19879000.0,44879000.0,-438000.0,-18484000.0,-18484000.0,-18484000.0,8279000.0,-992000.0,-0.031,263290000.0,-5035000.0,64100000.0,0.0,1.046,40.219,39.679,370281000.0,0.0,11.11,0.466,0.468,198459000.0,5153452000.0,600291000.0,600291000.0,0.0,,,,,8901000.0,186086000.0,1.0,107714174.0,107948000,108780000.0,5.561,1810630000.0,130476000.0,4366000.0,7729000.0,16.773,390956000.0
6,APOL,MRQ,2015-06-30,2015-05-31,2015-05-31,2019-04-19,-59923000.0,2351441000.0,,1381473000.0,969968000.0,,10.947,-30944000.0,808546000.0,808546000.0,347835000.0,47440000.0,1.648,0.947,55471000.0,15088000.0,40383000.0,55471000.0,233995000.0,33491000.0,252058000.0,0.0,0.0,90446000.0,123937000.0,0.183,123937000.0,90446000.0,88731000.0,0.45,0.44,0.45,1178702000.0,,1178702000.0,1054646520.0,7.0,3.481,37646000.0,0.35,1.0,328523000.0,0.486,404873000.0,1715000.0,355332000.0,,0.0,271884000.0,201143000.0,70741000.0,1115649000.0,838161000.0,277488000.0,1784890520.0,11144000.0,0.0,-1982000.0,-5289000.0,0.0,-7271000.0,-49862000.0,-4235000.0,68590000.0,-313000.0,48064000.0,48064000.0,48064000.0,2186000.0,-624000.0,0.071,235239000.0,93284000.0,72019000.0,0.0,1.514,22.877,22.712,399584000.0,0.0,16.58,0.674,0.674,220880000.0,5201238000.0,676358000.0,676358000.0,0.0,,,,,7854000.0,181276000.0,1.0,107653228.0,107678000,108623000.0,6.281,1946568000.0,142436000.0,40667000.0,22695000.0,18.078,543312000.0
7,APOL,MRQ,2015-03-31,2015-02-28,2015-02-28,2019-04-19,-54574000.0,2405941000.0,,1412738000.0,993203000.0,,10.474,-22973000.0,791065000.0,791065000.0,348773000.0,-36138000.0,1.536,1.074,60821000.0,15664000.0,45157000.0,60821000.0,261428000.0,36005000.0,262387000.0,0.0,0.0,-45795000.0,-9790000.0,-0.017,-9790000.0,-45795000.0,-47534000.0,-0.31,-0.31,-0.31,1132939000.0,,1132939000.0,2247563750.0,13.0,6.727,13841000.0,0.128,1.0,226330000.0,0.394,416400000.0,1739000.0,339343000.0,,0.0,268841000.0,193745000.0,75096000.0,1216710000.0,919954000.0,296756000.0,2996568750.0,-18898000.0,-21166000.0,-17876000.0,-2184000.0,0.0,-20053000.0,-34454000.0,9623000.0,36814000.0,-1205000.0,-33610000.0,-33610000.0,-33610000.0,10442000.0,-2528000.0,-0.058,263799000.0,-37469000.0,72294000.0,0.0,2.645,31.22,31.42,402920000.0,0.0,27.65,1.084,1.081,235453000.0,5152466000.0,575103000.0,575103000.0,0.0,,,,,11196000.0,195353000.0,1.0,108375000.0,108166000,108166000.0,5.317,1989541000.0,187531000.0,-13924000.0,25715000.0,18.393,492784000.0
8,APOL,MRQ,2014-12-31,2014-11-30,2014-11-30,2019-04-19,-40618000.0,2422288000.0,,1421216000.0,1001072000.0,,10.974,-20337000.0,811897000.0,811897000.0,378659000.0,32469000.0,1.632,0.983,62892000.0,15902000.0,46990000.0,62892000.0,248887000.0,39490000.0,252448000.0,0.0,0.0,62501000.0,101991000.0,0.143,101991000.0,62501000.0,60839000.0,0.31,0.31,0.31,1191546000.0,,1191546000.0,2592329720.0,11.0,6.574,-2038000.0,-0.019,1.0,335866000.0,0.47,422718000.0,1662000.0,379818000.0,,0.0,279247000.0,205687000.0,73560000.0,1171883000.0,870747000.0,301136000.0,3388181720.0,-643837000.0,0.0,-19847000.0,-593226000.0,0.0,-634215000.0,-25448000.0,-5516000.0,18299000.0,-2473000.0,33785000.0,33785000.0,33785000.0,2278000.0,-1316000.0,0.047,271702000.0,64164000.0,68405000.0,0.0,2.844,23.497,23.652,418088000.0,0.0,31.22,1.183,1.184,251518000.0,5179412000.0,714525000.0,714525000.0,0.0,,,,,10482000.0,198706000.0,1.0,108526000.0,108581000,109378000.0,6.581,1999570000.0,127022000.0,27054000.0,19093000.0,18.415,550469000.0
9,APOL,MRQ,2014-09-30,2014-08-31,2014-08-31,2019-04-19,-27320000.0,3092935000.0,,2042550000.0,1050385000.0,,10.793,-20024000.0,1452948000.0,1452948000.0,360915000.0,28570000.0,1.323,1.566,657096000.0,609506000.0,47590000.0,657096000.0,225818000.0,40472000.0,280562000.0,0.0,0.0,46376000.0,86848000.0,0.127,86848000.0,46376000.0,44446000.0,0.28,0.27,0.28,1180126000.0,,1180126000.0,2222534930.0,6.0,4.422,66877000.0,0.612,1.0,321438000.0,0.471,449266000.0,1930000.0,304417000.0,,0.0,275283000.0,187472000.0,87811000.0,1847606000.0,1543400000.0,304206000.0,3046618930.0,590017000.0,0.0,-54231000.0,586621000.0,0.0,528590000.0,-24741000.0,-1877000.0,86901000.0,-733000.0,29783000.0,29783000.0,29783000.0,12240000.0,-1213000.0,0.044,263455000.0,57983000.0,63907000.0,0.0,2.582,14.556,14.771,435733000.0,0.0,27.77,1.017,1.032,225398000.0,5143949000.0,682353000.0,682353000.0,0.0,,,,,7889000.0,205641000.0,1.0,109709000.0,109344000,111053000.0,6.24,2643669000.0,155212000.0,14663000.0,22674000.0,24.178,499150000.0
10,APOL,MRQ,2014-06-30,2014-05-31,2014-05-31,2019-04-19,-26543000.0,2530858000.0,,1406409000.0,1124449000.0,,10.934,-22523000.0,894933000.0,894933000.0,380877000.0,65010000.0,1.483,1.043,70849000.0,31093000.0,39756000.0,70849000.0,218246000.0,39564000.0,296625000.0,0.0,0.0,115479000.0,155043000.0,0.195,155043000.0,115479000.0,113564000.0,0.6,0.59,0.6,1209447000.0,,1209447000.0,2127233200.0,6.0,4.078,72999000.0,0.66,1.0,412733000.0,0.52,457115000.0,1915000.0,301572000.0,,0.0,274640000.0,168959000.0,105681000.0,1261724000.0,948087000.0,313637000.0,2982679200.0,-7144000.0,-24517000.0,-46241000.0,-4044000.0,0.0,-50236000.0,-53225000.0,-6185000.0,95522000.0,795000.0,66025000.0,66025000.0,66025000.0,2029000.0,-1015000.0,0.083,296409000.0,116324000.0,65162000.0,0.0,2.466,14.834,15.056,447968000.0,0.0,26.8,0.965,0.959,201660000.0,5157935000.0,793610000.0,793610000.0,0.0,,,,,11135000.0,211006000.0,1.0,111294000.0,110613000,112082000.0,7.175,2073743000.0,146453000.0,47539000.0,42538000.0,18.748,458322000.0
11,APOL,MRQ,2014-03-31,2014-02-28,2014-02-28,2019-04-19,-30024000.0,2531430000.0,,1427081000.0,1104349000.0,,10.541,-23753000.0,929869000.0,929869000.0,369698000.0,12177000.0,1.415,1.099,74423000.0,30781000.0,43642000.0,74423000.0,256899000.0,38975000.0,328394000.0,0.0,0.0,11458000.0,50433000.0,0.075,50433000.0,11458000.0,9475000.0,0.13,0.13,0.13,1182197000.0,,1182197000.0,2757896710.0,8.0,5.039,40834000.0,0.364,1.0,303056000.0,0.45,424380000.0,1983000.0,243000000.0,,0.0,269952000.0,158243000.0,111709000.0,1299124000.0,1008604000.0,290520000.0,3755857710.0,-142190000.0,-94937000.0,-54369000.0,-3343000.0,0.0,-57712000.0,-149064000.0,-33820000.0,64587000.0,-1000.0,14605000.0,14605000.0,14605000.0,1972000.0,-2428000.0,0.022,292760000.0,10296000.0,64290000.0,0.0,3.177,17.469,17.635,457503000.0,0.0,33.33,1.157,1.152,199102000.0,5092511000.0,672754000.0,672754000.0,0.0,,,,,10537000.0,206547000.0,1.0,112687000.0,112151000,113380000.0,5.999,2107050000.0,140993000.0,-5130000.0,24814000.0,18.788,418477000.0
12,APOL,MRQ,2013-12-31,2013-11-30,2013-11-30,2019-04-19,-33827000.0,2463030000.0,,1533103000.0,929927000.0,,10.68,-34366000.0,1073742000.0,1073742000.0,386900000.0,99041000.0,1.632,1.035,75781000.0,21214000.0,54567000.0,75781000.0,223164000.0,39144000.0,309800000.0,0.0,0.0,171195000.0,210339000.0,0.248,210339000.0,171195000.0,169109000.0,0.87,0.87,0.87,1210285000.0,,1210285000.0,2000443410.0,5.0,3.393,94531000.0,0.834,1.0,461248000.0,0.544,236802000.0,2086000.0,288999000.0,,0.0,237461000.0,128736000.0,108725000.0,1252085000.0,939268000.0,312817000.0,2982048410.0,-626355000.0,0.0,-16075000.0,-615925000.0,0.0,-632000000.0,-123287000.0,-88921000.0,128897000.0,35000.0,98891000.0,98891000.0,98891000.0,391000.0,150000.0,0.117,290887000.0,170361000.0,64487000.0,0.0,2.464,13.94,13.984,473058000.0,0.0,26.29,0.875,0.875,214225000.0,5073968000.0,848148000.0,848148000.0,0.0,,,,,11973000.0,208608000.0,1.0,113429000.0,113326000,113960000.0,7.484,2226228000.0,119458000.0,70218000.0,50881000.0,19.644,593835000.0
13,APOL,MRQ,2013-09-30,2013-08-31,2013-08-31,2019-04-19,-36563000.0,2997947000.0,,2149656000.0,848291000.0,,9.881,-22613000.0,1673659000.0,1673659000.0,382944000.0,21396000.0,1.369,1.682,692054000.0,628050000.0,64004000.0,692054000.0,213260000.0,58865000.0,309176000.0,0.0,0.0,47007000.0,105872000.0,0.136,105872000.0,47007000.0,44336000.0,0.18,0.18,0.18,1117598000.0,,1117598000.0,1087166950.0,2.0,1.634,65082000.0,0.575,1.0,394578000.0,0.507,235812000.0,2671000.0,210215000.0,,0.0,149750000.0,105809000.0,43941000.0,1879938000.0,1570315000.0,309623000.0,2095345950.0,637746000.0,0.0,-2967000.0,605123000.0,0.0,602159000.0,-52100000.0,-29487000.0,87695000.0,-8000.0,21551000.0,21551000.0,21551000.0,18512000.0,-155000.0,0.028,331278000.0,63300000.0,73123000.0,0.0,1.875,8.431,8.441,472614000.0,0.0,18.57,0.58,0.579,215401000.0,4978815000.0,777522000.0,777522000.0,0.0,,,,,9571000.0,224495000.0,1.0,112835000.0,113111000,113777000.0,6.874,2762135000.0,154547000.0,22785000.0,12177000.0,24.42,579341000.0
14,APOL,MRQ,2013-06-30,2013-05-31,2013-05-31,2019-04-19,-38584000.0,2392954000.0,,1532205000.0,860749000.0,,9.865,-47711000.0,1095820000.0,1095820000.0,458465000.0,80170000.0,1.575,1.151,87641000.0,20063000.0,67578000.0,87641000.0,222745000.0,49300000.0,350642000.0,0.0,0.0,131380000.0,180680000.0,0.191,180680000.0,131380000.0,129440000.0,0.71,0.71,0.71,1112167000.0,,1112167000.0,1191381920.0,2.0,1.649,43692000.0,0.388,1.0,488309000.0,0.516,237230000.0,1940000.0,174461000.0,,0.0,114317000.0,114317000.0,0.0,1279644000.0,973084000.0,306560000.0,2251033920.0,-44424000.0,0.0,-953000.0,-3906000.0,0.0,-4845000.0,-130054000.0,-82343000.0,91403000.0,-928000.0,79953000.0,79953000.0,79953000.0,0.0,217000.0,0.084,356356000.0,131953000.0,77033000.0,0.0,2.024,7.443,7.376,503609000.0,0.0,19.99,0.597,0.597,197952000.0,4970125000.0,946774000.0,946774000.0,0.0,,,,,12359000.0,239635000.0,1.0,112608000.0,112742000,113372000.0,8.398,2155724000.0,148048000.0,49487000.0,34440000.0,19.121,559121000.0
15,APOL,MRQ,2013-03-31,2013-02-28,2013-02-28,2019-04-19,-37246000.0,2340064000.0,,1466195000.0,873869000.0,,9.208,-21485000.0,1150935000.0,1150935000.0,451934000.0,13659000.0,1.448,1.257,91283000.0,20080000.0,71203000.0,91283000.0,260669000.0,62814000.0,363721000.0,0.0,0.0,29910000.0,92724000.0,0.111,92724000.0,29910000.0,27818000.0,0.12,0.12,0.12,1036594000.0,,1036594000.0,868746930.0,1.0,1.072,67334000.0,0.598,1.0,382438000.0,0.458,241081000.0,2092000.0,27024000.0,,0.0,31804000.0,31804000.0,0.0,1302523000.0,1012307000.0,290216000.0,1898532930.0,45154000.0,0.0,609000.0,-3782000.0,0.0,-3173000.0,-40140000.0,-17155000.0,88819000.0,-352000.0,13527000.0,13527000.0,13527000.0,0.0,132000.0,0.016,352658000.0,29780000.0,76017000.0,0.0,1.832,5.325,5.39,502702000.0,0.0,16.87,0.481,0.481,177557000.0,4890172000.0,834372000.0,834372000.0,0.0,,,,,10626000.0,254531000.0,1.0,112539000.0,112573000,113068000.0,7.412,2098983000.0,149792000.0,14291000.0,13750000.0,18.646,453888000.0
16,APOL,MRQ,2012-12-31,2012-11-30,2012-11-30,2019-04-19,-34188000.0,2368917000.0,,1454083000.0,914834000.0,,9.063,-27539000.0,1127584000.0,1127584000.0,503458000.0,133740000.0,1.38,1.324,97798000.0,22236000.0,75562000.0,97798000.0,262813000.0,53021000.0,381124000.0,0.0,0.0,233049000.0,286070000.0,0.271,286070000.0,233049000.0,231007000.0,1.19,1.18,1.19,1018883000.0,,1018883000.0,1282311520.0,2.0,1.476,182592000.0,1.624,1.0,551725000.0,0.523,249347000.0,2042000.0,36259000.0,,0.0,0.0,0.0,0.0,1348888000.0,1053525000.0,295363000.0,2157109520.0,-500366000.0,0.0,-2359000.0,-623586000.0,0.0,-668445000.0,-42358000.0,-14819000.0,210131000.0,306000.0,133495000.0,133495000.0,133495000.0,0.0,245000.0,0.127,320779000.0,230946000.0,63202000.0,0.0,2.117,5.302,5.452,546520000.0,0.0,19.19,0.529,0.529,201456000.0,4876645000.0,1055183000.0,1055183000.0,0.0,,,,,16889000.0,236412000.0,1.0,112408000.0,112420000,112849000.0,9.386,2119570000.0,140976000.0,97512000.0,76813000.0,18.854,400558000.0
17,APOL,MRQ,2012-09-30,2012-08-31,2012-08-31,2019-04-19,-30034000.0,2868322000.0,,1937990000.0,930332000.0,,8.234,-29485000.0,1594709000.0,1594709000.0,505409000.0,74169000.0,1.171,2.094,719911000.0,638588000.0,81323000.0,719911000.0,254555000.0,44796000.0,362143000.0,0.0,0.0,118008000.0,162804000.0,0.174,162804000.0,118008000.0,112881000.0,0.69,0.68,0.69,928378000.0,,928378000.0,2214084750.0,3.0,2.473,106040000.0,0.941,1.0,430941000.0,0.46,252379000.0,5127000.0,86106000.0,,0.0,5946000.0,0.0,5946000.0,1943999000.0,1655039000.0,288960000.0,3044118750.0,674231000.0,73149000.0,-78713000.0,572888000.0,0.0,494188000.0,43664000.0,0.0,135525000.0,854000.0,75448000.0,75448000.0,75448000.0,-26317000.0,-1279000.0,0.081,341355000.0,89586000.0,74872000.0,0.0,3.279,7.202,7.716,571629000.0,0.0,26.85,0.726,0.779,198279000.0,4743150000.0,936350000.0,936350000.0,0.0,,,,,19254000.0,248473000.0,1.0,113375000.0,112748000,113423000.0,8.305,2615943000.0,173021000.0,37433000.0,15881000.0,23.202,282951000.0
18,APOL,MRQ,2012-06-30,2012-05-31,2012-05-31,2019-04-19,-31673000.0,2269944000.0,,1284104000.0,985840000.0,,7.65,-23345000.0,956028000.0,956028000.0,561407000.0,134382000.0,1.219,1.514,125994000.0,35827000.0,90167000.0,125994000.0,260167000.0,45155000.0,387188000.0,0.0,0.0,223923000.0,269078000.0,0.24,269078000.0,223923000.0,221093000.0,1.13,1.13,1.13,903688000.0,,903688000.0,2647716080.0,3.0,2.625,7951000.0,0.067,1.0,560851000.0,0.5,308780000.0,2830000.0,78019000.0,,0.0,5946000.0,0.0,5946000.0,1368514000.0,1053111000.0,315403000.0,3838892080.0,-198589000.0,0.0,-343871000.0,-7117000.0,0.0,-350988000.0,121655000.0,0.0,31296000.0,-552000.0,134034000.0,134034000.0,134034000.0,-3104000.0,348000.0,0.119,339442000.0,221409000.0,58710000.0,0.0,4.248,7.164,7.667,559497000.0,0.0,31.82,0.881,0.863,191665000.0,4667702000.0,1122258000.0,1122258000.0,0.0,,,,,18946000.0,246668000.0,1.0,120644000.0,118134000,118793000.0,9.5,1961164000.0,180463000.0,87059000.0,21599000.0,16.601,230993000.0
19,APOL,MRQ,2012-03-31,2012-02-29,2012-02-29,2019-04-19,-27566000.0,2689602000.0,,1692623000.0,996979000.0,,8.663,-38772000.0,1318686000.0,1318686000.0,527012000.0,61171000.0,1.32,1.48,127510000.0,33694000.0,93816000.0,127510000.0,302787000.0,41985000.0,408921000.0,0.0,0.0,108779000.0,150764000.0,0.157,150764000.0,108779000.0,106990000.0,0.51,0.51,0.51,1085500000.0,,1085500000.0,3925221760.0,4.0,3.486,44465000.0,0.355,1.0,435670000.0,0.453,318526000.0,1789000.0,-102493000.0,,0.0,5946000.0,0.0,5946000.0,1606041000.0,1282393000.0,323648000.0,5389013760.0,-400304000.0,3285000.0,-299273000.0,-2573000.0,0.0,-301081000.0,-182181000.0,0.0,83237000.0,-279000.0,63882000.0,63882000.0,63882000.0,-1930000.0,-2711000.0,0.066,331965000.0,103705000.0,86916000.0,0.0,4.965,8.773,9.392,570004000.0,0.0,42.64,1.205,1.195,207127000.0,4533668000.0,962682000.0,962682000.0,0.0,,,,,18835000.0,242967000.0,1.0,126384000.0,125298000,126467000.0,7.683,2371076000.0,198141000.0,43108000.0,24065000.0,18.923,410230000.0
20,APOL,MRQ,2011-12-31,2011-11-30,2011-11-30,2019-04-19,-31124000.0,2953651000.0,,1986731000.0,966920000.0,,10.158,-23585000.0,1578129000.0,1578129000.0,554669000.0,147284000.0,1.507,1.231,114337000.0,27598000.0,86739000.0,114337000.0,314919000.0,46298000.0,399803000.0,0.0,0.0,266492000.0,312790000.0,0.267,312790000.0,266492000.0,264493000.0,1.15,1.14,1.15,1323716000.0,,1323716000.0,4978601840.0,6.0,4.843,277657000.0,2.131,1.0,617231000.0,0.527,319207000.0,1999000.0,-147710000.0,,0.0,5946000.0,0.0,5946000.0,1629334000.0,1318362000.0,310972000.0,6330663840.0,-370627000.0,-73736000.0,-78107000.0,-496322000.0,0.0,-574057000.0,-97321000.0,0.0,301242000.0,-491000.0,149314000.0,149314000.0,149314000.0,-2148000.0,-2030000.0,0.127,355563000.0,261668000.0,65963000.0,0.0,4.782,13.017,13.542,549364000.0,0.0,48.48,1.389,1.387,250895000.0,4469786000.0,1171900000.0,1171900000.0,0.0,,,,,20520000.0,245463000.0,1.0,130583000.0,130318000,130874000.0,8.993,2634444000.0,184599000.0,115179000.0,104943000.0,20.216,668369000.0
21,APOL,MRQ,2011-09-30,2011-08-31,2011-08-31,2019-04-19,-23761000.0,3269706000.0,,2370786000.0,898920000.0,,9.084,-42847000.0,1951071000.0,1951071000.0,523813000.0,183936000.0,1.432,1.633,599009000.0,419318000.0,179691000.0,599009000.0,293436000.0,41637000.0,424045000.0,0.0,0.0,234456000.0,276093000.0,0.251,276093000.0,234456000.0,231732000.0,1.36,1.36,1.36,1240364000.0,,1240364000.0,4842878700.0,5.0,4.177,105723000.0,0.774,1.0,576335000.0,0.524,254414000.0,2724000.0,7943000.0,,0.0,5946000.0,0.0,5946000.0,2025717000.0,1655287000.0,370430000.0,6450424700.0,145318000.0,11639000.0,-360285000.0,385769000.0,0.0,28284000.0,-31208000.0,0.0,148570000.0,-328000.0,188612000.0,188612000.0,188612000.0,-4222000.0,-4676000.0,0.171,351041000.0,225294000.0,69551000.0,0.0,5.2,11.269,11.562,553027000.0,0.0,46.825,1.369,1.404,215567000.0,4320472000.0,1100148000.0,1100148000.0,0.0,,,,,16787000.0,268480000.0,1.0,137756000.0,136541000,137334000.0,8.057,3015292000.0,230715000.0,43120000.0,26400000.0,22.083,715499000.0
22,APOL,MRQ,2011-06-30,2011-05-31,2011-05-31,2019-04-19,-23940000.0,3151852000.0,,2240863000.0,910989000.0,,9.902,-38304000.0,1802820000.0,1802820000.0,558068000.0,213265000.0,1.752,1.27,195274000.0,24153000.0,171121000.0,195274000.0,311445000.0,41125000.0,404155000.0,0.0,0.0,345208000.0,386333000.0,0.313,386333000.0,345208000.0,342825000.0,1.52,1.51,1.52,1384885000.0,,1384885000.0,4386669330.0,5.0,4.027,247603000.0,1.77,1.0,677769000.0,0.548,256397000.0,2383000.0,9150000.0,,0.0,5946000.0,0.0,5946000.0,1758494000.0,1278759000.0,479735000.0,5821299330.0,393003000.0,3362000.0,-152059000.0,-2318000.0,0.0,-153732000.0,260691000.0,0.0,285907000.0,137000.0,212440000.0,212440000.0,212440000.0,-540000.0,825000.0,0.172,331281000.0,346488000.0,60071000.0,0.0,4.203,13.704,13.795,520225000.0,0.0,41.11,1.2,1.185,227171000.0,4131860000.0,1235837000.0,1235837000.0,0.0,,,,,19318000.0,248891000.0,1.0,141603000.0,139856000,140343000.0,8.836,2895455000.0,276300000.0,130385000.0,32882000.0,20.703,962104000.0
23,APOL,MRQ,2011-03-31,2011-02-28,2011-02-28,2019-04-19,-26607000.0,3116099000.0,,1947940000.0,1168159000.0,,9.238,-30782000.0,1625592000.0,1625592000.0,523927000.0,-97073000.0,1.436,1.364,190962000.0,23254000.0,167708000.0,190962000.0,317278000.0,39142000.0,496922000.0,0.0,0.0,13668000.0,52810000.0,0.05,52810000.0,13668000.0,12014000.0,-0.45,-0.45,-0.45,1315000000.0,,1315000000.0,5020669700.0,6.0,4.811,46187000.0,0.324,1.0,524702000.0,0.5,257179000.0,1654000.0,68020000.0,,0.0,5946000.0,0.0,5946000.0,1793659000.0,1356270000.0,437389000.0,6478742700.0,-7147000.0,6250000.0,-70837000.0,-6841000.0,0.0,-70303000.0,-14532000.0,10000000.0,76969000.0,719000.0,-64038000.0,-64038000.0,-64038000.0,-2575000.0,-33035000.0,-0.061,547742000.0,-23040000.0,79300000.0,0.0,4.927,16.543,17.079,654465000.0,0.0,45.26,1.308,1.301,217800000.0,3919420000.0,1048629000.0,1048629000.0,0.0,,,,,14958000.0,241559000.0,1.0,143145000.0,142354000,142354000.0,7.366,2858920000.0,295618000.0,76052000.0,32621000.0,20.083,591670000.0
24,APOL,MRQ,2010-12-31,2010-11-30,2010-11-30,2019-04-19,-28697000.0,3377663000.0,,1992109000.0,1385554000.0,,9.79,-50640000.0,1639512000.0,1639512000.0,569564000.0,235668000.0,1.337,1.334,181439000.0,26618000.0,154821000.0,181439000.0,365450000.0,37102000.0,487433000.0,0.0,0.0,407162000.0,444264000.0,0.335,444264000.0,407162000.0,404992000.0,1.61,1.61,1.61,1432838000.0,,1432838000.0,3754288000.0,4.0,3.152,335036000.0,2.289,1.0,756871000.0,0.571,471816000.0,2170000.0,-41947000.0,,0.0,15174000.0,0.0,15174000.0,1911469000.0,1489721000.0,421748000.0,5025404000.0,-244279000.0,0.0,-175084000.0,-404484000.0,0.0,-579499000.0,-50640000.0,0.0,385676000.0,184000.0,235413000.0,235413000.0,235413000.0,628000.0,255000.0,0.177,349755000.0,407116000.0,94035000.0,0.0,3.507,9.166,9.189,643023000.0,0.0,34.0,1.01,1.0,256931000.0,3983458000.0,1326435000.0,1326435000.0,0.0,,,,,14963000.0,251017000.0,1.0,147806000.0,146352000,146663000.0,9.063,2905847000.0,266888000.0,169579000.0,141892000.0,19.855,502388000.0
25,APOL,MRQ,2010-09-30,2010-08-31,2010-08-31,2019-04-19,-31176000.0,3601451000.0,,2253212000.0,1348239000.0,,9.176,-59861000.0,1855516000.0,1855516000.0,548817000.0,11399000.0,1.256,1.632,584400000.0,416361000.0,168039000.0,584400000.0,359724000.0,39002000.0,493245000.0,0.0,0.0,166912000.0,205914000.0,0.166,205914000.0,166912000.0,163155000.0,0.3,0.31,0.3,1356050000.0,,1356050000.0,5060888210.0,5.0,4.305,168601000.0,1.141,1.0,691397000.0,0.557,472752000.0,3757000.0,64072000.0,,0.0,15174000.0,0.0,15174000.0,2212711000.0,1793511000.0,419200000.0,6268507210.0,392788000.0,-5497000.0,-103775000.0,404837000.0,0.0,301283000.0,-137049000.0,54924000.0,228462000.0,92000.0,40971000.0,40971000.0,40971000.0,5032000.0,-29572000.0,0.033,551037000.0,140360000.0,90830000.0,0.0,4.623,11.335,11.673,619537000.0,0.0,42.49,1.278,1.316,264377000.0,3748045000.0,1240214000.0,1240214000.0,0.0,,,,,17848000.0,264550000.0,1.0,147529000.0,147785000,148106000.0,8.392,3128699000.0,305029000.0,122184000.0,38875000.0,21.171,459701000.0
26,APOL,MRQ,2010-06-30,2010-05-31,2010-05-31,2019-04-19,-49741000.0,3172984000.0,,1862338000.0,1310646000.0,,9.166,-40284000.0,1374209000.0,1374209000.0,558044000.0,179536000.0,1.333,1.248,166590000.0,51437000.0,115153000.0,166590000.0,333972000.0,36854000.0,490877000.0,0.0,0.0,303652000.0,340506000.0,0.255,340506000.0,303652000.0,301673000.0,1.19,1.18,1.19,1385256000.0,,1385256000.0,7066957360.0,7.0,5.874,329632000.0,2.181,1.0,779360000.0,0.583,621074000.0,1979000.0,-52973000.0,,0.0,19579000.0,4405000.0,15174000.0,1728338000.0,1397264000.0,331074000.0,8058843360.0,231137000.0,0.0,-130408000.0,-920000.0,0.0,-122779000.0,-15361000.0,24923000.0,369916000.0,-639000.0,179283000.0,179283000.0,179283000.0,-2084000.0,253000.0,0.134,477054000.0,302306000.0,73734000.0,0.0,5.818,13.353,13.492,587931000.0,0.0,53.16,1.7,1.695,249231000.0,3707074000.0,1337404000.0,1337404000.0,0.0,,,,,11032000.0,227030000.0,1.0,151596000.0,151127000,152291000.0,8.85,2551910000.0,241435000.0,122390000.0,49506000.0,16.886,465074000.0
27,APOL,MRQ,2010-03-31,2010-02-28,2010-02-28,2019-04-19,-30122000.0,3000571000.0,,1642937000.0,1357634000.0,,8.692,-30458000.0,1167995000.0,1167995000.0,533610000.0,90514000.0,1.248,1.195,176109000.0,54587000.0,121522000.0,176109000.0,344555000.0,35604000.0,522548000.0,0.0,0.0,164890000.0,200494000.0,0.187,200494000.0,164890000.0,161670000.0,0.6,0.6,0.6,1339654000.0,,1339654000.0,8091926800.0,7.0,6.561,-824000.0,-0.005,1.0,536726000.0,0.501,668841000.0,3220000.0,23551000.0,,0.0,19579000.0,0.0,19579000.0,1600992000.0,1316293000.0,284699000.0,9274513800.0,-244418000.0,0.0,-197290000.0,-8156000.0,0.0,-205346000.0,-67480000.0,-37022000.0,29634000.0,-1226000.0,92606000.0,92606000.0,92606000.0,10638000.0,-2092000.0,0.087,363736000.0,172990000.0,71718000.0,0.0,6.923,14.831,14.859,573740000.0,0.0,59.88,2.084,2.074,261205000.0,3527791000.0,1070336000.0,1070336000.0,0.0,,,,,14861000.0,210108000.0,1.0,154885000.0,154119000,155168000.0,6.945,2331730000.0,231492000.0,69064000.0,53659000.0,15.129,326644000.0
28,APOL,MRQ,2009-12-31,2009-11-30,2009-11-30,2019-04-19,-9732000.0,3265034000.0,,1857002000.0,1408032000.0,,9.367,-37574000.0,1375391000.0,1375391000.0,545946000.0,240132000.0,1.271,1.206,192804000.0,65037000.0,127767000.0,192804000.0,377134000.0,35575000.0,480181000.0,0.0,0.0,393031000.0,428606000.0,0.341,428606000.0,393031000.0,390123000.0,1.55,1.54,1.55,1450281000.0,,1450281000.0,8024892380.0,7.0,6.332,367656000.0,2.375,1.0,712713000.0,0.566,725197000.0,2908000.0,-104147000.0,,0.0,19579000.0,0.0,19579000.0,1749460000.0,1461397000.0,288063000.0,8836376380.0,-62984000.0,0.0,4746000.0,-397875000.0,0.0,-392891000.0,-75399000.0,-37825000.0,405230000.0,76000.0,240142000.0,240142000.0,240142000.0,300000.0,-10000.0,0.191,319654000.0,393059000.0,74809000.0,0.0,6.093,13.427,13.556,577453000.0,0.0,57.07,2.08,2.08,340973000.0,3435185000.0,1258659000.0,1258659000.0,0.0,,,,,13916000.0,222276000.0,1.0,154834000.0,154824000,156045000.0,8.13,2539837000.0,172762000.0,149981000.0,184211000.0,16.405,395605000.0
29,APOL,MRQ,2009-09-30,2009-08-31,2009-08-31,2019-04-19,-13740000.0,3263377000.0,,1880017000.0,1383360000.0,,7.524,-32483000.0,1400550000.0,1400550000.0,647793000.0,87834000.0,1.071,1.758,589066000.0,461365000.0,127701000.0,589066000.0,333041000.0,40493000.0,491639000.0,0.0,0.0,193046000.0,233539000.0,0.218,233539000.0,193046000.0,191157000.0,0.6,0.6,0.6,1159923000.0,,1159923000.0,8679941600.0,8.0,7.401,69796000.0,0.453,1.0,425374000.0,0.396,726029000.0,1889000.0,-29414000.0,,0.0,19579000.0,0.0,19579000.0,2038764000.0,1755278000.0,283486000.0,9965259600.0,172547000.0,-523795000.0,-25606000.0,478420000.0,0.0,516828000.0,-445439000.0,110839000.0,102279000.0,-1121000.0,91509000.0,91509000.0,91509000.0,5655000.0,-3675000.0,0.085,225437000.0,199937000.0,66928000.0,0.0,8.591,16.655,17.108,557507000.0,0.0,64.84,2.521,2.587,298270000.0,3195043000.0,1073167000.0,1073167000.0,0.0,,,,,11619000.0,-114912000.0,1.0,153690000.0,154160000,155200000.0,6.961,2537348000.0,211934000.0,99648000.0,55636000.0,16.459,124739000.0
30,APOL,MRQ,2009-06-30,2009-05-31,2009-05-31,2019-04-19,-14636000.0,2276044000.0,,1569740000.0,706304000.0,,6.587,-30854000.0,1285318000.0,1285318000.0,390642000.0,200612000.0,1.404,1.18,0.0,0.0,0.0,0.0,261158000.0,26519000.0,505685000.0,0.0,0.0,344150000.0,370669000.0,0.354,370669000.0,344150000.0,343641000.0,1.28,1.26,1.28,1038227000.0,,1038227000.0,8122005600.0,6.0,5.961,303302000.0,1.924,1.0,656932000.0,0.627,103612000.0,509000.0,-230833000.0,,0.0,23392000.0,991000.0,22401000.0,1224761000.0,1117947000.0,106814000.0,9504816600.0,-88725000.0,0.0,-403786000.0,-713000.0,0.0,-402171000.0,-21086000.0,9768000.0,334156000.0,376000.0,201104000.0,201104000.0,201104000.0,5330000.0,-492000.0,0.192,312121000.0,344811000.0,56965000.0,0.0,9.155,12.907,12.848,467321000.0,0.0,59.1,2.561,2.509,192612000.0,3103534000.0,1047574000.0,1047574000.0,0.0,,,,,17699000.0,312121000.0,1.0,160826000.0,157616000,159305000.0,6.646,2172432000.0,141817000.0,142537000.0,2012000.0,13.783,451793000.0
31,APOL,MRQ,2009-03-31,2009-02-28,2009-02-28,2019-04-19,-15187000.0,2434284000.0,,1717986000.0,716298000.0,,7.89,-33373000.0,1382811000.0,1382811000.0,364416000.0,125076000.0,1.721,0.917,0.0,0.0,0.0,0.0,247466000.0,23441000.0,521468000.0,0.0,0.0,211157000.0,234598000.0,0.27,234598000.0,211157000.0,210536000.0,0.78,0.77,0.78,1263539000.0,,1263539000.0,10327058500.0,9.0,8.338,61474000.0,0.384,1.0,505127000.0,0.581,105065000.0,621000.0,-52118000.0,,0.0,24394000.0,1393000.0,23001000.0,1159218000.0,998526000.0,160692000.0,11566722500.0,87522000.0,0.0,78153000.0,-3440000.0,0.0,81944000.0,-88998000.0,-55625000.0,94847000.0,-271000.0,125346000.0,125346000.0,125346000.0,3452000.0,-270000.0,0.144,294017000.0,211110000.0,67756000.0,0.0,9.154,17.151,17.386,457528000.0,0.0,72.5,3.305,3.318,193953000.0,2902430000.0,869543000.0,869543000.0,0.0,,,,,9008000.0,294017000.0,1.0,159541000.0,160153000,162757000.0,5.429,2329219000.0,212518000.0,85190000.0,1943000.0,14.544,719460000.0
32,APOL,MRQ,2008-12-31,2008-11-30,2008-11-30,2019-04-19,-15598000.0,2216594000.0,,1519898000.0,696696000.0,,6.515,-30646000.0,1239664000.0,1239664000.0,377296000.0,180308000.0,1.489,1.127,0.0,0.0,0.0,0.0,217717000.0,22897000.0,455438000.0,0.0,0.0,309865000.0,332762000.0,0.343,332762000.0,309865000.0,308433000.0,1.13,1.12,1.13,1036741000.0,,1036741000.0,11351593120.0,13.0,11.675,350150000.0,2.2,1.0,593671000.0,0.611,99382000.0,1432000.0,-143477000.0,,0.0,24398000.0,1397000.0,23001000.0,1168002000.0,1021025000.0,146977000.0,12218943120.0,313707000.0,0.0,15828000.0,1562000.0,0.0,21340000.0,-87593000.0,-56947000.0,380796000.0,-836000.0,180360000.0,180360000.0,180360000.0,0.0,-52000.0,0.186,286806000.0,306865000.0,54796000.0,0.0,11.786,23.633,24.012,442477000.0,0.0,76.84,3.676,3.679,200695000.0,2777084000.0,970967000.0,970967000.0,0.0,,,,,11169000.0,286806000.0,1.0,159018000.0,159138000,160762000.0,6.101,2117212000.0,153841000.0,128073000.0,118860000.0,13.304,498873000.0
33,APOL,MRQ,2008-09-30,2008-08-31,2008-08-31,2019-04-19,-3958000.0,1860412000.0,,1169543000.0,690869000.0,,5.257,-24637000.0,867350000.0,867350000.0,341270000.0,228995000.0,1.351,1.216,30916000.0,15488000.0,15428000.0,30916000.0,231179000.0,33363000.0,413302000.0,0.0,0.0,391235000.0,424598000.0,0.515,424598000.0,391235000.0,387785000.0,1.41,1.4,1.41,834209000.0,,834209000.0,9400979480.0,12.0,10.605,132927000.0,0.838,1.0,482632000.0,0.586,109064000.0,3450000.0,49305000.0,,0.0,28264000.0,3060000.0,25204000.0,1014247000.0,865609000.0,148638000.0,10093980480.0,246123000.0,-23461000.0,22248000.0,265000.0,0.0,28388000.0,59733000.0,12831000.0,157564000.0,438000.0,229593000.0,229593000.0,229593000.0,10824000.0,-598000.0,0.279,96755000.0,385877000.0,46589000.0,0.0,12.1,21.182,21.959,439135000.0,0.0,63.68,3.221,3.335,221919000.0,2595340000.0,823902000.0,823902000.0,0.0,,,,,3418000.0,266721000.0,1.0,158511000.0,158679000,160269000.0,5.192,1751348000.0,144933000.0,158192000.0,8854000.0,11.037,303934000.0
34,APOL,MRQ,2008-06-30,2008-05-31,2008-05-31,2019-04-19,-2195000.0,1712221000.0,,882047000.0,830174000.0,,3.621,-24264000.0,693001000.0,693001000.0,347598000.0,139106000.0,1.022,1.894,0.0,0.0,0.0,0.0,206005000.0,21588000.0,386755000.0,0.0,0.0,225057000.0,246645000.0,0.295,246645000.0,225057000.0,225057000.0,0.85,0.85,0.85,589393000.0,,589393000.0,7175281670.0,13.0,11.239,234710000.0,1.442,1.0,487619000.0,0.584,87673000.0,0.0,68565000.0,,0.0,65401000.0,28366000.0,37035000.0,1116229000.0,862982000.0,253247000.0,8041766670.0,-174898000.0,-23247000.0,-452664000.0,-709000.0,0.0,-446125000.0,12093000.0,59604000.0,258974000.0,160000.0,139106000.0,139106000.0,139106000.0,0.0,0.0,0.167,266120000.0,221499000.0,42234000.0,0.0,13.644,22.97,22.757,421588000.0,0.0,47.79,2.66,2.573,184183000.0,2367131000.0,835217000.0,835217000.0,0.0,,,,,14148000.0,264554000.0,1.0,168273000.0,162751000,163841000.0,5.132,1624548000.0,208397000.0,85951000.0,30753000.0,9.982,19065000.0
35,APOL,MRQ,2008-03-31,2008-02-29,2008-02-29,2019-04-19,-1810000.0,1917692000.0,,1074142000.0,843550000.0,,5.27,-31864000.0,866485000.0,866485000.0,327723000.0,-32039000.0,1.442,1.166,0.0,0.0,0.0,0.0,174440000.0,19411000.0,388463000.0,0.0,0.0,-51137000.0,-31726000.0,-0.046,-31726000.0,-51137000.0,-51137000.0,-0.19,-0.19,-0.19,885447000.0,,885447000.0,9454201260.0,17.0,15.167,69766000.0,0.415,1.0,365920000.0,0.528,66773000.0,0.0,239414000.0,,0.0,124893000.0,30879000.0,94014000.0,1032245000.0,745020000.0,287225000.0,10295083260.0,-130158000.0,-22000.0,28175000.0,0.0,0.0,32684000.0,-264212000.0,-137326000.0,101630000.0,-260000.0,-32039000.0,-32039000.0,-32039000.0,0.0,0.0,-0.046,425116000.0,-59196000.0,42299000.0,0.0,11.627,30.065,30.537,389801000.0,0.0,61.38,3.524,3.53,160478000.0,2219696000.0,693643000.0,693643000.0,0.0,,,,,15597000.0,256716000.0,1.0,167727000.0,168005000,168005000.0,4.129,1850919000.0,252569000.0,-19098000.0,0.0,11.017,329122000.0
36,APOL,MRQ,2007-12-31,2007-11-30,2007-11-30,2019-04-19,-1662000.0,1716734000.0,,1131067000.0,585667000.0,,5.184,-24114000.0,840882000.0,840882000.0,333289000.0,139865000.0,1.556,0.983,0.0,0.0,0.0,0.0,159961000.0,18134000.0,329862000.0,0.0,0.0,228845000.0,246979000.0,0.316,246979000.0,228845000.0,228845000.0,0.84,0.83,0.84,865898000.0,,865898000.0,12126753240.0,17.0,15.702,183724000.0,1.1,1.0,447385000.0,0.573,66671000.0,0.0,82080000.0,,0.0,48341000.0,30324000.0,18017000.0,850836000.0,727101000.0,123735000.0,12762541240.0,202809000.0,-47033000.0,50848000.0,0.0,0.0,64013000.0,-68432000.0,2715000.0,207838000.0,-610000.0,139865000.0,139865000.0,139865000.0,0.0,0.0,0.179,228190000.0,219195000.0,44624000.0,0.0,14.739,29.353,30.008,376102000.0,0.0,76.52,4.499,4.506,187551000.0,2237492000.0,780674000.0,780674000.0,0.0,,,,,1759000.0,228190000.0,1.0,166787000.0,167036000,169289000.0,4.674,1650063000.0,140202000.0,88980000.0,66416000.0,9.878,403966000.0
37,APOL,MRQ,2007-09-30,2007-08-31,2007-08-31,2019-04-19,-1281000.0,1449863000.0,,925378000.0,524485000.0,,3.734,-34141000.0,635788000.0,635788000.0,327247000.0,103160000.0,1.244,1.287,0.0,0.0,0.0,0.0,167298000.0,16066000.0,328008000.0,0.0,0.0,160436000.0,176502000.0,0.247,176502000.0,160436000.0,160204000.0,0.6,0.6,0.6,633840000.0,,633840000.0,9253605280.0,14.0,12.695,148019000.0,0.872,1.0,386675000.0,0.542,31847000.0,232000.0,38393000.0,,0.0,53362000.0,31278000.0,22084000.0,816023000.0,743835000.0,72188000.0,10166572280.0,-288655000.0,0.0,-435275000.0,0.0,0.0,-433543000.0,-37150000.0,-2866000.0,182160000.0,-122000.0,103160000.0,103160000.0,103160000.0,0.0,0.0,0.144,236131000.0,150544000.0,80729000.0,0.0,16.04,24.869,24.755,364207000.0,0.0,58.67,3.733,3.712,190912000.0,2096385000.0,713922000.0,713922000.0,0.0,,,,,11529000.0,236131000.0,1.0,173284000.0,169741000,170648000.0,4.206,1418016000.0,130962000.0,57044000.0,43351000.0,8.354,181543000.0
38,APOL,MRQ,2007-06-30,2007-05-31,2007-05-31,2019-04-19,-1598000.0,1700324000.0,,1185455000.0,514869000.0,,5.453,-20197000.0,912967000.0,912967000.0,321050000.0,131438000.0,1.738,0.8,0.0,0.0,0.0,0.0,150022000.0,19667000.0,297342000.0,0.0,0.0,211902000.0,231569000.0,0.316,231569000.0,211902000.0,211902000.0,0.76,0.75,0.76,944432000.0,,944432000.0,7601758450.0,12.0,10.977,192518000.0,1.112,1.0,412342000.0,0.562,31029000.0,0.0,74206000.0,,0.0,62088000.0,21443000.0,40645000.0,755892000.0,682122000.0,73770000.0,8307684450.0,203886000.0,0.0,824000.0,0.0,0.0,2050000.0,-10292000.0,-35637000.0,212715000.0,-587000.0,131438000.0,131438000.0,131438000.0,0.0,0.0,0.179,208970000.0,203372000.0,38088000.0,0.0,8.796,21.784,21.706,347722000.0,0.0,47.97,3.153,3.153,179551000.0,1986735000.0,733392000.0,733392000.0,0.0,,,,,7661000.0,208970000.0,1.0,173185000.0,173188000,174620000.0,4.235,1669295000.0,120361000.0,80464000.0,76798000.0,9.639,503333000.0
39,APOL,MRQ,2007-03-31,2007-02-28,2007-02-28,2019-04-19,-776000.0,1505852000.0,,992675000.0,513177000.0,,4.64,-25028000.0,705926000.0,705926000.0,294439000.0,60338000.0,1.588,0.874,0.0,0.0,0.0,0.0,146789000.0,18459000.0,278959000.0,0.0,0.0,98778000.0,117237000.0,0.193,117237000.0,98778000.0,98778000.0,0.35,0.35,0.35,803654000.0,,803654000.0,7911497880.0,13.0,11.587,15827000.0,0.091,1.0,314254000.0,0.516,31029000.0,0.0,143917000.0,,0.0,75191000.0,30138000.0,45053000.0,702198000.0,624980000.0,77218000.0,8170387880.0,-2071000.0,0.0,105000.0,0.0,0.0,139000.0,-43150000.0,11355000.0,40855000.0,85000.0,60338000.0,60338000.0,60338000.0,0.0,0.0,0.099,222454000.0,91800000.0,39147000.0,0.0,10.167,21.423,21.398,343579000.0,0.0,47.29,3.198,3.206,195795000.0,1848008000.0,608693000.0,608693000.0,0.0,,,,,21699000.0,222454000.0,1.0,172772000.0,173185000,174624000.0,3.515,1474823000.0,108330000.0,38440000.0,33637000.0,8.516,367695000.0
40,APOL,MRQ,2006-12-31,2006-11-30,2006-11-30,2019-04-19,-861000.0,1464575000.0,,953650000.0,510925000.0,,4.234,-25185000.0,678520000.0,678520000.0,294755000.0,113874000.0,1.463,0.998,0.0,0.0,0.0,0.0,131998000.0,17191000.0,256963000.0,0.0,0.0,186413000.0,203604000.0,0.305,203604000.0,186413000.0,186413000.0,0.66,0.65,0.66,733028000.0,,733028000.0,6442935880.0,10.0,9.082,127707000.0,0.738,1.0,373031000.0,0.559,31029000.0,0.0,102963000.0,,0.0,86599000.0,37946000.0,48653000.0,731547000.0,652063000.0,79484000.0,6701825880.0,117101000.0,-15079000.0,4349000.0,0.0,0.0,5379000.0,-41343000.0,14986000.0,152892000.0,173000.0,113874000.0,113874000.0,113874000.0,0.0,0.0,0.171,193050000.0,179981000.0,38625000.0,0.0,9.143,16.749,16.72,339478000.0,0.0,38.79,2.663,2.668,183513000.0,1777795000.0,667786000.0,667786000.0,0.0,,,,,9116000.0,193050000.0,1.0,172772000.0,173122000,174521000.0,3.857,1433546000.0,97274000.0,72539000.0,112874000.0,8.281,301587000.0
41,APOL,MRQ,2006-09-30,2006-08-31,2006-08-31,2019-04-19,-1034000.0,1283005000.0,,802932000.0,480073000.0,,3.494,-32363000.0,547325000.0,547325000.0,300235000.0,75711000.0,1.348,1.123,0.0,0.0,0.0,0.0,136295000.0,18480000.0,254130000.0,0.0,0.0,121625000.0,140105000.0,0.224,140105000.0,121625000.0,121625000.0,0.44,0.43,0.44,604373000.0,,604373000.0,8415992120.0,13.0,11.444,80672000.0,0.466,1.0,324678000.0,0.52,16891000.0,0.0,123033000.0,,0.0,99670000.0,45978000.0,53692000.0,678632000.0,595756000.0,82876000.0,8674882120.0,117077000.0,0.0,3280000.0,0.0,0.0,3993000.0,-580000.0,43598000.0,113035000.0,629000.0,75711000.0,75711000.0,75711000.0,0.0,0.0,0.121,208686000.0,115992000.0,61289000.0,0.0,14.354,20.912,21.097,328440000.0,0.0,50.21,3.501,3.533,160583000.0,1659349000.0,624913000.0,624913000.0,0.0,,,,,8970000.0,188481000.0,1.0,172772000.0,172980000,174510000.0,3.613,1266114000.0,85753000.0,45914000.0,47812000.0,7.319,207176000.0
42,APOL,MRQ,2006-06-30,2006-05-31,2006-05-31,2019-04-19,-1663000.0,1179810000.0,,703009000.0,476801000.0,,2.906,-48808000.0,427865000.0,427865000.0,283710000.0,131454000.0,1.181,1.349,0.0,0.0,0.0,0.0,125832000.0,16304000.0,255400000.0,0.0,0.0,205513000.0,221817000.0,0.339,221817000.0,205513000.0,205513000.0,0.76,0.75,0.76,502249000.0,,502249000.0,8778813320.0,12.0,11.056,136746000.0,0.791,1.0,369687000.0,0.566,37096000.0,0.0,119714000.0,,0.0,135119000.0,72190000.0,62929000.0,677561000.0,595135000.0,82426000.0,9037703320.0,179483000.0,0.0,2522000.0,0.0,0.0,6432000.0,-12274000.0,31836000.0,185554000.0,-525000.0,131454000.0,131454000.0,131454000.0,0.0,0.0,0.201,168611000.0,201076000.0,48920000.0,0.0,17.994,20.089,20.514,308992000.0,0.0,52.31,3.697,3.698,149482000.0,1564980000.0,653397000.0,653397000.0,0.0,,,,,2875000.0,168611000.0,1.0,172772000.0,172817000,174453000.0,3.781,1142714000.0,75526000.0,74059000.0,78327000.0,6.612,107874000.0
43,APOL,MRQ,2006-03-31,2006-02-28,2006-02-28,2019-04-19,-1434000.0,1055152000.0,,594713000.0,460439000.0,,2.544,-9245000.0,258890000.0,258890000.0,262634000.0,79089000.0,1.125,1.39,0.0,0.0,0.0,0.0,392273000.0,15660000.0,0.0,0.0,0.0,128229000.0,143889000.0,0.252,143889000.0,128229000.0,128229000.0,0.46,0.45,0.46,441418000.0,,441418000.0,8181425720.0,11.0,10.197,27284000.0,0.157,1.0,307916000.0,0.54,37096000.0,0.0,230328000.0,,0.0,173880000.0,97801000.0,76079000.0,613734000.0,528838000.0,84896000.0,8572071720.0,-146710000.0,0.0,-223883000.0,0.0,0.0,-215364000.0,32301000.0,41919000.0,36529000.0,0.0,79089000.0,79089000.0,79089000.0,0.0,0.0,0.139,183213000.0,124703000.0,44879000.0,0.0,19.419,18.811,19.365,287068000.0,0.0,49.38,3.558,3.556,200719000.0,1522022000.0,570550000.0,570550000.0,0.0,,,,,-1385000.0,183213000.0,1.0,173594000.0,173496000,175435000.0,3.289,1018056000.0,49758000.0,49140000.0,9185000.0,5.868,65875000.0
44,APOL,MRQ,2005-12-31,2005-11-30,2005-11-30,2019-04-19,-1259000.0,1232501000.0,,770787000.0,461714000.0,,3.248,-20824000.0,390646000.0,390646000.0,265108000.0,128579000.0,1.346,1.13,0.0,0.0,0.0,0.0,375200000.0,16846000.0,0.0,0.0,0.0,212721000.0,229567000.0,0.365,229567000.0,212721000.0,212721000.0,0.72,0.71,0.72,578529000.0,,578529000.0,12187939800.0,16.0,14.961,195066000.0,1.095,1.0,363565000.0,0.578,37096000.0,0.0,232262000.0,,0.0,229104000.0,141579000.0,87525000.0,653972000.0,572497000.0,81475000.0,12559252800.0,22024000.0,0.0,-274210000.0,0.0,0.0,-269876000.0,76130000.0,92345000.0,215890000.0,0.0,128579000.0,128579000.0,128579000.0,0.0,0.0,0.205,155302000.0,208263000.0,38328000.0,0.0,21.709,27.084,27.813,267231000.0,0.0,71.2,5.357,5.409,201068000.0,1467410000.0,628673000.0,628673000.0,0.0,,,,,-201000.0,155302000.0,1.0,176394000.0,178104000,180641000.0,3.53,1195405000.0,57126000.0,84142000.0,80229000.0,6.712,198290000.0
45,APOL,MRQ,2005-09-30,2005-08-31,2005-08-31,2019-04-19,-1138000.0,1281548000.0,,809149000.0,472399000.0,,3.521,-23035000.0,364286000.0,364286000.0,255639000.0,110764000.0,1.428,1.021,0.0,0.0,0.0,0.0,134315000.0,15515000.0,242675000.0,0.0,0.0,183244000.0,198759000.0,0.336,198759000.0,183244000.0,183244000.0,0.61,0.6,0.61,634220000.0,,634220000.0,13892333040.0,19.0,18.279,105799000.0,0.587,1.0,336560000.0,0.568,37096000.0,0.0,313421000.0,,0.0,321462000.0,224112000.0,97350000.0,647328000.0,566745000.0,80583000.0,14201591040.0,72778000.0,0.0,-99751000.0,0.0,0.0,-99751000.0,44004000.0,78746000.0,128834000.0,264000.0,110764000.0,110764000.0,110764000.0,0.0,0.0,0.187,157861000.0,178699000.0,40129000.0,0.0,22.392,33.186,33.615,270645000.0,0.0,78.66,6.309,6.392,172602000.0,1280996000.0,592199000.0,592199000.0,0.0,,,,,25465000.0,153637000.0,1.0,180544000.0,180141000,183000000.0,3.287,1244452000.0,66048000.0,72480000.0,69163000.0,6.908,242404000.0
46,APOL,MRQ,2005-06-30,2005-05-31,2005-05-31,2019-04-19,-829000.0,1261397000.0,,773379000.0,488018000.0,,3.681,-27550000.0,309258000.0,309258000.0,246064000.0,137263000.0,1.501,0.888,0.0,0.0,0.0,0.0,364693000.0,4984000.0,0.0,0.0,0.0,225127000.0,230111000.0,0.373,230111000.0,225127000.0,225127000.0,0.76,0.74,0.76,667945000.0,,667945000.0,14095862910.0,19.0,17.951,163279000.0,0.9,1.0,371681000.0,0.602,37096000.0,0.0,399760000.0,,0.0,385994000.0,248881000.0,137113000.0,593452000.0,515283000.0,78169000.0,14245789910.0,63118000.0,0.0,-146558000.0,0.0,0.0,-146558000.0,18755000.0,32002000.0,190829000.0,92000.0,137263000.0,137263000.0,137263000.0,0.0,0.0,0.222,150488000.0,221193000.0,41893000.0,0.0,21.328,61.104,63.25,257740000.0,0.0,78.43,6.618,6.611,180916000.0,1248728000.0,617745000.0,617745000.0,0.0,,,,,17432000.0,146265000.0,1.0,181637000.0,181461000,184360000.0,3.404,1224301000.0,40441000.0,87864000.0,41802000.0,6.747,258096000.0
47,APOL,MRQ,2005-03-31,2005-02-28,2005-02-28,2019-04-19,-921000.0,1216321000.0,,710621000.0,505700000.0,,3.64,-20768000.0,149927000.0,149927000.0,221635000.0,87114000.0,1.482,0.819,0.0,0.0,0.0,0.0,377188000.0,12787000.0,0.0,0.0,0.0,143398000.0,156185000.0,0.309,156185000.0,143398000.0,143398000.0,0.47,0.47,0.47,668737000.0,,668737000.0,13225673920.0,19.0,17.924,46329000.0,0.252,1.0,284058000.0,0.562,37096000.0,0.0,549914000.0,,0.0,517257000.0,341092000.0,176165000.0,547584000.0,479384000.0,68200000.0,13559185920.0,-97329000.0,0.0,-204037000.0,0.0,0.0,-204037000.0,39421000.0,60914000.0,67097000.0,190000.0,87114000.0,87114000.0,87114000.0,0.0,0.0,0.172,144515000.0,139543000.0,38174000.0,0.0,20.276,68.835,70.133,234220000.0,0.0,73.64,6.673,6.659,171238000.0,1114738000.0,505693000.0,505693000.0,0.0,,,,,16480000.0,144515000.0,1.0,184128000.0,183742000,187007000.0,2.752,1179225000.0,54714000.0,56284000.0,0.0,6.418,231237000.0
48,APOL,MRQ,2004-12-31,2004-11-30,2004-11-30,2019-04-19,-1111000.0,1289560000.0,,778925000.0,510635000.0,,4.126,-23129000.0,333512000.0,333512000.0,217417000.0,109531000.0,1.589,0.677,0.0,0.0,0.0,0.0,352744000.0,12306000.0,0.0,0.0,0.0,180298000.0,192604000.0,0.36,192604000.0,180298000.0,180298000.0,0.59,0.58,0.59,768990000.0,,768990000.0,14334406900.0,22.0,20.489,139715000.0,0.75,1.0,317509000.0,0.594,37096000.0,0.0,428602000.0,,0.0,492906000.0,260188000.0,232718000.0,520570000.0,490350000.0,30220000.0,14763388900.0,-51462000.0,0.0,-305086000.0,0.0,0.0,-305086000.0,91326000.0,114983000.0,162844000.0,-546000.0,109531000.0,109531000.0,109531000.0,0.0,0.0,0.205,141773000.0,175736000.0,41290000.0,0.0,19.198,85.381,84.787,178656000.0,0.0,79.7,7.677,7.724,151583000.0,1038346000.0,534926000.0,534926000.0,0.0,,,,,7950000.0,141773000.0,1.0,185237000.0,186369000,189831000.0,2.87,1252464000.0,44743000.0,70767000.0,43095000.0,6.72,288575000.0
49,APOL,MRQ,2004-09-30,2004-08-31,2004-08-31,2019-04-19,-565000.0,1495101000.0,,854684000.0,640417000.0,,5.445,-24361000.0,235082000.0,235082000.0,229420000.0,17975000.0,1.819,0.562,0.0,0.0,0.0,0.0,323860000.0,13276000.0,0.0,0.0,0.0,193054000.0,206330000.0,0.417,206330000.0,193054000.0,193054000.0,-0.58,-0.56,-0.58,957141000.0,,957141000.0,13013892000.0,22.0,20.002,109022000.0,0.62,1.0,264957000.0,0.536,37096000.0,0.0,753141000.0,,0.0,758986000.0,442243000.0,316743000.0,537960000.0,469782000.0,68178000.0,13681434000.0,142784000.0,0.0,-396936000.0,0.0,0.0,-480628000.0,490201000.0,483476000.0,133383000.0,69000.0,175933000.0,-100767000.0,-100767000.0,0.0,-157958000.0,-0.204,232549000.0,32408000.0,50895000.0,0.0,14.294,96.528,97.5,212205000.0,276700000.0,78.0,7.601,7.634,146497000.0,928815000.0,494377000.0,494377000.0,0.0,,,,,104430000.0,132266000.0,1.0,175403000.0,175770000,178644000.0,2.813,1458005000.0,57540000.0,17121000.0,11856000.0,8.295,384902000.0
50,APOL,MRQ,2004-06-30,2004-05-31,2004-05-31,2019-04-19,-393000.0,1748361000.0,,1157991000.0,590370000.0,,7.338,-27202000.0,667542000.0,667542000.0,196026000.0,109336000.0,2.649,0.35,0.0,0.0,0.0,0.0,304334000.0,11270000.0,0.0,0.0,0.0,171490000.0,182760000.0,0.368,182760000.0,171490000.0,171490000.0,0.57,0.56,0.57,1295489000.0,,1295489000.0,15867567300.0,29.0,26.722,152127000.0,0.862,1.0,300973000.0,0.606,37096000.0,0.0,606547000.0,,0.0,675409000.0,323538000.0,351871000.0,452872000.0,437176000.0,15696000.0,16507529300.0,-11225000.0,0.0,-16014000.0,0.0,0.0,-29199000.0,-161437000.0,-133994000.0,179329000.0,82000.0,101103000.0,101103000.0,101103000.0,0.0,8233000.0,0.203,126136000.0,174837000.0,34495000.0,0.0,12.742,53.594,53.73,169884000.0,0.0,93.49,9.844,9.843,136258000.0,1027306000.0,496999000.0,496999000.0,0.0,,,,,7942000.0,126136000.0,1.0,176570000.0,176554000,179360000.0,2.815,1711265000.0,15539000.0,70387000.0,26520000.0,9.693,720815000.0
51,APOL,MRQ,2004-03-31,2004-02-29,2004-02-29,2019-04-19,-475000.0,1621972000.0,,1086264000.0,535708000.0,,6.849,-31982000.0,639962000.0,639962000.0,181104000.0,68503000.0,2.726,0.343,0.0,0.0,0.0,0.0,303438000.0,10538000.0,0.0,0.0,0.0,107396000.0,117934000.0,0.297,117934000.0,107396000.0,107396000.0,0.36,0.35,0.36,1207328000.0,,1207328000.0,12819591130.0,26.0,23.84,67282000.0,0.382,1.0,215758000.0,0.544,37096000.0,0.0,546450000.0,,0.0,599881000.0,286181000.0,313700000.0,414644000.0,398464000.0,16180000.0,13426466130.0,-59617000.0,0.0,-10169000.0,0.0,0.0,-24472000.0,-134571000.0,-101513000.0,99264000.0,162000.0,63044000.0,63044000.0,63044000.0,0.0,5459000.0,0.159,107477000.0,108281000.0,28562000.0,0.0,11.121,48.519,48.554,153953000.0,0.0,76.23,8.695,8.703,132199000.0,917970000.0,396862000.0,396862000.0,0.0,,,,,10722000.0,107477000.0,1.0,176131000.0,176279000,178924000.0,2.251,1584876000.0,14125000.0,44352000.0,3422000.0,8.991,687800000.0
52,APOL,MRQ,2003-12-31,2003-11-30,2003-11-30,2019-04-19,-637000.0,1542211000.0,,1051744000.0,490467000.0,,6.544,-25984000.0,606875000.0,606875000.0,174887000.0,84271000.0,2.816,0.338,0.0,0.0,0.0,0.0,266696000.0,10703000.0,0.0,0.0,0.0,132916000.0,143619000.0,0.349,143619000.0,132916000.0,132916000.0,0.44,0.44,0.44,1152413000.0,,1152413000.0,11668330960.0,25.0,23.294,108248000.0,0.615,1.0,236922000.0,0.575,37096000.0,0.0,524731000.0,,0.0,578258000.0,287068000.0,291190000.0,389798000.0,373509000.0,16289000.0,12232398960.0,33192000.0,0.0,15802000.0,0.0,0.0,23857000.0,-124584000.0,-98070000.0,134232000.0,-313000.0,78355000.0,78355000.0,78355000.0,0.0,5916000.0,0.19,102247000.0,134675000.0,22775000.0,0.0,10.615,47.729,47.834,134054000.0,0.0,69.36,8.48,8.468,129355000.0,849467000.0,411809000.0,411809000.0,0.0,,,,,17673000.0,102247000.0,1.0,176361000.0,176097000,178726000.0,2.339,1505115000.0,12308000.0,54561000.0,35026000.0,8.547,678235000.0
53,APOL,MRQ,2003-09-30,2003-08-31,2003-08-31,2019-04-19,-324000.0,1378204000.0,,950243000.0,427961000.0,,5.845,-15548000.0,564068000.0,564068000.0,168243000.0,70378000.0,2.835,0.342,0.0,0.0,0.0,0.0,254095000.0,10720000.0,0.0,0.0,0.0,138773000.0,149493000.0,0.403,149493000.0,138773000.0,138773000.0,0.37,0.36,0.37,1026925000.0,,1026925000.0,10705997570.0,26.0,23.405,127104000.0,0.723,1.0,203030000.0,0.547,37096000.0,0.0,441817000.0,,0.0,481734000.0,235962000.0,245772000.0,351279000.0,335223000.0,16056000.0,11260366570.0,-110483000.0,0.0,3179000.0,-4600000.0,0.0,512000.0,-253695000.0,-237706000.0,142652000.0,48000.0,96125000.0,65509000.0,65509000.0,0.0,-25747000.0,0.176,93653000.0,109377000.0,29314000.0,0.0,10.965,48.598,48.538,119057000.0,30616000.0,64.07,8.406,8.37,123728000.0,765196000.0,371273000.0,371273000.0,0.0,,,,,6644000.0,93653000.0,1.0,175751000.0,175690000,178423000.0,2.113,1341108000.0,11095000.0,42648000.0,0.0,7.633,615020000.0
54,APOL,MRQ,2003-06-30,2003-05-31,2003-05-31,2019-04-19,-372000.0,1275970000.0,,936429000.0,339541000.0,,5.415,-11911000.0,554369000.0,554369000.0,159345000.0,74257000.0,3.016,0.344,0.0,0.0,0.0,0.0,232668000.0,10457000.0,0.0,0.0,0.0,116228000.0,126685000.0,0.348,126685000.0,116228000.0,116228000.0,0.4,0.39,0.4,949343000.0,,949343000.0,9597356960.0,26.0,23.332,85589000.0,0.488,1.0,204821000.0,0.562,37096000.0,0.0,373994000.0,,0.0,400769000.0,243055000.0,157714000.0,326627000.0,310511000.0,16116000.0,10134666960.0,5566000.0,0.0,7306000.0,0.0,0.0,7675000.0,-99269000.0,-86933000.0,97500000.0,-340000.0,69816000.0,69816000.0,69816000.0,0.0,4441000.0,0.192,88005000.0,116816000.0,23288000.0,0.0,10.675,47.635,47.41,115247000.0,0.0,57.84,8.104,8.108,115044000.0,694818000.0,364166000.0,364166000.0,0.0,,,,,11449000.0,88005000.0,1.0,175219000.0,175311000,177931000.0,2.077,1238874000.0,13799000.0,46412000.0,9754000.0,7.067,625918000.0
55,APOL,MRQ,2003-03-31,2003-02-28,2003-02-28,2019-04-19,-32000.0,1169961000.0,,860403000.0,309558000.0,,4.872,-15132000.0,537310000.0,537310000.0,143249000.0,45686000.0,2.854,0.374,0.0,0.0,0.0,0.0,217856000.0,9950000.0,0.0,0.0,0.0,71175000.0,81125000.0,0.275,81125000.0,71175000.0,71175000.0,0.24,0.24,0.24,851802000.0,,851802000.0,7650437320.0,23.0,20.399,58138000.0,0.333,1.0,151932000.0,0.515,37096000.0,0.0,294112000.0,,0.0,315120000.0,186348000.0,128772000.0,318159000.0,301443000.0,16716000.0,8100139320.0,69540000.0,0.0,9698000.0,0.0,0.0,12983000.0,-16509000.0,-1069000.0,73270000.0,-135000.0,42607000.0,42607000.0,42607000.0,0.0,3079000.0,0.144,81187000.0,70745000.0,23495000.0,0.0,9.509,42.341,42.127,113928000.0,0.0,46.34,6.966,6.968,112878000.0,620561000.0,295181000.0,295181000.0,0.0,,,,,10702000.0,81187000.0,1.0,174798000.0,174829000,177309000.0,1.688,1132865000.0,14768000.0,28568000.0,11819000.0,6.48,558960000.0
56,APOL,MRQ,2002-12-31,2002-11-30,2002-11-30,2019-04-19,172000.0,1078390000.0,,802249000.0,276141000.0,,4.495,-14108000.0,449702000.0,449702000.0,142103000.0,56689000.0,2.872,0.378,0.0,0.0,0.0,0.0,191649000.0,9178000.0,0.0,0.0,0.0,90936000.0,100114000.0,0.324,100114000.0,90936000.0,90936000.0,0.31,0.3,0.31,782635000.0,,782635000.0,6800697250.0,22.0,19.568,63758000.0,0.366,1.0,166794000.0,0.54,37096000.0,0.0,312209000.0,,0.0,315312000.0,214502000.0,100810000.0,295755000.0,279383000.0,16372000.0,7196186250.0,48549000.0,0.0,5281000.0,0.0,0.0,9205000.0,-38591000.0,-23459000.0,77866000.0,0.0,53770000.0,53770000.0,53770000.0,0.0,2919000.0,0.174,76473000.0,90321000.0,21045000.0,0.0,9.195,41.059,40.842,108920000.0,0.0,41.25,6.601,6.588,113248000.0,574875000.0,308897000.0,308897000.0,0.0,,,,,17579000.0,76473000.0,1.0,174453000.0,174109000,176884000.0,1.774,1041294000.0,13963000.0,37166000.0,21005000.0,5.981,522866000.0
57,APOL,MRQ,2002-09-30,2002-08-31,2002-08-31,2019-04-19,103000.0,979642000.0,,730447000.0,249195000.0,,4.028,-9035000.0,395489000.0,395489000.0,133152000.0,49299000.0,2.764,0.402,0.0,0.0,0.0,0.0,187324000.0,8838000.0,0.0,0.0,0.0,94572000.0,103410000.0,0.366,103410000.0,94572000.0,94572000.0,0.27,0.26,0.27,698993000.0,,698993000.0,6930262320.0,25.0,22.421,70153000.0,0.404,1.0,149157000.0,0.528,37096000.0,0.0,282743000.0,,0.0,293166000.0,214547000.0,78619000.0,280649000.0,264314000.0,16335000.0,7257672320.0,56582000.0,0.0,4791000.0,-100000.0,0.0,9991000.0,-32667000.0,-22966000.0,79188000.0,49000.0,62540000.0,46562000.0,46562000.0,0.0,-13241000.0,0.165,71051000.0,78106000.0,22478000.0,0.0,10.383,47.386,47.0,104292000.0,15978000.0,41.83,7.19,7.163,99282000.0,518186000.0,282309000.0,282309000.0,0.0,,,,,9500000.0,71051000.0,1.0,173504000.0,173531000,176402000.0,1.627,942546000.0,12477000.0,32032000.0,7974000.0,5.432,466133000.0
58,APOL,MRQ,2002-06-30,2002-05-31,2002-05-31,2019-04-19,33000.0,886325000.0,,652684000.0,233641000.0,,3.64,-11533000.0,327410000.0,327410000.0,129764000.0,50799000.0,2.78,0.407,0.0,0.0,0.0,0.0,165934000.0,8969000.0,0.0,0.0,0.0,81417000.0,90386000.0,0.327,90386000.0,81417000.0,81417000.0,0.28,0.27,0.28,630133000.0,,630133000.0,5691917600.0,25.0,21.705,82131000.0,0.474,1.0,146585000.0,0.53,37096000.0,0.0,287000000.0,,0.0,271435000.0,207238000.0,64197000.0,256192000.0,234819000.0,21373000.0,5971332600.0,42033000.0,0.0,6146000.0,100000.0,0.0,10500000.0,-61979000.0,-50034000.0,93664000.0,-49000.0,48369000.0,48369000.0,48369000.0,0.0,2430000.0,0.175,65806000.0,80779000.0,15401000.0,0.0,9.476,43.665,43.646,104383000.0,0.0,34.48,6.337,6.335,94543000.0,468887000.0,276349000.0,276349000.0,0.0,,,,,9552000.0,65806000.0,1.0,173182500.0,173112000,176040000.0,1.596,849229000.0,15518000.0,33048000.0,14168000.0,4.906,417865000.0
59,APOL,MRQ,2002-03-31,2002-02-28,2002-02-28,2019-04-19,185000.0,784157000.0,,571280000.0,212877000.0,,3.24,-9957000.0,279415000.0,279415000.0,118778000.0,28093000.0,2.749,0.402,0.0,0.0,0.0,0.0,155243000.0,8803000.0,0.0,0.0,0.0,44826000.0,53629000.0,0.241,53629000.0,44826000.0,44826000.0,0.15,0.15,0.15,559434000.0,,559434000.0,5348265300.0,27.0,22.705,30746000.0,0.178,1.0,103840000.0,0.466,37096000.0,0.0,259858000.0,,0.0,222551000.0,175214000.0,47337000.0,224723000.0,207788000.0,16935000.0,5589367300.0,30228000.0,0.0,3573000.0,0.0,0.0,6557000.0,-17091000.0,-6785000.0,40703000.0,0.0,26562000.0,26562000.0,26562000.0,0.0,1531000.0,0.119,60219000.0,43621000.0,12812000.0,0.0,9.991,45.587,45.587,101789000.0,0.0,32.367,6.35,6.348,95680000.0,418088000.0,222618000.0,222618000.0,0.0,,,,,6474000.0,60219000.0,1.0,172689000.0,172645000,175425000.0,1.289,747061000.0,12953000.0,18264000.0,3409000.0,4.327,363492000.0
60,APOL,MRQ,2001-12-31,2001-11-30,2001-11-30,2019-04-19,126000.0,736416000.0,,535081000.0,201335000.0,,3.01,-6223000.0,241102000.0,241102000.0,116760000.0,32959000.0,2.654,0.421,0.0,0.0,0.0,0.0,140079000.0,8569000.0,0.0,0.0,0.0,53098000.0,61667000.0,0.27,61667000.0,53098000.0,53098000.0,0.18,0.18,0.18,518251000.0,,518251000.0,4951581480.0,27.0,22.819,40752000.0,0.237,1.0,111419000.0,0.488,37096000.0,0.0,256624000.0,,0.0,216522000.0,179028000.0,37494000.0,218165000.0,201594000.0,16571000.0,5155410480.0,20461000.0,0.0,2211000.0,-100000.0,0.0,-1248000.0,-25310000.0,-18719000.0,46975000.0,0.0,31668000.0,31668000.0,31668000.0,0.0,1291000.0,0.139,60073000.0,51346000.0,13633000.0,0.0,9.948,46.137,45.819,100499000.0,0.0,29.92,6.283,6.277,93624000.0,389995000.0,228179000.0,228179000.0,0.0,,,,,4511000.0,60073000.0,1.0,172306500.0,172148000,174922000.0,1.325,699320000.0,11958000.0,21430000.0,16432000.0,4.062,333487000.0
61,APOL,MRQ,2001-09-30,2001-08-31,2001-08-31,2019-04-19,82000.0,680343000.0,,487051000.0,193292000.0,,2.802,-20873000.0,203829000.0,203829000.0,112741000.0,31251000.0,2.673,0.412,0.0,0.0,0.0,0.0,128735000.0,8706000.0,0.0,0.0,0.0,47849000.0,56555000.0,0.263,56555000.0,47849000.0,47849000.0,0.18,0.17,0.18,481885000.0,,481885000.0,4327952310.0,25.0,21.159,24920000.0,0.145,1.0,102375000.0,0.476,37096000.0,0.0,257218000.0,,0.0,198105000.0,170866000.0,27239000.0,198458000.0,182200000.0,16258000.0,4514282310.0,10169000.0,0.0,1758000.0,0.0,0.0,8048000.0,-43679000.0,-36178000.0,45793000.0,0.0,30155000.0,30155000.0,30155000.0,0.0,1096000.0,0.14,56952000.0,45423000.0,16846000.0,0.0,9.368,43.194,43.027,102624000.0,0.0,26.247,5.867,5.847,92179000.0,357036000.0,215116000.0,215116000.0,0.0,,,,,7691000.0,56952000.0,1.0,171994500.0,171980000,174811000.0,1.251,643247000.0,11002000.0,17694000.0,7096000.0,3.74,304851000.0
62,APOL,MRQ,2001-06-30,2001-05-31,2001-05-31,2019-04-19,75000.0,607406000.0,,427125000.0,180281000.0,,2.532,-11698000.0,186330000.0,186330000.0,107871000.0,35388000.0,2.678,0.397,0.0,0.0,0.0,0.0,113272000.0,8408000.0,0.0,0.0,0.0,55298000.0,63706000.0,0.297,63706000.0,55298000.0,55298000.0,0.2,0.2,0.2,434888000.0,,434888000.0,3793417900.0,24.0,19.864,31724000.0,0.185,1.0,106434000.0,0.497,37521000.0,0.0,224033000.0,,0.0,173592000.0,143172000.0,30420000.0,172518000.0,159522000.0,12996000.0,3960174900.0,12956000.0,0.0,1172000.0,0.0,0.0,2545000.0,-33021000.0,-17663000.0,43422000.0,0.0,34224000.0,34224000.0,34224000.0,0.0,1164000.0,0.16,53727000.0,52707000.0,12703000.0,0.0,9.106,41.396,39.965,100755000.0,0.0,22.66,5.505,5.41,85794000.0,325785000.0,214305000.0,214305000.0,0.0,,,,,1267000.0,53727000.0,1.0,174765000.0,171758000,174366000.0,1.248,569885000.0,8279000.0,21074000.0,4597000.0,3.318,267603000.0
63,APOL,MRQ,2001-03-31,2001-02-28,2001-02-28,2019-04-19,65000.0,556142000.0,,387827000.0,168315000.0,,2.308,-10277000.0,166757000.0,166757000.0,94237000.0,16349000.0,2.617,0.406,0.0,0.0,0.0,0.0,106622000.0,8033000.0,0.0,0.0,0.0,27036000.0,35069000.0,0.215,35069000.0,27036000.0,27036000.0,0.093,0.093,0.093,395678000.0,,395678000.0,3847264390.0,27.0,22.564,19094000.0,0.111,1.0,68743000.0,0.422,37864000.0,0.0,203334000.0,,0.0,155454000.0,130172000.0,25282000.0,160464000.0,148187000.0,12277000.0,4015464390.0,-946000.0,0.0,2709000.0,0.0,0.0,3494000.0,-33807000.0,-23246000.0,29371000.0,0.0,15695000.0,15695000.0,15695000.0,0.0,654000.0,0.096,44714000.0,24029000.0,12925000.0,0.0,10.148,48.622,47.505,92912000.0,0.0,23.42,5.97,5.97,78964000.0,290397000.0,162980000.0,162980000.0,0.0,,,,,3137000.0,44714000.0,1.0,171454500.0,171465000,174012000.0,0.951,518278000.0,8142000.0,11341000.0,4690000.0,3.023,239640000.0
64,APOL,MRQ,2000-12-31,2000-11-30,2000-11-30,2019-04-19,69000.0,532057000.0,,368686000.0,163371000.0,,2.187,-8324000.0,168200000.0,168200000.0,95235000.0,24829000.0,2.503,0.428,0.0,0.0,0.0,0.0,100948000.0,7593000.0,0.0,0.0,0.0,41622000.0,49215000.0,0.278,49215000.0,41622000.0,41622000.0,0.147,0.14,0.147,372702000.0,,372702000.0,2566962000.0,19.0,15.817,37723000.0,0.221,1.0,81838000.0,0.462,38206000.0,0.0,178370000.0,,0.0,131653000.0,108442000.0,23211000.0,159355000.0,147281000.0,12074000.0,2662555000.0,63842000.0,0.0,7691000.0,-100000.0,0.0,81677000.0,-63972000.0,-55402000.0,46047000.0,0.0,24439000.0,24439000.0,24439000.0,0.0,390000.0,0.138,42994000.0,38844000.0,10537000.0,0.0,7.144,33.787,33.31,89892000.0,0.0,15.556,4.137,4.119,77765000.0,274048000.0,177073000.0,177073000.0,0.0,,,,,6085000.0,42994000.0,1.0,171164250.0,170451000,172813500.0,1.039,493851000.0,7681000.0,17183000.0,10101000.0,2.897,221405000.0
65,APOL,MRQ,2000-09-30,2000-08-31,2000-08-31,2019-04-19,-21000.0,404790000.0,,246907000.0,157883000.0,,1.541,-7185000.0,95593000.0,95593000.0,90792000.0,21308000.0,1.884,0.55,0.0,0.0,0.0,0.0,96312000.0,7068000.0,0.0,0.0,0.0,35911000.0,42979000.0,0.26,42979000.0,35911000.0,35911000.0,0.127,0.123,0.127,261208000.0,,261208000.0,2980010430.0,25.0,20.223,22634000.0,0.134,1.0,74216000.0,0.45,38548000.0,0.0,139560000.0,,0.0,64246000.0,58226000.0,6020000.0,143582000.0,131089000.0,12493000.0,3068772430.0,8762000.0,1187000.0,836000.0,0.0,0.0,836000.0,-21862000.0,-12813000.0,29819000.0,0.0,21308000.0,21308000.0,21308000.0,0.0,0.0,0.129,40347000.0,33869000.0,12960000.0,0.0,11.748,43.106,43.185,87833000.0,0.0,18.138,5.031,5.07,78933000.0,249219000.0,165008000.0,165008000.0,0.0,,,,,3579000.0,40347000.0,1.0,169192305.0,169471000,171968500.0,0.974,366242000.0,8267000.0,14603000.0,1590000.0,2.161,115818000.0
66,APOL,MRQ,2000-06-30,2000-05-31,2000-05-31,2019-04-19,10000.0,376680000.0,,219184000.0,157496000.0,,1.391,-7980000.0,88762000.0,88762000.0,97499000.0,21143000.0,1.717,0.599,0.0,0.0,0.0,0.0,90527000.0,7082000.0,0.0,0.0,0.0,36159000.0,43241000.0,0.258,43241000.0,36159000.0,36159000.0,0.127,0.127,0.127,235516000.0,,235516000.0,2162456023.0,19.0,15.802,30293000.0,0.179,1.0,70092000.0,0.418,38890000.0,0.0,121407000.0,,0.0,63349000.0,42885000.0,20464000.0,141164000.0,127621000.0,13543000.0,2230032023.0,15812000.0,0.0,-5860000.0,0.0,0.0,-5860000.0,-16654000.0,-8465000.0,38273000.0,0.0,21143000.0,21143000.0,21143000.0,0.0,0.0,0.126,35523000.0,34569000.0,13494000.0,0.0,9.469,33.668,34.028,84224000.0,0.0,13.169,3.84,3.841,73587000.0,227911000.0,167591000.0,167591000.0,0.0,,,,,764000.0,35523000.0,1.0,169340940.0,169363500,171283500.0,0.99,337790000.0,10133000.0,15016000.0,2746000.0,1.994,91563000.0
67,APOL,MRQ,2000-03-31,2000-02-29,2000-02-29,2019-04-19,-29000.0,348443000.0,,195114000.0,153329000.0,,1.287,-10200000.0,67576000.0,67576000.0,81849000.0,11913000.0,1.622,0.588,0.0,0.0,0.0,0.0,86427000.0,6572000.0,0.0,0.0,0.0,20289000.0,26861000.0,0.2,26861000.0,20289000.0,20289000.0,0.067,0.067,0.067,219430000.0,,219430000.0,1656654030.0,15.0,12.663,7832000.0,0.046,1.0,52131000.0,0.389,39233000.0,0.0,121363000.0,,0.0,54960000.0,37198000.0,17762000.0,129013000.0,120271000.0,8742000.0,1729752030.0,-11107000.0,-1187000.0,-20332000.0,0.0,0.0,-20332000.0,-8784000.0,3168000.0,18032000.0,0.0,11913000.0,11913000.0,11913000.0,0.0,0.0,0.089,33121000.0,19010000.0,13482000.0,0.0,7.883,27.005,27.623,82207000.0,0.0,10.138,3.138,3.136,77181000.0,206768000.0,133980000.0,133980000.0,0.0,,,,,222000.0,33121000.0,1.0,170624378.0,170508000,172167000.0,0.786,309210000.0,8372000.0,8376000.0,3059000.0,1.813,74843000.0
68,APOL,MRQ,1999-12-31,1999-11-30,1999-11-30,2019-04-19,-20000.0,353038000.0,,203004000.0,150034000.0,,1.318,-8468000.0,73098000.0,73098000.0,82734000.0,16827000.0,1.748,0.551,0.0,0.0,0.0,0.0,76957000.0,6330000.0,0.0,0.0,0.0,27946000.0,34276000.0,0.239,34276000.0,27946000.0,27946000.0,0.098,0.098,0.098,227636000.0,,227636000.0,1977328940.0,19.0,15.75,23509000.0,0.136,1.0,60684000.0,0.423,39575000.0,0.0,124243000.0,,0.0,57020000.0,38890000.0,18130000.0,125402000.0,116122000.0,9280000.0,2054660940.0,-5089000.0,0.0,-21345000.0,-100000.0,0.0,-21445000.0,-15605000.0,-6881000.0,31977000.0,0.0,16827000.0,16827000.0,16827000.0,0.0,0.0,0.117,34055000.0,26629000.0,11634000.0,0.0,9.026,32.983,33.371,77824000.0,0.0,11.947,3.902,3.918,77476000.0,194855000.0,143418000.0,143418000.0,0.0,,,,,1050000.0,34055000.0,1.0,171986128.0,172705500,174363750.0,0.83,313463000.0,7917000.0,11119000.0,12710000.0,1.815,86882000.0
69,APOL,MRQ,1999-09-30,1999-08-31,1999-08-31,2019-04-19,-4000.0,348342000.0,,198213000.0,150129000.0,,1.33,-9241000.0,77332000.0,77332000.0,75422000.0,16352000.0,1.822,0.507,0.0,0.0,0.0,0.0,83646000.0,5498000.0,0.0,0.0,0.0,26969000.0,32467000.0,0.239,32467000.0,26969000.0,26969000.0,0.096,0.093,0.096,231120000.0,,231120000.0,1622944584.0,17.0,13.759,14200000.0,0.082,1.0,60263000.0,0.444,39917000.0,0.0,122306000.0,,0.0,50272000.0,31064000.0,19208000.0,117222000.0,108787000.0,8435000.0,1695111584.0,7430000.0,-106000.0,-5265000.0,0.0,0.0,-5265000.0,-10754000.0,294000.0,23441000.0,0.0,16352000.0,16352000.0,16352000.0,0.0,0.0,0.121,34584000.0,25679000.0,12105000.0,0.0,7.334,28.728,28.68,77504000.0,0.0,9.751,3.398,3.417,75664000.0,178028000.0,135685000.0,135685000.0,0.0,,,,,285000.0,34584000.0,1.0,173837788.0,173784750,175691250.0,0.781,308425000.0,7346000.0,10617000.0,2609000.0,1.775,89426000.0
70,APOL,MRQ,1999-06-30,1999-05-31,1999-05-31,2019-04-19,-12000.0,334322000.0,,189008000.0,145314000.0,,1.253,-11209000.0,72167000.0,72167000.0,78873000.0,18960000.0,1.778,0.521,0.0,0.0,0.0,0.0,80854000.0,5481000.0,0.0,0.0,0.0,31740000.0,37221000.0,0.27,37221000.0,31740000.0,31740000.0,0.107,0.107,0.107,219740000.0,,219740000.0,2109453817.0,23.0,19.344,16957000.0,0.097,1.0,59234000.0,0.429,40259000.0,0.0,115595000.0,,0.0,50710000.0,29884000.0,20826000.0,114582000.0,106301000.0,8281000.0,2186067817.0,-7232000.0,106000.0,-23644000.0,0.0,0.0,-23644000.0,-11739000.0,29000.0,28166000.0,3000.0,18960000.0,18960000.0,18960000.0,0.0,0.0,0.137,28846000.0,30388000.0,12857000.0,0.0,9.948,39.682,39.929,68081000.0,0.0,12.418,4.695,4.679,73371000.0,161676000.0,138107000.0,138107000.0,0.0,,,,,232000.0,28846000.0,1.0,176043400.0,175416750,177556500.0,0.787,294063000.0,7216000.0,12780000.0,1990000.0,1.676,82707000.0
71,APOL,MRQ,1999-03-31,1999-02-28,1999-02-28,2019-04-19,3000.0,332215000.0,,194200000.0,138015000.0,,1.277,-7773000.0,76614000.0,76614000.0,65619000.0,10155000.0,2.02,0.482,0.0,0.0,0.0,0.0,76741000.0,4594000.0,0.0,0.0,0.0,16988000.0,21582000.0,0.197,21582000.0,16988000.0,16988000.0,0.058,0.058,0.058,224207000.0,,224207000.0,2272687569.0,27.0,22.597,-810000.0,-0.005,1.0,43737000.0,0.4,40601000.0,0.0,118877000.0,,0.0,51016000.0,31765000.0,19251000.0,108008000.0,96123000.0,11885000.0,2350666569.0,-503000.0,0.0,-2001000.0,0.0,0.0,-2001000.0,-5461000.0,2650000.0,6963000.0,-3000.0,10155000.0,10155000.0,10155000.0,0.0,0.0,0.093,28024000.0,15713000.0,7563000.0,0.0,10.484,45.511,45.597,59858000.0,0.0,13.36,5.413,5.401,75953000.0,142716000.0,109356000.0,109356000.0,0.0,,,,,7831000.0,28024000.0,1.0,175948097.0,175563000,178188750.0,0.623,291614000.0,6403000.0,6833000.0,2003000.0,1.661,98077000.0
72,APOL,MRQ,1998-12-31,1998-11-30,1998-11-30,2019-04-19,7000.0,321046000.0,,185476000.0,135570000.0,,1.194,-12297000.0,77979000.0,77979000.0,67668000.0,13538000.0,1.818,0.542,0.0,0.0,0.0,0.0,71226000.0,4398000.0,0.0,0.0,0.0,22285000.0,26683000.0,0.231,26683000.0,22285000.0,22285000.0,0.076,0.076,0.076,208226000.0,,208226000.0,2421688114.0,30.0,25.575,4695000.0,0.027,1.0,48030000.0,0.415,40943000.0,0.0,100102000.0,,0.0,53822000.0,28529000.0,25293000.0,112820000.0,102022000.0,10798000.0,2496727114.0,-487000.0,0.0,-6456000.0,-200000.0,0.0,-6656000.0,-10824000.0,2305000.0,16992000.0,0.0,13538000.0,13538000.0,13538000.0,0.0,0.0,0.117,27057000.0,20973000.0,8163000.0,0.0,11.99,50.72,51.19,55800000.0,0.0,14.333,6.069,6.076,69102000.0,132561000.0,115698000.0,115698000.0,0.0,,,,,1335000.0,27057000.0,1.0,174190264.0,174379500,178107750.0,0.663,280103000.0,6221000.0,8747000.0,9345000.0,1.606,83454000.0
73,APOL,MRQ,1998-09-30,1998-08-31,1998-08-31,2019-04-19,6000.0,305160000.0,,174007000.0,131153000.0,,1.145,-12214000.0,75039000.0,75039000.0,55029000.0,12436000.0,1.821,0.527,0.0,0.0,0.0,0.0,67831000.0,3359000.0,0.0,0.0,0.0,20202000.0,23561000.0,0.23,23561000.0,20202000.0,20202000.0,0.071,0.071,0.071,199808000.0,,199808000.0,2576513909.0,34.0,28.931,-1674000.0,-0.01,1.0,47401000.0,0.463,41398000.0,0.0,93149000.0,,0.0,56274000.0,27538000.0,28736000.0,105352000.0,95574000.0,9778000.0,2656544909.0,-3867000.0,-10807000.0,891000.0,0.0,0.0,891000.0,-15297000.0,10269000.0,10540000.0,-4000.0,12436000.0,12436000.0,12436000.0,0.0,0.0,0.121,33285000.0,14116000.0,11807000.0,0.0,13.295,57.38,57.012,46618000.0,0.0,15.222,6.902,6.874,61282000.0,119023000.0,102430000.0,102430000.0,0.0,,,,,440000.0,33285000.0,1.0,174517549.0,174577500,178584750.0,0.587,263762000.0,6203000.0,7766000.0,2443000.0,1.511,78433000.0
74,APOL,MRQ,1998-06-30,1998-05-31,1998-05-31,2019-04-19,0.0,290867000.0,,169825000.0,121042000.0,,1.067,-9442000.0,80031000.0,80031000.0,61093000.0,15522000.0,1.879,0.563,0.0,0.0,0.0,0.0,74104000.0,3042000.0,0.0,0.0,0.0,25707000.0,28749000.0,0.269,28749000.0,25707000.0,25707000.0,0.089,0.089,0.089,186045000.0,,186045000.0,2390163188.0,34.0,26.892,15240000.0,0.087,1.0,45690000.0,0.428,49663000.0,0.0,70795000.0,,2907000.0,56535000.0,32273000.0,24262000.0,104822000.0,90378000.0,14444000.0,2467482188.0,4798000.0,0.0,1863000.0,0.0,0.0,1863000.0,-21747000.0,-11882000.0,24682000.0,0.0,15522000.0,15522000.0,15522000.0,0.0,0.0,0.145,19983000.0,25707000.0,8583000.0,0.0,13.263,56.979,57.01,42855000.0,0.0,14.196,6.947,6.966,47917000.0,106595000.0,106783000.0,106783000.0,0.0,,,,,3286000.0,19983000.0,1.0,173820755.0,174282750,178312500.0,0.613,241204000.0,4854000.0,10185000.0,1568000.0,1.384,79447000.0
75,APOL,MRQ,1998-03-31,1998-02-28,1998-02-28,2019-04-19,0.0,265718000.0,,163173000.0,102545000.0,,0.952,-4335000.0,77319000.0,77319000.0,54780000.0,7730000.0,1.905,0.607,0.0,0.0,0.0,0.0,73119000.0,2899000.0,0.0,0.0,0.0,12798000.0,15697000.0,0.182,15697000.0,12798000.0,12798000.0,0.044,0.044,0.044,165373000.0,,165373000.0,,,,198000.0,0.001,1.0,31684000.0,0.366,49624000.0,0.0,53117000.0,,2997000.0,44804000.0,30704000.0,14100000.0,100345000.0,85658000.0,14687000.0,2182673661.0,552000.0,0.0,1558000.0,0.0,0.0,1558000.0,-5540000.0,-806000.0,4533000.0,1000.0,7730000.0,7730000.0,7730000.0,0.0,0.0,0.089,18886000.0,12798000.0,6667000.0,0.0,13.198,55.487,55.317,35664000.0,0.0,12.557,6.691,6.684,46997000.0,91072000.0,86464000.0,86464000.0,0.0,,,,,1166000.0,18886000.0,1.0,173820755.0,173634750,177828750.0,0.498,216094000.0,3633000.0,5068000.0,1935000.0,1.245,77515000.0
76,APOL,MRQ,1997-12-31,1997-11-30,1997-11-30,2019-04-19,,,,,,,,-4864000.0,,,52623000.0,10609000.0,,,,,,,,3486000.0,,0.0,0.0,17565000.0,21051000.0,0.236,21051000.0,17565000.0,17565000.0,0.062,0.058,0.062,,,,,,,12272000.0,0.071,1.0,36577000.0,0.41,,0.0,,,,,,,,,,,-8085000.0,-19378000.0,1688000.0,-50000.0,0.0,1638000.0,-26862000.0,-2302000.0,17136000.0,3000.0,10609000.0,10609000.0,10609000.0,0.0,0.0,0.119,19012000.0,17565000.0,,0.0,,,59.581,,0.0,12.631,,7.237,,,89200000.0,89200000.0,0.0,,,,,2357000.0,19012000.0,1.0,,172705500,177050250.0,0.516,,,6956000.0,,,
77,APOL,MRQ,1997-09-30,1997-08-31,1997-08-31,2019-04-19,0.0,194910000.0,,143803000.0,51107000.0,,0.727,-1726000.0,78855000.0,78855000.0,46451000.0,9444000.0,2.134,0.568,0.0,0.0,0.0,0.0,47683000.0,8291000.0,0.0,0.0,0.0,15092000.0,23383000.0,0.322,23383000.0,15092000.0,15092000.0,0.053,0.053,0.053,124317000.0,,124317000.0,,,,12916000.0,0.076,1.0,26267000.0,0.361,2283000.0,0.0,46378000.0,,0.0,41429000.0,27182000.0,14247000.0,70593000.0,67394000.0,3199000.0,,-11458000.0,0.0,818000.0,0.0,0.0,-4247000.0,-21856000.0,-16641000.0,14642000.0,0.0,9444000.0,9444000.0,9444000.0,0.0,0.0,0.13,15349000.0,10918000.0,7714000.0,0.0,,,54.044,25251000.0,0.0,10.593,,6.456,32040000.0,72729000.0,72718000.0,72718000.0,0.0,,,,,7508000.0,15349000.0,1.0,,171067500,175612500.0,0.425,192627000.0,2873000.0,5648000.0,958000.0,1.126,76409000.0
78,APOL,MRQ,1997-06-30,1997-05-31,1997-05-31,2019-04-19,,,,,,,,-3929000.0,,,43572000.0,11554000.0,,,,,,,,0.0,,0.0,0.0,19256000.0,19256000.0,0.247,19256000.0,19256000.0,19256000.0,0.067,0.067,0.067,,,,,,,9212000.0,0.054,1.0,34270000.0,0.44,,0.0,,,,,,,,,,,5952000.0,0.0,595000.0,0.0,0.0,1784000.0,-8973000.0,-5062000.0,13141000.0,0.0,11554000.0,11554000.0,11554000.0,0.0,0.0,0.148,15014000.0,19256000.0,,0.0,,,,,0.0,10.483,,,,,77842000.0,77842000.0,0.0,,,,,0.0,15014000.0,1.0,,170511750,174899250.0,0.457,,,7702000.0,,,
79,APOL,MRQ,1997-03-31,1997-02-28,1997-02-28,2019-04-19,,,,,,,,,,,38089000.0,5092000.0,,,,,,,,,,0.0,0.0,8485000.0,,,,8485000.0,8485000.0,0.03,0.03,0.03,,,,,,,,,1.0,23563000.0,0.382,,0.0,,,,,,,,,,,,,,,,,,,,,5092000.0,5092000.0,5092000.0,0.0,0.0,0.083,15078000.0,8485000.0,,0.0,,,,,0.0,8.0,,,,,61652000.0,61652000.0,0.0,,,,,,15078000.0,1.0,,169975125,174845250.0,0.363,,,3393000.0,,,
0,APOL,MRT,2016-12-31,2016-11-30,2016-11-30,2019-04-19,-97933000.0,1955243000.0,2029024000.0,1081689000.0,873554000.0,0.986,9.687,-79490000.0,642145000.0,642145000.0,1169643000.0,-25704000.0,1.588,0.834,56781000.0,23530000.0,33251000.0,56781000.0,234794000.0,123965000.0,145018000.0,0.0,0.0,-11215000.0,112750000.0,0.056,112750000.0,-11215000.0,-17906000.0,-0.19,-0.19,-0.19,1062939000.0,1055505500.0,1062939000.0,518361930.0,-46.0,4.597,915000.0,0.008,1.0,830685000.0,0.415,445109000.0,6691000.0,243664000.0,305392250.0,0.0,124285000.0,117392000.0,6893000.0,886324000.0,681106000.0,205218000.0,1033760930.0,97508000.0,-97277000.0,-3760000.0,-9118000.0,0.0,-12878000.0,27463000.0,207322000.0,80405000.0,2518000.0,-19719000.0,-19719000.0,-19719000.0,6432000.0,-5985000.0,-0.01,842625000.0,-11940000.0,63360000.0,0.0,0.973,-52.425,-49.632,321345000.0,0.0,9.43,0.517,0.517,246306000.0,5018613000.0,2000328000.0,2000328000.0,0.0,-0.01,-0.019,-0.037,-0.006,26743000.0,581959000.0,1.0,109624701.0,109724000,110186000.0,18.231,1510134000.0,93761000.0,1813000.0,15479000.0,13.763,400583000.0
1,APOL,MRT,2016-09-30,2016-08-31,2016-08-31,2019-04-19,-85957000.0,2012906000.0,2051857750.0,1088725000.0,924181000.0,1.024,9.85,-73074000.0,606194000.0,606194000.0,1219817000.0,-91030000.0,1.522,0.875,90795000.0,55609000.0,35186000.0,90795000.0,188092000.0,125730000.0,178160000.0,0.0,0.0,-68003000.0,57727000.0,0.027,57727000.0,-68003000.0,-74725000.0,-0.78,-0.78,-0.78,1070334000.0,1061394500.0,1070334000.0,480146270.0,-7.0,8.318,-27990000.0,-0.258,1.0,882033000.0,0.42,463845000.0,6722000.0,318185000.0,344137250.0,0.0,216644000.0,197886000.0,18758000.0,936312000.0,715477000.0,220835000.0,964881270.0,-39681000.0,-97277000.0,-3280000.0,20737000.0,0.0,17457000.0,-104986000.0,68805000.0,45084000.0,2764000.0,-84554000.0,-84554000.0,-84554000.0,9691000.0,-6476000.0,-0.04,947626000.0,-65593000.0,59640000.0,0.0,0.901,-11.411,-11.372,332702000.0,0.0,8.87,0.459,0.459,224990000.0,5024528000.0,2101850000.0,2101850000.0,0.0,-0.041,-0.08,-0.198,-0.032,32862000.0,600914000.0,1.0,108780301.0,108660000,108660000.0,19.343,1549061000.0,97653000.0,9829000.0,16323000.0,14.256,373248000.0
2,APOL,MRT,2016-06-30,2016-05-31,2016-05-31,2019-04-19,-82286000.0,2037626000.0,2098897250.0,1064990000.0,972636000.0,1.053,9.794,-75121000.0,546846000.0,546846000.0,1272989000.0,-124940000.0,1.472,0.907,62111000.0,19514000.0,42597000.0,62111000.0,185025000.0,130584000.0,213986000.0,0.0,0.0,-104263000.0,26321000.0,0.012,26321000.0,-104263000.0,-110739000.0,-1.1,-1.1,-1.1,1064170000.0,1079950500.0,1064170000.0,480936882.0,-5.0,18.272,-20609000.0,-0.19,1.0,936673000.0,0.424,466521000.0,6476000.0,362685000.0,345055500.0,0.0,281624000.0,242301000.0,39323000.0,965697000.0,723685000.0,242012000.0,998426882.0,-205476000.0,-111735000.0,-3574000.0,-15060000.0,0.0,-70119000.0,-193018000.0,-15023000.0,54512000.0,3149000.0,-118901000.0,-118901000.0,-118901000.0,11538000.0,-6039000.0,-0.054,1035774000.0,-99101000.0,56297000.0,0.0,0.938,-8.397,-8.355,343094000.0,0.0,9.19,0.452,0.452,193477000.0,5061631000.0,2209662000.0,2209662000.0,0.0,-0.057,-0.11,-0.302,-0.047,36219000.0,657514000.0,1.0,108642751.0,108658000,109444000.0,20.336,1571105000.0,122937000.0,8162000.0,16924000.0,14.459,341305000.0
3,APOL,MRT,2016-03-31,2016-02-29,2016-02-29,2019-04-19,-90870000.0,2110321000.0,2177351000.0,1116889000.0,993432000.0,1.069,9.435,-88354000.0,579526000.0,579526000.0,1316146000.0,-97299000.0,1.344,1.05,62036000.0,20961000.0,41075000.0,62036000.0,258982000.0,132946000.0,201470000.0,0.0,0.0,-47529000.0,85417000.0,0.037,85417000.0,-47529000.0,-54151000.0,-0.84,-0.85,-0.84,1024579000.0,1108583500.0,1024579000.0,302963158.0,-6.0,3.547,48198000.0,0.444,1.0,1011872000.0,0.435,464963000.0,6622000.0,297035000.0,343217250.0,0.0,266305000.0,215038000.0,51267000.0,1075449000.0,830833000.0,244616000.0,888942158.0,-147044000.0,-111735000.0,-5450000.0,-18924000.0,0.0,-75859000.0,-208220000.0,-2817000.0,136552000.0,483000.0,-91581000.0,-91581000.0,-91581000.0,13724000.0,-5718000.0,-0.039,1049688000.0,-37816000.0,70758000.0,0.0,0.868,-9.707,-9.75,346498000.0,0.0,8.19,0.382,0.382,238626000.0,5031861000.0,2328018000.0,2328018000.0,0.0,-0.042,-0.083,-0.138,-0.02,35341000.0,692194000.0,1.0,108539946.0,108595000,108595000.0,21.438,1645358000.0,134769000.0,37430000.0,16745000.0,15.151,286056000.0
4,APOL,MRT,2015-12-31,2015-11-30,2015-11-30,2019-04-19,-83575000.0,2046578000.0,2251256000.0,1184991000.0,861587000.0,1.083,10.019,-92080000.0,629246000.0,629246000.0,1364159000.0,-70301000.0,1.577,0.874,43267000.0,22485000.0,20782000.0,43267000.0,187830000.0,135687000.0,239946000.0,0.0,0.0,-15058000.0,120629000.0,0.049,120629000.0,-15058000.0,-21447000.0,-0.59,-0.6,-0.59,1086495000.0,1135673500.0,1086495000.0,108907495.0,-7.0,0.903,39336000.0,0.363,1.0,1073614000.0,0.44,310464000.0,6389000.0,398644000.0,353794250.0,0.0,335886000.0,257012000.0,78874000.0,949862000.0,751491000.0,198371000.0,765335495.0,-154990000.0,-31705000.0,-23855000.0,-18231000.0,0.0,-93564000.0,-190444000.0,-61430000.0,131416000.0,-2398000.0,-64795000.0,-64795000.0,-64795000.0,24166000.0,-5506000.0,-0.027,1068083000.0,5531000.0,49282000.0,0.0,0.704,-11.812,-11.966,351602000.0,0.0,7.06,0.314,0.314,214379000.0,5092995000.0,2437773000.0,2437773000.0,0.0,-0.029,-0.057,-0.043,-0.006,37471000.0,723962000.0,1.0,108404461.0,108446000,108446000.0,22.479,1736114000.0,115985000.0,43348000.0,7928000.0,16.009,433500000.0
5,APOL,MRT,2015-09-30,2015-08-31,2015-08-31,2019-04-19,-80579000.0,2201064000.0,2345183500.0,1223300000.0,977764000.0,1.094,10.589,-97961000.0,702074000.0,702074000.0,1417303000.0,24295000.0,1.47,0.912,45646000.0,14080000.0,31566000.0,45646000.0,186950000.0,144830000.0,245470000.0,0.0,0.0,94513000.0,239343000.0,0.093,239343000.0,94513000.0,87918000.0,0.28,0.27,0.28,1144558000.0,1161936250.0,1144558000.0,443629473.0,5.0,1.854,70621000.0,0.653,1.0,1148974000.0,0.448,390434000.0,6595000.0,321858000.0,349087750.0,0.0,290491000.0,194676000.0,95815000.0,1044091000.0,832344000.0,211747000.0,1196704473.0,-714888000.0,-31705000.0,-43185000.0,-608935000.0,0.0,-724740000.0,-154301000.0,-20007000.0,168582000.0,-4429000.0,29755000.0,29755000.0,29755000.0,23185000.0,-5460000.0,0.012,1034030000.0,114944000.0,64100000.0,0.0,1.046,40.219,39.679,370281000.0,0.0,11.11,0.466,0.468,198459000.0,5153452000.0,2566277000.0,2566277000.0,0.0,0.013,0.026,0.271,0.037,38433000.0,761421000.0,1.0,107714174.0,108092000,109038000.0,23.742,1810630000.0,130476000.0,58163000.0,7729000.0,16.751,390956000.0
6,APOL,MRT,2015-06-30,2015-05-31,2015-05-31,2019-04-19,-59923000.0,2351441000.0,2568151250.0,1381473000.0,969968000.0,1.031,10.947,-94278000.0,808546000.0,808546000.0,1436182000.0,72341000.0,1.648,0.947,55471000.0,15088000.0,40383000.0,55471000.0,233995000.0,149458000.0,252058000.0,0.0,0.0,153528000.0,302986000.0,0.114,302986000.0,153528000.0,146482000.0,0.73,0.71,0.73,1178702000.0,1170828250.0,1178702000.0,1054646520.0,7.0,3.481,116326000.0,1.08,1.0,1212157000.0,0.458,404873000.0,7046000.0,355332000.0,344727500.0,0.0,271884000.0,201143000.0,70741000.0,1115649000.0,838161000.0,277488000.0,1784890520.0,-61574000.0,-21166000.0,-93936000.0,-14078000.0,0.0,-132949000.0,-134505000.0,-2005000.0,210604000.0,-4724000.0,78022000.0,78022000.0,78022000.0,27146000.0,-5681000.0,0.029,1034195000.0,177962000.0,72019000.0,0.0,1.514,22.877,22.712,399584000.0,0.0,16.58,0.674,0.674,220880000.0,5201238000.0,2648339000.0,2648339000.0,0.0,0.03,0.067,0.445,0.058,37421000.0,780976000.0,1.0,107653228.0,107678000,108623000.0,24.595,1946568000.0,142436000.0,68460000.0,22695000.0,18.078,543312000.0
7,APOL,MRT,2015-03-31,2015-02-28,2015-02-28,2019-04-19,-54574000.0,2405941000.0,2613005500.0,1412738000.0,993203000.0,1.058,10.474,-85857000.0,791065000.0,791065000.0,1469224000.0,89911000.0,1.536,1.074,60821000.0,15664000.0,45157000.0,60821000.0,261428000.0,155531000.0,262387000.0,0.0,0.0,178561000.0,334092000.0,0.121,334092000.0,178561000.0,171315000.0,0.88,0.86,0.88,1132939000.0,1178514500.0,1132939000.0,2247563750.0,13.0,6.727,151679000.0,1.402,1.0,1296367000.0,0.469,416400000.0,7246000.0,339343000.0,331287500.0,0.0,268841000.0,193745000.0,75096000.0,1216710000.0,919954000.0,296756000.0,2996568750.0,-79862000.0,-45683000.0,-138195000.0,-12833000.0,0.0,-175914000.0,-137868000.0,-3955000.0,237536000.0,-3616000.0,95983000.0,95983000.0,95983000.0,26989000.0,-6072000.0,0.035,1095365000.0,201002000.0,72294000.0,0.0,2.645,31.22,31.42,402920000.0,0.0,27.65,1.084,1.081,235453000.0,5152466000.0,2765591000.0,2765591000.0,0.0,0.037,0.081,0.539,0.065,40702000.0,810706000.0,1.0,108375000.0,108166000,108166000.0,25.568,1989541000.0,187531000.0,75332000.0,25715000.0,18.393,492784000.0
8,APOL,MRT,2014-12-31,2014-11-30,2014-11-30,2019-04-19,-40618000.0,2422288000.0,2644377750.0,1421216000.0,1001072000.0,1.083,10.974,-86637000.0,811897000.0,811897000.0,1490149000.0,138226000.0,1.632,0.983,62892000.0,15902000.0,46990000.0,62892000.0,248887000.0,158501000.0,252448000.0,0.0,0.0,235814000.0,394315000.0,0.138,394315000.0,235814000.0,228324000.0,1.32,1.3,1.32,1191546000.0,1190829000.0,1191546000.0,2592329720.0,11.0,6.574,178672000.0,1.646,1.0,1373093000.0,0.48,422718000.0,7490000.0,379818000.0,307201750.0,0.0,279247000.0,205687000.0,73560000.0,1171883000.0,870747000.0,301136000.0,3388181720.0,-203154000.0,-119454000.0,-174688000.0,-13992000.0,0.0,-213573000.0,-252478000.0,-47398000.0,265309000.0,-2412000.0,144198000.0,144198000.0,144198000.0,18519000.0,-5972000.0,0.05,1124326000.0,248767000.0,68405000.0,0.0,2.844,23.497,23.652,418088000.0,0.0,31.22,1.183,1.184,251518000.0,5179412000.0,2863242000.0,2863242000.0,0.0,0.055,0.121,0.768,0.082,40043000.0,821900000.0,1.0,108526000.0,108581000,109378000.0,26.37,1999570000.0,127022000.0,84126000.0,19093000.0,18.415,550469000.0
9,APOL,MRT,2014-09-30,2014-08-31,2014-08-31,2019-04-19,-27320000.0,3092935000.0,2654563250.0,2042550000.0,1050385000.0,1.129,10.598,-100666000.0,1452948000.0,1452948000.0,1498390000.0,204798000.0,1.323,1.566,657096000.0,609506000.0,47590000.0,657096000.0,225818000.0,158155000.0,280562000.0,0.0,0.0,344508000.0,502663000.0,0.168,502663000.0,344508000.0,336594000.0,1.88,1.86,1.88,1180126000.0,1195513750.0,1180126000.0,2222534930.0,6.0,4.422,275241000.0,2.472,1.0,1498475000.0,0.5,449266000.0,7914000.0,304417000.0,284497000.0,0.0,275283000.0,187472000.0,87811000.0,1847606000.0,1543400000.0,304206000.0,3046618930.0,-185672000.0,-119454000.0,-170916000.0,-36691000.0,0.0,-211358000.0,-350317000.0,-130803000.0,375907000.0,96000.0,209304000.0,209304000.0,209304000.0,16632000.0,-4506000.0,0.07,1143511000.0,354964000.0,63907000.0,0.0,2.582,14.556,14.771,435733000.0,0.0,27.77,1.017,1.032,225398000.0,5143949000.0,2996865000.0,2996865000.0,0.0,0.079,0.175,1.211,0.115,41534000.0,831802000.0,1.0,109709000.0,111354000,112610000.0,26.913,2643669000.0,155212000.0,127290000.0,22674000.0,23.741,499150000.0
10,APOL,MRT,2014-06-30,2014-05-31,2014-05-31,2019-04-19,-26543000.0,2530858000.0,2630816250.0,1406409000.0,1124449000.0,1.175,10.934,-103255000.0,894933000.0,894933000.0,1520419000.0,197624000.0,1.483,1.043,70849000.0,31093000.0,39756000.0,70849000.0,218246000.0,176548000.0,296625000.0,0.0,0.0,345139000.0,521687000.0,0.169,521687000.0,345139000.0,336484000.0,1.78,1.77,1.78,1209447000.0,1179881750.0,1209447000.0,2127233200.0,6.0,4.078,273446000.0,2.472,1.0,1571615000.0,0.508,457115000.0,8655000.0,301572000.0,260946500.0,0.0,274640000.0,168959000.0,105681000.0,1261724000.0,948087000.0,313637000.0,2982679200.0,-137943000.0,-119454000.0,-119652000.0,-18189000.0,0.0,-137789000.0,-377676000.0,-158413000.0,376701000.0,821000.0,201072000.0,201072000.0,201072000.0,22904000.0,-3448000.0,0.065,1211334000.0,360281000.0,65162000.0,0.0,2.466,14.834,15.056,447968000.0,0.0,26.8,0.965,0.959,201660000.0,5157935000.0,3092034000.0,3092034000.0,0.0,0.076,0.17,1.323,0.112,43216000.0,850656000.0,1.0,111294000.0,110613000,112082000.0,27.954,2073743000.0,146453000.0,135412000.0,42538000.0,18.748,458322000.0
11,APOL,MRT,2014-03-31,2014-02-28,2014-02-28,2019-04-19,-30024000.0,2531430000.0,2596340250.0,1427081000.0,1104349000.0,1.25,10.541,-128443000.0,929869000.0,929869000.0,1598007000.0,212784000.0,1.415,1.099,74423000.0,30781000.0,43642000.0,74423000.0,256899000.0,186284000.0,328394000.0,0.0,0.0,361040000.0,547324000.0,0.169,547324000.0,361040000.0,352360000.0,1.89,1.89,1.89,1182197000.0,1155561750.0,1182197000.0,2757896710.0,8.0,5.039,244139000.0,2.177,1.0,1647191000.0,0.508,424380000.0,8680000.0,243000000.0,229168750.0,0.0,269952000.0,158243000.0,111709000.0,1299124000.0,1008604000.0,290520000.0,3755857710.0,-175223000.0,-94937000.0,-74364000.0,-18051000.0,0.0,-92398000.0,-454505000.0,-234571000.0,372582000.0,-902000.0,215000000.0,215000000.0,215000000.0,20875000.0,-2216000.0,0.066,1271281000.0,375910000.0,64290000.0,0.0,3.177,17.469,17.635,457503000.0,0.0,33.33,1.157,1.152,199102000.0,5092511000.0,3245198000.0,3245198000.0,0.0,0.083,0.186,1.575,0.111,44440000.0,879285000.0,1.0,112687000.0,112151000,113380000.0,28.936,2107050000.0,140993000.0,137360000.0,24814000.0,18.788,418477000.0
12,APOL,MRT,2013-12-31,2013-11-30,2013-11-30,2019-04-19,-33827000.0,2463030000.0,2548498750.0,1533103000.0,929927000.0,1.337,10.68,-126175000.0,1073742000.0,1073742000.0,1680243000.0,214266000.0,1.632,1.035,75781000.0,21214000.0,54567000.0,75781000.0,223164000.0,210123000.0,309800000.0,0.0,0.0,379492000.0,589615000.0,0.173,589615000.0,379492000.0,370703000.0,1.88,1.88,1.88,1210285000.0,1119161000.0,1210285000.0,2000443410.0,5.0,3.393,270639000.0,2.388,1.0,1726573000.0,0.507,236802000.0,8789000.0,288999000.0,175174750.0,0.0,237461000.0,128736000.0,108725000.0,1252085000.0,939268000.0,312817000.0,2982048410.0,12121000.0,0.0,-19386000.0,-18490000.0,0.0,-37859000.0,-345581000.0,-217906000.0,396814000.0,-1253000.0,213922000.0,213922000.0,213922000.0,18903000.0,344000.0,0.063,1331179000.0,395394000.0,64487000.0,0.0,2.464,13.94,13.984,473058000.0,0.0,26.29,0.875,0.875,214225000.0,5073968000.0,3406816000.0,3406816000.0,0.0,0.084,0.191,2.166,0.111,44529000.0,927269000.0,1.0,113429000.0,113326000,113960000.0,30.062,2226228000.0,119458000.0,156781000.0,50881000.0,19.644,593835000.0
13,APOL,MRT,2013-09-30,2013-08-31,2013-08-31,2019-04-19,-36563000.0,2997947000.0,2524970500.0,2149656000.0,848291000.0,1.431,9.916,-119348000.0,1673659000.0,1673659000.0,1796801000.0,248965000.0,1.369,1.682,692054000.0,628050000.0,64004000.0,692054000.0,213260000.0,224000000.0,309176000.0,0.0,0.0,441346000.0,665346000.0,0.184,665346000.0,441346000.0,432601000.0,2.2,2.19,2.2,1117598000.0,1071310500.0,1117598000.0,1087166950.0,2.0,1.634,358700000.0,3.182,1.0,1817050000.0,0.503,235812000.0,8745000.0,210215000.0,111989750.0,0.0,149750000.0,105809000.0,43941000.0,1879938000.0,1570315000.0,309623000.0,2095345950.0,138110000.0,0.0,-5670000.0,-26151000.0,0.0,-74304000.0,-264652000.0,-143804000.0,478048000.0,-982000.0,248526000.0,248526000.0,248526000.0,18512000.0,439000.0,0.069,1361071000.0,455979000.0,73123000.0,0.0,1.875,8.431,8.441,472614000.0,0.0,18.57,0.58,0.579,215401000.0,4978815000.0,3613851000.0,3613851000.0,0.0,0.098,0.232,3.941,0.122,49445000.0,955073000.0,1.0,112835000.0,112712000,113285000.0,32.063,2762135000.0,154547000.0,184075000.0,12177000.0,24.506,579341000.0
14,APOL,MRT,2013-06-30,2013-05-31,2013-05-31,2019-04-19,-38584000.0,2392954000.0,2492564250.0,1532205000.0,860749000.0,1.514,9.865,-126220000.0,1095820000.0,1095820000.0,1919266000.0,301738000.0,1.575,1.151,87641000.0,20063000.0,67578000.0,87641000.0,222745000.0,209931000.0,350642000.0,0.0,0.0,512347000.0,722278000.0,0.191,722278000.0,512347000.0,501146000.0,2.71,2.69,2.71,1112167000.0,1024005500.0,1112167000.0,1191381920.0,2.0,1.649,399658000.0,3.545,1.0,1853413000.0,0.491,237230000.0,11201000.0,174461000.0,80962500.0,0.0,114317000.0,114317000.0,0.0,1279644000.0,973084000.0,306560000.0,2251033920.0,174595000.0,73149000.0,-81416000.0,-58386000.0,0.0,-182275000.0,-168888000.0,-114317000.0,525878000.0,-120000.0,302423000.0,302423000.0,302423000.0,-26317000.0,-685000.0,0.08,1371148000.0,482265000.0,77033000.0,0.0,2.024,7.443,7.376,503609000.0,0.0,19.99,0.597,0.597,197952000.0,4970125000.0,3772679000.0,3772679000.0,0.0,0.121,0.295,6.328,0.136,59128000.0,979051000.0,1.0,112608000.0,112742000,113372000.0,33.463,2155724000.0,148048000.0,198723000.0,34440000.0,19.121,559121000.0
15,APOL,MRT,2013-03-31,2013-02-28,2013-02-28,2019-04-19,-37246000.0,2340064000.0,2461811750.0,1466195000.0,873869000.0,1.604,9.208,-101854000.0,1150935000.0,1150935000.0,2022208000.0,355950000.0,1.448,1.257,91283000.0,20080000.0,71203000.0,91283000.0,260669000.0,205786000.0,363721000.0,0.0,0.0,604890000.0,810676000.0,0.205,810676000.0,604890000.0,592799000.0,3.13,3.11,3.13,1036594000.0,971885750.0,1036594000.0,868746930.0,1.0,1.072,363917000.0,3.233,1.0,1925955000.0,0.488,241081000.0,12091000.0,27024000.0,56852000.0,0.0,31804000.0,31804000.0,0.0,1302523000.0,1012307000.0,290216000.0,1898532930.0,20430000.0,73149000.0,-424334000.0,-61597000.0,0.0,-528418000.0,82821000.0,-31974000.0,465771000.0,256000.0,356504000.0,356504000.0,356504000.0,-29421000.0,-554000.0,0.09,1354234000.0,571721000.0,76017000.0,0.0,1.832,5.325,5.39,502702000.0,0.0,16.87,0.481,0.481,177557000.0,4890172000.0,3948163000.0,3948163000.0,0.0,0.145,0.367,10.64,0.153,65715000.0,986084000.0,1.0,112539000.0,112573000,113068000.0,35.072,2098983000.0,149792000.0,236295000.0,13750000.0,18.646,453888000.0
16,APOL,MRT,2012-12-31,2012-11-30,2012-11-30,2019-04-19,-34188000.0,2368917000.0,2549196250.0,1454083000.0,914834000.0,1.599,9.063,-119141000.0,1127584000.0,1127584000.0,2097286000.0,403462000.0,1.38,1.324,97798000.0,22236000.0,75562000.0,97798000.0,262813000.0,184957000.0,381124000.0,0.0,0.0,683759000.0,868716000.0,0.213,868716000.0,683759000.0,671971000.0,3.52,3.5,3.52,1018883000.0,984112250.0,1018883000.0,1282311520.0,2.0,1.476,341048000.0,3.034,1.0,1979187000.0,0.486,249347000.0,11788000.0,36259000.0,24472750.0,0.0,0.0,0.0,0.0,1348888000.0,1053525000.0,295363000.0,2157109520.0,-425028000.0,76434000.0,-724216000.0,-60388000.0,0.0,-826326000.0,-59220000.0,-14819000.0,460189000.0,329000.0,406859000.0,406859000.0,406859000.0,-31351000.0,-3397000.0,0.1,1333541000.0,645646000.0,63202000.0,0.0,2.117,5.302,5.452,546520000.0,0.0,19.19,0.529,0.529,201456000.0,4876645000.0,4076473000.0,4076473000.0,0.0,0.16,0.413,27.94,0.168,73924000.0,974520000.0,1.0,112408000.0,112420000,112849000.0,36.261,2119570000.0,140976000.0,265112000.0,76813000.0,18.854,400558000.0
17,APOL,MRT,2012-09-30,2012-08-31,2012-08-31,2019-04-19,-30034000.0,2868322000.0,2695379750.0,1937990000.0,930332000.0,1.556,7.634,-115187000.0,1594709000.0,1594709000.0,2148497000.0,417006000.0,1.171,2.094,719911000.0,638588000.0,81323000.0,719911000.0,254555000.0,178234000.0,362143000.0,0.0,0.0,717202000.0,895436000.0,0.214,895436000.0,717202000.0,705457000.0,3.48,3.45,3.48,928378000.0,1060320500.0,928378000.0,2214084750.0,3.0,2.473,436113000.0,3.586,1.0,2044693000.0,0.488,252379000.0,11745000.0,86106000.0,-21519500.0,0.0,5946000.0,0.0,5946000.0,1943999000.0,1655039000.0,288960000.0,3044118750.0,-295289000.0,2698000.0,-799964000.0,66876000.0,0.0,-731938000.0,-114183000.0,0.0,551300000.0,-468000.0,422678000.0,422678000.0,422678000.0,-33499000.0,-5672000.0,0.101,1368325000.0,676368000.0,74872000.0,0.0,3.279,7.202,7.716,571629000.0,0.0,26.85,0.726,0.779,198279000.0,4743150000.0,4193190000.0,4193190000.0,0.0,0.157,0.399,-33.328,0.171,77555000.0,983571000.0,1.0,113375000.0,121607000,122357000.0,34.481,2615943000.0,173021000.0,282779000.0,15881000.0,21.511,282951000.0
18,APOL,MRT,2012-06-30,2012-05-31,2012-05-31,2019-04-19,-31673000.0,2269944000.0,2795725750.0,1284104000.0,985840000.0,1.558,7.65,-128549000.0,956028000.0,956028000.0,2166901000.0,526773000.0,1.219,1.514,125994000.0,35827000.0,90167000.0,125994000.0,260167000.0,175075000.0,387188000.0,0.0,0.0,833650000.0,1008725000.0,0.232,1008725000.0,833650000.0,824308000.0,4.15,4.14,4.15,903688000.0,1138317000.0,903688000.0,2647716080.0,3.0,2.625,435796000.0,3.689,1.0,2190087000.0,0.503,308780000.0,9342000.0,78019000.0,-41060250.0,0.0,5946000.0,0.0,5946000.0,1368514000.0,1053111000.0,315403000.0,3838892080.0,-824202000.0,-58812000.0,-1081536000.0,-120243000.0,0.0,-1197842000.0,-189055000.0,0.0,564345000.0,-1650000.0,535842000.0,535842000.0,535842000.0,-11404000.0,-9069000.0,0.123,1378011000.0,812076000.0,58710000.0,0.0,4.248,7.164,7.667,559497000.0,0.0,31.82,0.881,0.863,191665000.0,4667702000.0,4356988000.0,4356988000.0,0.0,0.192,0.471,-20.303,0.191,75088000.0,1003578000.0,1.0,120644000.0,118134000,118793000.0,36.882,1961164000.0,180463000.0,288466000.0,21599000.0,16.601,230993000.0
19,APOL,MRT,2012-03-31,2012-02-29,2012-02-29,2019-04-19,-27566000.0,2689602000.0,3016202750.0,1692623000.0,996979000.0,1.482,8.663,-143508000.0,1318686000.0,1318686000.0,2163562000.0,605656000.0,1.32,1.48,127510000.0,33694000.0,93816000.0,127510000.0,302787000.0,171045000.0,408921000.0,0.0,0.0,954935000.0,1125980000.0,0.252,1125980000.0,954935000.0,946040000.0,4.54,4.52,4.54,1085500000.0,1258616250.0,1085500000.0,3925221760.0,4.0,3.486,675448000.0,5.391,1.0,2307005000.0,0.516,318526000.0,8895000.0,-102493000.0,-58277500.0,0.0,5946000.0,0.0,5946000.0,1606041000.0,1282393000.0,323648000.0,5389013760.0,-232610000.0,-55450000.0,-889724000.0,-115444000.0,0.0,-1000586000.0,-50019000.0,0.0,818956000.0,-961000.0,614248000.0,614248000.0,614248000.0,-8840000.0,-8592000.0,0.137,1369850000.0,937155000.0,86916000.0,0.0,4.965,8.773,9.392,570004000.0,0.0,42.64,1.205,1.195,207127000.0,4533668000.0,4470567000.0,4470567000.0,0.0,0.204,0.488,-16.386,0.214,75460000.0,1005801000.0,1.0,126384000.0,125298000,126467000.0,35.679,2371076000.0,198141000.0,331792000.0,24065000.0,18.923,410230000.0
20,APOL,MRT,2011-12-31,2011-11-30,2011-11-30,2019-04-19,-31124000.0,2953651000.0,3122827000.0,1986731000.0,966920000.0,1.459,10.158,-135518000.0,1578129000.0,1578129000.0,2160477000.0,447412000.0,1.507,1.231,114337000.0,27598000.0,86739000.0,114337000.0,314919000.0,168202000.0,399803000.0,0.0,0.0,859824000.0,1028026000.0,0.226,1028026000.0,859824000.0,851064000.0,3.58,3.56,3.58,1323716000.0,1315991250.0,1323716000.0,4978601840.0,6.0,4.843,677170000.0,5.196,1.0,2396037000.0,0.526,319207000.0,8760000.0,-147710000.0,-15649250.0,0.0,5946000.0,0.0,5946000.0,1629334000.0,1318362000.0,310972000.0,6330663840.0,160547000.0,-52485000.0,-661288000.0,-119712000.0,0.0,-769808000.0,117630000.0,10000000.0,812688000.0,37000.0,486328000.0,486328000.0,486328000.0,-9485000.0,-38916000.0,0.107,1585627000.0,810410000.0,65963000.0,0.0,4.782,13.017,13.542,549364000.0,0.0,48.48,1.389,1.387,250895000.0,4469786000.0,4556514000.0,4556514000.0,0.0,0.156,0.37,-54.943,0.189,71583000.0,1004393000.0,1.0,130583000.0,130318000,130874000.0,34.965,2634444000.0,184599000.0,364736000.0,104943000.0,20.216,668369000.0
21,APOL,MRT,2011-09-30,2011-08-31,2011-08-31,2019-04-19,-23761000.0,3269706000.0,3228830000.0,2370786000.0,898920000.0,1.459,8.78,-162573000.0,1951071000.0,1951071000.0,2175372000.0,535796000.0,1.432,1.633,599009000.0,419318000.0,179691000.0,599009000.0,293436000.0,159006000.0,424045000.0,0.0,0.0,1000494000.0,1159500000.0,0.246,1159500000.0,1000494000.0,991563000.0,4.05,4.04,4.05,1240364000.0,1343271750.0,1240364000.0,4842878700.0,5.0,4.177,734549000.0,5.2,1.0,2535677000.0,0.538,254414000.0,8931000.0,7943000.0,10791500.0,0.0,5946000.0,0.0,5946000.0,2025717000.0,1655287000.0,370430000.0,6450424700.0,286895000.0,21251000.0,-758265000.0,-27874000.0,0.0,-775250000.0,164311000.0,10000000.0,897122000.0,712000.0,572427000.0,572427000.0,572427000.0,-6709000.0,-36631000.0,0.122,1579819000.0,955858000.0,69551000.0,0.0,5.2,11.269,11.562,553027000.0,0.0,46.825,1.369,1.404,215567000.0,4320472000.0,4711049000.0,4711049000.0,0.0,0.177,0.426,92.711,0.212,66026000.0,1009947000.0,1.0,137756000.0,141269000,141750000.0,33.348,3015292000.0,230715000.0,419136000.0,26400000.0,21.344,715499000.0
22,APOL,MRT,2011-06-30,2011-05-31,2011-05-31,2019-04-19,-23940000.0,3151852000.0,3311766250.0,2240863000.0,910989000.0,1.465,9.902,-179587000.0,1802820000.0,1802820000.0,2200376000.0,363259000.0,1.752,1.27,195274000.0,24153000.0,171121000.0,195274000.0,311445000.0,156371000.0,404155000.0,0.0,0.0,932950000.0,1089321000.0,0.225,1089321000.0,932950000.0,922986000.0,2.98,2.98,2.98,1384885000.0,1372193250.0,1384885000.0,4386669330.0,5.0,4.027,797427000.0,5.702,1.0,2650739000.0,0.546,256397000.0,9964000.0,9150000.0,24823750.0,0.0,5946000.0,0.0,5946000.0,1758494000.0,1278759000.0,479735000.0,5821299330.0,534365000.0,4115000.0,-501755000.0,-8806000.0,0.0,-502251000.0,58470000.0,64924000.0,977014000.0,1132000.0,424786000.0,424786000.0,424786000.0,2545000.0,-61527000.0,0.088,1779815000.0,870924000.0,60071000.0,0.0,4.203,13.704,13.795,520225000.0,0.0,41.11,1.2,1.185,227171000.0,4131860000.0,4851115000.0,4851115000.0,0.0,0.128,0.31,37.583,0.192,67087000.0,1006017000.0,1.0,141603000.0,139856000,140343000.0,34.686,2895455000.0,276300000.0,498200000.0,32882000.0,20.703,962104000.0
23,APOL,MRT,2011-03-31,2011-02-28,2011-02-28,2019-04-19,-26607000.0,3116099000.0,3317049250.0,1947940000.0,1168159000.0,1.493,9.238,-181567000.0,1625592000.0,1625592000.0,2200352000.0,329530000.0,1.436,1.364,190962000.0,23254000.0,167708000.0,190962000.0,317278000.0,152100000.0,496922000.0,0.0,0.0,891394000.0,1043494000.0,0.211,1043494000.0,891394000.0,881834000.0,2.65,2.65,2.65,1315000000.0,1372286000.0,1315000000.0,5020669700.0,6.0,4.811,879456000.0,6.178,1.0,2752330000.0,0.556,257179000.0,9560000.0,68020000.0,9293000.0,0.0,5946000.0,0.0,5946000.0,1793659000.0,1356270000.0,437389000.0,6478742700.0,372499000.0,753000.0,-480104000.0,-7408000.0,0.0,-471298000.0,-217582000.0,89847000.0,1061023000.0,356000.0,391629000.0,391629000.0,391629000.0,1001000.0,-62099000.0,0.079,1925588000.0,826742000.0,79300000.0,0.0,4.927,16.543,17.079,654465000.0,0.0,45.26,1.308,1.301,217800000.0,3919420000.0,4952682000.0,4952682000.0,0.0,0.118,0.285,95.921,0.18,58801000.0,984156000.0,1.0,143145000.0,142354000,142354000.0,34.791,2858920000.0,295618000.0,490205000.0,32621000.0,20.083,591670000.0
24,APOL,MRT,2010-12-31,2010-11-30,2010-11-30,2019-04-19,-28697000.0,3377663000.0,3288167250.0,1992109000.0,1385554000.0,1.513,9.79,-181243000.0,1639512000.0,1639512000.0,2210035000.0,517117000.0,1.337,1.334,181439000.0,26618000.0,154821000.0,181439000.0,365450000.0,148562000.0,487433000.0,0.0,0.0,1042616000.0,1191178000.0,0.239,1191178000.0,1042616000.0,1031490000.0,3.7,3.7,3.7,1432838000.0,1378449500.0,1432838000.0,3754288000.0,4.0,3.152,832445000.0,5.688,1.0,2764354000.0,0.556,471816000.0,11126000.0,-41947000.0,-1824250.0,0.0,15174000.0,0.0,15174000.0,1911469000.0,1489721000.0,421748000.0,5025404000.0,135228000.0,-5497000.0,-606557000.0,-8723000.0,0.0,-606341000.0,-270530000.0,42825000.0,1013688000.0,-1589000.0,548273000.0,548273000.0,548273000.0,14214000.0,-31156000.0,0.11,1741582000.0,1022772000.0,94035000.0,0.0,3.507,9.166,9.189,643023000.0,0.0,34.0,1.01,1.0,256931000.0,3983458000.0,4974389000.0,4974389000.0,0.0,0.167,0.398,-571.531,0.21,58704000.0,952705000.0,1.0,147806000.0,146352000,146663000.0,33.989,2905847000.0,266888000.0,483217000.0,141892000.0,19.855,502388000.0
25,APOL,MRT,2010-09-30,2010-08-31,2010-08-31,2019-04-19,-31176000.0,3601451000.0,3260010000.0,2253212000.0,1348239000.0,1.505,8.924,-168177000.0,1855516000.0,1855516000.0,2186417000.0,521581000.0,1.256,1.632,584400000.0,416361000.0,168039000.0,584400000.0,359724000.0,147035000.0,493245000.0,0.0,0.0,1028485000.0,1175520000.0,0.24,1175520000.0,1028485000.0,1016621000.0,3.64,3.62,3.64,1356050000.0,1382810250.0,1356050000.0,5060888210.0,5.0,4.305,865065000.0,5.693,1.0,2720196000.0,0.554,472752000.0,11864000.0,64072000.0,-17374250.0,0.0,15174000.0,0.0,15174000.0,2212711000.0,1793511000.0,419200000.0,6268507210.0,316523000.0,-5497000.0,-426727000.0,-2114000.0,0.0,-419733000.0,-295289000.0,5000000.0,1033242000.0,-1697000.0,553002000.0,553002000.0,553002000.0,13886000.0,-31421000.0,0.113,1711481000.0,1008715000.0,90830000.0,0.0,4.623,11.335,11.673,619537000.0,0.0,42.49,1.278,1.316,264377000.0,3748045000.0,4906613000.0,4906613000.0,0.0,0.17,0.4,-59.196,0.21,57657000.0,923964000.0,1.0,147529000.0,151955000,152906000.0,32.29,3128699000.0,305029000.0,463619000.0,38875000.0,20.59,459701000.0
26,APOL,MRT,2010-06-30,2010-05-31,2010-05-31,2019-04-19,-49741000.0,3172984000.0,3175491500.0,1862338000.0,1310646000.0,1.493,9.166,-140799000.0,1374209000.0,1374209000.0,2285393000.0,598016000.0,1.333,1.248,166590000.0,51437000.0,115153000.0,166590000.0,333972000.0,148526000.0,490877000.0,0.0,0.0,1054619000.0,1203145000.0,0.254,1203145000.0,1054619000.0,1044623000.0,3.94,3.92,3.94,1385256000.0,1333778500.0,1385256000.0,7066957360.0,7.0,5.874,766260000.0,5.07,1.0,2454173000.0,0.518,621074000.0,9996000.0,-52973000.0,-40745750.0,0.0,19579000.0,4405000.0,15174000.0,1728338000.0,1397264000.0,331074000.0,8058843360.0,96282000.0,-523795000.0,-348558000.0,71469000.0,0.0,-204188000.0,-603679000.0,60915000.0,907059000.0,-2910000.0,603540000.0,603540000.0,603540000.0,14509000.0,-5524000.0,0.127,1385881000.0,1068292000.0,73734000.0,0.0,5.818,13.353,13.492,587931000.0,0.0,53.16,1.7,1.695,249231000.0,3707074000.0,4739566000.0,4739566000.0,0.0,0.19,0.453,-25.883,0.223,51428000.0,544502000.0,1.0,151596000.0,151127000,152291000.0,31.361,2551910000.0,241435000.0,441083000.0,49506000.0,16.886,465074000.0
27,APOL,MRT,2010-03-31,2010-02-28,2010-02-28,2019-04-19,-30122000.0,3000571000.0,2951256500.0,1642937000.0,1357634000.0,1.508,8.692,-131369000.0,1167995000.0,1167995000.0,2117991000.0,619092000.0,1.248,1.195,176109000.0,54587000.0,121522000.0,176109000.0,344555000.0,138191000.0,522548000.0,0.0,0.0,1095117000.0,1233308000.0,0.277,1233308000.0,1095117000.0,1086591000.0,4.03,4.0,4.03,1339654000.0,1247021250.0,1339654000.0,8091926800.0,7.0,6.561,739930000.0,4.801,1.0,2331745000.0,0.524,668841000.0,8526000.0,23551000.0,-85210750.0,0.0,19579000.0,0.0,19579000.0,1600992000.0,1316293000.0,284699000.0,9274513800.0,-223580000.0,-523795000.0,-621936000.0,71676000.0,0.0,-483580000.0,-609404000.0,45760000.0,871299000.0,-1895000.0,625361000.0,625361000.0,625361000.0,21923000.0,-6269000.0,0.141,1220948000.0,1110797000.0,71718000.0,0.0,6.923,14.831,14.859,573740000.0,0.0,59.88,2.084,2.074,261205000.0,3527791000.0,4449736000.0,4449736000.0,0.0,0.212,0.501,-12.852,0.246,58095000.0,629593000.0,1.0,154885000.0,154119000,155168000.0,28.872,2331730000.0,231492000.0,461230000.0,53659000.0,15.129,326644000.0
28,APOL,MRT,2009-12-31,2009-11-30,2009-11-30,2019-04-19,-9732000.0,3265034000.0,2809684750.0,1857002000.0,1408032000.0,1.512,9.367,-134284000.0,1375391000.0,1375391000.0,1948797000.0,653654000.0,1.271,1.206,192804000.0,65037000.0,127767000.0,192804000.0,377134000.0,126028000.0,480181000.0,0.0,0.0,1141384000.0,1267412000.0,0.298,1267412000.0,1141384000.0,1135457000.0,4.21,4.17,4.21,1450281000.0,1227992500.0,1450281000.0,8024892380.0,7.0,6.332,802228000.0,5.182,1.0,2300146000.0,0.541,725197000.0,5927000.0,-104147000.0,-104128000.0,0.0,19579000.0,0.0,19579000.0,1749460000.0,1461397000.0,288063000.0,8836376380.0,108360000.0,-523795000.0,-346493000.0,76392000.0,0.0,-196290000.0,-630922000.0,27157000.0,936512000.0,-940000.0,658101000.0,658101000.0,658101000.0,14737000.0,-4447000.0,0.155,1151229000.0,1148917000.0,74809000.0,0.0,6.093,13.427,13.556,577453000.0,0.0,57.07,2.08,2.08,340973000.0,3435185000.0,4248943000.0,4248943000.0,0.0,0.234,0.536,-10.961,0.269,52242000.0,713502000.0,1.0,154834000.0,154824000,156045000.0,27.444,2539837000.0,172762000.0,477356000.0,184211000.0,16.405,395605000.0
29,APOL,MRT,2009-09-30,2009-08-31,2009-08-31,2019-04-19,-13740000.0,3263377000.0,2547574750.0,1880017000.0,1383360000.0,1.552,7.352,-127356000.0,1400550000.0,1400550000.0,1771827000.0,593830000.0,1.071,1.758,589066000.0,461365000.0,127701000.0,589066000.0,333041000.0,113350000.0,491639000.0,0.0,0.0,1059487000.0,1172837000.0,0.297,1172837000.0,1059487000.0,1055039000.0,3.79,3.75,3.79,1159923000.0,1124607500.0,1159923000.0,8679941600.0,8.0,7.401,784722000.0,4.974,1.0,2181739000.0,0.552,726029000.0,4448000.0,-29414000.0,-113960500.0,0.0,19579000.0,0.0,19579000.0,2038764000.0,1755278000.0,283486000.0,9965259600.0,485051000.0,-523795000.0,-335411000.0,475829000.0,0.0,217941000.0,-643116000.0,8035000.0,912078000.0,-1852000.0,598319000.0,598319000.0,598319000.0,16377000.0,-4489000.0,0.151,1115804000.0,1065935000.0,66928000.0,0.0,8.591,16.655,17.108,557507000.0,0.0,64.84,2.521,2.587,298270000.0,3195043000.0,3953566000.0,3953566000.0,0.0,0.235,0.532,-9.297,0.268,49495000.0,775455000.0,1.0,153690000.0,157760000,159514000.0,25.061,2537348000.0,211934000.0,456720000.0,55636000.0,16.084,124739000.0
30,APOL,MRT,2009-06-30,2009-05-31,2009-05-31,2019-04-19,-14636000.0,2276044000.0,2196833500.0,1569740000.0,706304000.0,1.69,6.587,-119510000.0,1285318000.0,1285318000.0,1473624000.0,734991000.0,1.404,1.18,0.0,0.0,0.0,0.0,261158000.0,106220000.0,505685000.0,0.0,0.0,1256407000.0,1362627000.0,0.367,1362627000.0,1256407000.0,1250395000.0,4.6,4.55,4.6,1038227000.0,1043179000.0,1038227000.0,8122005600.0,6.0,5.961,847853000.0,5.379,1.0,2238362000.0,0.603,103612000.0,6012000.0,-230833000.0,-94280750.0,0.0,23392000.0,991000.0,22401000.0,1224761000.0,1117947000.0,106814000.0,9504816600.0,558627000.0,-23461000.0,-287557000.0,-2326000.0,0.0,-270499000.0,-137944000.0,-89973000.0,967363000.0,-293000.0,736403000.0,736403000.0,736403000.0,19606000.0,-1412000.0,0.198,989699000.0,1248663000.0,56965000.0,0.0,9.155,12.907,12.848,467321000.0,0.0,59.1,2.561,2.509,192612000.0,3103534000.0,3711986000.0,3711986000.0,0.0,0.335,0.706,-13.326,0.338,41294000.0,1159665000.0,1.0,160826000.0,157616000,159305000.0,23.551,2172432000.0,141817000.0,513992000.0,2012000.0,13.783,451793000.0
31,APOL,MRT,2009-03-31,2009-02-28,2009-02-28,2019-04-19,-15187000.0,2434284000.0,2055877750.0,1717986000.0,716298000.0,1.702,7.89,-112920000.0,1382811000.0,1382811000.0,1430580000.0,673485000.0,1.721,0.917,0.0,0.0,0.0,0.0,247466000.0,101289000.0,521468000.0,0.0,0.0,1137314000.0,1238603000.0,0.354,1238603000.0,1137314000.0,1131811000.0,4.17,4.14,4.17,1263539000.0,930970500.0,1263539000.0,10327058500.0,9.0,8.338,779261000.0,4.866,1.0,2069049000.0,0.591,105065000.0,5503000.0,-52118000.0,-19431250.0,0.0,24394000.0,1393000.0,23001000.0,1159218000.0,998526000.0,160692000.0,11566722500.0,472454000.0,-46708000.0,-336435000.0,-2322000.0,0.0,-314453000.0,-104765000.0,-40137000.0,892181000.0,-509000.0,674405000.0,674405000.0,674405000.0,14276000.0,-920000.0,0.193,943698000.0,1125351000.0,67756000.0,0.0,9.154,17.151,17.386,457528000.0,0.0,72.5,3.305,3.318,193953000.0,2902430000.0,3499629000.0,3499629000.0,0.0,0.328,0.724,-58.53,0.325,37743000.0,1112098000.0,1.0,159541000.0,160153000,162757000.0,21.852,2329219000.0,212518000.0,457406000.0,1943000.0,14.544,719460000.0
32,APOL,MRT,2008-12-31,2008-11-30,2008-11-30,2019-04-19,-15598000.0,2216594000.0,1926729750.0,1519898000.0,696696000.0,1.725,6.515,-111411000.0,1239664000.0,1239664000.0,1393887000.0,516370000.0,1.489,1.127,0.0,0.0,0.0,0.0,217717000.0,97259000.0,455438000.0,0.0,0.0,875020000.0,972279000.0,0.293,972279000.0,875020000.0,870138000.0,3.2,3.18,3.2,1036741000.0,836447500.0,1036741000.0,11351593120.0,13.0,11.675,787553000.0,4.949,1.0,1929842000.0,0.581,99382000.0,4882000.0,-143477000.0,53451750.0,0.0,24398000.0,1397000.0,23001000.0,1168002000.0,1021025000.0,146977000.0,12218943120.0,254774000.0,-46730000.0,-386413000.0,1118000.0,0.0,-363713000.0,-279979000.0,-121838000.0,898964000.0,-498000.0,517020000.0,517020000.0,517020000.0,10824000.0,-650000.0,0.156,1074797000.0,855045000.0,54796000.0,0.0,11.786,23.633,24.012,442477000.0,0.0,76.84,3.676,3.679,200695000.0,2777084000.0,3323729000.0,3323729000.0,0.0,0.268,0.618,16.37,0.263,44332000.0,1074797000.0,1.0,159018000.0,159138000,160762000.0,20.886,2117212000.0,153841000.0,353118000.0,118860000.0,13.304,498873000.0
33,APOL,MRT,2008-09-30,2008-08-31,2008-08-31,2019-04-19,-3958000.0,1860412000.0,1801764750.0,1169543000.0,690869000.0,1.739,5.083,-104879000.0,867350000.0,867350000.0,1349879000.0,475927000.0,1.351,1.216,30916000.0,15488000.0,15428000.0,30916000.0,231179000.0,92496000.0,413302000.0,0.0,0.0,794000000.0,886496000.0,0.283,886496000.0,794000000.0,790550000.0,2.9,2.87,2.9,834209000.0,793736750.0,834209000.0,9400979480.0,12.0,10.605,621127000.0,3.785,1.0,1783557000.0,0.569,109064000.0,3450000.0,49305000.0,109841000.0,0.0,28264000.0,3060000.0,25204000.0,1014247000.0,865609000.0,148638000.0,10093980480.0,143876000.0,-93763000.0,-351393000.0,-444000.0,0.0,-321040000.0,-260818000.0,-62176000.0,726006000.0,-272000.0,476525000.0,476525000.0,476525000.0,10824000.0,-598000.0,0.152,1016181000.0,767376000.0,46589000.0,0.0,12.1,21.182,21.959,439135000.0,0.0,63.68,3.221,3.335,221919000.0,2595340000.0,3133436000.0,3133436000.0,0.0,0.264,0.6,7.229,0.253,34922000.0,1016181000.0,1.0,158511000.0,164109000,165870000.0,19.094,1751348000.0,144933000.0,314025000.0,8854000.0,10.672,303934000.0
34,APOL,MRT,2008-06-30,2008-05-31,2008-05-31,2019-04-19,-2195000.0,1712221000.0,1699127500.0,882047000.0,830174000.0,1.779,3.621,-114383000.0,693001000.0,693001000.0,1335857000.0,350092000.0,1.022,1.894,0.0,0.0,0.0,0.0,206005000.0,75199000.0,386755000.0,0.0,0.0,563201000.0,638400000.0,0.211,638400000.0,563201000.0,562969000.0,2.1,2.09,2.1,589393000.0,743644500.0,589393000.0,7175281670.0,13.0,11.239,636219000.0,3.909,1.0,1687599000.0,0.558,87673000.0,232000.0,68565000.0,107113000.0,0.0,65401000.0,28366000.0,37035000.0,1116229000.0,862982000.0,253247000.0,8041766670.0,-390902000.0,-70302000.0,-808916000.0,-709000.0,0.0,-782971000.0,-357701000.0,-77873000.0,750602000.0,-832000.0,350092000.0,350092000.0,350092000.0,0.0,0.0,0.116,1155557000.0,532042000.0,42234000.0,0.0,13.644,22.97,22.757,421588000.0,0.0,47.79,2.66,2.573,184183000.0,2367131000.0,3023456000.0,3023456000.0,0.0,0.206,0.471,5.258,0.186,43033000.0,985591000.0,1.0,168273000.0,162751000,163841000.0,18.577,1624548000.0,208397000.0,212877000.0,30753000.0,9.982,19065000.0
35,APOL,MRT,2008-03-31,2008-02-29,2008-02-29,2019-04-19,-1810000.0,1917692000.0,1696153250.0,1074142000.0,843550000.0,1.723,5.27,-110316000.0,866485000.0,866485000.0,1309309000.0,342424000.0,1.442,1.166,0.0,0.0,0.0,0.0,174440000.0,73278000.0,388463000.0,0.0,0.0,550046000.0,623324000.0,0.213,623324000.0,550046000.0,549814000.0,2.01,1.99,2.01,885447000.0,832404250.0,885447000.0,9454201260.0,17.0,15.167,594027000.0,3.536,1.0,1612322000.0,0.552,66773000.0,232000.0,239414000.0,108523250.0,0.0,124893000.0,30879000.0,94014000.0,1032245000.0,745020000.0,287225000.0,10295083260.0,-12118000.0,-47055000.0,-355428000.0,0.0,0.0,-334796000.0,-380086000.0,-173114000.0,704343000.0,-1579000.0,342424000.0,342424000.0,342424000.0,0.0,0.0,0.117,1098407000.0,513915000.0,42299000.0,0.0,11.627,30.065,30.537,389801000.0,0.0,61.38,3.524,3.53,160478000.0,2219696000.0,2921631000.0,2921631000.0,0.0,0.202,0.411,5.068,0.188,36546000.0,930007000.0,1.0,167727000.0,168005000,168005000.0,17.39,1850919000.0,252569000.0,207390000.0,0.0,11.017,329122000.0
36,APOL,MRT,2007-12-31,2007-11-30,2007-11-30,2019-04-19,-1662000.0,1716734000.0,1593193250.0,1131067000.0,585667000.0,1.781,5.184,-103480000.0,840882000.0,840882000.0,1276025000.0,434801000.0,1.556,0.983,0.0,0.0,0.0,0.0,159961000.0,72326000.0,329862000.0,0.0,0.0,699961000.0,772287000.0,0.272,772287000.0,699961000.0,699729000.0,2.55,2.53,2.55,865898000.0,811956000.0,865898000.0,12126753240.0,17.0,15.702,540088000.0,3.233,1.0,1560656000.0,0.55,66671000.0,232000.0,82080000.0,84649000.0,0.0,48341000.0,30324000.0,18017000.0,850836000.0,727101000.0,123735000.0,12762541240.0,115969000.0,-47033000.0,-383498000.0,0.0,0.0,-367341000.0,-159024000.0,-24433000.0,643568000.0,-1234000.0,434801000.0,434801000.0,434801000.0,0.0,0.0,0.153,895745000.0,664911000.0,44624000.0,0.0,14.739,29.353,30.008,376102000.0,0.0,76.52,4.499,4.506,187551000.0,2237492000.0,2836681000.0,2836681000.0,0.0,0.273,0.535,8.269,0.247,42648000.0,895745000.0,1.0,166787000.0,167036000,169289000.0,16.982,1650063000.0,140202000.0,264928000.0,66416000.0,9.878,403966000.0
37,APOL,MRT,2007-09-30,2007-08-31,2007-08-31,2019-04-19,-1281000.0,1449863000.0,1530153500.0,925378000.0,524485000.0,1.78,3.679,-104551000.0,635788000.0,635788000.0,1237491000.0,408810000.0,1.244,1.287,0.0,0.0,0.0,0.0,167298000.0,71383000.0,328008000.0,0.0,0.0,657529000.0,728912000.0,0.268,728912000.0,657529000.0,657297000.0,2.37,2.35,2.37,633840000.0,778738500.0,633840000.0,9253605280.0,14.0,12.695,484071000.0,2.809,1.0,1486302000.0,0.546,31847000.0,232000.0,38393000.0,89869750.0,0.0,53362000.0,31278000.0,22084000.0,816023000.0,743835000.0,72188000.0,10166572280.0,30261000.0,-15079000.0,-429997000.0,0.0,0.0,-425975000.0,-131935000.0,-12162000.0,588622000.0,-451000.0,408810000.0,408810000.0,408810000.0,0.0,0.0,0.15,860605000.0,625697000.0,80729000.0,0.0,16.04,24.869,24.755,364207000.0,0.0,58.67,3.733,3.712,190912000.0,2096385000.0,2723793000.0,2723793000.0,0.0,0.267,0.525,7.316,0.241,50005000.0,860605000.0,1.0,173284000.0,172309000,173603000.0,15.808,1418016000.0,130962000.0,248487000.0,43351000.0,8.229,181543000.0
38,APOL,MRT,2007-06-30,2007-05-31,2007-05-31,2019-04-19,-1598000.0,1700324000.0,1488439000.0,1185455000.0,514869000.0,1.77,5.453,-102773000.0,912967000.0,912967000.0,1210479000.0,381361000.0,1.738,0.8,0.0,0.0,0.0,0.0,150022000.0,73797000.0,297342000.0,0.0,0.0,618718000.0,692515000.0,0.263,692515000.0,618718000.0,618718000.0,2.21,2.18,2.21,944432000.0,771371750.0,944432000.0,7601758450.0,12.0,10.977,416724000.0,2.406,1.0,1424305000.0,0.541,31029000.0,0.0,74206000.0,111029750.0,0.0,62088000.0,21443000.0,40645000.0,755892000.0,682122000.0,73770000.0,8307684450.0,435993000.0,-15079000.0,8558000.0,0.0,0.0,11561000.0,-95365000.0,34302000.0,519497000.0,300000.0,381361000.0,381361000.0,381361000.0,0.0,0.0,0.145,833160000.0,591145000.0,38088000.0,0.0,8.796,21.784,21.706,347722000.0,0.0,47.97,3.153,3.153,179551000.0,1986735000.0,2634784000.0,2634784000.0,0.0,0.256,0.494,5.573,0.235,47446000.0,812955000.0,1.0,173185000.0,173188000,174620000.0,15.213,1669295000.0,120361000.0,237357000.0,76798000.0,9.639,503333000.0
39,APOL,MRT,2007-03-31,2007-02-28,2007-02-28,2019-04-19,-776000.0,1505852000.0,1358310500.0,992675000.0,513177000.0,1.881,4.64,-131384000.0,705926000.0,705926000.0,1173139000.0,381377000.0,1.588,0.874,0.0,0.0,0.0,0.0,146789000.0,70434000.0,278959000.0,0.0,0.0,612329000.0,682763000.0,0.267,682763000.0,612329000.0,612329000.0,2.21,2.18,2.21,803654000.0,660826000.0,803654000.0,7911497880.0,13.0,11.587,360952000.0,2.084,1.0,1381650000.0,0.541,31029000.0,0.0,143917000.0,122406750.0,0.0,75191000.0,30138000.0,45053000.0,702198000.0,624980000.0,77218000.0,8170387880.0,411590000.0,-15079000.0,10256000.0,0.0,0.0,15943000.0,-97347000.0,101775000.0,492336000.0,362000.0,381377000.0,381377000.0,381377000.0,0.0,0.0,0.149,792801000.0,588849000.0,39147000.0,0.0,10.167,21.423,21.398,343579000.0,0.0,47.29,3.198,3.206,195795000.0,1848008000.0,2554789000.0,2554789000.0,0.0,0.281,0.577,5.002,0.24,42660000.0,772596000.0,1.0,172772000.0,173185000,174624000.0,14.752,1474823000.0,108330000.0,230952000.0,33637000.0,8.516,367695000.0
40,APOL,MRT,2006-12-31,2006-11-30,2006-11-30,2019-04-19,-861000.0,1464575000.0,1245635500.0,953650000.0,510925000.0,2.02,4.234,-115601000.0,678520000.0,678520000.0,1141334000.0,400128000.0,1.463,0.998,0.0,0.0,0.0,0.0,131998000.0,67635000.0,256963000.0,0.0,0.0,641780000.0,709415000.0,0.282,709415000.0,641780000.0,641780000.0,2.32,2.28,2.32,733028000.0,570267000.0,733028000.0,6442935880.0,10.0,9.082,372409000.0,2.151,1.0,1375312000.0,0.546,31029000.0,0.0,102963000.0,144009500.0,0.0,86599000.0,37946000.0,48653000.0,731547000.0,652063000.0,79484000.0,6701825880.0,266951000.0,-15079000.0,-213732000.0,0.0,0.0,-199560000.0,-21896000.0,132339000.0,488010000.0,277000.0,400128000.0,400128000.0,400128000.0,0.0,0.0,0.159,753560000.0,621752000.0,38625000.0,0.0,9.143,16.749,16.72,339478000.0,0.0,38.79,2.663,2.668,183513000.0,1777795000.0,2516646000.0,2516646000.0,0.0,0.321,0.702,4.457,0.255,19576000.0,733355000.0,1.0,172772000.0,173122000,174521000.0,14.537,1433546000.0,97274000.0,241652000.0,112874000.0,8.281,301587000.0
41,APOL,MRT,2006-09-30,2006-08-31,2006-08-31,2019-04-19,-1034000.0,1283005000.0,1187617000.0,802932000.0,480073000.0,2.086,3.466,-111240000.0,547325000.0,547325000.0,1109584000.0,414833000.0,1.348,1.123,0.0,0.0,0.0,0.0,136295000.0,67290000.0,254130000.0,0.0,0.0,668088000.0,735378000.0,0.297,735378000.0,668088000.0,668088000.0,2.38,2.35,2.38,604373000.0,531642250.0,604373000.0,8415992120.0,13.0,11.444,439768000.0,2.522,1.0,1367949000.0,0.552,16891000.0,0.0,123033000.0,176334250.0,0.0,99670000.0,45978000.0,53692000.0,678632000.0,595756000.0,82876000.0,8674882120.0,171874000.0,0.0,-492291000.0,0.0,0.0,-474815000.0,95577000.0,209698000.0,551008000.0,104000.0,414833000.0,414833000.0,414833000.0,0.0,0.0,0.167,717915000.0,650034000.0,61289000.0,0.0,14.354,20.912,21.097,328440000.0,0.0,50.21,3.501,3.533,160583000.0,1659349000.0,2477533000.0,2477533000.0,0.0,0.349,0.78,3.789,0.27,10259000.0,697710000.0,1.0,172772000.0,174351000,176205000.0,14.21,1266114000.0,85753000.0,253255000.0,47812000.0,7.262,207176000.0
42,APOL,MRT,2006-06-30,2006-05-31,2006-05-31,2019-04-19,-1663000.0,1179810000.0,1187252750.0,703009000.0,476801000.0,2.059,2.906,-101912000.0,427865000.0,427865000.0,1067091000.0,449886000.0,1.181,1.349,0.0,0.0,0.0,0.0,125832000.0,64325000.0,255400000.0,0.0,0.0,729707000.0,794032000.0,0.325,794032000.0,729707000.0,729707000.0,2.55,2.51,2.55,502249000.0,539104000.0,502249000.0,8778813320.0,12.0,11.056,464895000.0,2.69,1.0,1377728000.0,0.564,37096000.0,0.0,119714000.0,223931250.0,0.0,135119000.0,72190000.0,62929000.0,677561000.0,595135000.0,82426000.0,9037703320.0,127575000.0,0.0,-595322000.0,0.0,0.0,-578559000.0,140161000.0,244846000.0,566807000.0,-261000.0,449886000.0,449886000.0,449886000.0,0.0,0.0,0.184,664987000.0,712741000.0,48920000.0,0.0,17.994,20.089,20.514,308992000.0,0.0,52.31,3.697,3.698,149482000.0,1564980000.0,2444819000.0,2444819000.0,0.0,0.379,0.835,3.259,0.298,26754000.0,660763000.0,1.0,172772000.0,172817000,174453000.0,14.147,1142714000.0,75526000.0,279821000.0,78327000.0,6.612,107874000.0
43,APOL,MRT,2006-03-31,2006-02-28,2006-02-28,2019-04-19,-1434000.0,1055152000.0,1207649500.0,594713000.0,460439000.0,1.995,2.544,-80654000.0,258890000.0,258890000.0,1029445000.0,455695000.0,1.125,1.39,0.0,0.0,0.0,0.0,392273000.0,53005000.0,0.0,0.0,0.0,749321000.0,802326000.0,0.333,802326000.0,749321000.0,749321000.0,2.55,2.5,2.55,441418000.0,580528000.0,441418000.0,8181425720.0,11.0,10.197,491428000.0,2.833,1.0,1379722000.0,0.573,37096000.0,0.0,230328000.0,293942750.0,0.0,173880000.0,97801000.0,76079000.0,613734000.0,528838000.0,84896000.0,8572071720.0,11210000.0,0.0,-744402000.0,0.0,0.0,-731549000.0,171190000.0,245012000.0,572082000.0,356000.0,455695000.0,455695000.0,455695000.0,0.0,0.0,0.189,646864000.0,732858000.0,44879000.0,0.0,19.419,18.811,19.365,287068000.0,0.0,49.38,3.558,3.556,200719000.0,1522022000.0,2409167000.0,2409167000.0,0.0,0.377,0.785,2.549,0.311,41311000.0,638417000.0,1.0,173594000.0,173496000,175435000.0,13.886,1018056000.0,49758000.0,293626000.0,9185000.0,5.868,65875000.0
44,APOL,MRT,2005-12-31,2005-11-30,2005-11-30,2019-04-19,-1259000.0,1232501000.0,1247941750.0,770787000.0,461714000.0,1.879,3.248,-92177000.0,390646000.0,390646000.0,988446000.0,463720000.0,1.346,1.13,0.0,0.0,0.0,0.0,375200000.0,50132000.0,0.0,0.0,0.0,764490000.0,814622000.0,0.347,814622000.0,764490000.0,764490000.0,2.56,2.52,2.56,578529000.0,637357750.0,578529000.0,12187939800.0,16.0,14.961,510473000.0,2.866,1.0,1355864000.0,0.578,37096000.0,0.0,232262000.0,373839250.0,0.0,229104000.0,141579000.0,87525000.0,653972000.0,572497000.0,81475000.0,12559252800.0,60591000.0,0.0,-724556000.0,0.0,0.0,-720222000.0,178310000.0,264007000.0,602650000.0,546000.0,463720000.0,463720000.0,463720000.0,0.0,0.0,0.198,608166000.0,747698000.0,38328000.0,0.0,21.709,27.084,27.813,267231000.0,0.0,71.2,5.357,5.409,201068000.0,1467410000.0,2344310000.0,2344310000.0,0.0,0.372,0.728,2.045,0.326,59176000.0,599719000.0,1.0,176394000.0,178104000,180641000.0,13.163,1195405000.0,57126000.0,300770000.0,80229000.0,6.712,198290000.0
45,APOL,MRT,2005-09-30,2005-08-31,2005-08-31,2019-04-19,-1138000.0,1281548000.0,1262206500.0,809149000.0,472399000.0,1.783,3.467,-94482000.0,364286000.0,364286000.0,952474000.0,427933000.0,1.428,1.021,0.0,0.0,0.0,0.0,134315000.0,45592000.0,242675000.0,0.0,0.0,714439000.0,760031000.0,0.338,760031000.0,714439000.0,714439000.0,2.34,2.3,2.34,634220000.0,684973000.0,634220000.0,13892333040.0,19.0,18.279,455122000.0,2.488,1.0,1298640000.0,0.577,37096000.0,0.0,313421000.0,422924250.0,0.0,321462000.0,224112000.0,97350000.0,647328000.0,566745000.0,80583000.0,14201591040.0,-12895000.0,0.0,-755432000.0,0.0,0.0,-755432000.0,193506000.0,286645000.0,549604000.0,0.0,427933000.0,427933000.0,427933000.0,0.0,0.0,0.19,600988000.0,697652000.0,40129000.0,0.0,22.392,33.186,33.615,270645000.0,0.0,78.66,6.309,6.392,172602000.0,1280996000.0,2251114000.0,2251114000.0,0.0,0.339,0.625,1.689,0.317,67327000.0,584093000.0,1.0,180544000.0,182928000,186066000.0,12.306,1244452000.0,66048000.0,286506000.0,69163000.0,6.803,242404000.0
46,APOL,MRT,2005-06-30,2005-05-31,2005-05-31,2019-04-19,-829000.0,1261397000.0,1315594750.0,773379000.0,488018000.0,1.636,3.681,-95808000.0,309258000.0,309258000.0,914536000.0,351883000.0,1.501,0.888,0.0,0.0,0.0,0.0,364693000.0,43353000.0,0.0,0.0,0.0,741877000.0,785230000.0,0.365,785230000.0,741877000.0,741877000.0,1.24,1.23,1.24,667945000.0,765703250.0,667945000.0,14095862910.0,19.0,17.951,458345000.0,2.526,1.0,1238205000.0,0.575,37096000.0,0.0,399760000.0,532854250.0,0.0,385994000.0,248881000.0,137113000.0,593452000.0,515283000.0,78169000.0,14245789910.0,57111000.0,0.0,-1052617000.0,0.0,0.0,-1136309000.0,639703000.0,691375000.0,554153000.0,-195000.0,509841000.0,233141000.0,233141000.0,0.0,-157958000.0,0.108,669325000.0,568880000.0,41893000.0,0.0,21.328,61.104,63.25,257740000.0,276700000.0,78.43,6.618,6.611,180916000.0,1248728000.0,2152741000.0,2152741000.0,0.0,0.177,0.304,1.392,0.345,146292000.0,564819000.0,1.0,181637000.0,181461000,184360000.0,11.863,1224301000.0,40441000.0,232036000.0,41802000.0,6.747,258096000.0
47,APOL,MRT,2005-03-31,2005-02-28,2005-02-28,2019-04-19,-921000.0,1216321000.0,1437335750.0,710621000.0,505700000.0,1.414,3.64,-95460000.0,149927000.0,149927000.0,864498000.0,323956000.0,1.482,0.819,0.0,0.0,0.0,0.0,377188000.0,49639000.0,0.0,0.0,0.0,688240000.0,737879000.0,0.363,737879000.0,688240000.0,688240000.0,1.05,1.05,1.05,668737000.0,922589250.0,668737000.0,13225673920.0,19.0,17.924,447193000.0,2.434,1.0,1167497000.0,0.575,37096000.0,0.0,549914000.0,584551000.0,0.0,517257000.0,341092000.0,176165000.0,547584000.0,479384000.0,68200000.0,13559185920.0,-17232000.0,0.0,-922073000.0,0.0,0.0,-1018950000.0,459511000.0,525379000.0,542653000.0,-205000.0,473681000.0,196981000.0,196981000.0,0.0,-149725000.0,0.097,644973000.0,522524000.0,38174000.0,0.0,20.276,68.835,70.133,234220000.0,276700000.0,73.64,6.673,6.659,171238000.0,1114738000.0,2031995000.0,2031995000.0,0.0,0.137,0.214,1.177,0.339,136802000.0,544690000.0,1.0,184128000.0,183742000,187007000.0,11.059,1179225000.0,54714000.0,214559000.0,0.0,6.418,231237000.0
48,APOL,MRT,2004-12-31,2004-11-30,2004-11-30,2019-04-19,-1111000.0,1289560000.0,1538748500.0,778925000.0,510635000.0,1.25,4.126,-106674000.0,333512000.0,333512000.0,823967000.0,305345000.0,1.589,0.677,0.0,0.0,0.0,0.0,352744000.0,47390000.0,0.0,0.0,0.0,652238000.0,699628000.0,0.364,699628000.0,652238000.0,652238000.0,0.94,0.93,0.94,768990000.0,1057237000.0,768990000.0,14334406900.0,22.0,20.489,468146000.0,2.512,1.0,1099197000.0,0.572,37096000.0,0.0,428602000.0,583685000.0,0.0,492906000.0,260188000.0,232718000.0,520570000.0,490350000.0,30220000.0,14763388900.0,20480000.0,0.0,-728205000.0,0.0,0.0,-839385000.0,285519000.0,362952000.0,574820000.0,-233000.0,449611000.0,172911000.0,172911000.0,0.0,-144266000.0,0.09,607935000.0,491262000.0,41290000.0,0.0,19.198,85.381,84.787,178656000.0,276700000.0,79.7,7.677,7.724,151583000.0,1038346000.0,1923164000.0,1923164000.0,0.0,0.112,0.164,1.117,0.339,131044000.0,507652000.0,1.0,185237000.0,186369000,189831000.0,10.319,1252464000.0,44743000.0,202627000.0,43095000.0,6.72,288575000.0
49,APOL,MRT,2004-09-30,2004-08-31,2004-08-31,2019-04-19,-565000.0,1495101000.0,1601911250.0,854684000.0,640417000.0,1.124,5.433,-109529000.0,235082000.0,235082000.0,781437000.0,280085000.0,1.819,0.562,0.0,0.0,0.0,0.0,323860000.0,45787000.0,0.0,0.0,0.0,604856000.0,650643000.0,0.361,650643000.0,604856000.0,604856000.0,0.8,0.79,0.8,957141000.0,1153092750.0,957141000.0,13013892000.0,22.0,20.002,436679000.0,2.479,1.0,1018610000.0,0.566,37096000.0,0.0,753141000.0,607717250.0,0.0,758986000.0,442243000.0,316743000.0,537960000.0,469782000.0,68178000.0,13681434000.0,105134000.0,0.0,-407317000.0,0.0,0.0,-510442000.0,69609000.0,149899000.0,546208000.0,0.0,418435000.0,141735000.0,141735000.0,0.0,-138350000.0,0.079,568409000.0,450201000.0,50895000.0,0.0,14.294,96.528,97.5,212205000.0,276700000.0,78.0,7.601,7.634,146497000.0,928815000.0,1800047000.0,1800047000.0,0.0,0.088,0.123,0.995,0.336,140767000.0,468126000.0,1.0,175403000.0,176175000,178914000.0,10.217,1458005000.0,57540000.0,186421000.0,11856000.0,8.276,384902000.0
50,APOL,MRT,2004-06-30,2004-05-31,2004-05-31,2019-04-19,-393000.0,1748361000.0,1572687000.0,1157991000.0,590370000.0,1.066,7.338,-100716000.0,667542000.0,667542000.0,720260000.0,332488000.0,2.649,0.35,0.0,0.0,0.0,0.0,304334000.0,43231000.0,0.0,0.0,0.0,550575000.0,593806000.0,0.354,593806000.0,550575000.0,550575000.0,1.74,1.71,1.74,1295489000.0,1170538750.0,1295489000.0,15867567300.0,29.0,26.722,454761000.0,2.576,1.0,956683000.0,0.57,37096000.0,0.0,606547000.0,529886250.0,0.0,675409000.0,323538000.0,351871000.0,452872000.0,437176000.0,15696000.0,16507529300.0,-148133000.0,0.0,-7202000.0,-4600000.0,0.0,-29302000.0,-674287000.0,-571283000.0,555477000.0,-21000.0,338627000.0,308011000.0,308011000.0,0.0,-6139000.0,0.184,429513000.0,527170000.0,34495000.0,0.0,12.742,53.594,53.73,169884000.0,30616000.0,93.49,9.844,9.843,136258000.0,1027306000.0,1676943000.0,1676943000.0,0.0,0.196,0.263,1.039,0.328,42981000.0,429513000.0,1.0,176570000.0,176554000,179360000.0,9.498,1711265000.0,15539000.0,211948000.0,26520000.0,9.693,720815000.0
51,APOL,MRT,2004-03-31,2004-02-29,2004-02-29,2019-04-19,-475000.0,1621972000.0,1454589250.0,1086264000.0,535708000.0,1.062,6.849,-85425000.0,639962000.0,639962000.0,683579000.0,297409000.0,2.726,0.343,0.0,0.0,0.0,0.0,303438000.0,42418000.0,0.0,0.0,0.0,495313000.0,537731000.0,0.348,537731000.0,495313000.0,495313000.0,1.57,1.54,1.57,1207328000.0,1084002250.0,1207328000.0,12819591130.0,26.0,23.84,388223000.0,2.202,1.0,860531000.0,0.557,37096000.0,0.0,546450000.0,471748000.0,0.0,599881000.0,286181000.0,313700000.0,414644000.0,398464000.0,16180000.0,13426466130.0,-131342000.0,0.0,16118000.0,-4600000.0,0.0,7572000.0,-612119000.0,-524222000.0,473648000.0,-443000.0,307340000.0,276724000.0,276724000.0,0.0,-9931000.0,0.179,391382000.0,469149000.0,28562000.0,0.0,11.121,48.519,48.554,153953000.0,30616000.0,76.23,8.695,8.703,132199000.0,917970000.0,1544110000.0,1544110000.0,0.0,0.19,0.255,1.05,0.321,46488000.0,391382000.0,1.0,176131000.0,176279000,178924000.0,8.759,1584876000.0,14125000.0,187973000.0,3422000.0,8.991,687800000.0
52,APOL,MRT,2003-12-31,2003-11-30,2003-11-30,2019-04-19,-637000.0,1542211000.0,1341586500.0,1051744000.0,490467000.0,1.075,6.544,-68575000.0,606875000.0,606875000.0,645724000.0,274592000.0,2.816,0.338,0.0,0.0,0.0,0.0,266696000.0,41830000.0,0.0,0.0,0.0,459092000.0,500922000.0,0.347,500922000.0,459092000.0,459092000.0,1.45,1.43,1.45,1152413000.0,995120750.0,1152413000.0,11668330960.0,25.0,23.294,379079000.0,2.153,1.0,796705000.0,0.552,37096000.0,0.0,524731000.0,408663500.0,0.0,578258000.0,287068000.0,291190000.0,389798000.0,373509000.0,16289000.0,12232398960.0,-2185000.0,0.0,35985000.0,-4600000.0,0.0,45027000.0,-494057000.0,-423778000.0,447654000.0,-740000.0,286903000.0,256287000.0,256287000.0,0.0,-12311000.0,0.178,365092000.0,431613000.0,22775000.0,0.0,10.615,47.729,47.834,134054000.0,30616000.0,69.36,8.48,8.468,129355000.0,849467000.0,1442429000.0,1442429000.0,0.0,0.191,0.258,1.123,0.318,46468000.0,365092000.0,1.0,176361000.0,176097000,178726000.0,8.191,1505115000.0,12308000.0,172189000.0,35026000.0,8.547,678235000.0
53,APOL,MRT,2003-09-30,2003-08-31,2003-08-31,2019-04-19,-324000.0,1378204000.0,1225631250.0,950243000.0,427961000.0,1.093,5.869,-56699000.0,564068000.0,564068000.0,612940000.0,247010000.0,2.835,0.342,0.0,0.0,0.0,0.0,254095000.0,40305000.0,0.0,0.0,0.0,417112000.0,457417000.0,0.341,457417000.0,417112000.0,417112000.0,1.32,1.3,1.32,1026925000.0,902676250.0,1026925000.0,10705997570.0,26.0,23.405,334589000.0,1.912,1.0,726577000.0,0.542,37096000.0,0.0,441817000.0,355533000.0,0.0,481734000.0,235962000.0,245772000.0,351279000.0,335223000.0,16056000.0,11260366570.0,13172000.0,0.0,25464000.0,-4600000.0,0.0,30375000.0,-408064000.0,-349167000.0,391288000.0,-427000.0,262318000.0,231702000.0,231702000.0,0.0,-15308000.0,0.173,339318000.0,387259000.0,29314000.0,0.0,10.965,48.598,48.538,119057000.0,30616000.0,64.07,8.406,8.37,123728000.0,765196000.0,1339517000.0,1339517000.0,0.0,0.189,0.257,1.173,0.311,46374000.0,339318000.0,1.0,175751000.0,174985000,177637000.0,7.655,1341108000.0,11095000.0,154794000.0,0.0,7.664,615020000.0
54,APOL,MRT,2003-06-30,2003-05-31,2003-05-31,2019-04-19,-372000.0,1275970000.0,1125990750.0,936429000.0,339541000.0,1.111,5.415,-50186000.0,554369000.0,554369000.0,577849000.0,225931000.0,3.016,0.344,0.0,0.0,0.0,0.0,232668000.0,38423000.0,0.0,0.0,0.0,372911000.0,411334000.0,0.329,411334000.0,372911000.0,372911000.0,1.22,1.19,1.22,949343000.0,820693250.0,949343000.0,9597356960.0,26.0,23.332,277638000.0,1.584,1.0,672704000.0,0.538,37096000.0,0.0,373994000.0,315764500.0,0.0,400769000.0,243055000.0,157714000.0,326627000.0,310511000.0,16116000.0,10134666960.0,180237000.0,0.0,27076000.0,-100000.0,0.0,39854000.0,-187036000.0,-134427000.0,327824000.0,-426000.0,228733000.0,212755000.0,212755000.0,0.0,-2802000.0,0.17,316716000.0,355988000.0,23288000.0,0.0,10.675,47.635,47.41,115247000.0,15978000.0,57.84,8.104,8.108,115044000.0,694818000.0,1250553000.0,1250553000.0,0.0,0.189,0.259,1.181,0.298,49230000.0,316716000.0,1.0,175219000.0,175311000,177931000.0,7.133,1238874000.0,13799000.0,144178000.0,9754000.0,7.067,625918000.0
55,APOL,MRT,2003-03-31,2003-02-28,2003-02-28,2019-04-19,-32000.0,1169961000.0,1028579500.0,860403000.0,309558000.0,1.13,4.872,-49808000.0,537310000.0,537310000.0,548268000.0,202473000.0,2.854,0.374,0.0,0.0,0.0,0.0,217856000.0,36935000.0,0.0,0.0,0.0,338100000.0,375035000.0,0.323,375035000.0,338100000.0,338100000.0,1.1,1.07,1.1,851802000.0,740890750.0,851802000.0,7650437320.0,23.0,20.399,274180000.0,1.568,1.0,614468000.0,0.528,37096000.0,0.0,294112000.0,294016000.0,0.0,315120000.0,186348000.0,128772000.0,318159000.0,301443000.0,16716000.0,8100139320.0,216704000.0,0.0,25916000.0,0.0,0.0,42679000.0,-149746000.0,-97528000.0,323988000.0,-135000.0,207286000.0,191308000.0,191308000.0,0.0,-4813000.0,0.165,294517000.0,319951000.0,23495000.0,0.0,9.509,42.341,42.127,113928000.0,15978000.0,46.34,6.966,6.968,112878000.0,620561000.0,1162736000.0,1162736000.0,0.0,0.186,0.258,1.15,0.291,47333000.0,294517000.0,1.0,174798000.0,174829000,177309000.0,6.651,1132865000.0,14768000.0,130814000.0,11819000.0,6.48,558960000.0
56,APOL,MRT,2002-12-31,2002-11-30,2002-11-30,2019-04-19,172000.0,1078390000.0,932128500.0,802249000.0,276141000.0,1.17,4.495,-44633000.0,449702000.0,449702000.0,523797000.0,184880000.0,2.872,0.378,0.0,0.0,0.0,0.0,191649000.0,35788000.0,0.0,0.0,0.0,311751000.0,347539000.0,0.319,347539000.0,311751000.0,311751000.0,1.01,0.98,1.01,782635000.0,667798750.0,782635000.0,6800697250.0,22.0,19.568,246788000.0,1.417,1.0,566376000.0,0.52,37096000.0,0.0,312209000.0,285452500.0,0.0,315312000.0,214502000.0,100810000.0,295755000.0,279383000.0,16372000.0,7196186250.0,177392000.0,0.0,19791000.0,0.0,0.0,36253000.0,-150328000.0,-103244000.0,291421000.0,0.0,191241000.0,175263000.0,175263000.0,0.0,-6361000.0,0.161,273549000.0,292827000.0,21045000.0,0.0,9.195,41.059,40.842,108920000.0,15978000.0,41.25,6.601,6.588,113248000.0,574875000.0,1090173000.0,1090173000.0,0.0,0.188,0.262,1.092,0.286,43105000.0,273549000.0,1.0,174453000.0,174109000,176884000.0,6.261,1041294000.0,13963000.0,120510000.0,21005000.0,5.981,522866000.0
57,APOL,MRT,2002-09-30,2002-08-31,2002-08-31,2019-04-19,103000.0,979642000.0,846635000.0,730447000.0,249195000.0,1.192,4.044,-36748000.0,395489000.0,395489000.0,498454000.0,161150000.0,2.764,0.402,0.0,0.0,0.0,0.0,187324000.0,35179000.0,0.0,0.0,0.0,273913000.0,309092000.0,0.306,309092000.0,273913000.0,273913000.0,0.89,0.87,0.89,698993000.0,601702750.0,698993000.0,6930262320.0,25.0,22.421,223782000.0,1.295,1.0,511001000.0,0.506,37096000.0,0.0,282743000.0,271556250.0,0.0,293166000.0,214547000.0,78619000.0,280649000.0,264314000.0,16335000.0,7257672320.0,149304000.0,0.0,16721000.0,-100000.0,0.0,25800000.0,-137047000.0,-98504000.0,260530000.0,0.0,169139000.0,153161000.0,153161000.0,0.0,-7989000.0,0.152,257149000.0,253852000.0,22478000.0,0.0,10.383,47.386,47.0,104292000.0,15978000.0,41.83,7.19,7.163,99282000.0,518186000.0,1009455000.0,1009455000.0,0.0,0.181,0.255,1.009,0.271,30037000.0,257149000.0,1.0,173504000.0,172859000,175697000.0,5.84,942546000.0,12477000.0,104774000.0,7974000.0,5.453,466133000.0
58,APOL,MRT,2002-06-30,2002-05-31,2002-05-31,2019-04-19,33000.0,886325000.0,771810250.0,652684000.0,233641000.0,1.221,3.64,-48586000.0,327410000.0,327410000.0,478043000.0,143102000.0,2.78,0.407,0.0,0.0,0.0,0.0,165934000.0,35047000.0,0.0,0.0,0.0,227190000.0,262237000.0,0.278,262237000.0,227190000.0,227190000.0,0.79,0.77,0.79,630133000.0,547425750.0,630133000.0,5691917600.0,25.0,21.705,178549000.0,1.031,1.0,464219000.0,0.493,37096000.0,0.0,287000000.0,265175000.0,0.0,271435000.0,207238000.0,64197000.0,256192000.0,234819000.0,21373000.0,5971332600.0,102891000.0,0.0,13688000.0,0.0,0.0,23857000.0,-148059000.0,-111716000.0,227135000.0,-49000.0,136754000.0,136754000.0,136754000.0,0.0,6348000.0,0.145,243050000.0,221169000.0,15401000.0,0.0,9.476,43.665,43.646,104383000.0,0.0,34.48,6.337,6.335,94543000.0,468887000.0,942262000.0,942262000.0,0.0,0.177,0.25,0.857,0.241,28228000.0,243050000.0,1.0,173182500.0,173112000,176040000.0,5.443,849229000.0,15518000.0,90436000.0,14168000.0,4.906,417865000.0
59,APOL,MRT,2002-03-31,2002-02-28,2002-02-28,2019-04-19,185000.0,784157000.0,702080500.0,571280000.0,212877000.0,1.254,3.24,-48751000.0,279415000.0,279415000.0,456150000.0,127691000.0,2.749,0.402,0.0,0.0,0.0,0.0,155243000.0,34486000.0,0.0,0.0,0.0,201071000.0,235557000.0,0.268,235557000.0,201071000.0,201071000.0,0.71,0.7,0.71,559434000.0,498614500.0,559434000.0,5348265300.0,27.0,22.705,128142000.0,0.742,1.0,424068000.0,0.482,37096000.0,0.0,259858000.0,249433250.0,0.0,222551000.0,175214000.0,47337000.0,224723000.0,207788000.0,16935000.0,5589367300.0,73814000.0,0.0,8714000.0,-100000.0,0.0,15902000.0,-119101000.0,-79345000.0,176893000.0,0.0,122609000.0,122609000.0,122609000.0,0.0,5082000.0,0.139,230971000.0,193097000.0,12812000.0,0.0,9.991,45.587,45.587,101789000.0,0.0,32.367,6.35,6.348,95680000.0,418088000.0,880218000.0,880218000.0,0.0,0.175,0.246,0.806,0.228,19943000.0,230971000.0,1.0,172689000.0,172645000,175425000.0,5.098,747061000.0,12953000.0,78462000.0,3409000.0,4.327,363492000.0
60,APOL,MRT,2001-12-31,2001-11-30,2001-11-30,2019-04-19,126000.0,736416000.0,645076750.0,535081000.0,201335000.0,1.272,3.01,-49071000.0,241102000.0,241102000.0,431609000.0,115947000.0,2.654,0.421,0.0,0.0,0.0,0.0,140079000.0,33716000.0,0.0,0.0,0.0,183281000.0,216997000.0,0.264,216997000.0,183281000.0,183281000.0,0.653,0.643,0.653,518251000.0,457675500.0,518251000.0,4951581480.0,27.0,22.819,116490000.0,0.677,1.0,388971000.0,0.474,37096000.0,0.0,256624000.0,235302250.0,0.0,216522000.0,179028000.0,37494000.0,218165000.0,201594000.0,16571000.0,5155410480.0,42640000.0,0.0,7850000.0,-100000.0,0.0,12839000.0,-135817000.0,-95806000.0,165561000.0,0.0,111742000.0,111742000.0,111742000.0,0.0,4205000.0,0.136,215466000.0,173505000.0,13633000.0,0.0,9.948,46.137,45.819,100499000.0,0.0,29.92,6.283,6.277,93624000.0,389995000.0,820580000.0,820580000.0,0.0,0.173,0.244,0.779,0.223,16606000.0,215466000.0,1.0,172306500.0,172148000,174922000.0,4.767,699320000.0,11958000.0,71539000.0,16432000.0,4.062,333487000.0
61,APOL,MRT,2001-09-30,2001-08-31,2001-08-31,2019-04-19,82000.0,680343000.0,593987000.0,487051000.0,193292000.0,1.295,2.811,-51172000.0,203829000.0,203829000.0,410084000.0,107817000.0,2.673,0.412,0.0,0.0,0.0,0.0,128735000.0,32740000.0,0.0,0.0,0.0,171805000.0,204545000.0,0.266,204545000.0,171805000.0,171805000.0,0.61,0.6,0.61,481885000.0,421288250.0,481885000.0,4327952310.0,25.0,21.159,113461000.0,0.662,1.0,359390000.0,0.467,37096000.0,0.0,257218000.0,215738750.0,0.0,198105000.0,170866000.0,27239000.0,198458000.0,182200000.0,16258000.0,4514282310.0,86021000.0,0.0,13330000.0,-100000.0,0.0,95764000.0,-174479000.0,-132489000.0,164633000.0,0.0,104513000.0,104513000.0,104513000.0,0.0,3304000.0,0.136,198387000.0,161003000.0,16846000.0,0.0,9.368,43.194,43.027,102624000.0,0.0,26.247,5.867,5.847,92179000.0,357036000.0,769474000.0,769474000.0,0.0,0.176,0.248,0.796,0.223,18180000.0,198387000.0,1.0,171994500.0,171413000,174001000.0,4.489,643247000.0,11002000.0,67292000.0,7096000.0,3.753,304851000.0
62,APOL,MRT,2001-06-30,2001-05-31,2001-05-31,2019-04-19,75000.0,607406000.0,525098750.0,427125000.0,180281000.0,1.37,2.532,-37484000.0,186330000.0,186330000.0,388135000.0,97874000.0,2.678,0.397,0.0,0.0,0.0,0.0,113272000.0,31102000.0,0.0,0.0,0.0,159867000.0,190969000.0,0.265,190969000.0,159867000.0,159867000.0,0.567,0.557,0.567,434888000.0,366119000.0,434888000.0,3793417900.0,24.0,19.864,111175000.0,0.647,1.0,331231000.0,0.46,37521000.0,0.0,224033000.0,186324250.0,0.0,173592000.0,143172000.0,30420000.0,172518000.0,159522000.0,12996000.0,3960174900.0,84614000.0,1187000.0,12408000.0,-100000.0,0.0,88552000.0,-152662000.0,-109124000.0,148659000.0,0.0,95666000.0,95666000.0,95666000.0,0.0,2208000.0,0.133,181782000.0,149449000.0,12703000.0,0.0,9.106,41.396,39.965,100755000.0,0.0,22.66,5.505,5.41,85794000.0,325785000.0,719366000.0,719366000.0,0.0,0.182,0.261,0.858,0.222,14068000.0,181782000.0,1.0,174765000.0,171758000,174366000.0,4.188,569885000.0,8279000.0,64201000.0,4597000.0,3.318,267603000.0
63,APOL,MRT,2001-03-31,2001-02-28,2001-02-28,2019-04-19,65000.0,556142000.0,467417250.0,387827000.0,168315000.0,1.439,2.308,-33766000.0,166757000.0,166757000.0,377763000.0,83629000.0,2.617,0.406,0.0,0.0,0.0,0.0,106622000.0,29776000.0,0.0,0.0,0.0,140728000.0,170504000.0,0.253,170504000.0,140728000.0,140728000.0,0.493,0.483,0.493,395678000.0,316276000.0,395678000.0,3847264390.0,27.0,22.564,109744000.0,0.64,1.0,294889000.0,0.438,37864000.0,0.0,203334000.0,160667750.0,0.0,155454000.0,130172000.0,25282000.0,160464000.0,148187000.0,12277000.0,4015464390.0,87470000.0,1187000.0,5376000.0,-100000.0,0.0,80147000.0,-136295000.0,-99926000.0,143510000.0,0.0,82585000.0,82585000.0,82585000.0,0.0,1044000.0,0.123,163578000.0,131311000.0,12925000.0,0.0,10.148,48.622,47.505,92912000.0,0.0,23.42,5.97,5.97,78964000.0,290397000.0,672652000.0,672652000.0,0.0,0.177,0.261,0.876,0.209,13565000.0,163578000.0,1.0,171454500.0,171465000,174012000.0,3.923,518278000.0,8142000.0,58143000.0,4690000.0,3.023,239640000.0
64,APOL,MRT,2000-12-31,2000-11-30,2000-11-30,2019-04-19,69000.0,532057000.0,415492500.0,368686000.0,163371000.0,1.549,2.187,-33689000.0,168200000.0,168200000.0,365375000.0,79193000.0,2.503,0.428,0.0,0.0,0.0,0.0,100948000.0,28315000.0,0.0,0.0,0.0,133981000.0,162296000.0,0.252,162296000.0,133981000.0,133981000.0,0.467,0.457,0.467,372702000.0,272214000.0,372702000.0,2566962000.0,19.0,15.817,98482000.0,0.578,1.0,278277000.0,0.432,38206000.0,0.0,178370000.0,140175000.0,0.0,131653000.0,108442000.0,23211000.0,159355000.0,147281000.0,12074000.0,2662555000.0,77309000.0,0.0,-17665000.0,-100000.0,0.0,56321000.0,-111272000.0,-73512000.0,132171000.0,0.0,78803000.0,78803000.0,78803000.0,0.0,390000.0,0.122,151985000.0,126292000.0,10537000.0,0.0,7.144,33.787,33.31,89892000.0,0.0,15.556,4.137,4.119,77765000.0,274048000.0,643652000.0,643652000.0,0.0,0.19,0.289,0.956,0.208,10650000.0,151985000.0,1.0,171164250.0,170451000,172813500.0,3.776,493851000.0,7681000.0,55178000.0,10101000.0,2.897,221405000.0
65,APOL,MRT,2000-09-30,2000-08-31,2000-08-31,2019-04-19,-21000.0,404790000.0,370737750.0,246907000.0,157883000.0,1.645,1.532,-33833000.0,95593000.0,95593000.0,352874000.0,71191000.0,1.884,0.55,0.0,0.0,0.0,0.0,96312000.0,27052000.0,0.0,0.0,0.0,120305000.0,147357000.0,0.242,147357000.0,120305000.0,120305000.0,0.42,0.41,0.42,261208000.0,235947500.0,261208000.0,2980010430.0,25.0,20.223,84268000.0,0.494,1.0,257123000.0,0.422,38548000.0,0.0,139560000.0,126643250.0,0.0,64246000.0,58226000.0,6020000.0,143582000.0,131089000.0,12493000.0,3068772430.0,8378000.0,0.0,-46701000.0,-100000.0,0.0,-46801000.0,-62905000.0,-24991000.0,118101000.0,0.0,71191000.0,71191000.0,71191000.0,0.0,0.0,0.117,143046000.0,114077000.0,12960000.0,0.0,11.748,43.106,43.185,87833000.0,0.0,18.138,5.031,5.07,78933000.0,249219000.0,609997000.0,609997000.0,0.0,0.192,0.302,0.95,0.197,5615000.0,143046000.0,1.0,169192305.0,170512000,172447000.0,3.577,366242000.0,8267000.0,49114000.0,1590000.0,2.148,115818000.0
66,APOL,MRT,2000-06-30,2000-05-31,2000-05-31,2019-04-19,10000.0,376680000.0,356625750.0,219184000.0,157496000.0,1.628,1.391,-35889000.0,88762000.0,88762000.0,337504000.0,66235000.0,1.717,0.599,0.0,0.0,0.0,0.0,90527000.0,25482000.0,0.0,0.0,0.0,111363000.0,136845000.0,0.236,136845000.0,111363000.0,111363000.0,0.387,0.384,0.387,235516000.0,228425500.0,235516000.0,2162456023.0,19.0,15.802,75834000.0,0.448,1.0,243170000.0,0.419,38890000.0,0.0,121407000.0,122329750.0,0.0,63349000.0,42885000.0,20464000.0,141164000.0,127621000.0,13543000.0,2230032023.0,7046000.0,-1293000.0,-52802000.0,-100000.0,0.0,-52902000.0,-51797000.0,-11884000.0,111723000.0,0.0,66235000.0,66235000.0,66235000.0,0.0,0.0,0.114,137283000.0,105887000.0,13494000.0,0.0,9.469,33.668,34.028,84224000.0,0.0,13.169,3.84,3.841,73587000.0,227911000.0,580674000.0,580674000.0,0.0,0.186,0.29,0.91,0.192,2321000.0,137283000.0,1.0,169340940.0,169363500,171283500.0,3.429,337790000.0,10133000.0,45128000.0,2746000.0,1.994,91563000.0
67,APOL,MRT,2000-03-31,2000-02-29,2000-02-29,2019-04-19,-29000.0,348443000.0,346036250.0,195114000.0,153329000.0,1.593,1.287,-39118000.0,67576000.0,67576000.0,318878000.0,64052000.0,1.622,0.588,0.0,0.0,0.0,0.0,86427000.0,23881000.0,0.0,0.0,0.0,106944000.0,130825000.0,0.237,130825000.0,106944000.0,106944000.0,0.367,0.364,0.367,219430000.0,224481500.0,219430000.0,1656654030.0,15.0,12.663,62498000.0,0.367,1.0,232312000.0,0.421,39233000.0,0.0,121363000.0,120876750.0,0.0,54960000.0,37198000.0,17762000.0,129013000.0,120271000.0,8742000.0,1729752030.0,-15998000.0,-1187000.0,-70586000.0,-100000.0,0.0,-70686000.0,-46882000.0,-3390000.0,101616000.0,3000.0,64052000.0,64052000.0,64052000.0,0.0,0.0,0.116,130606000.0,101706000.0,13482000.0,0.0,7.883,27.005,27.623,82207000.0,0.0,10.138,3.138,3.136,77181000.0,206768000.0,551190000.0,551190000.0,0.0,0.185,0.285,0.885,0.194,1789000.0,130606000.0,1.0,170624378.0,170508000,172167000.0,3.233,309210000.0,8372000.0,42892000.0,3059000.0,1.813,74843000.0
68,APOL,MRT,1999-12-31,1999-11-30,1999-11-30,2019-04-19,-20000.0,353038000.0,341979250.0,203004000.0,150034000.0,1.54,1.318,-36691000.0,73098000.0,73098000.0,302648000.0,62294000.0,1.748,0.551,0.0,0.0,0.0,0.0,76957000.0,21903000.0,0.0,0.0,0.0,103643000.0,125546000.0,0.238,125546000.0,103643000.0,103643000.0,0.358,0.356,0.358,227636000.0,225675750.0,227636000.0,1977328940.0,19.0,15.75,53856000.0,0.312,1.0,223918000.0,0.425,39575000.0,0.0,124243000.0,120255250.0,0.0,57020000.0,38890000.0,18130000.0,125402000.0,116122000.0,9280000.0,2054660940.0,-5394000.0,0.0,-52255000.0,-100000.0,0.0,-52355000.0,-43559000.0,-3908000.0,90547000.0,0.0,62294000.0,62294000.0,62294000.0,0.0,0.0,0.118,125509000.0,98409000.0,11634000.0,0.0,9.026,32.983,33.371,77824000.0,0.0,11.947,3.902,3.918,77476000.0,194855000.0,526566000.0,526566000.0,0.0,0.182,0.276,0.862,0.197,9398000.0,125509000.0,1.0,171986128.0,172705500,174363750.0,3.049,313463000.0,7917000.0,41349000.0,12710000.0,1.815,86882000.0
69,APOL,MRT,1999-09-30,1999-08-31,1999-08-31,2019-04-19,-4000.0,348342000.0,333981250.0,198213000.0,150129000.0,1.494,1.322,-40520000.0,77332000.0,77332000.0,287582000.0,59005000.0,1.822,0.507,0.0,0.0,0.0,0.0,83646000.0,19971000.0,0.0,0.0,0.0,97982000.0,117953000.0,0.236,117953000.0,97982000.0,97982000.0,0.34,0.333,0.34,231120000.0,220823250.0,231120000.0,1622944584.0,17.0,13.759,35042000.0,0.2,1.0,211264000.0,0.424,39917000.0,0.0,122306000.0,114220000.0,0.0,50272000.0,31064000.0,19208000.0,117222000.0,108787000.0,8435000.0,1695111584.0,-792000.0,0.0,-37366000.0,-200000.0,0.0,-37566000.0,-38778000.0,5278000.0,75562000.0,0.0,59005000.0,59005000.0,59005000.0,0.0,0.0,0.118,118511000.0,92753000.0,12105000.0,0.0,7.334,28.728,28.68,77504000.0,0.0,9.751,3.398,3.417,75664000.0,178028000.0,498846000.0,498846000.0,0.0,0.177,0.267,0.858,0.196,9683000.0,118511000.0,1.0,173837788.0,174786000,177385500.0,2.854,308425000.0,7346000.0,38977000.0,2609000.0,1.765,89426000.0
70,APOL,MRT,1999-06-30,1999-05-31,1999-05-31,2019-04-19,-12000.0,334322000.0,323185750.0,189008000.0,145314000.0,1.441,1.253,-43493000.0,72167000.0,72167000.0,267189000.0,55089000.0,1.778,0.521,0.0,0.0,0.0,0.0,80854000.0,17832000.0,0.0,0.0,0.0,91215000.0,109047000.0,0.234,109047000.0,91215000.0,91215000.0,0.311,0.311,0.311,219740000.0,212995250.0,219740000.0,2109453817.0,23.0,19.344,19168000.0,0.109,1.0,198402000.0,0.426,40259000.0,0.0,115595000.0,106930750.0,0.0,50710000.0,29884000.0,20826000.0,114582000.0,106301000.0,8281000.0,2186067817.0,-12089000.0,-10701000.0,-31210000.0,-200000.0,0.0,-31410000.0,-43321000.0,15253000.0,62661000.0,-4000.0,55089000.0,55089000.0,55089000.0,0.0,0.0,0.118,117212000.0,81190000.0,12857000.0,0.0,9.948,39.682,39.929,68081000.0,0.0,12.418,4.695,4.679,73371000.0,161676000.0,465591000.0,465591000.0,0.0,0.17,0.259,0.853,0.196,9838000.0,117212000.0,1.0,176043400.0,175416750,177556500.0,2.654,294063000.0,7216000.0,36126000.0,1990000.0,1.676,82707000.0
71,APOL,MRT,1999-03-31,1999-02-28,1999-02-28,2019-04-19,3000.0,332215000.0,312322000.0,194200000.0,138015000.0,1.39,1.277,-41726000.0,76614000.0,76614000.0,249409000.0,51651000.0,2.02,0.482,0.0,0.0,0.0,0.0,76741000.0,15393000.0,0.0,0.0,0.0,85182000.0,100575000.0,0.232,100575000.0,85182000.0,85182000.0,0.293,0.293,0.293,224207000.0,204571500.0,224207000.0,2272687569.0,27.0,22.597,17451000.0,0.099,1.0,184858000.0,0.426,40601000.0,0.0,118877000.0,95730750.0,0.0,51016000.0,31765000.0,19251000.0,108008000.0,96123000.0,11885000.0,2350666569.0,-59000.0,-10807000.0,-5703000.0,-200000.0,0.0,-5903000.0,-53329000.0,3342000.0,59177000.0,-7000.0,51651000.0,51651000.0,51651000.0,0.0,0.0,0.119,108349000.0,76509000.0,7563000.0,0.0,10.484,45.511,45.597,59858000.0,0.0,13.36,5.413,5.401,75953000.0,142716000.0,434267000.0,434267000.0,0.0,0.165,0.252,0.89,0.196,12892000.0,108349000.0,1.0,175948097.0,175563000,178188750.0,2.474,291614000.0,6403000.0,33531000.0,2003000.0,1.661,98077000.0
72,APOL,MRT,1998-12-31,1998-11-30,1998-11-30,2019-04-19,7000.0,321046000.0,295697750.0,185476000.0,135570000.0,1.391,1.194,-38288000.0,77979000.0,77979000.0,238570000.0,49226000.0,1.818,0.542,0.0,0.0,0.0,0.0,71226000.0,13698000.0,0.0,0.0,0.0,80992000.0,94690000.0,0.23,94690000.0,80992000.0,80992000.0,0.28,0.28,0.28,208226000.0,189863000.0,208226000.0,2421688114.0,30.0,25.575,18459000.0,0.106,1.0,172805000.0,0.42,40943000.0,0.0,100102000.0,79290750.0,0.0,53822000.0,28529000.0,25293000.0,112820000.0,102022000.0,10798000.0,2496727114.0,996000.0,-10807000.0,-2144000.0,-200000.0,0.0,-2344000.0,-53408000.0,-114000.0,56747000.0,-3000.0,49226000.0,49226000.0,49226000.0,0.0,0.0,0.12,99211000.0,73594000.0,8163000.0,0.0,11.99,50.72,51.19,55800000.0,0.0,14.333,6.069,6.076,69102000.0,132561000.0,411375000.0,411375000.0,0.0,0.166,0.259,1.021,0.197,6227000.0,99211000.0,1.0,174190264.0,174379500,178107750.0,2.359,280103000.0,6221000.0,31766000.0,9345000.0,1.606,83454000.0
73,APOL,MRT,1998-09-30,1998-08-31,1998-08-31,2019-04-19,6000.0,305160000.0,250035000.0,174007000.0,131153000.0,1.539,1.15,-30855000.0,75039000.0,75039000.0,223525000.0,46297000.0,1.821,0.527,0.0,0.0,0.0,0.0,67831000.0,12786000.0,0.0,0.0,0.0,76272000.0,89058000.0,0.231,89058000.0,76272000.0,76272000.0,0.267,0.262,0.267,199808000.0,162062500.0,199808000.0,2576513909.0,34.0,28.931,26036000.0,0.15,1.0,161352000.0,0.419,41398000.0,0.0,93149000.0,69763500.0,0.0,56274000.0,27538000.0,28736000.0,105352000.0,95574000.0,9778000.0,2656544909.0,-6602000.0,-30185000.0,6000000.0,-50000.0,0.0,5950000.0,-69446000.0,-4721000.0,56891000.0,0.0,46297000.0,46297000.0,46297000.0,0.0,0.0,0.12,91166000.0,70186000.0,11807000.0,0.0,13.295,57.38,57.012,46618000.0,0.0,15.222,6.902,6.874,61282000.0,119023000.0,384877000.0,384877000.0,0.0,0.185,0.286,1.093,0.198,7249000.0,91166000.0,1.0,174517549.0,173801250,177943500.0,2.214,263762000.0,6203000.0,29975000.0,2443000.0,1.518,78433000.0
74,APOL,MRT,1998-06-30,1998-05-31,1998-05-31,2019-04-19,0.0,290867000.0,,169825000.0,121042000.0,,1.067,-20367000.0,80031000.0,80031000.0,214947000.0,43305000.0,1.879,0.563,0.0,0.0,0.0,0.0,74104000.0,17718000.0,0.0,0.0,0.0,71162000.0,88880000.0,0.25,88880000.0,71162000.0,71162000.0,0.249,0.244,0.249,186045000.0,,186045000.0,2390163188.0,34.0,26.892,40626000.0,0.233,1.0,140218000.0,0.395,49663000.0,0.0,70795000.0,,2907000.0,56535000.0,32273000.0,24262000.0,104822000.0,90378000.0,14444000.0,2467482188.0,-14193000.0,-19378000.0,5927000.0,-50000.0,0.0,812000.0,-76005000.0,-31631000.0,60993000.0,4000.0,43305000.0,43305000.0,43305000.0,0.0,0.0,0.122,73230000.0,66988000.0,8583000.0,0.0,13.263,56.979,57.01,42855000.0,0.0,14.196,6.947,6.966,47917000.0,106595000.0,355165000.0,355165000.0,0.0,,,,0.2,14317000.0,73230000.0,1.0,173820755.0,174282750,178312500.0,2.038,241204000.0,4854000.0,27857000.0,1568000.0,1.384,79447000.0
75,APOL,MRT,1998-03-31,1998-02-28,1998-02-28,2019-04-19,0.0,265718000.0,,163173000.0,102545000.0,,0.952,-14854000.0,77319000.0,77319000.0,197426000.0,39337000.0,1.905,0.607,0.0,0.0,0.0,0.0,73119000.0,14676000.0,0.0,0.0,0.0,64711000.0,79387000.0,0.243,79387000.0,64711000.0,64711000.0,0.227,0.222,0.227,165373000.0,,165373000.0,,,,34598000.0,0.199,1.0,128798000.0,0.395,49624000.0,0.0,53117000.0,,2997000.0,44804000.0,30704000.0,14100000.0,100345000.0,85658000.0,14687000.0,2182673661.0,-13039000.0,-19378000.0,4659000.0,-50000.0,0.0,733000.0,-63231000.0,-24811000.0,49452000.0,4000.0,39337000.0,39337000.0,39337000.0,0.0,0.0,0.121,68261000.0,60537000.0,6667000.0,0.0,13.198,55.487,55.317,35664000.0,0.0,12.557,6.691,6.684,46997000.0,91072000.0,326224000.0,326224000.0,0.0,,,,0.198,11031000.0,68261000.0,1.0,173820755.0,173634750,177828750.0,1.879,216094000.0,3633000.0,25374000.0,1935000.0,1.245,77515000.0
76,APOL,MRT,1997-12-31,1997-11-30,1997-11-30,2019-04-19,,,,,,,,,,,180735000.0,36699000.0,,,,,,,,,,0.0,0.0,60398000.0,,,,60398000.0,60398000.0,0.212,0.207,0.212,,,,,,,,,1.0,120677000.0,0.4,,0.0,,,,,,,,,,,,,,,,,,,,,36699000.0,36699000.0,36699000.0,0.0,0.0,0.122,64453000.0,56224000.0,,0.0,,,59.581,,0.0,12.631,,7.237,,,301412000.0,301412000.0,0.0,,,,0.2,,64453000.0,1.0,,172705500,177050250.0,1.745,,,23699000.0,,,
77,APOL,MRT,1997-09-30,1997-08-31,1997-08-31,2019-04-19,0.0,194910000.0,,143803000.0,51107000.0,,0.731,-12699000.0,78855000.0,78855000.0,167720000.0,33379000.0,2.134,0.568,0.0,0.0,0.0,0.0,47683000.0,8291000.0,0.0,0.0,0.0,54981000.0,63272000.0,0.227,63272000.0,54981000.0,54981000.0,0.196,0.191,0.196,124317000.0,,124317000.0,,,,36259000.0,0.213,1.0,111475000.0,0.399,2283000.0,0.0,46378000.0,,0.0,41429000.0,27182000.0,14247000.0,70593000.0,67394000.0,3199000.0,,6946000.0,0.0,2812000.0,-50000.0,0.0,2762000.0,-44777000.0,-28651000.0,48958000.0,0.0,33379000.0,33379000.0,33379000.0,0.0,0.0,0.12,60668000.0,50807000.0,7714000.0,0.0,,,54.044,25251000.0,0.0,10.593,,6.456,32040000.0,72729000.0,279195000.0,279195000.0,0.0,,,,0.197,7508000.0,60668000.0,1.0,,170156250,174883500.0,1.641,192627000.0,2873000.0,21602000.0,958000.0,1.132,76409000.0
78,APOL,MRT,1997-06-30,1997-05-31,1997-05-31,2019-04-19,,,,,,,,,,,,,,,,,,,,,,0.0,0.0,,,,,,,,,,,,,,,,,,1.0,,,,,,,,,,,,,,,,,,,,,,,,,,,,,,,,,,,,,,,,10.483,,,,,,,,,,,,,,1.0,,170511750,,,,,,,,
79,APOL,MRT,1997-03-31,1997-02-28,1997-02-28,2019-04-19,,,,,,,,,,,,,,,,,,,,,,0.0,0.0,,,,,,,,,,,,,,,,,,1.0,,,,,,,,,,,,,,,,,,,,,,,,,,,,,,,,,,,,,,,,8.0,,,,,,,,,,,,,,1.0,,169975125,,,,,,,,
80,APOL,MRT,1996-09-30,1996-08-31,1996-08-31,2019-04-19,,,,,,,,-9873000.0,,,130039000.0,21392000.0,,,,,,,,6093000.0,,0.0,0.0,34997000.0,41090000.0,0.192,41090000.0,34997000.0,34997000.0,0.129,0.124,0.129,,,,,,,15376000.0,0.091,1.0,84236000.0,0.393,,0.0,,,,,,,,,,,1256000.0,-585000.0,1284000.0,0.0,0.0,3869000.0,-27862000.0,-13273000.0,25249000.0,0.0,21392000.0,21392000.0,21392000.0,0.0,0.0,0.1,49239000.0,34997000.0,,0.0,,,57.422,,0.0,7.407,,5.812,,,214275000.0,214275000.0,0.0,,,,0.163,0.0,49239000.0,,,168122250,172716750.0,1.275,,,13605000.0,,,
