None,ticker,dimension,calendardate,datekey,reportperiod,lastupdated,accoci,assets,assetsavg,assetsc,assetsnc,assetturnover,bvps,capex,cashneq,cashnequsd,cor,consolinc,currentratio,de,debt,debtc,debtnc,debtusd,deferredrev,depamor,deposits,divyield,dps,ebit,ebitda,ebitdamargin,ebitdausd,ebitusd,ebt,eps,epsdil,epsusd,equity,equityavg,equityusd,ev,evebit,evebitda,fcf,fcfps,fxusd,gp,grossmargin,intangibles,intexp,invcap,invcapavg,inventory,investments,investmentsc,investmentsnc,liabilities,liabilitiesc,liabilitiesnc,marketcap,ncf,ncfbus,ncfcommon,ncfdebt,ncfdiv,ncff,ncfi,ncfinv,ncfo,ncfx,netinc,netinccmn,netinccmnusd,netincdis,netincnci,netmargin,opex,opinc,payables,payoutratio,pb,pe,pe1,ppnenet,prefdivis,price,ps,ps1,receivables,retearn,revenue,revenueusd,rnd,roa,roe,roic,ros,sbcomp,sgna,sharefactor,sharesbas,shareswa,shareswadil,sps,tangibles,taxassets,taxexp,taxliabilities,tbvps,workingcapital
0,WY,MRY,2020-12-31,2020-12-31,2020-12-31,2021-08-02,-822000000.0,16311000000.0,16537250000.0,1609000000.0,14702000000.0,0.455,11.689,-180000000.0,495000000.0,495000000.0,5581000000.0,797000000.0,1.694,0.868,5475000000.0,150000000.0,5325000000.0,5475000000.0,0.0,472000000.0,0.0,0.015,0.51,1425000000.0,1897000000.0,0.252,1897000000.0,1425000000.0,982000000.0,1.07,1.07,1.07,8731000000.0,8385500000.0,8731000000.0,30214563190.0,21.0,15.928,1349000000.0,1.806,1.0,1951000000.0,0.259,0.0,443000000.0,20341000000.0,20904500000.0,443000000.0,0.0,0.0,0.0,7580000000.0,950000000.0,6630000000.0,25027563190.0,356000000.0,0.0,33000000.0,-990000000.0,-381000000.0,-1358000000.0,185000000.0,362000000.0,1529000000.0,0.0,797000000.0,797000000.0,797000000.0,0.0,0.0,0.106,241000000.0,1710000000.0,204000000.0,0.477,2.867,31.402,31.336,14181000000.0,0.0,33.53,3.323,3.325,450000000.0,411000000.0,7532000000.0,7532000000.0,0.0,0.048,0.095,0.068,0.189,30000000.0,430000000.0,1.0,746423000.0,746931000.0,747899000.0,10.084,16311000000.0,202000000.0,185000000.0,24000000.0,21.837,659000000.0
1,WY,MRY,2019-12-31,2019-12-31,2019-12-31,2021-08-02,-904000000.0,16406000000.0,16849750000.0,1611000000.0,14795000000.0,0.389,10.963,-87000000.0,139000000.0,139000000.0,5507000000.0,-76000000.0,1.601,1.006,6377000000.0,230000000.0,6147000000.0,6377000000.0,0.0,510000000.0,0.0,0.045,1.36,165000000.0,675000000.0,0.103,675000000.0,165000000.0,-213000000.0,-0.1,-0.1,-0.1,8177000000.0,8575250000.0,8177000000.0,28940300540.0,175.0,42.875,879000000.0,1.178,1.0,1047000000.0,0.16,0.0,378000000.0,21638000000.0,22075500000.0,416000000.0,362000000.0,362000000.0,0.0,8229000000.0,1006000000.0,7223000000.0,22503300540.0,-195000000.0,0.0,-47000000.0,-270000000.0,-1013000000.0,-1348000000.0,187000000.0,253000000.0,966000000.0,0.0,-76000000.0,-76000000.0,-76000000.0,0.0,0.0,-0.012,396000000.0,651000000.0,246000000.0,-13.6,2.752,-296.096,-302.0,14309000000.0,0.0,30.2,3.434,3.437,309000000.0,-3000000.0,6554000000.0,6554000000.0,0.0,-0.005,-0.009,0.007,0.025,30000000.0,432000000.0,1.0,745142402.0,745897000.0,745897000.0,8.787,16406000000.0,170000000.0,-137000000.0,6000000.0,21.995,605000000.0
2,WY,MRY,2018-12-31,2018-12-31,2018-12-31,2021-08-02,-1152000000.0,17249000000.0,17652250000.0,1602000000.0,15647000000.0,0.424,11.989,-427000000.0,334000000.0,334000000.0,5674000000.0,748000000.0,0.826,0.907,6646000000.0,1227000000.0,5419000000.0,6646000000.0,0.0,486000000.0,0.0,0.06,1.32,1182000000.0,1668000000.0,0.223,1668000000.0,1182000000.0,807000000.0,0.99,0.99,0.99,9046000000.0,9093750000.0,9046000000.0,22461512590.0,19.0,13.466,685000000.0,0.908,1.0,1802000000.0,0.241,0.0,375000000.0,21622000000.0,22278750000.0,389000000.0,615000000.0,253000000.0,362000000.0,8203000000.0,1939000000.0,6264000000.0,16377512590.0,-490000000.0,0.0,-314000000.0,154000000.0,-995000000.0,-1162000000.0,-440000000.0,0.0,1112000000.0,0.0,748000000.0,748000000.0,748000000.0,0.0,0.0,0.1,408000000.0,1394000000.0,222000000.0,1.333,1.81,21.895,22.081,14958000000.0,0.0,21.86,2.191,2.206,337000000.0,1093000000.0,7476000000.0,7476000000.0,0.0,0.042,0.082,0.053,0.158,42000000.0,406000000.0,1.0,749200027.0,754556000.0,756827000.0,9.908,17249000000.0,152000000.0,59000000.0,43000000.0,22.86,-337000000.0
3,WY,MRY,2017-12-31,2017-12-31,2017-12-31,2021-08-02,-1562000000.0,18059000000.0,18613000000.0,1715000000.0,16344000000.0,0.387,11.817,-216000000.0,824000000.0,824000000.0,5184000000.0,582000000.0,1.472,1.029,6503000000.0,271000000.0,6232000000.0,6503000000.0,0.0,521000000.0,0.0,0.035,1.25,1109000000.0,1630000000.0,0.227,1630000000.0,1109000000.0,716000000.0,0.77,0.77,0.77,8899000000.0,9062250000.0,8899000000.0,32624285243.0,29.0,20.015,985000000.0,1.308,1.0,2012000000.0,0.28,0.0,393000000.0,22573000000.0,23590500000.0,383000000.0,615000000.0,0.0,615000000.0,9160000000.0,1165000000.0,7995000000.0,26615285243.0,148000000.0,537000000.0,128000000.0,-606000000.0,-941000000.0,-1420000000.0,367000000.0,0.0,1201000000.0,0.0,582000000.0,582000000.0,582000000.0,0.0,0.0,0.081,881000000.0,1131000000.0,249000000.0,1.623,2.991,45.731,45.792,15105000000.0,0.0,35.26,3.699,3.69,396000000.0,1078000000.0,7196000000.0,7196000000.0,0.0,0.031,0.064,0.047,0.154,40000000.0,397000000.0,1.0,754829417.0,753085000.0,756666000.0,9.555,18059000000.0,282000000.0,134000000.0,0.0,23.98,550000000.0
4,WY,MRY,2016-12-31,2016-12-31,2016-12-31,2021-08-02,-1459000000.0,19243000000.0,20989250000.0,1622000000.0,17621000000.0,0.303,12.776,-510000000.0,676000000.0,676000000.0,4927000000.0,1027000000.0,1.345,1.096,7121000000.0,281000000.0,6840000000.0,7121000000.0,0.0,565000000.0,0.0,0.041,1.24,1547000000.0,2112000000.0,0.332,2112000000.0,1547000000.0,1116000000.0,1.4,1.39,1.4,9180000000.0,9520250000.0,9180000000.0,30562075120.0,20.0,14.471,225000000.0,0.313,1.0,1438000000.0,0.226,40000000.0,431000000.0,24442000000.0,27207250000.0,358000000.0,671000000.0,0.0,671000000.0,10063000000.0,1206000000.0,8857000000.0,22509075120.0,-336000000.0,3030000000.0,-1942000000.0,-725000000.0,-932000000.0,-3630000000.0,2559000000.0,0.0,735000000.0,0.0,1027000000.0,1005000000.0,1005000000.0,-612000000.0,0.0,0.158,616000000.0,822000000.0,233000000.0,0.886,2.452,22.397,21.493,16393000000.0,22000000.0,30.09,3.536,3.397,390000000.0,1421000000.0,6365000000.0,6365000000.0,19000000.0,0.048,0.106,0.057,0.243,60000000.0,427000000.0,1.0,748058329.0,718560000.0,722401000.0,8.858,19203000000.0,377000000.0,89000000.0,0.0,26.724,416000000.0
5,WY,MRY,2015-12-31,2015-12-31,2015-12-31,2021-08-02,-1212000000.0,12720000000.0,12858000000.0,3639000000.0,9081000000.0,0.408,9.429,-519000000.0,1011000000.0,1011000000.0,4194000000.0,506000000.0,2.746,1.612,5302000000.0,4000000.0,5298000000.0,5302000000.0,0.0,479000000.0,0.0,0.04,1.2,789000000.0,1268000000.0,0.242,1268000000.0,789000000.0,448000000.0,0.89,0.89,0.89,4869000000.0,4924750000.0,4869000000.0,19661128170.0,25.0,15.506,556000000.0,1.077,1.0,1052000000.0,0.201,40000000.0,341000000.0,15646000000.0,16112000000.0,325000000.0,615000000.0,0.0,615000000.0,7851000000.0,1325000000.0,6526000000.0,15307128170.0,-568000000.0,19000000.0,-484000000.0,0.0,-619000000.0,-1156000000.0,-487000000.0,0.0,1075000000.0,0.0,506000000.0,462000000.0,462000000.0,-95000000.0,0.0,0.088,408000000.0,644000000.0,204000000.0,1.348,3.144,33.132,33.685,7943000000.0,44000000.0,29.98,2.918,2.951,276000000.0,1349000000.0,5246000000.0,5246000000.0,18000000.0,0.036,0.094,0.049,0.15,31000000.0,351000000.0,1.0,510577991.0,516371000.0,519618000.0,10.159,12680000000.0,284000000.0,-58000000.0,0.0,24.556,2314000000.0
6,WY,MRY,2014-12-31,2014-12-31,2014-12-31,2021-08-02,-1393000000.0,13265000000.0,14229000000.0,2805000000.0,10460000000.0,0.386,9.527,-395000000.0,1580000000.0,1580000000.0,4035000000.0,1826000000.0,3.056,1.501,5402000000.0,0.0,5402000000.0,5402000000.0,0.0,500000000.0,0.0,0.028,1.02,2235000000.0,2735000000.0,0.498,2735000000.0,2235000000.0,1897000000.0,3.2,3.18,3.2,5304000000.0,6276000000.0,5304000000.0,22601407989.0,10.0,8.264,714000000.0,1.283,1.0,1454000000.0,0.265,40000000.0,338000000.0,16129000000.0,17382500000.0,595000000.0,803000000.0,0.0,803000000.0,7961000000.0,918000000.0,7043000000.0,18819407989.0,745000000.0,735000000.0,-84000000.0,887000000.0,-563000000.0,-725000000.0,361000000.0,0.0,1109000000.0,0.0,1826000000.0,1782000000.0,1782000000.0,-1210000000.0,0.0,0.325,467000000.0,987000000.0,331000000.0,0.319,3.548,10.561,11.216,9284000000.0,44000000.0,35.89,3.429,3.64,525000000.0,1508000000.0,5489000000.0,5489000000.0,20000000.0,0.125,0.284,0.129,0.407,40000000.0,403000000.0,1.0,524363555.0,556705000.0,560899000.0,9.86,13225000000.0,69000000.0,71000000.0,14000000.0,23.756,1887000000.0
7,WY,MRY,2013-12-31,2013-12-31,2013-12-31,2021-08-02,-686000000.0,14577000000.0,14151000000.0,2326000000.0,12251000000.0,0.513,11.998,-261000000.0,830000000.0,830000000.0,5681000000.0,563000000.0,2.062,1.14,5404000000.0,2000000.0,5402000000.0,5404000000.0,0.0,472000000.0,0.0,0.026,0.81,761000000.0,1233000000.0,0.17,1233000000.0,761000000.0,392000000.0,0.95,0.95,0.95,6795000000.0,5746250000.0,6795000000.0,23086593282.0,30.0,18.724,743000000.0,1.312,1.0,1573000000.0,0.217,42000000.0,369000000.0,17981000000.0,16800000000.0,542000000.0,805000000.0,0.0,805000000.0,7745000000.0,1128000000.0,6617000000.0,18397593282.0,-63000000.0,-1561000000.0,1059000000.0,-516000000.0,-458000000.0,762000000.0,-1829000000.0,22000000.0,1004000000.0,0.0,563000000.0,540000000.0,540000000.0,-72000000.0,0.0,0.074,939000000.0,634000000.0,343000000.0,0.853,2.708,34.07,33.232,9381000000.0,23000000.0,31.57,2.536,2.465,518000000.0,294000000.0,7254000000.0,7254000000.0,33000000.0,0.038,0.094,0.045,0.105,42000000.0,529000000.0,1.0,582755568.0,566329000.0,571239000.0,12.809,14535000000.0,236000000.0,-171000000.0,285000000.0,25.665,1198000000.0
8,WY,MRY,2012-12-31,2012-12-31,2012-12-31,2021-08-02,-1558000000.0,12592000000.0,12469750000.0,2407000000.0,10185000000.0,0.48,7.549,-256000000.0,898000000.0,898000000.0,4993000000.0,384000000.0,1.5,2.083,4963000000.0,570000000.0,4393000000.0,4963000000.0,0.0,456000000.0,0.0,0.022,0.62,739000000.0,1195000000.0,0.2,1195000000.0,739000000.0,395000000.0,0.71,0.71,0.71,4070000000.0,4198250000.0,4070000000.0,18748423022.0,25.0,15.689,325000000.0,0.603,1.0,996000000.0,0.166,40000000.0,344000000.0,15012000000.0,14950250000.0,531000000.0,1012000000.0,184000000.0,828000000.0,8479000000.0,1605000000.0,6874000000.0,15065423022.0,-55000000.0,80000000.0,112000000.0,-219000000.0,-334000000.0,-444000000.0,-192000000.0,13000000.0,581000000.0,0.0,385000000.0,385000000.0,385000000.0,-72000000.0,-1000000.0,0.064,378000000.0,618000000.0,373000000.0,0.873,3.702,39.131,39.183,8549000000.0,0.0,27.82,2.516,2.504,523000000.0,219000000.0,5989000000.0,5989000000.0,32000000.0,0.031,0.092,0.049,0.123,37000000.0,498000000.0,1.0,541532100.0,539140000.0,542310000.0,11.108,12552000000.0,551000000.0,10000000.0,0.0,23.282,802000000.0
9,WY,MRY,2011-12-31,2011-12-31,2011-12-31,2021-08-02,-1179000000.0,12634000000.0,13022000000.0,2065000000.0,10569000000.0,0.477,7.931,-212000000.0,953000000.0,953000000.0,5120000000.0,331000000.0,2.194,1.963,4478000000.0,12000000.0,4466000000.0,4478000000.0,0.0,480000000.0,0.0,0.032,0.6,653000000.0,1133000000.0,0.182,1133000000.0,653000000.0,269000000.0,0.62,0.61,0.62,4263000000.0,4623500000.0,4263000000.0,13553867714.0,21.0,11.963,79000000.0,0.147,1.0,1096000000.0,0.176,40000000.0,384000000.0,15178000000.0,15551000000.0,476000000.0,213000000.0,0.0,213000000.0,8367000000.0,941000000.0,7426000000.0,10014867714.0,-514000000.0,362000000.0,1000000.0,-581000000.0,-323000000.0,-927000000.0,122000000.0,0.0,291000000.0,0.0,331000000.0,331000000.0,331000000.0,-12000000.0,0.0,0.053,502000000.0,594000000.0,336000000.0,0.968,2.349,30.256,30.113,8515000000.0,0.0,18.67,1.611,1.615,509000000.0,176000000.0,6216000000.0,6216000000.0,30000000.0,0.025,0.072,0.042,0.105,25000000.0,601000000.0,1.0,536414982.0,537534000.0,539879000.0,11.564,12594000000.0,379000000.0,-62000000.0,129000000.0,23.429,1124000000.0
10,WY,MRY,2010-12-31,2010-12-31,2010-12-31,2021-08-02,-791000000.0,13429000000.0,14341250000.0,2589000000.0,10840000000.0,0.415,14.414,-194000000.0,1467000000.0,1467000000.0,4831000000.0,1283000000.0,2.411,1.911,5060000000.0,0.0,5060000000.0,5060000000.0,0.0,503000000.0,0.0,1.406,26.62,541000000.0,1044000000.0,0.175,1044000000.0,541000000.0,89000000.0,4.0,3.99,4.0,4612000000.0,4342000000.0,4612000000.0,13902389083.0,26.0,13.316,495000000.0,1.547,1.0,1123000000.0,0.189,40000000.0,452000000.0,15908000000.0,16836500000.0,478000000.0,210000000.0,0.0,210000000.0,8815000000.0,1074000000.0,7741000000.0,10145389083.0,-402000000.0,213000000.0,0.0,-646000000.0,-608000000.0,-1255000000.0,164000000.0,49000000.0,689000000.0,0.0,1281000000.0,1281000000.0,1281000000.0,-9000000.0,2000000.0,0.215,669000000.0,454000000.0,340000000.0,6.655,2.2,7.92,4.732,8866000000.0,0.0,18.93,1.704,1.017,502000000.0,181000000.0,5954000000.0,5954000000.0,34000000.0,0.089,0.295,0.032,0.091,24000000.0,650000000.0,1.0,535942371.0,319976000.0,321096000.0,18.608,13389000000.0,379000000.0,-1192000000.0,366000000.0,41.844,1515000000.0
11,WY,MRY,2009-12-31,2009-12-31,2009-12-31,2021-08-02,-664000000.0,15250000000.0,15609500000.0,3667000000.0,11583000000.0,0.325,19.135,-187000000.0,1869000000.0,1869000000.0,4661000000.0,-568000000.0,3.84,2.769,5690000000.0,7000000.0,5683000000.0,5690000000.0,0.0,538000000.0,0.0,0.014,0.6,-332000000.0,206000000.0,0.041,206000000.0,-332000000.0,-794000000.0,-2.58,-2.58,-2.58,4044000000.0,4255750000.0,4044000000.0,13087973206.0,-39.0,63.534,-390000000.0,-1.845,1.0,407000000.0,0.08,40000000.0,462000000.0,18076000000.0,18403250000.0,447000000.0,263000000.0,49000000.0,214000000.0,11196000000.0,955000000.0,10241000000.0,9117973206.0,-425000000.0,355000000.0,-2000000.0,-365000000.0,-127000000.0,-498000000.0,276000000.0,92000000.0,-203000000.0,0.0,-545000000.0,-545000000.0,-545000000.0,43000000.0,-23000000.0,-0.108,786000000.0,-379000000.0,317000000.0,-0.233,2.255,-16.73,-16.721,9188000000.0,0.0,43.14,1.799,1.799,548000000.0,2658000000.0,5068000000.0,5068000000.0,51000000.0,-0.035,-0.128,-0.018,-0.066,26000000.0,681000000.0,1.0,211357747.0,211342000.0,211342000.0,23.98,15210000000.0,1010000000.0,-249000000.0,1538000000.0,71.969,2712000000.0
12,WY,MRY,2008-12-31,2008-12-31,2008-12-31,2021-08-02,-495000000.0,16695000000.0,21594500000.0,4090000000.0,12605000000.0,0.375,22.787,-555000000.0,2294000000.0,2294000000.0,7521000000.0,-1242000000.0,2.375,2.461,6017000000.0,408000000.0,5609000000.0,6017000000.0,0.0,689000000.0,0.0,0.078,2.4,-1662000000.0,-973000000.0,-0.12,-973000000.0,-1662000000.0,-2076000000.0,-5.57,-5.57,-5.57,4814000000.0,6953000000.0,4814000000.0,9191561004.0,-6.0,-9.447,-1854000000.0,-8.776,1.0,579000000.0,0.071,43000000.0,414000000.0,18653000000.0,23724250000.0,702000000.0,370000000.0,138000000.0,232000000.0,11848000000.0,1722000000.0,10126000000.0,6467561004.0,2180000000.0,6484000000.0,0.0,-1424000000.0,-507000000.0,-1980000000.0,5459000000.0,-148000000.0,-1299000000.0,0.0,-1176000000.0,-1176000000.0,-1176000000.0,-667000000.0,-66000000.0,-0.145,3180000000.0,-2601000000.0,381000000.0,-0.431,1.343,-5.5,-5.496,10038000000.0,0.0,30.61,0.798,0.798,703000000.0,3278000000.0,8100000000.0,8100000000.0,66000000.0,-0.054,-0.169,-0.07,-0.205,47000000.0,996000000.0,1.0,211289154.0,211258000.0,211258000.0,38.342,16652000000.0,670000000.0,-900000000.0,1805000000.0,78.823,2368000000.0
13,WY,MRY,2007-12-31,2007-12-30,2007-12-30,2021-08-02,987000000.0,23806000000.0,23702500000.0,3014000000.0,20792000000.0,0.461,36.392,-836000000.0,100000000.0,100000000.0,8776000000.0,739000000.0,1.156,1.983,7395000000.0,561000000.0,6834000000.0,7395000000.0,0.0,974000000.0,0.0,0.033,2.4,1195000000.0,2169000000.0,0.198,2169000000.0,1195000000.0,611000000.0,3.6,3.6,3.6,7981000000.0,7785750000.0,7981000000.0,23019468602.0,19.0,10.613,-201000000.0,-0.917,1.0,2157000000.0,0.197,941000000.0,584000000.0,27553000000.0,26592500000.0,795000000.0,343000000.0,0.0,343000000.0,15825000000.0,2607000000.0,13218000000.0,15417468602.0,-129000000.0,1747000000.0,-152000000.0,-952000000.0,-531000000.0,-1580000000.0,816000000.0,0.0,635000000.0,0.0,790000000.0,790000000.0,790000000.0,-1038000000.0,-51000000.0,0.072,2250000000.0,-93000000.0,585000000.0,0.667,1.932,19.516,20.439,11062000000.0,0.0,73.58,1.41,1.476,714000000.0,5014000000.0,10933000000.0,10933000000.0,71000000.0,0.033,0.101,0.045,0.109,41000000.0,1164000000.0,1.0,209533414.0,219305000.0,219305000.0,49.853,22865000000.0,291000000.0,-179000000.0,2579000000.0,104.261,407000000.0
14,WY,MRY,2006-12-31,2006-12-31,2006-12-31,2021-08-02,88000000.0,26862000000.0,27308250000.0,4121000000.0,22741000000.0,0.493,38.409,-884000000.0,243000000.0,243000000.0,10243000000.0,453000000.0,1.317,1.957,8235000000.0,560000000.0,7675000000.0,8235000000.0,0.0,1283000000.0,0.0,0.031,2.2,1385000000.0,2668000000.0,0.198,2668000000.0,1385000000.0,811000000.0,1.85,1.84,1.85,9085000000.0,9258750000.0,9085000000.0,25366018016.0,18.0,9.508,740000000.0,3.129,1.0,3230000000.0,0.24,2185000000.0,574000000.0,29540000000.0,30320250000.0,1355000000.0,571000000.0,0.0,571000000.0,17777000000.0,3129000000.0,14648000000.0,16711018016.0,-861000000.0,33000000.0,-470000000.0,-584000000.0,-538000000.0,-1571000000.0,-914000000.0,0.0,1624000000.0,0.0,453000000.0,453000000.0,453000000.0,392000000.0,0.0,0.034,1757000000.0,1473000000.0,948000000.0,1.189,1.839,36.89,38.189,13951000000.0,0.0,70.65,1.24,1.24,1327000000.0,4755000000.0,13473000000.0,13473000000.0,69000000.0,0.017,0.049,0.046,0.103,28000000.0,1274000000.0,1.0,236532456.0,236532456.0,,56.96,24677000000.0,189000000.0,358000000.0,3011000000.0,104.328,992000000.0
15,WY,MRY,2005-12-31,2005-12-25,2005-12-25,2021-08-02,290000000.0,28229000000.0,29262250000.0,4876000000.0,23353000000.0,0.644,40.29,-884000000.0,1104000000.0,1104000000.0,14321000000.0,733000000.0,1.498,1.881,8642000000.0,384000000.0,8258000000.0,8642000000.0,0.0,1337000000.0,0.0,0.028,1.9,1961000000.0,3298000000.0,0.175,3298000000.0,1961000000.0,1263000000.0,3.0,2.98,3.0,9800000000.0,9820000000.0,9800000000.0,24457973269.0,12.0,7.416,868000000.0,3.569,1.0,4524000000.0,0.24,2982000000.0,698000000.0,29530000000.0,31695250000.0,1885000000.0,547000000.0,0.0,547000000.0,18429000000.0,3255000000.0,15174000000.0,16296973269.0,-93000000.0,1252000000.0,149000000.0,-1968000000.0,-466000000.0,-2296000000.0,451000000.0,115000000.0,1752000000.0,0.0,733000000.0,733000000.0,733000000.0,216000000.0,0.0,0.039,2738000000.0,1786000000.0,1227000000.0,0.633,1.663,22.233,22.333,16669000000.0,0.0,67.0,0.865,0.865,1749000000.0,4840000000.0,18845000000.0,18845000000.0,61000000.0,0.025,0.075,0.062,0.104,11000000.0,1476000000.0,1.0,243238407.0,243238407.0,,77.475,25247000000.0,0.0,530000000.0,4032000000.0,103.795,1621000000.0
16,WY,MRY,2004-12-31,2004-12-26,2004-12-26,2021-08-02,163000000.0,29954000000.0,29024500000.0,6225000000.0,23729000000.0,0.738,38.584,-433000000.0,1197000000.0,1197000000.0,15885000000.0,1283000000.0,1.862,2.237,10638000000.0,492000000.0,10146000000.0,10638000000.0,0.0,1322000000.0,0.0,0.024,1.6,2787000000.0,4109000000.0,0.192,4109000000.0,2787000000.0,1892000000.0,5.45,5.43,5.45,9255000000.0,8484500000.0,9255000000.0,26181678680.0,9.0,6.372,1835000000.0,7.65,1.0,5526000000.0,0.258,2996000000.0,895000000.0,33055000000.0,33436000000.0,1876000000.0,548000000.0,0.0,548000000.0,20699000000.0,3344000000.0,17355000000.0,16044678680.0,995000000.0,14000000.0,1134000000.0,-1935000000.0,-372000000.0,-872000000.0,-401000000.0,0.0,2268000000.0,0.0,1283000000.0,1283000000.0,1283000000.0,-68000000.0,0.0,0.06,2994000000.0,2532000000.0,1130000000.0,0.294,1.734,12.506,12.273,17609000000.0,0.0,66.89,0.749,0.749,1577000000.0,4573000000.0,21411000000.0,21411000000.0,55000000.0,0.044,0.151,0.083,0.13,0.0,1635000000.0,1.0,239866627.0,239866627.0,,89.262,26958000000.0,0.0,609000000.0,4351000000.0,112.387,2881000000.0
17,WY,MRY,2003-12-31,2003-12-28,2003-12-28,2021-08-02,76000000.0,28599000000.0,28644750000.0,4021000000.0,24578000000.0,0.672,32.341,-618000000.0,202000000.0,202000000.0,14764000000.0,277000000.0,1.592,3.023,12491000000.0,94000000.0,12397000000.0,12491000000.0,0.0,1318000000.0,0.0,0.026,1.6,1297000000.0,2615000000.0,0.136,2615000000.0,1297000000.0,429000000.0,1.25,1.25,1.25,7109000000.0,6891000000.0,7109000000.0,26907338183.0,21.0,10.29,1188000000.0,5.405,1.0,4485000000.0,0.233,3237000000.0,868000000.0,35126000000.0,35861750000.0,1911000000.0,584000000.0,0.0,584000000.0,21490000000.0,2525000000.0,18965000000.0,13760338183.0,80000000.0,-8000000.0,60000000.0,-1076000000.0,-355000000.0,-1015000000.0,-711000000.0,-10000000.0,1806000000.0,0.0,277000000.0,277000000.0,277000000.0,15000000.0,0.0,0.014,3298000000.0,1187000000.0,1041000000.0,1.28,1.936,49.676,50.08,18578000000.0,0.0,62.6,0.715,0.715,1548000000.0,3662000000.0,19249000000.0,19249000000.0,51000000.0,0.01,0.04,0.036,0.067,0.0,1557000000.0,1.0,219813709.0,219813709.0,,87.57,25362000000.0,0.0,152000000.0,4294000000.0,115.38,1496000000.0
18,WY,MRY,2002-12-31,2002-12-29,2002-12-29,2021-08-02,-422000000.0,28219000000.0,28785500000.0,3888000000.0,24331000000.0,0.643,30.249,-944000000.0,122000000.0,122000000.0,14397000000.0,241000000.0,1.299,3.261,13572000000.0,788000000.0,12784000000.0,13572000000.0,0.0,1225000000.0,0.0,0.033,1.6,1245000000.0,2470000000.0,0.133,2470000000.0,1245000000.0,371000000.0,1.09,1.09,1.09,6623000000.0,6679000000.0,6623000000.0,24692849715.0,20.0,9.997,539000000.0,2.462,1.0,4124000000.0,0.223,3131000000.0,874000000.0,35544000000.0,36858500000.0,1941000000.0,606000000.0,0.0,606000000.0,21596000000.0,2994000000.0,18602000000.0,10640849715.0,-82000000.0,-6055000000.0,67000000.0,5614000000.0,-353000000.0,5410000000.0,-6975000000.0,68000000.0,1483000000.0,0.0,241000000.0,241000000.0,241000000.0,0.0,0.0,0.013,3061000000.0,1063000000.0,983000000.0,1.468,1.607,44.153,44.587,19025000000.0,0.0,48.6,0.575,0.575,1483000000.0,3740000000.0,18521000000.0,18521000000.0,52000000.0,0.008,0.036,0.034,0.067,0.0,1435000000.0,1.0,218947525.0,218947525.0,,84.591,25088000000.0,0.0,130000000.0,4056000000.0,114.585,894000000.0
19,WY,MRY,2001-12-31,2001-12-30,2001-12-30,2021-08-02,-345000000.0,18293000000.0,18233500000.0,3061000000.0,15232000000.0,0.798,30.959,-717000000.0,204000000.0,204000000.0,11453000000.0,354000000.0,1.643,1.732,6085000000.0,12000000.0,6073000000.0,6085000000.0,0.0,876000000.0,0.0,0.029,1.6,942000000.0,1818000000.0,0.125,1818000000.0,942000000.0,516000000.0,1.61,1.61,1.61,6695000000.0,6763500000.0,6695000000.0,17704144548.0,19.0,9.738,401000000.0,1.854,1.0,3092000000.0,0.213,1095000000.0,426000000.0,21216000000.0,20619500000.0,1428000000.0,663000000.0,0.0,663000000.0,11598000000.0,1863000000.0,9735000000.0,11751144548.0,81000000.0,-261000000.0,30000000.0,237000000.0,-351000000.0,-155000000.0,-882000000.0,144000000.0,1118000000.0,0.0,354000000.0,354000000.0,354000000.0,0.0,0.0,0.024,2335000000.0,757000000.0,809000000.0,0.994,1.755,33.195,33.752,12161000000.0,0.0,54.34,0.808,0.808,1095000000.0,3852000000.0,14545000000.0,14545000000.0,55000000.0,0.019,0.052,0.046,0.065,0.0,1166000000.0,1.0,216252200.0,216252200.0,,67.259,17198000000.0,0.0,162000000.0,2377000000.0,79.528,1198000000.0
20,WY,MRY,2000-12-31,2000-12-31,2000-12-31,2021-08-02,-178000000.0,18174000000.0,,3288000000.0,14886000000.0,,,-845000000.0,123000000.0,123000000.0,12099000000.0,840000000.0,1.216,1.66,5826000000.0,733000000.0,5093000000.0,5826000000.0,0.0,865000000.0,0.0,0.018,0.891,1761000000.0,2626000000.0,0.164,2626000000.0,1761000000.0,1323000000.0,3.72,3.72,3.72,6832000000.0,,6832000000.0,,,,609000000.0,,1.0,3881000000.0,0.243,1150000000.0,438000000.0,20023000000.0,,1499000000.0,857000000.0,0.0,857000000.0,11342000000.0,2704000000.0,8638000000.0,,-1520000000.0,-693000000.0,-795000000.0,-308000000.0,-363000000.0,-1489000000.0,-1485000000.0,76000000.0,1454000000.0,0.0,840000000.0,840000000.0,840000000.0,0.0,0.0,0.053,2390000000.0,1491000000.0,921000000.0,0.24,,,13.642,11975000000.0,0.0,50.75,,,1328000000.0,3849000000.0,15980000000.0,15980000000.0,56000000.0,,,,0.11,0.0,1127000000.0,1.0,,,,,17024000000.0,0.0,483000000.0,2377000000.0,,584000000.0
21,WY,MRY,1999-12-31,1999-12-30,1999-12-30,2021-08-02,,,,,,,,-532000000.0,,,9788000000.0,527000000.0,,,,,,,,640000000.0,,0.009,0.655,1232000000.0,1872000000.0,0.146,1872000000.0,1232000000.0,881000000.0,2.56,,2.56,,,,,,,969000000.0,,1.0,2992000000.0,0.234,,351000000.0,,,,,,,,,,,1608000000.0,328000000.0,98000000.0,550000000.0,-321000000.0,313000000.0,-206000000.0,-2000000.0,1501000000.0,0.0,527000000.0,527000000.0,527000000.0,0.0,0.0,0.041,1853000000.0,1139000000.0,,0.256,,,27.52,,0.0,70.45,,,,,12780000000.0,12780000000.0,55000000.0,,,,0.096,0.0,884000000.0,1.0,,,,,,,354000000.0,,,
0,WY,MRQ,2021-06-30,2021-06-30,2021-06-30,2021-08-02,-656000000.0,17830000000.0,,3355000000.0,14475000000.0,,13.864,-221000000.0,1777000000.0,1777000000.0,1596000000.0,1028000000.0,2.848,0.714,5250000000.0,150000000.0,5100000000.0,5250000000.0,0.0,120000000.0,0.0,0.015,0.17,1430000000.0,1550000000.0,0.493,1550000000.0,1430000000.0,1352000000.0,1.37,1.37,1.37,10400000000.0,,10400000000.0,30246980300.0,9.0,7.945,1087000000.0,1.449,1.0,1548000000.0,0.492,0.0,78000000.0,20125000000.0,,499000000.0,0.0,0.0,0.0,7430000000.0,1178000000.0,6252000000.0,25787980300.0,761000000.0,0.0,28000000.0,-225000000.0,-128000000.0,-327000000.0,-220000000.0,0.0,1308000000.0,0.0,1028000000.0,1028000000.0,1028000000.0,0.0,0.0,0.327,119000000.0,1429000000.0,253000000.0,0.124,2.48,11.291,11.285,13972000000.0,0.0,34.42,2.625,2.628,702000000.0,1861000000.0,3144000000.0,3144000000.0,0.0,,,,,8000000.0,119000000.0,1.0,749215000.0,750127000.0,751508000.0,4.191,17830000000.0,78000000.0,324000000.0,42000000.0,23.769,2177000000.0
1,WY,MRQ,2021-03-31,2021-03-31,2021-03-31,2021-08-02,-792000000.0,16874000000.0,,2258000000.0,14616000000.0,,12.459,-53000000.0,1016000000.0,1016000000.0,1440000000.0,681000000.0,2.415,0.809,5475000000.0,150000000.0,5325000000.0,5475000000.0,0.0,118000000.0,0.0,0.01,0.17,949000000.0,1067000000.0,0.426,1067000000.0,949000000.0,870000000.0,0.91,0.91,0.91,9328000000.0,,9328000000.0,31600540800.0,15.0,12.112,645000000.0,0.861,1.0,1066000000.0,0.425,0.0,79000000.0,20398000000.0,,505000000.0,0.0,0.0,0.0,7546000000.0,935000000.0,6611000000.0,26620540800.0,521000000.0,0.0,17000000.0,0.0,-127000000.0,-124000000.0,-53000000.0,0.0,698000000.0,0.0,681000000.0,681000000.0,681000000.0,0.0,0.0,0.272,110000000.0,956000000.0,236000000.0,0.187,2.854,20.046,20.0,14103000000.0,0.0,35.6,3.203,3.208,589000000.0,962000000.0,2506000000.0,2506000000.0,0.0,,,,,7000000.0,110000000.0,1.0,747768000.0,748718000.0,750024000.0,3.347,16874000000.0,113000000.0,189000000.0,26000000.0,22.537,1323000000.0
2,WY,MRQ,2020-12-31,2020-12-31,2020-12-31,2021-08-02,-822000000.0,16311000000.0,,1609000000.0,14702000000.0,,11.683,-126000000.0,495000000.0,495000000.0,1413000000.0,292000000.0,1.694,0.868,5475000000.0,150000000.0,5325000000.0,5475000000.0,0.0,117000000.0,0.0,0.015,0.17,455000000.0,572000000.0,0.277,572000000.0,455000000.0,311000000.0,0.39,0.39,0.39,8731000000.0,,8731000000.0,30214563190.0,21.0,15.928,318000000.0,0.426,1.0,650000000.0,0.315,0.0,144000000.0,20341000000.0,,443000000.0,0.0,0.0,0.0,7580000000.0,950000000.0,6630000000.0,25027563190.0,-345000000.0,0.0,24000000.0,-556000000.0,-127000000.0,-663000000.0,-126000000.0,0.0,444000000.0,0.0,292000000.0,292000000.0,292000000.0,0.0,0.0,0.142,-67000000.0,717000000.0,204000000.0,0.436,2.867,31.402,31.336,14181000000.0,0.0,33.53,3.323,3.325,450000000.0,411000000.0,2063000000.0,2063000000.0,0.0,,,,,8000000.0,114000000.0,1.0,746423000.0,747297000.0,749006000.0,2.761,16311000000.0,202000000.0,19000000.0,24000000.0,21.827,659000000.0
3,WY,MRQ,2020-09-30,2020-09-30,2020-09-30,2021-08-02,-830000000.0,16356000000.0,,2046000000.0,14310000000.0,,11.415,-65000000.0,787000000.0,787000000.0,1482000000.0,283000000.0,2.459,0.918,5974000000.0,0.0,5974000000.0,5974000000.0,0.0,115000000.0,0.0,0.024,0.0,503000000.0,618000000.0,0.293,618000000.0,503000000.0,392000000.0,0.38,0.38,0.38,8527000000.0,,8527000000.0,26939534840.0,26.0,17.619,543000000.0,0.727,1.0,628000000.0,0.298,0.0,111000000.0,20711000000.0,,411000000.0,0.0,0.0,0.0,7829000000.0,832000000.0,6997000000.0,21283534840.0,197000000.0,0.0,3000000.0,-348000000.0,0.0,-346000000.0,-65000000.0,0.0,608000000.0,0.0,283000000.0,283000000.0,283000000.0,0.0,0.0,0.134,118000000.0,510000000.0,215000000.0,0.0,2.496,43.347,43.212,13800000000.0,0.0,28.52,3.033,3.036,500000000.0,246000000.0,2110000000.0,2110000000.0,0.0,,,,,7000000.0,118000000.0,1.0,746267000.0,746996000.0,748450000.0,2.825,16356000000.0,92000000.0,109000000.0,27000000.0,21.896,1214000000.0
4,WY,MRQ,2020-06-30,2020-06-30,2020-06-30,2021-08-02,-860000000.0,16254000000.0,,1651000000.0,14603000000.0,,10.981,-66000000.0,643000000.0,643000000.0,1286000000.0,72000000.0,2.28,0.982,6299000000.0,0.0,6299000000.0,6299000000.0,0.0,117000000.0,0.0,0.045,0.0,235000000.0,352000000.0,0.216,352000000.0,235000000.0,132000000.0,0.1,0.1,0.1,8202000000.0,,8202000000.0,22727786760.0,31.0,18.344,325000000.0,0.435,1.0,345000000.0,0.212,0.0,103000000.0,21186000000.0,,409000000.0,0.0,0.0,0.0,8052000000.0,724000000.0,7328000000.0,16759786760.0,-815000000.0,0.0,0.0,-1138000000.0,0.0,-1141000000.0,-65000000.0,0.0,391000000.0,0.0,72000000.0,72000000.0,72000000.0,0.0,0.0,0.044,102000000.0,243000000.0,199000000.0,0.0,2.043,54.592,54.78,14123000000.0,0.0,22.46,2.548,2.55,420000000.0,-37000000.0,1631000000.0,1631000000.0,0.0,,,,,8000000.0,102000000.0,1.0,746206000.0,746896000.0,746984000.0,2.184,16254000000.0,113000000.0,60000000.0,18000000.0,21.762,927000000.0
5,WY,MRQ,2020-03-31,2020-03-31,2020-03-31,2021-08-02,-901000000.0,17228000000.0,,2493000000.0,14735000000.0,,10.826,77000000.0,1458000000.0,1458000000.0,1392000000.0,150000000.0,1.373,1.132,7426000000.0,1127000000.0,6299000000.0,7426000000.0,0.0,123000000.0,0.0,0.08,0.34,232000000.0,355000000.0,0.205,355000000.0,232000000.0,147000000.0,0.2,0.2,0.2,8082000000.0,,8082000000.0,18874547050.0,28.0,15.821,163000000.0,0.218,1.0,336000000.0,0.194,0.0,85000000.0,21380000000.0,,480000000.0,0.0,0.0,0.0,9146000000.0,1816000000.0,7330000000.0,12636547050.0,1319000000.0,0.0,6000000.0,1052000000.0,-254000000.0,792000000.0,441000000.0,362000000.0,86000000.0,0.0,150000000.0,150000000.0,150000000.0,0.0,0.0,0.087,96000000.0,240000000.0,241000000.0,1.7,1.564,34.811,35.312,14189000000.0,0.0,16.95,1.903,1.906,390000000.0,-109000000.0,1728000000.0,1728000000.0,0.0,,,,,7000000.0,96000000.0,1.0,745519000.0,746534000.0,747155000.0,2.315,17228000000.0,171000000.0,-3000000.0,10000000.0,23.077,677000000.0
6,WY,MRQ,2019-12-31,2019-12-31,2019-12-31,2021-08-02,-904000000.0,16406000000.0,,1611000000.0,14795000000.0,,10.963,154000000.0,139000000.0,139000000.0,1311000000.0,-14000000.0,1.601,1.006,6377000000.0,230000000.0,6147000000.0,6377000000.0,0.0,128000000.0,0.0,0.045,0.34,76000000.0,204000000.0,0.132,204000000.0,76000000.0,-13000000.0,-0.02,-0.02,-0.02,8177000000.0,,8177000000.0,28940300540.0,175.0,42.875,446000000.0,0.598,1.0,237000000.0,0.153,0.0,89000000.0,21638000000.0,,416000000.0,362000000.0,362000000.0,0.0,8229000000.0,1006000000.0,7223000000.0,22503300540.0,-14000000.0,0.0,5000000.0,-210000000.0,-253000000.0,-461000000.0,155000000.0,0.0,292000000.0,0.0,-14000000.0,-14000000.0,-14000000.0,0.0,0.0,-0.009,148000000.0,89000000.0,246000000.0,-17.0,2.752,-296.096,-302.0,14309000000.0,0.0,30.2,3.434,3.437,309000000.0,-3000000.0,1548000000.0,1548000000.0,0.0,,,,,7000000.0,116000000.0,1.0,745142402.0,745885000.0,745885000.0,2.075,16406000000.0,170000000.0,1000000.0,6000000.0,21.995,605000000.0
7,WY,MRQ,2019-09-30,2019-09-30,2019-09-30,2021-08-02,-736000000.0,16832000000.0,,1817000000.0,15015000000.0,,11.533,-98000000.0,153000000.0,153000000.0,1432000000.0,99000000.0,1.554,0.957,6590000000.0,440000000.0,6150000000.0,6590000000.0,0.0,135000000.0,0.0,0.049,0.34,193000000.0,328000000.0,0.196,328000000.0,193000000.0,102000000.0,0.13,0.13,0.13,8599000000.0,,8599000000.0,27017547122.0,375.0,46.662,194000000.0,0.26,1.0,239000000.0,0.143,0.0,91000000.0,22100000000.0,,393000000.0,362000000.0,362000000.0,0.0,8233000000.0,1169000000.0,7064000000.0,20634547122.0,-59000000.0,0.0,4000000.0,-2000000.0,-253000000.0,-254000000.0,-97000000.0,0.0,292000000.0,0.0,99000000.0,99000000.0,99000000.0,0.0,0.0,0.059,37000000.0,202000000.0,242000000.0,2.615,2.4,-133.126,-131.905,14523000000.0,0.0,27.7,3.107,3.11,368000000.0,264000000.0,1671000000.0,1671000000.0,0.0,,,,,7000000.0,105000000.0,1.0,744929499.0,745626000.0,746514000.0,2.241,16832000000.0,180000000.0,3000000.0,25000000.0,22.574,648000000.0
8,WY,MRQ,2019-06-30,2019-06-30,2019-06-30,2021-08-02,-755000000.0,17029000000.0,,1696000000.0,15333000000.0,,11.702,-84000000.0,212000000.0,212000000.0,1405000000.0,128000000.0,1.387,0.952,6595000000.0,442000000.0,6153000000.0,6595000000.0,0.0,124000000.0,0.0,0.052,0.34,182000000.0,306000000.0,0.181,306000000.0,182000000.0,91000000.0,0.17,0.17,0.17,8724000000.0,,8724000000.0,26061667454.0,123.0,36.915,312000000.0,0.419,1.0,287000000.0,0.17,0.0,91000000.0,22189000000.0,,425000000.0,362000000.0,362000000.0,0.0,8305000000.0,1223000000.0,7082000000.0,19617667454.0,-47000000.0,0.0,2000000.0,-105000000.0,-253000000.0,-360000000.0,-83000000.0,0.0,396000000.0,0.0,128000000.0,128000000.0,128000000.0,0.0,0.0,0.076,101000000.0,186000000.0,271000000.0,2.0,2.249,19617.667,,14839000000.0,0.0,26.34,2.851,2.854,408000000.0,418000000.0,1692000000.0,1692000000.0,0.0,,,,,7000000.0,101000000.0,1.0,744786160.0,745486000.0,746232000.0,2.27,17029000000.0,190000000.0,-37000000.0,17000000.0,22.843,473000000.0
9,WY,MRQ,2019-03-31,2019-03-31,2019-03-31,2021-08-02,-794000000.0,17132000000.0,,1774000000.0,15358000000.0,,11.788,-59000000.0,259000000.0,259000000.0,1359000000.0,-289000000.0,1.477,0.947,6703000000.0,547000000.0,6156000000.0,6703000000.0,0.0,123000000.0,0.0,0.051,0.34,-286000000.0,-163000000.0,-0.099,-163000000.0,-286000000.0,-393000000.0,-0.39,-0.39,-0.39,8801000000.0,,8801000000.0,25975442160.0,52.0,26.159,-73000000.0,-0.098,1.0,284000000.0,0.173,0.0,107000000.0,22375000000.0,,451000000.0,362000000.0,362000000.0,0.0,8331000000.0,1201000000.0,7130000000.0,19663442160.0,-75000000.0,0.0,-58000000.0,47000000.0,-254000000.0,-273000000.0,212000000.0,253000000.0,-14000000.0,0.0,-289000000.0,-289000000.0,-289000000.0,0.0,0.0,-0.176,110000000.0,174000000.0,243000000.0,-0.872,2.234,103.492,105.36,14896000000.0,0.0,26.34,2.711,2.711,398000000.0,543000000.0,1643000000.0,1643000000.0,0.0,,,,,9000000.0,110000000.0,1.0,746524000.0,746603000.0,746603000.0,2.201,17132000000.0,181000000.0,-104000000.0,34000000.0,22.947,573000000.0
10,WY,MRQ,2018-12-31,2018-12-31,2018-12-31,2021-08-02,-1152000000.0,17249000000.0,,1602000000.0,15647000000.0,,12.083,-144000000.0,334000000.0,334000000.0,1359000000.0,-93000000.0,0.826,0.907,6646000000.0,1227000000.0,5419000000.0,6646000000.0,0.0,125000000.0,0.0,0.06,0.34,-17000000.0,108000000.0,0.066,108000000.0,-17000000.0,-114000000.0,-0.12,-0.12,-0.12,9046000000.0,,9046000000.0,22461512590.0,19.0,13.466,148000000.0,0.198,1.0,277000000.0,0.169,0.0,97000000.0,21622000000.0,,389000000.0,615000000.0,253000000.0,362000000.0,8203000000.0,1939000000.0,6264000000.0,16377512590.0,-14000000.0,0.0,-93000000.0,216000000.0,-254000000.0,-130000000.0,-176000000.0,0.0,292000000.0,0.0,-93000000.0,-93000000.0,-93000000.0,0.0,0.0,-0.057,100000000.0,177000000.0,222000000.0,-2.833,1.81,21.895,22.081,14958000000.0,0.0,21.86,2.191,2.206,337000000.0,1093000000.0,1636000000.0,1636000000.0,-6000000.0,,,,,11000000.0,104000000.0,1.0,749200027.0,748631000.0,749960000.0,2.185,17249000000.0,152000000.0,-21000000.0,43000000.0,23.041,-337000000.0
11,WY,MRQ,2018-09-30,2018-09-30,2018-09-30,2021-08-02,-1552000000.0,17427000000.0,,1714000000.0,15713000000.0,,11.996,-105000000.0,348000000.0,348000000.0,1473000000.0,255000000.0,1.346,0.924,6432000000.0,511000000.0,5921000000.0,6432000000.0,0.0,122000000.0,0.0,0.04,0.34,333000000.0,455000000.0,0.238,455000000.0,333000000.0,240000000.0,0.34,0.34,0.34,9057000000.0,,9057000000.0,29984319433.0,18.0,13.901,-18000000.0,-0.024,1.0,437000000.0,0.229,40000000.0,93000000.0,22198000000.0,,389000000.0,615000000.0,253000000.0,362000000.0,8370000000.0,1273000000.0,7097000000.0,24450319433.0,-553000000.0,0.0,-269000000.0,0.0,-256000000.0,-525000000.0,-115000000.0,0.0,87000000.0,0.0,255000000.0,255000000.0,255000000.0,0.0,0.0,0.134,100000000.0,337000000.0,271000000.0,1.0,2.7,21.988,21.952,14951000000.0,0.0,32.27,3.191,3.179,444000000.0,1439000000.0,1910000000.0,1910000000.0,2000000.0,,,,,13000000.0,98000000.0,1.0,757679561.0,754986000.0,757389000.0,2.53,17387000000.0,211000000.0,-15000000.0,0.0,23.03,441000000.0
12,WY,MRQ,2018-06-30,2018-06-30,2018-06-30,2021-08-02,-1603000000.0,18048000000.0,,2228000000.0,15820000000.0,,12.247,-97000000.0,901000000.0,901000000.0,1484000000.0,317000000.0,2.18,0.945,6435000000.0,209000000.0,6226000000.0,6435000000.0,0.0,119000000.0,0.0,0.035,0.32,474000000.0,593000000.0,0.287,593000000.0,474000000.0,382000000.0,0.42,0.42,0.42,9281000000.0,,9281000000.0,33441728799.0,22.0,16.433,500000000.0,0.66,1.0,581000000.0,0.281,40000000.0,92000000.0,22520000000.0,,414000000.0,615000000.0,253000000.0,362000000.0,8767000000.0,1022000000.0,7745000000.0,27600728799.0,303000000.0,0.0,23000000.0,0.0,-243000000.0,-221000000.0,-73000000.0,0.0,597000000.0,0.0,317000000.0,317000000.0,317000000.0,0.0,0.0,0.154,105000000.0,476000000.0,270000000.0,0.762,2.974,27.964,28.046,14971000000.0,0.0,36.46,3.62,3.624,491000000.0,1441000000.0,2065000000.0,2065000000.0,2000000.0,,,,,9000000.0,103000000.0,1.0,757013955.0,757829000.0,760533000.0,2.725,18008000000.0,191000000.0,65000000.0,0.0,23.763,1206000000.0
13,WY,MRQ,2018-03-31,2018-03-31,2018-03-31,2021-08-02,-1786000000.0,17885000000.0,,1919000000.0,15966000000.0,,11.88,-81000000.0,598000000.0,598000000.0,1358000000.0,269000000.0,2.106,0.989,6439000000.0,209000000.0,6230000000.0,6439000000.0,0.0,120000000.0,0.0,0.036,0.32,392000000.0,512000000.0,0.275,512000000.0,392000000.0,299000000.0,0.35,0.35,0.35,8991000000.0,,8991000000.0,32142424435.0,26.0,18.59,55000000.0,0.073,1.0,507000000.0,0.272,40000000.0,93000000.0,22775000000.0,,445000000.0,615000000.0,253000000.0,362000000.0,8894000000.0,911000000.0,7983000000.0,26463424435.0,-226000000.0,0.0,25000000.0,-62000000.0,-242000000.0,-286000000.0,-76000000.0,0.0,136000000.0,0.0,269000000.0,269000000.0,269000000.0,0.0,0.0,0.144,103000000.0,404000000.0,245000000.0,0.914,2.943,38.132,38.462,15042000000.0,0.0,35.0,3.592,3.595,481000000.0,1365000000.0,1865000000.0,1865000000.0,2000000.0,,,,,9000000.0,101000000.0,1.0,756097841.0,756815000.0,759462000.0,2.464,17845000000.0,268000000.0,30000000.0,0.0,23.579,1008000000.0
14,WY,MRQ,2017-12-31,2017-12-31,2017-12-31,2021-08-02,-1562000000.0,18059000000.0,,1715000000.0,16344000000.0,,11.78,43000000.0,824000000.0,824000000.0,1200000000.0,271000000.0,1.472,1.029,6503000000.0,271000000.0,6232000000.0,6503000000.0,0.0,127000000.0,0.0,0.035,0.32,470000000.0,597000000.0,0.327,597000000.0,470000000.0,374000000.0,0.36,0.36,0.36,8899000000.0,,8899000000.0,32624285243.0,29.0,20.015,397000000.0,0.526,1.0,623000000.0,0.342,0.0,96000000.0,22573000000.0,,383000000.0,615000000.0,0.0,615000000.0,9160000000.0,1165000000.0,7995000000.0,26615285243.0,327000000.0,114000000.0,39000000.0,0.0,-242000000.0,-202000000.0,175000000.0,0.0,354000000.0,0.0,271000000.0,271000000.0,271000000.0,0.0,0.0,0.149,147000000.0,476000000.0,249000000.0,0.889,2.991,45.731,45.792,15105000000.0,0.0,35.26,3.699,3.69,396000000.0,1078000000.0,1823000000.0,1823000000.0,-12000000.0,,,,,11000000.0,93000000.0,1.0,754829417.0,755437000.0,758490000.0,2.413,18059000000.0,282000000.0,103000000.0,0.0,23.905,550000000.0
15,WY,MRQ,2017-09-30,2017-09-30,2017-09-30,2021-08-02,-1337000000.0,18402000000.0,,1517000000.0,16885000000.0,,12.003,-97000000.0,497000000.0,497000000.0,1362000000.0,130000000.0,1.483,1.034,6506000000.0,62000000.0,6444000000.0,6506000000.0,0.0,132000000.0,0.0,0.036,0.31,201000000.0,333000000.0,0.178,333000000.0,201000000.0,103000000.0,0.17,0.17,0.17,9045000000.0,,9045000000.0,32036570081.0,24.0,17.28,226000000.0,0.3,1.0,510000000.0,0.272,40000000.0,98000000.0,23348000000.0,,340000000.0,648000000.0,0.0,648000000.0,9357000000.0,1023000000.0,8334000000.0,25622570081.0,-204000000.0,411000000.0,8000000.0,-606000000.0,-233000000.0,-825000000.0,298000000.0,0.0,323000000.0,0.0,130000000.0,130000000.0,130000000.0,0.0,0.0,0.069,305000000.0,205000000.0,259000000.0,1.824,2.833,29.725,29.085,15698000000.0,0.0,34.03,3.677,3.68,485000000.0,1050000000.0,1872000000.0,1872000000.0,4000000.0,,,,,10000000.0,97000000.0,1.0,752940643.0,753535000.0,756903000.0,2.484,18362000000.0,305000000.0,-27000000.0,0.0,24.368,494000000.0
16,WY,MRQ,2017-06-30,2017-06-30,2017-06-30,2021-08-02,-1379000000.0,18990000000.0,,2088000000.0,16902000000.0,,12.078,-87000000.0,701000000.0,701000000.0,1348000000.0,24000000.0,1.37,1.089,7115000000.0,668000000.0,6447000000.0,7115000000.0,0.0,129000000.0,0.0,0.037,0.31,158000000.0,287000000.0,0.159,287000000.0,158000000.0,58000000.0,0.03,0.03,0.03,9090000000.0,,9090000000.0,31851744244.0,21.0,15.745,402000000.0,0.534,1.0,460000000.0,0.254,40000000.0,100000000.0,23840000000.0,,349000000.0,648000000.0,0.0,648000000.0,9900000000.0,1524000000.0,8376000000.0,25189744244.0,246000000.0,4000000.0,26000000.0,0.0,-233000000.0,-205000000.0,-38000000.0,0.0,489000000.0,0.0,24000000.0,24000000.0,24000000.0,0.0,0.0,0.013,303000000.0,157000000.0,252000000.0,10.333,2.771,26.267,25.769,15707000000.0,0.0,33.5,3.701,3.705,442000000.0,1154000000.0,1808000000.0,1808000000.0,4000000.0,,,,,9000000.0,98000000.0,1.0,751932664.0,752630000.0,756451000.0,2.402,18950000000.0,269000000.0,34000000.0,0.0,25.178,564000000.0
17,WY,MRQ,2017-03-31,2017-03-31,2017-03-31,2021-08-02,-1428000000.0,19001000000.0,,1465000000.0,17536000000.0,,12.276,-75000000.0,455000000.0,455000000.0,1274000000.0,157000000.0,1.433,1.062,7117000000.0,343000000.0,6774000000.0,7117000000.0,0.0,133000000.0,0.0,0.036,0.31,280000000.0,413000000.0,0.244,413000000.0,280000000.0,181000000.0,0.21,0.21,0.21,9215000000.0,,9215000000.0,31896961317.0,19.0,14.525,-40000000.0,-0.053,1.0,419000000.0,0.247,40000000.0,99000000.0,24601000000.0,,386000000.0,671000000.0,0.0,671000000.0,9786000000.0,1022000000.0,8764000000.0,25450961317.0,-221000000.0,8000000.0,55000000.0,0.0,-233000000.0,-188000000.0,-68000000.0,0.0,35000000.0,0.0,157000000.0,157000000.0,157000000.0,0.0,0.0,0.093,126000000.0,293000000.0,227000000.0,1.476,2.762,23.307,22.959,16309000000.0,0.0,33.98,3.825,3.834,472000000.0,1364000000.0,1693000000.0,1693000000.0,4000000.0,,,,,10000000.0,109000000.0,1.0,748998273.0,750665000.0,754747000.0,2.255,18961000000.0,297000000.0,24000000.0,0.0,25.259,443000000.0
18,WY,MRQ,2016-12-31,2016-12-31,2016-12-31,2021-08-02,-1459000000.0,19243000000.0,,1622000000.0,17621000000.0,,12.255,-197000000.0,676000000.0,676000000.0,1281000000.0,551000000.0,1.345,1.096,7121000000.0,281000000.0,6840000000.0,7121000000.0,0.0,137000000.0,0.0,0.041,0.31,684000000.0,821000000.0,0.514,821000000.0,684000000.0,576000000.0,0.76,0.75,0.76,9180000000.0,,9180000000.0,30562075120.0,20.0,14.471,-348000000.0,-0.465,1.0,315000000.0,0.197,40000000.0,108000000.0,24442000000.0,,358000000.0,671000000.0,0.0,671000000.0,10063000000.0,1206000000.0,8857000000.0,22509075120.0,-103000000.0,2168000000.0,13000000.0,-1700000000.0,-232000000.0,-1920000000.0,1968000000.0,0.0,-151000000.0,0.0,551000000.0,551000000.0,551000000.0,-489000000.0,0.0,0.345,141000000.0,174000000.0,233000000.0,0.408,2.452,22.397,21.493,16393000000.0,0.0,30.09,3.536,3.397,390000000.0,1421000000.0,1596000000.0,1596000000.0,5000000.0,,,,,7000000.0,107000000.0,1.0,748058329.0,749055000.0,752989000.0,2.131,19203000000.0,377000000.0,25000000.0,0.0,25.636,416000000.0
19,WY,MRQ,2016-09-30,2016-09-30,2016-09-30,2021-08-02,-1110000000.0,20946000000.0,,3356000000.0,17590000000.0,,12.26,-214000000.0,769000000.0,769000000.0,1325000000.0,227000000.0,1.009,1.279,8822000000.0,1982000000.0,6840000000.0,8822000000.0,0.0,139000000.0,0.0,0.039,0.31,363000000.0,502000000.0,0.294,502000000.0,363000000.0,249000000.0,0.3,0.3,0.3,9190000000.0,,9190000000.0,32784489508.0,33.0,21.206,133000000.0,0.177,1.0,384000000.0,0.225,40000000.0,114000000.0,25632000000.0,,368000000.0,688000000.0,0.0,688000000.0,11756000000.0,3327000000.0,8429000000.0,23914489508.0,287000000.0,386000000.0,-338000000.0,300000000.0,-231000000.0,-277000000.0,217000000.0,0.0,347000000.0,0.0,227000000.0,227000000.0,227000000.0,-65000000.0,0.0,0.133,123000000.0,261000000.0,234000000.0,1.033,2.602,46.617,43.753,16423000000.0,0.0,31.94,3.963,3.967,412000000.0,1101000000.0,1709000000.0,1709000000.0,5000000.0,,,,,13000000.0,102000000.0,1.0,748731669.0,749587000.0,754044000.0,2.28,20906000000.0,127000000.0,22000000.0,0.0,27.89,29000000.0
20,WY,MRQ,2016-06-30,2016-06-30,2016-06-30,2021-08-02,-1133000000.0,21989000000.0,,3328000000.0,18661000000.0,,12.689,-90000000.0,485000000.0,485000000.0,1273000000.0,168000000.0,2.137,1.332,9355000000.0,1000000.0,9354000000.0,9355000000.0,0.0,147000000.0,0.0,0.042,0.31,313000000.0,460000000.0,0.278,460000000.0,313000000.0,199000000.0,0.21,0.21,0.21,9430000000.0,,9430000000.0,30978381548.0,36.0,22.191,402000000.0,0.541,1.0,382000000.0,0.231,40000000.0,114000000.0,29262000000.0,,387000000.0,1520000000.0,0.0,1520000000.0,12559000000.0,1557000000.0,11002000000.0,22240381548.0,77000000.0,443000000.0,-823000000.0,297000000.0,-228000000.0,-765000000.0,350000000.0,0.0,492000000.0,0.0,168000000.0,157000000.0,157000000.0,-38000000.0,0.0,0.095,134000000.0,248000000.0,300000000.0,1.476,2.358,47.726,38.167,16427000000.0,11000000.0,29.77,3.915,3.894,409000000.0,1106000000.0,1655000000.0,1655000000.0,4000000.0,,,,,16000000.0,116000000.0,1.0,747073616.0,743140000.0,747701000.0,2.227,21949000000.0,257000000.0,31000000.0,0.0,29.535,1771000000.0
21,WY,MRQ,2016-03-31,2016-03-31,2016-03-31,2021-08-02,-1163000000.0,21779000000.0,,1830000000.0,19949000000.0,,16.267,-9000000.0,415000000.0,415000000.0,1048000000.0,81000000.0,1.86,1.118,9153000000.0,4000000.0,9149000000.0,9153000000.0,0.0,142000000.0,0.0,0.039,0.31,187000000.0,329000000.0,0.234,329000000.0,187000000.0,92000000.0,0.11,0.11,0.11,10281000000.0,,10281000000.0,20205072056.0,26.0,15.761,38000000.0,0.06,1.0,357000000.0,0.254,40000000.0,95000000.0,29493000000.0,,677000000.0,1626000000.0,0.0,1626000000.0,11498000000.0,984000000.0,10514000000.0,15815072056.0,-597000000.0,33000000.0,-794000000.0,378000000.0,-241000000.0,-668000000.0,24000000.0,0.0,47000000.0,0.0,81000000.0,70000000.0,70000000.0,-20000000.0,0.0,0.05,218000000.0,139000000.0,385000000.0,2.818,1.538,35.781,37.325,17859000000.0,11000000.0,30.98,2.945,3.645,578000000.0,1177000000.0,1405000000.0,1405000000.0,5000000.0,,,,,24000000.0,102000000.0,1.0,510492965.0,632004000.0,634872000.0,2.223,21739000000.0,40000000.0,11000000.0,71000000.0,34.397,846000000.0
22,WY,MRQ,2015-12-31,2015-12-31,2015-12-31,2021-08-02,-1212000000.0,12720000000.0,,3639000000.0,9081000000.0,,9.526,-176000000.0,1011000000.0,1011000000.0,1015000000.0,70000000.0,2.746,1.612,5302000000.0,4000000.0,5298000000.0,5302000000.0,0.0,120000000.0,0.0,0.04,0.31,135000000.0,255000000.0,0.201,255000000.0,135000000.0,48000000.0,0.11,0.12,0.11,4869000000.0,,4869000000.0,19661128170.0,25.0,15.506,163000000.0,0.319,1.0,251000000.0,0.198,40000000.0,87000000.0,15646000000.0,,325000000.0,615000000.0,0.0,615000000.0,7851000000.0,1325000000.0,6526000000.0,15307128170.0,-36000000.0,12000000.0,0.0,0.0,-159000000.0,-212000000.0,-163000000.0,0.0,339000000.0,0.0,70000000.0,59000000.0,59000000.0,16000000.0,0.0,0.047,123000000.0,128000000.0,204000000.0,2.818,3.144,33.132,33.685,7943000000.0,11000000.0,29.98,2.918,2.951,276000000.0,1349000000.0,1266000000.0,1266000000.0,6000000.0,,,,,9000000.0,94000000.0,1.0,510577991.0,511121000.0,514107000.0,2.477,12680000000.0,284000000.0,-22000000.0,0.0,24.808,2314000000.0
23,WY,MRQ,2015-09-30,2015-09-30,2015-09-30,2021-08-02,-1313000000.0,12820000000.0,,2502000000.0,10318000000.0,,9.485,-120000000.0,1048000000.0,1048000000.0,1104000000.0,191000000.0,2.786,1.628,5402000000.0,0.0,5402000000.0,5402000000.0,0.0,118000000.0,0.0,0.043,0.31,234000000.0,352000000.0,0.26,352000000.0,234000000.0,147000000.0,0.35,0.35,0.35,4878000000.0,,4878000000.0,18339052778.0,22.0,13.758,162000000.0,0.315,1.0,251000000.0,0.185,40000000.0,87000000.0,16236000000.0,,590000000.0,789000000.0,0.0,789000000.0,7942000000.0,898000000.0,7044000000.0,14058052778.0,-73000000.0,7000000.0,-77000000.0,0.0,-159000000.0,-242000000.0,-113000000.0,0.0,282000000.0,0.0,191000000.0,180000000.0,180000000.0,-59000000.0,0.0,0.133,85000000.0,166000000.0,344000000.0,0.886,2.882,24.707,24.195,9222000000.0,11000000.0,27.34,3.269,3.269,545000000.0,1449000000.0,1355000000.0,1355000000.0,4000000.0,,,,,6000000.0,79000000.0,1.0,514193591.0,514301000.0,517088000.0,2.635,12780000000.0,232000000.0,-44000000.0,259000000.0,24.849,1604000000.0
24,WY,MRQ,2015-06-30,2015-06-30,2015-06-30,2021-08-02,-1323000000.0,12883000000.0,,2517000000.0,10366000000.0,,9.533,-104000000.0,1121000000.0,1121000000.0,1053000000.0,144000000.0,2.739,1.616,5402000000.0,0.0,5402000000.0,5402000000.0,0.0,118000000.0,0.0,0.037,0.29,228000000.0,346000000.0,0.257,346000000.0,228000000.0,143000000.0,0.26,0.26,0.26,4925000000.0,,4925000000.0,20552968256.0,11.0,8.582,263000000.0,0.509,1.0,292000000.0,0.217,40000000.0,85000000.0,16205000000.0,,603000000.0,791000000.0,0.0,791000000.0,7958000000.0,919000000.0,7039000000.0,16308968256.0,-37000000.0,0.0,-154000000.0,0.0,-149000000.0,-312000000.0,-92000000.0,0.0,367000000.0,0.0,144000000.0,133000000.0,133000000.0,-19000000.0,0.0,0.099,92000000.0,200000000.0,343000000.0,1.115,3.311,10.577,10.678,9259000000.0,11000000.0,31.5,3.355,3.348,537000000.0,1428000000.0,1345000000.0,1345000000.0,5000000.0,,,,,8000000.0,87000000.0,1.0,517745024.0,516626000.0,519804000.0,2.603,12843000000.0,176000000.0,-1000000.0,196000000.0,24.859,1598000000.0
25,WY,MRQ,2015-03-31,2015-03-31,2015-03-31,2021-08-02,-1379000000.0,13009000000.0,,2652000000.0,10357000000.0,,9.604,-119000000.0,1158000000.0,1158000000.0,1406000000.0,101000000.0,3.113,1.588,5402000000.0,0.0,5402000000.0,5402000000.0,0.0,123000000.0,0.0,0.033,0.29,203000000.0,326000000.0,0.189,326000000.0,203000000.0,120000000.0,0.17,0.17,0.17,5027000000.0,,5027000000.0,21225667258.0,10.0,8.139,-32000000.0,-0.061,1.0,321000000.0,0.186,40000000.0,83000000.0,16361000000.0,,645000000.0,798000000.0,0.0,798000000.0,7982000000.0,852000000.0,7130000000.0,17403667258.0,-422000000.0,0.0,-253000000.0,0.0,-152000000.0,-390000000.0,-119000000.0,0.0,87000000.0,0.0,101000000.0,90000000.0,90000000.0,0.0,0.0,0.052,121000000.0,200000000.0,319000000.0,1.706,3.462,10.304,10.457,9247000000.0,11000000.0,33.15,3.176,3.166,539000000.0,1445000000.0,1727000000.0,1727000000.0,5000000.0,,,,,8000000.0,102000000.0,1.0,524997504.0,523426000.0,527423000.0,3.299,12969000000.0,218000000.0,19000000.0,195000000.0,24.777,1800000000.0
26,WY,MRQ,2014-12-31,2014-12-31,2014-12-31,2021-08-02,-1393000000.0,13265000000.0,,2805000000.0,10460000000.0,,10.112,-180000000.0,1580000000.0,1580000000.0,-166000000.0,177000000.0,3.056,1.501,5402000000.0,0.0,5402000000.0,5402000000.0,0.0,125000000.0,0.0,0.028,0.29,184000000.0,309000000.0,-2.452,309000000.0,184000000.0,100000000.0,0.35,0.35,0.35,5304000000.0,,5304000000.0,22601407989.0,10.0,8.264,145000000.0,0.276,1.0,40000000.0,-0.317,40000000.0,84000000.0,16129000000.0,,595000000.0,803000000.0,0.0,803000000.0,7961000000.0,918000000.0,7043000000.0,18819407989.0,-40000000.0,28000000.0,-45000000.0,17000000.0,-152000000.0,-241000000.0,-124000000.0,0.0,325000000.0,0.0,177000000.0,166000000.0,166000000.0,-212000000.0,0.0,-1.317,79000000.0,-39000000.0,331000000.0,0.829,3.548,10.561,11.216,9284000000.0,11000000.0,35.89,3.429,3.64,525000000.0,1508000000.0,-126000000.0,-126000000.0,1000000.0,,,,,11000000.0,71000000.0,1.0,524363555.0,524512000.0,529087000.0,-0.24,13225000000.0,69000000.0,-77000000.0,14000000.0,25.214,1887000000.0
27,WY,MRQ,2014-09-30,2014-09-30,2014-09-30,2021-08-02,-857000000.0,13440000000.0,,3012000000.0,10428000000.0,,11.009,-101000000.0,1620000000.0,1620000000.0,1481000000.0,1164000000.0,3.147,1.295,5402000000.0,0.0,5402000000.0,5402000000.0,0.0,123000000.0,0.0,0.03,0.29,1291000000.0,1414000000.0,0.738,1414000000.0,1291000000.0,1203000000.0,2.17,2.15,2.17,5856000000.0,,5856000000.0,21388790609.0,11.0,8.723,252000000.0,0.474,1.0,434000000.0,0.227,40000000.0,88000000.0,16225000000.0,,578000000.0,801000000.0,0.0,801000000.0,7584000000.0,957000000.0,6627000000.0,16831790609.0,712000000.0,707000000.0,-93000000.0,-11000000.0,-154000000.0,-265000000.0,624000000.0,0.0,353000000.0,0.0,1164000000.0,1153000000.0,1153000000.0,-966000000.0,0.0,0.602,116000000.0,318000000.0,351000000.0,0.134,2.874,10.146,10.55,9295000000.0,11000000.0,31.86,2.28,2.295,583000000.0,1494000000.0,1915000000.0,1915000000.0,5000000.0,,,,,9000000.0,101000000.0,1.0,528304790.0,531913000.0,536012000.0,3.6,13400000000.0,134000000.0,39000000.0,338000000.0,25.192,2055000000.0
28,WY,MRQ,2014-06-30,2014-06-30,2014-06-30,2021-08-02,-663000000.0,15706000000.0,,3290000000.0,12416000000.0,,12.101,-82000000.0,845000000.0,845000000.0,1499000000.0,291000000.0,3.078,1.207,5402000000.0,0.0,5402000000.0,5402000000.0,0.0,126000000.0,0.0,0.027,0.22,433000000.0,559000000.0,0.285,559000000.0,433000000.0,350000000.0,0.48,0.47,0.48,7092000000.0,,7092000000.0,23986889605.0,25.0,16.623,240000000.0,0.41,1.0,465000000.0,0.237,40000000.0,83000000.0,19154000000.0,,596000000.0,803000000.0,0.0,803000000.0,8563000000.0,1069000000.0,7494000000.0,19357889605.0,128000000.0,0.0,39000000.0,887000000.0,-128000000.0,-101000000.0,-93000000.0,0.0,322000000.0,0.0,291000000.0,280000000.0,280000000.0,-22000000.0,0.0,0.143,65000000.0,400000000.0,335000000.0,0.458,2.73,29.197,29.545,9327000000.0,11000000.0,33.09,2.643,2.647,590000000.0,495000000.0,1964000000.0,1964000000.0,7000000.0,,,,,11000000.0,115000000.0,1.0,585007241.0,586061000.0,589766000.0,3.351,15666000000.0,165000000.0,59000000.0,410000000.0,26.731,2221000000.0
29,WY,MRQ,2014-03-31,2014-03-31,2014-03-31,2021-08-02,-701000000.0,14505000000.0,,2315000000.0,12190000000.0,,11.715,-32000000.0,780000000.0,780000000.0,1286000000.0,194000000.0,2.16,1.112,5409000000.0,2000000.0,5407000000.0,5409000000.0,0.0,126000000.0,0.0,0.029,0.22,327000000.0,453000000.0,0.261,453000000.0,327000000.0,244000000.0,0.31,0.31,0.31,6852000000.0,,6852000000.0,21709401020.0,26.0,16.585,77000000.0,0.132,1.0,450000000.0,0.259,40000000.0,83000000.0,18022000000.0,,626000000.0,820000000.0,0.0,820000000.0,7620000000.0,1072000000.0,6548000000.0,17135401020.0,-55000000.0,0.0,15000000.0,-6000000.0,-129000000.0,-118000000.0,-46000000.0,0.0,109000000.0,0.0,194000000.0,183000000.0,183000000.0,-10000000.0,0.0,0.105,142000000.0,308000000.0,409000000.0,0.71,2.501,29.595,29.646,10864000000.0,11000000.0,29.35,2.368,2.373,560000000.0,344000000.0,1736000000.0,1736000000.0,7000000.0,,,,,9000000.0,116000000.0,1.0,583829677.0,584915000.0,589312000.0,2.968,14465000000.0,278000000.0,50000000.0,306000000.0,24.73,1243000000.0
30,WY,MRQ,2013-12-31,2013-12-31,2013-12-31,2021-08-02,-686000000.0,14577000000.0,,2326000000.0,12251000000.0,,11.639,-125000000.0,830000000.0,830000000.0,1377000000.0,54000000.0,2.062,1.14,5404000000.0,2000000.0,5402000000.0,5404000000.0,0.0,129000000.0,0.0,0.026,0.22,-103000000.0,26000000.0,0.015,26000000.0,-103000000.0,-216000000.0,0.06,0.07,0.06,6795000000.0,,6795000000.0,23086593282.0,30.0,18.724,223000000.0,0.382,1.0,391000000.0,0.221,42000000.0,113000000.0,17981000000.0,,542000000.0,805000000.0,0.0,805000000.0,7745000000.0,1128000000.0,6617000000.0,18397593282.0,-562000000.0,20000000.0,21000000.0,-678000000.0,-128000000.0,-799000000.0,-111000000.0,0.0,348000000.0,0.0,54000000.0,43000000.0,43000000.0,-36000000.0,0.0,0.024,546000000.0,-155000000.0,343000000.0,3.667,2.708,34.07,33.232,9381000000.0,11000000.0,31.57,2.536,2.465,518000000.0,294000000.0,1768000000.0,1768000000.0,10000000.0,,,,,8000000.0,134000000.0,1.0,582755568.0,583801000.0,588807000.0,3.028,14535000000.0,236000000.0,-270000000.0,285000000.0,24.897,1198000000.0
31,WY,MRQ,2013-09-30,2013-09-30,2013-09-30,2021-08-02,-1463000000.0,15609000000.0,,2275000000.0,13334000000.0,,10.428,-68000000.0,1397000000.0,1397000000.0,1479000000.0,167000000.0,2.305,1.562,6086000000.0,2000000.0,6084000000.0,6086000000.0,0.0,120000000.0,0.0,0.027,0.22,285000000.0,405000000.0,0.218,405000000.0,285000000.0,191000000.0,0.27,0.27,0.27,6078000000.0,,6078000000.0,18939518391.0,17.0,12.227,275000000.0,0.472,1.0,378000000.0,0.204,42000000.0,94000000.0,19269000000.0,,533000000.0,821000000.0,0.0,821000000.0,9492000000.0,987000000.0,8505000000.0,16670518391.0,-965000000.0,-1581000000.0,125000000.0,332000000.0,-128000000.0,339000000.0,-1647000000.0,0.0,343000000.0,0.0,167000000.0,157000000.0,157000000.0,-21000000.0,0.0,0.085,135000000.0,243000000.0,362000000.0,0.815,2.743,26.048,25.114,11196000000.0,10000000.0,28.63,2.521,2.524,663000000.0,379000000.0,1857000000.0,1857000000.0,8000000.0,,,,,12000000.0,130000000.0,1.0,582274481.0,582828000.0,587179000.0,3.186,15567000000.0,405000000.0,24000000.0,44000000.0,26.709,1288000000.0
32,WY,MRQ,2013-06-30,2013-06-30,2013-06-30,2021-08-02,-1508000000.0,13908000000.0,,2341000000.0,11567000000.0,,10.614,-39000000.0,2362000000.0,2362000000.0,1453000000.0,198000000.0,2.17,1.364,4631000000.0,165000000.0,4466000000.0,4631000000.0,0.0,111000000.0,0.0,0.024,0.2,314000000.0,425000000.0,0.227,425000000.0,314000000.0,234000000.0,0.35,0.35,0.35,5868000000.0,,5868000000.0,19099089639.0,19.0,12.966,335000000.0,0.606,1.0,421000000.0,0.225,42000000.0,80000000.0,15056000000.0,,561000000.0,821000000.0,0.0,821000000.0,8002000000.0,1079000000.0,6923000000.0,15603089639.0,1723000000.0,0.0,832000000.0,-17000000.0,-109000000.0,1378000000.0,-29000000.0,22000000.0,374000000.0,0.0,198000000.0,196000000.0,196000000.0,-13000000.0,0.0,0.105,128000000.0,293000000.0,341000000.0,0.571,2.659,26.005,26.138,8409000000.0,2000000.0,28.49,2.391,2.413,663000000.0,350000000.0,1874000000.0,1874000000.0,8000000.0,,,,,10000000.0,127000000.0,1.0,547668994.0,552855000.0,557588000.0,3.39,13866000000.0,452000000.0,36000000.0,38000000.0,25.081,1262000000.0
33,WY,MRQ,2013-03-31,2013-03-31,2013-03-31,2021-08-02,-1530000000.0,12510000000.0,,2202000000.0,10308000000.0,,7.784,-29000000.0,639000000.0,639000000.0,1533000000.0,144000000.0,2.054,1.94,4135000000.0,184000000.0,3951000000.0,4135000000.0,0.0,112000000.0,0.0,0.02,0.17,267000000.0,379000000.0,0.194,379000000.0,267000000.0,185000000.0,0.26,0.26,0.26,4244000000.0,,4244000000.0,20471952543.0,23.0,15.187,-90000000.0,-0.165,1.0,418000000.0,0.214,40000000.0,82000000.0,14894000000.0,,596000000.0,211000000.0,0.0,211000000.0,8234000000.0,1072000000.0,7162000000.0,17078952543.0,-259000000.0,0.0,81000000.0,-153000000.0,-93000000.0,-156000000.0,-42000000.0,0.0,-61000000.0,0.0,144000000.0,144000000.0,144000000.0,0.0,0.0,0.074,162000000.0,256000000.0,357000000.0,0.654,4.024,34.998,34.867,8416000000.0,0.0,31.38,2.65,2.654,703000000.0,264000000.0,1951000000.0,1951000000.0,7000000.0,,,,,12000000.0,169000000.0,1.0,544262350.0,545234000.0,550785000.0,3.578,12470000000.0,528000000.0,41000000.0,46000000.0,22.871,1130000000.0
34,WY,MRQ,2012-12-31,2012-12-31,2012-12-31,2021-08-02,-1558000000.0,12592000000.0,,2407000000.0,10185000000.0,,7.508,-95000000.0,898000000.0,898000000.0,763000000.0,142000000.0,1.5,2.083,4963000000.0,570000000.0,4393000000.0,4963000000.0,0.0,118000000.0,0.0,0.022,0.17,222000000.0,340000000.0,0.366,340000000.0,222000000.0,138000000.0,0.26,0.26,0.26,4070000000.0,,4070000000.0,18748423022.0,25.0,15.689,157000000.0,0.29,1.0,167000000.0,0.18,40000000.0,84000000.0,15012000000.0,,531000000.0,1012000000.0,184000000.0,828000000.0,8479000000.0,1605000000.0,6874000000.0,15065423022.0,290000000.0,80000000.0,39000000.0,0.0,-92000000.0,-51000000.0,89000000.0,110000000.0,252000000.0,0.0,143000000.0,143000000.0,143000000.0,-72000000.0,-1000000.0,0.154,28000000.0,139000000.0,373000000.0,0.654,3.702,39.131,39.183,8549000000.0,0.0,27.82,2.516,2.504,523000000.0,219000000.0,930000000.0,930000000.0,9000000.0,,,,,9000000.0,50000000.0,1.0,541532100.0,542122000.0,547158000.0,1.715,12552000000.0,551000000.0,-5000000.0,0.0,23.153,802000000.0
35,WY,MRQ,2012-09-30,2012-09-30,2012-09-30,2021-08-02,-1197000000.0,12338000000.0,,1915000000.0,10423000000.0,,8.051,-63000000.0,608000000.0,608000000.0,1424000000.0,117000000.0,1.527,1.84,4291000000.0,340000000.0,3951000000.0,4291000000.0,0.0,112000000.0,0.0,0.023,0.15,217000000.0,329000000.0,0.186,329000000.0,217000000.0,130000000.0,0.22,0.22,0.22,4340000000.0,,4340000000.0,17668243809.0,27.0,15.846,59000000.0,0.109,1.0,348000000.0,0.196,40000000.0,87000000.0,14727000000.0,,512000000.0,208000000.0,0.0,208000000.0,7985000000.0,1254000000.0,6731000000.0,14057243809.0,-253000000.0,0.0,66000000.0,-193000000.0,-81000000.0,-209000000.0,-166000000.0,-97000000.0,122000000.0,0.0,117000000.0,117000000.0,117000000.0,0.0,0.0,0.066,146000000.0,202000000.0,356000000.0,0.682,3.239,45.789,44.305,8530000000.0,0.0,26.14,2.106,2.111,540000000.0,169000000.0,1772000000.0,1772000000.0,8000000.0,,,,,10000000.0,156000000.0,1.0,537767552.0,539094000.0,542311000.0,3.287,12298000000.0,447000000.0,13000000.0,68000000.0,22.812,661000000.0
36,WY,MRQ,2012-06-30,2012-06-30,2012-06-30,2021-08-02,-1238000000.0,12475000000.0,,2024000000.0,10451000000.0,,7.781,-50000000.0,861000000.0,861000000.0,1516000000.0,84000000.0,1.807,1.978,4472000000.0,184000000.0,4288000000.0,4472000000.0,0.0,113000000.0,0.0,0.027,0.15,187000000.0,300000000.0,0.167,300000000.0,187000000.0,101000000.0,0.16,0.16,0.16,4186000000.0,,4186000000.0,15765421041.0,27.0,15.087,217000000.0,0.403,1.0,277000000.0,0.154,40000000.0,86000000.0,14926000000.0,,487000000.0,207000000.0,0.0,207000000.0,8278000000.0,1120000000.0,7158000000.0,12017421041.0,133000000.0,0.0,2000000.0,5000000.0,-80000000.0,-76000000.0,-58000000.0,0.0,267000000.0,0.0,84000000.0,84000000.0,84000000.0,0.0,0.0,0.047,101000000.0,176000000.0,360000000.0,0.938,2.871,34.632,33.879,8481000000.0,0.0,22.36,1.857,1.859,532000000.0,132000000.0,1793000000.0,1793000000.0,8000000.0,,,,,8000000.0,142000000.0,1.0,537451746.0,537966000.0,540033000.0,3.333,12435000000.0,338000000.0,17000000.0,92000000.0,23.115,904000000.0
37,WY,MRQ,2012-03-31,2012-03-31,2012-03-31,2021-08-02,-1214000000.0,12474000000.0,,1939000000.0,10535000000.0,,7.81,-48000000.0,728000000.0,728000000.0,1290000000.0,41000000.0,1.854,1.97,4476000000.0,167000000.0,4309000000.0,4476000000.0,0.0,113000000.0,0.0,0.027,0.15,113000000.0,226000000.0,0.151,226000000.0,113000000.0,26000000.0,0.08,0.08,0.08,4197000000.0,,4197000000.0,15285097448.0,30.0,15.471,-108000000.0,-0.201,1.0,204000000.0,0.137,40000000.0,87000000.0,15136000000.0,,517000000.0,208000000.0,0.0,208000000.0,8269000000.0,1046000000.0,7223000000.0,11760097448.0,-225000000.0,0.0,5000000.0,-31000000.0,-81000000.0,-108000000.0,-57000000.0,0.0,-60000000.0,0.0,41000000.0,41000000.0,41000000.0,0.0,0.0,0.027,103000000.0,101000000.0,343000000.0,1.875,2.802,43.077,42.154,8540000000.0,0.0,21.92,1.87,1.873,533000000.0,128000000.0,1494000000.0,1494000000.0,7000000.0,,,,,10000000.0,150000000.0,1.0,536500796.0,537368000.0,539728000.0,2.78,12434000000.0,359000000.0,-15000000.0,108000000.0,23.139,893000000.0
38,WY,MRQ,2011-12-31,2011-12-31,2011-12-31,2021-08-02,-1179000000.0,12634000000.0,,2065000000.0,10569000000.0,,7.947,-429000000.0,953000000.0,953000000.0,1507000000.0,65000000.0,2.194,1.963,4478000000.0,12000000.0,4466000000.0,4478000000.0,0.0,117000000.0,0.0,0.032,0.15,143000000.0,260000000.0,0.161,260000000.0,143000000.0,55000000.0,0.13,0.12,0.13,4263000000.0,,4263000000.0,13553867714.0,21.0,11.963,-282000000.0,-0.526,1.0,108000000.0,0.067,40000000.0,88000000.0,15178000000.0,,476000000.0,213000000.0,0.0,213000000.0,8367000000.0,941000000.0,7426000000.0,10014867714.0,-18000000.0,362000000.0,-12000000.0,-5000000.0,-81000000.0,-99000000.0,-66000000.0,0.0,147000000.0,0.0,65000000.0,65000000.0,65000000.0,0.0,0.0,0.04,-23000000.0,131000000.0,336000000.0,1.154,2.349,30.256,30.113,8515000000.0,0.0,18.67,1.611,1.615,509000000.0,176000000.0,1615000000.0,1615000000.0,9000000.0,,,,,6000000.0,149000000.0,1.0,536414982.0,536418000.0,538109000.0,3.011,12594000000.0,379000000.0,-10000000.0,129000000.0,23.478,1124000000.0
39,WY,MRQ,2011-09-30,2011-09-30,2011-09-30,2021-08-02,-655000000.0,12835000000.0,,2091000000.0,10744000000.0,,8.913,95000000.0,971000000.0,971000000.0,1286000000.0,157000000.0,2.116,1.676,4510000000.0,11000000.0,4499000000.0,4510000000.0,0.0,120000000.0,0.0,0.032,0.15,139000000.0,259000000.0,0.165,259000000.0,139000000.0,53000000.0,0.29,0.29,0.29,4795000000.0,,4795000000.0,12005275131.0,21.0,11.315,212000000.0,0.394,1.0,283000000.0,0.18,40000000.0,86000000.0,15346000000.0,,468000000.0,209000000.0,0.0,209000000.0,8036000000.0,988000000.0,7048000000.0,8376275131.0,90000000.0,0.0,-24000000.0,-8000000.0,-81000000.0,-117000000.0,90000000.0,0.0,117000000.0,0.0,157000000.0,157000000.0,157000000.0,-24000000.0,0.0,0.1,183000000.0,100000000.0,305000000.0,0.517,1.747,19.168,,8600000000.0,0.0,15.55,1.369,1.368,498000000.0,192000000.0,1569000000.0,1569000000.0,7000000.0,,,,,2000000.0,135000000.0,1.0,538667211.0,537969000.0,539827000.0,2.917,12795000000.0,366000000.0,-104000000.0,440000000.0,23.784,1103000000.0
40,WY,MRQ,2011-06-30,2011-06-30,2011-06-30,2021-08-02,-662000000.0,13039000000.0,,2205000000.0,10834000000.0,,8.789,-36000000.0,881000000.0,881000000.0,1343000000.0,10000000.0,2.124,1.754,4510000000.0,0.0,4510000000.0,4510000000.0,0.0,120000000.0,0.0,1.227,0.15,123000000.0,243000000.0,0.151,243000000.0,123000000.0,6000000.0,0.02,0.02,0.02,4734000000.0,,4734000000.0,15368428162.0,25.0,13.858,78000000.0,0.145,1.0,267000000.0,0.166,40000000.0,117000000.0,15590000000.0,,513000000.0,206000000.0,0.0,206000000.0,8303000000.0,1038000000.0,7265000000.0,11773428162.0,-582000000.0,0.0,3000000.0,-547000000.0,-80000000.0,-643000000.0,-53000000.0,0.0,114000000.0,0.0,10000000.0,10000000.0,10000000.0,13000000.0,0.0,0.006,140000000.0,127000000.0,326000000.0,7.5,2.487,8.434,6.768,8730000000.0,0.0,21.86,1.942,1.942,569000000.0,116000000.0,1610000000.0,1610000000.0,7000000.0,,,,,3000000.0,145000000.0,1.0,538583173.0,538599000.0,541095000.0,2.989,12999000000.0,430000000.0,-4000000.0,533000000.0,24.135,1167000000.0
41,WY,MRQ,2011-03-31,2011-03-31,2011-03-31,2021-08-02,-756000000.0,13580000000.0,,2748000000.0,10832000000.0,,8.754,158000000.0,1463000000.0,1463000000.0,1177000000.0,99000000.0,2.63,1.888,5058000000.0,0.0,5058000000.0,5058000000.0,0.0,123000000.0,0.0,1.086,0.15,248000000.0,371000000.0,0.261,371000000.0,248000000.0,155000000.0,0.18,0.18,0.18,4702000000.0,,4702000000.0,16784555808.0,25.0,14.407,71000000.0,0.132,1.0,245000000.0,0.172,40000000.0,93000000.0,16090000000.0,,544000000.0,207000000.0,0.0,207000000.0,8876000000.0,1045000000.0,7831000000.0,13191555808.0,-4000000.0,0.0,34000000.0,-21000000.0,-81000000.0,-68000000.0,151000000.0,0.0,-87000000.0,0.0,99000000.0,99000000.0,99000000.0,-1000000.0,0.0,0.07,9000000.0,236000000.0,359000000.0,0.833,2.806,9.423,7.5,8796000000.0,0.0,24.6,2.165,2.169,559000000.0,187000000.0,1422000000.0,1422000000.0,7000000.0,,,,,14000000.0,172000000.0,1.0,536242106.0,537140000.0,540476000.0,2.647,13540000000.0,421000000.0,56000000.0,485000000.0,25.208,1703000000.0
42,WY,MRQ,2010-12-31,2010-12-31,2010-12-31,2021-08-02,-791000000.0,13429000000.0,,2589000000.0,10840000000.0,,14.414,-79000000.0,1467000000.0,1467000000.0,1318000000.0,171000000.0,2.411,1.911,5060000000.0,0.0,5060000000.0,5060000000.0,0.0,127000000.0,0.0,1.406,0.05,61000000.0,188000000.0,0.124,188000000.0,61000000.0,-35000000.0,-0.49,-0.49,-0.49,4612000000.0,,4612000000.0,13902389083.0,26.0,13.316,146000000.0,0.456,1.0,198000000.0,0.131,40000000.0,96000000.0,15908000000.0,,478000000.0,210000000.0,0.0,210000000.0,8815000000.0,1074000000.0,7741000000.0,10145389083.0,99000000.0,53000000.0,0.0,-49000000.0,-27000000.0,-75000000.0,-51000000.0,2000000.0,225000000.0,0.0,171000000.0,171000000.0,171000000.0,0.0,0.0,0.113,144000000.0,54000000.0,340000000.0,-0.102,2.2,7.92,4.732,8866000000.0,0.0,18.93,1.704,1.017,502000000.0,181000000.0,1516000000.0,1516000000.0,10000000.0,,,,,8000000.0,171000000.0,1.0,535942371.0,319976000.0,321096000.0,4.738,13389000000.0,379000000.0,-206000000.0,366000000.0,41.844,1515000000.0
43,WY,MRQ,2010-09-30,2010-09-30,2010-09-30,2021-08-02,-643000000.0,14053000000.0,,2612000000.0,11441000000.0,,14.526,-37000000.0,1368000000.0,1368000000.0,1169000000.0,1116000000.0,2.594,2.047,5125000000.0,25000000.0,5100000000.0,5125000000.0,0.0,124000000.0,0.0,1.689,26.47,183000000.0,307000000.0,0.203,307000000.0,183000000.0,88000000.0,3.52,3.5,3.52,4610000000.0,,4610000000.0,6617019414.0,19.0,7.721,60000000.0,0.189,1.0,345000000.0,0.228,40000000.0,95000000.0,16763000000.0,,479000000.0,211000000.0,0.0,211000000.0,9437000000.0,1007000000.0,8430000000.0,3335019414.0,-478000000.0,30000000.0,0.0,-17000000.0,-560000000.0,-576000000.0,1000000.0,0.0,97000000.0,0.0,1116000000.0,1116000000.0,1116000000.0,-4000000.0,0.0,0.737,185000000.0,160000000.0,326000000.0,7.52,0.723,3.567,5.925,9007000000.0,0.0,15.76,0.599,0.898,511000000.0,36000000.0,1514000000.0,1514000000.0,8000000.0,,,,,4000000.0,161000000.0,1.0,211612907.0,317369000.0,318360000.0,4.77,14013000000.0,474000000.0,-1028000000.0,704000000.0,44.154,1605000000.0
44,WY,MRQ,2010-06-30,2010-06-30,2010-06-30,2021-08-02,-592000000.0,14708000000.0,,3073000000.0,11635000000.0,,19.376,-32000000.0,1846000000.0,1846000000.0,1314000000.0,14000000.0,3.107,2.585,5128000000.0,4000000.0,5124000000.0,5128000000.0,0.0,126000000.0,0.0,0.006,0.05,173000000.0,299000000.0,0.182,299000000.0,173000000.0,18000000.0,0.07,0.07,0.07,4100000000.0,,4100000000.0,10963444362.0,35.0,12.913,157000000.0,0.742,1.0,327000000.0,0.199,40000000.0,155000000.0,16961000000.0,,472000000.0,213000000.0,3000000.0,210000000.0,10597000000.0,989000000.0,9608000000.0,7448444362.0,-314000000.0,15000000.0,0.0,-556000000.0,-10000000.0,-567000000.0,64000000.0,0.0,189000000.0,0.0,14000000.0,14000000.0,14000000.0,-6000000.0,0.0,0.009,172000000.0,155000000.0,322000000.0,0.714,1.817,-41.152,-40.93,9074000000.0,0.0,35.2,1.364,1.364,523000000.0,2631000000.0,1641000000.0,1641000000.0,8000000.0,,,,,6000000.0,162000000.0,1.0,211603533.0,211600000.0,212103000.0,7.755,14668000000.0,457000000.0,4000000.0,1642000000.0,69.319,2084000000.0
45,WY,MRQ,2010-03-31,2010-03-31,2010-03-31,2021-08-02,-635000000.0,15175000000.0,,3480000000.0,11695000000.0,,19.135,-46000000.0,2160000000.0,2160000000.0,1232000000.0,-18000000.0,3.718,2.748,5675000000.0,4000000.0,5671000000.0,5675000000.0,0.0,126000000.0,0.0,0.009,0.05,124000000.0,250000000.0,0.176,250000000.0,124000000.0,18000000.0,-0.1,-0.1,-0.1,4046000000.0,,4046000000.0,13389219893.0,114.0,20.442,132000000.0,0.624,1.0,187000000.0,0.132,40000000.0,106000000.0,17714000000.0,,515000000.0,211000000.0,1000000.0,210000000.0,11118000000.0,936000000.0,10182000000.0,9568219893.0,291000000.0,115000000.0,0.0,-24000000.0,-11000000.0,-37000000.0,150000000.0,47000000.0,178000000.0,0.0,-20000000.0,-20000000.0,-20000000.0,0.0,2000000.0,-0.014,103000000.0,84000000.0,329000000.0,-0.5,2.365,-31.788,-31.657,9177000000.0,0.0,45.27,1.836,1.837,592000000.0,2628000000.0,1419000000.0,1419000000.0,8000000.0,,,,,6000000.0,163000000.0,1.0,211358955.0,211440000.0,211440000.0,6.711,15135000000.0,441000000.0,38000000.0,1578000000.0,71.581,2544000000.0
46,WY,MRQ,2009-12-31,2009-12-31,2009-12-31,2021-08-02,-664000000.0,15250000000.0,,3667000000.0,11583000000.0,,19.134,-29000000.0,1869000000.0,1869000000.0,1176000000.0,-181000000.0,3.84,2.769,5690000000.0,7000000.0,5683000000.0,5690000000.0,0.0,134000000.0,0.0,0.014,0.05,-133000000.0,1000000.0,0.001,1000000.0,-133000000.0,-251000000.0,-0.83,-0.83,-0.83,4044000000.0,,4044000000.0,13087973206.0,-39.0,63.534,44000000.0,0.208,1.0,-181000000.0,-0.182,40000000.0,118000000.0,18076000000.0,,447000000.0,263000000.0,49000000.0,214000000.0,11196000000.0,955000000.0,10241000000.0,9117973206.0,241000000.0,5000000.0,0.0,103000000.0,-11000000.0,92000000.0,76000000.0,0.0,73000000.0,0.0,-175000000.0,-175000000.0,-175000000.0,43000000.0,-6000000.0,-0.176,-71000000.0,-110000000.0,317000000.0,-0.06,2.255,-16.73,-16.721,9188000000.0,0.0,43.14,1.799,1.799,548000000.0,2658000000.0,995000000.0,995000000.0,13000000.0,,,,,8000000.0,192000000.0,1.0,211357747.0,211357000.0,211357000.0,4.708,15210000000.0,1010000000.0,-76000000.0,1538000000.0,71.964,2712000000.0
47,WY,MRQ,2009-09-30,2009-09-30,2009-09-30,2021-08-02,-540000000.0,15365000000.0,,3393000000.0,11972000000.0,,20.577,-62000000.0,1628000000.0,1628000000.0,1150000000.0,-5000000.0,3.15,2.529,5598000000.0,44000000.0,5554000000.0,5598000000.0,0.0,149000000.0,0.0,0.031,0.05,150000000.0,299000000.0,0.213,299000000.0,150000000.0,35000000.0,0.0,0.0,0.0,4349000000.0,,4349000000.0,11998226830.0,-7.0,-10.29,-28000000.0,-0.132,1.0,257000000.0,0.183,40000000.0,115000000.0,18218000000.0,,498000000.0,262000000.0,47000000.0,215000000.0,11000000000.0,1077000000.0,9923000000.0,7746226830.0,-118000000.0,313000000.0,0.0,-415000000.0,-10000000.0,-426000000.0,274000000.0,14000000.0,34000000.0,0.0,0.0,0.0,0.0,0.0,-5000000.0,0.0,134000000.0,123000000.0,325000000.0,,1.781,-4.896,-4.893,9552000000.0,0.0,36.65,1.324,1.324,719000000.0,2844000000.0,1407000000.0,1407000000.0,10000000.0,,,,,7000000.0,147000000.0,1.0,211356803.0,211357000.0,211357000.0,6.657,15325000000.0,845000000.0,35000000.0,1663000000.0,72.508,2316000000.0
48,WY,MRQ,2009-06-30,2009-06-30,2009-06-30,2021-08-02,-646000000.0,15842000000.0,,3601000000.0,12241000000.0,,20.104,-33000000.0,1746000000.0,1746000000.0,1221000000.0,-116000000.0,2.371,2.722,5998000000.0,389000000.0,5609000000.0,5998000000.0,0.0,129000000.0,0.0,0.056,0.25,-24000000.0,105000000.0,0.075,105000000.0,-24000000.0,-138000000.0,-0.5,-0.5,-0.5,4249000000.0,,4249000000.0,10791587515.0,-6.0,-9.653,93000000.0,0.44,1.0,170000000.0,0.122,40000000.0,114000000.0,18535000000.0,,530000000.0,276000000.0,60000000.0,216000000.0,11565000000.0,1519000000.0,10046000000.0,6431587515.0,90000000.0,29000000.0,0.0,-10000000.0,-53000000.0,-64000000.0,28000000.0,32000000.0,126000000.0,0.0,-106000000.0,-106000000.0,-106000000.0,0.0,-10000000.0,-0.076,232000000.0,-62000000.0,314000000.0,-0.5,1.514,-4.94,-4.94,9805000000.0,0.0,30.43,0.982,0.982,733000000.0,2855000000.0,1391000000.0,1391000000.0,15000000.0,,,,,5000000.0,153000000.0,1.0,211356803.0,211356000.0,211356000.0,6.581,15802000000.0,906000000.0,-32000000.0,1677000000.0,74.765,2082000000.0
49,WY,MRQ,2009-03-31,2009-03-31,2009-03-31,2021-08-02,-667000000.0,15981000000.0,,3643000000.0,12338000000.0,,20.734,-63000000.0,1656000000.0,1656000000.0,1135000000.0,-266000000.0,2.401,2.645,6016000000.0,407000000.0,5609000000.0,6016000000.0,0.0,126000000.0,0.0,0.074,0.25,-325000000.0,-199000000.0,-0.156,-199000000.0,-325000000.0,-440000000.0,-1.25,-1.25,-1.25,4381000000.0,,4381000000.0,9546545732.0,-5.0,-7.699,-499000000.0,-2.362,1.0,140000000.0,0.11,40000000.0,115000000.0,18784000000.0,,708000000.0,318000000.0,92000000.0,226000000.0,11587000000.0,1517000000.0,10070000000.0,5823545732.0,-638000000.0,8000000.0,-2000000.0,-43000000.0,-53000000.0,-100000000.0,-102000000.0,46000000.0,-436000000.0,0.0,-264000000.0,-264000000.0,-264000000.0,0.0,-2000000.0,-0.207,470000000.0,-330000000.0,285000000.0,-0.2,1.329,-4.507,-4.512,9930000000.0,0.0,27.57,0.794,0.794,720000000.0,3013000000.0,1275000000.0,1275000000.0,13000000.0,,,,,6000000.0,189000000.0,1.0,211227629.0,211298000.0,211298000.0,6.034,15941000000.0,862000000.0,-176000000.0,1723000000.0,75.443,2126000000.0
50,WY,MRQ,2008-12-31,2008-12-31,2008-12-31,2021-08-02,-495000000.0,16695000000.0,,4090000000.0,12605000000.0,,22.784,-113000000.0,2294000000.0,2294000000.0,2194000000.0,-1214000000.0,2.375,2.461,6017000000.0,408000000.0,5609000000.0,6017000000.0,0.0,173000000.0,0.0,0.078,0.6,-1544000000.0,-1371000000.0,-0.772,-1371000000.0,-1544000000.0,-1538000000.0,-5.74,-5.74,-5.74,4814000000.0,,4814000000.0,9191561004.0,-6.0,-9.447,-1273000000.0,-6.025,1.0,-417000000.0,-0.235,43000000.0,-6000000.0,18653000000.0,,702000000.0,370000000.0,138000000.0,232000000.0,11848000000.0,1722000000.0,10126000000.0,6467561004.0,-1808000000.0,72000000.0,-4000000.0,-745000000.0,-127000000.0,-884000000.0,236000000.0,553000000.0,-1160000000.0,0.0,-1212000000.0,-1212000000.0,-1212000000.0,11000000.0,-2000000.0,-0.682,1265000000.0,-1682000000.0,381000000.0,-0.105,1.343,-5.5,-5.496,10038000000.0,0.0,30.61,0.798,0.798,703000000.0,3278000000.0,1777000000.0,1777000000.0,17000000.0,,,,,1000000.0,254000000.0,1.0,211289154.0,211291000.0,211291000.0,8.41,16652000000.0,670000000.0,-326000000.0,1805000000.0,78.811,2368000000.0
51,WY,MRQ,2008-09-30,2008-09-28,2008-09-28,2021-08-02,907000000.0,22216000000.0,,6465000000.0,15751000000.0,,35.994,-120000000.0,4099000000.0,4099000000.0,1775000000.0,275000000.0,1.824,1.921,6823000000.0,880000000.0,5943000000.0,6823000000.0,0.0,152000000.0,0.0,0.039,0.6,195000000.0,347000000.0,0.165,347000000.0,195000000.0,59000000.0,1.33,1.33,1.33,7605000000.0,,7605000000.0,21212166220.0,-118.0,38.083,-167000000.0,-0.79,1.0,332000000.0,0.158,919000000.0,136000000.0,20477000000.0,,712000000.0,938000000.0,701000000.0,237000000.0,14611000000.0,3544000000.0,11067000000.0,13167166220.0,4013000000.0,6380000000.0,1000000.0,-1363000000.0,-127000000.0,-1499000000.0,5559000000.0,-701000000.0,-47000000.0,0.0,280000000.0,280000000.0,280000000.0,-480000000.0,-5000000.0,0.133,688000000.0,-356000000.0,449000000.0,0.451,1.731,-487.673,-1038.667,10496000000.0,0.0,62.32,1.483,1.483,742000000.0,4670000000.0,2107000000.0,2107000000.0,14000000.0,,,,,13000000.0,224000000.0,1.0,211283155.0,211284000.0,211284000.0,9.972,21297000000.0,164000000.0,-221000000.0,2683000000.0,100.798,2921000000.0
52,WY,MRQ,2008-06-30,2008-06-29,2008-06-29,2021-08-02,1160000000.0,23711000000.0,,3093000000.0,20618000000.0,,36.414,-169000000.0,81000000.0,81000000.0,1830000000.0,-149000000.0,1.035,2.082,8126000000.0,1034000000.0,7092000000.0,8126000000.0,0.0,153000000.0,0.0,0.048,0.6,-170000000.0,-17000000.0,-0.008,-17000000.0,-170000000.0,-310000000.0,-0.45,-0.45,-0.45,7693000000.0,,7693000000.0,18546097734.0,-133.0,27.194,21000000.0,0.099,1.0,344000000.0,0.158,931000000.0,140000000.0,27838000000.0,,732000000.0,238000000.0,0.0,238000000.0,16018000000.0,2987000000.0,13031000000.0,10643097734.0,17000000.0,23000000.0,2000000.0,154000000.0,-126000000.0,7000000.0,-180000000.0,0.0,190000000.0,0.0,-96000000.0,-96000000.0,-96000000.0,-111000000.0,-53000000.0,-0.044,649000000.0,-305000000.0,509000000.0,-1.333,1.383,-51.666,-54.761,10905000000.0,0.0,50.38,1.112,1.113,839000000.0,4516000000.0,2174000000.0,2174000000.0,18000000.0,,,,,7000000.0,246000000.0,1.0,211256406.0,211262000.0,211262000.0,10.291,22780000000.0,150000000.0,-214000000.0,2666000000.0,107.828,106000000.0
53,WY,MRQ,2008-03-31,2008-03-30,2008-03-30,2021-08-02,956000000.0,23756000000.0,,3113000000.0,20643000000.0,,36.745,-153000000.0,69000000.0,69000000.0,1761000000.0,-154000000.0,1.119,2.085,7972000000.0,958000000.0,7014000000.0,7972000000.0,0.0,211000000.0,0.0,0.038,0.6,-143000000.0,68000000.0,0.033,68000000.0,-143000000.0,-287000000.0,-0.7,-0.7,-0.7,7700000000.0,,7700000000.0,20629591584.0,91.0,18.37,-435000000.0,-2.076,1.0,281000000.0,0.138,948000000.0,144000000.0,27929000000.0,,840000000.0,391000000.0,0.0,391000000.0,16056000000.0,2782000000.0,13274000000.0,13348591584.0,-42000000.0,9000000.0,1000000.0,530000000.0,-127000000.0,396000000.0,-156000000.0,0.0,-282000000.0,0.0,-148000000.0,-148000000.0,-148000000.0,-87000000.0,-6000000.0,-0.072,539000000.0,-258000000.0,537000000.0,-0.857,1.734,-171.136,-199.062,11044000000.0,0.0,63.7,1.289,1.289,878000000.0,4738000000.0,2042000000.0,2042000000.0,17000000.0,,,,,26000000.0,272000000.0,1.0,209554028.0,209554028.0,,9.745,22808000000.0,150000000.0,-139000000.0,2562000000.0,108.841,331000000.0
54,WY,MRQ,2007-12-31,2007-12-30,2007-12-30,2021-08-02,987000000.0,23806000000.0,,3014000000.0,20792000000.0,,36.392,-363000000.0,100000000.0,100000000.0,1956000000.0,-114000000.0,1.156,1.983,7395000000.0,561000000.0,6834000000.0,7395000000.0,0.0,221000000.0,0.0,0.033,0.6,-62000000.0,159000000.0,0.062,159000000.0,-62000000.0,-162000000.0,-0.24,-0.24,-0.24,7981000000.0,,7981000000.0,23019468602.0,19.0,10.613,186000000.0,0.848,1.0,598000000.0,0.234,941000000.0,100000000.0,27553000000.0,,795000000.0,343000000.0,0.0,343000000.0,15825000000.0,2607000000.0,13218000000.0,15417468602.0,34000000.0,307000000.0,-8000000.0,-267000000.0,-127000000.0,-393000000.0,-122000000.0,0.0,549000000.0,0.0,-63000000.0,-63000000.0,-63000000.0,-66000000.0,-51000000.0,-0.025,732000000.0,-134000000.0,585000000.0,-2.5,1.932,19.516,20.439,11062000000.0,0.0,73.58,1.41,1.476,714000000.0,5014000000.0,2554000000.0,2554000000.0,19000000.0,,,,,51000000.0,288000000.0,1.0,209533414.0,219305000.0,,11.646,22865000000.0,291000000.0,-99000000.0,2579000000.0,104.261,407000000.0
55,WY,MRQ,2007-09-30,2007-09-30,2007-09-30,2021-08-02,305000000.0,23371000000.0,,3220000000.0,20151000000.0,,34.601,-187000000.0,80000000.0,80000000.0,2232000000.0,101000000.0,1.323,2.129,7682000000.0,354000000.0,7328000000.0,7682000000.0,0.0,236000000.0,0.0,0.033,0.6,236000000.0,472000000.0,0.169,472000000.0,236000000.0,90000000.0,0.47,0.47,0.47,7469000000.0,,7469000000.0,22543522916.0,11.0,7.296,18000000.0,0.083,1.0,565000000.0,0.202,2200000000.0,146000000.0,26340000000.0,,1323000000.0,574000000.0,0.0,574000000.0,15902000000.0,2433000000.0,13469000000.0,15606522916.0,-41000000.0,9000000.0,-438000000.0,505000000.0,-130000000.0,-63000000.0,-183000000.0,0.0,205000000.0,0.0,101000000.0,101000000.0,101000000.0,-106000000.0,0.0,0.036,512000000.0,53000000.0,894000000.0,1.277,2.09,11.475,12.509,14157000000.0,0.0,72.3,1.945,1.945,1491000000.0,5239000000.0,2797000000.0,2797000000.0,18000000.0,,,,,6000000.0,275000000.0,1.0,215857855.0,215857855.0,,12.958,21171000000.0,0.0,-11000000.0,2863000000.0,98.078,787000000.0
56,WY,MRQ,2007-06-30,2007-07-01,2007-07-01,2021-08-02,216000000.0,23391000000.0,,3402000000.0,19989000000.0,,36.372,-138000000.0,215000000.0,215000000.0,2430000000.0,32000000.0,1.473,1.979,7152000000.0,155000000.0,6997000000.0,7152000000.0,0.0,228000000.0,0.0,0.03,0.6,196000000.0,424000000.0,0.143,424000000.0,196000000.0,1000000.0,0.15,0.15,0.15,7853000000.0,,7853000000.0,23970762961.0,11.0,7.092,27000000.0,0.125,1.0,529000000.0,0.179,2181000000.0,195000000.0,25837000000.0,,1308000000.0,593000000.0,0.0,593000000.0,15538000000.0,2310000000.0,13228000000.0,17041762961.0,-1064000000.0,71000000.0,-12000000.0,-1015000000.0,-131000000.0,-1155000000.0,-74000000.0,0.0,165000000.0,0.0,32000000.0,32000000.0,32000000.0,-81000000.0,0.0,0.011,498000000.0,31000000.0,1010000000.0,4.0,2.17,11.491,12.69,14077000000.0,0.0,78.93,1.743,1.743,1583000000.0,5269000000.0,2959000000.0,2959000000.0,18000000.0,,,,,9000000.0,298000000.0,1.0,215909831.0,215909831.0,,13.705,21210000000.0,0.0,-31000000.0,2906000000.0,98.235,1092000000.0
57,WY,MRQ,2007-03-31,2007-04-01,2007-04-01,2021-08-02,113000000.0,24242000000.0,,4473000000.0,19769000000.0,,31.84,-148000000.0,1185000000.0,1185000000.0,2196000000.0,720000000.0,1.885,2.092,8114000000.0,233000000.0,7881000000.0,8114000000.0,0.0,289000000.0,0.0,0.031,0.6,826000000.0,1115000000.0,0.418,1115000000.0,826000000.0,683000000.0,3.09,3.09,3.09,7840000000.0,,7840000000.0,26401490295.0,10.0,6.944,-432000000.0,-1.754,1.0,469000000.0,0.176,2158000000.0,143000000.0,26640000000.0,,1437000000.0,579000000.0,0.0,579000000.0,16402000000.0,2373000000.0,14029000000.0,18403490295.0,942000000.0,1360000000.0,306000000.0,-175000000.0,-143000000.0,31000000.0,1195000000.0,0.0,-284000000.0,0.0,720000000.0,720000000.0,720000000.0,-783000000.0,0.0,0.27,508000000.0,-39000000.0,920000000.0,0.194,2.347,10.522,10.281,13989000000.0,0.0,74.74,1.575,1.575,1471000000.0,5367000000.0,2665000000.0,2665000000.0,16000000.0,,,,,-25000000.0,306000000.0,1.0,246233480.0,246233480.0,,10.823,22084000000.0,0.0,-37000000.0,2897000000.0,89.687,2100000000.0
58,WY,MRQ,2006-12-31,2006-12-31,2006-12-31,2021-08-02,88000000.0,26862000000.0,,4121000000.0,22741000000.0,,38.409,-297000000.0,243000000.0,243000000.0,-473000000.0,507000000.0,1.317,1.957,8235000000.0,560000000.0,7675000000.0,8235000000.0,0.0,341000000.0,0.0,0.031,0.6,738000000.0,1079000000.0,-2.704,1079000000.0,738000000.0,587000000.0,2.07,2.06,2.07,9085000000.0,,9085000000.0,25366018016.0,18.0,9.508,1026000000.0,4.338,1.0,74000000.0,-0.185,2185000000.0,151000000.0,29540000000.0,,1355000000.0,571000000.0,0.0,571000000.0,17777000000.0,3129000000.0,14648000000.0,16711018016.0,116000000.0,65000000.0,-309000000.0,-496000000.0,-142000000.0,-952000000.0,-255000000.0,0.0,1323000000.0,0.0,507000000.0,507000000.0,507000000.0,-317000000.0,0.0,-1.271,-270000000.0,344000000.0,948000000.0,0.29,1.839,36.89,38.189,13951000000.0,0.0,70.65,1.24,1.24,1327000000.0,4755000000.0,-399000000.0,-399000000.0,15000000.0,,,,,29000000.0,73000000.0,1.0,236532456.0,236532456.0,,-1.687,24677000000.0,189000000.0,80000000.0,3011000000.0,104.328,992000000.0
59,WY,MRQ,2006-09-30,2006-09-24,2006-09-24,2021-08-02,285000000.0,27372000000.0,,4441000000.0,22931000000.0,,37.446,-187000000.0,127000000.0,127000000.0,3539000000.0,224000000.0,1.494,1.968,8782000000.0,714000000.0,8068000000.0,8782000000.0,0.0,314000000.0,0.0,0.036,0.6,448000000.0,762000000.0,0.167,762000000.0,448000000.0,310000000.0,0.91,0.91,0.91,9221000000.0,,9221000000.0,22767724046.0,39.0,12.201,-50000000.0,-0.203,1.0,1015000000.0,0.223,2254000000.0,138000000.0,30801000000.0,,1983000000.0,564000000.0,0.0,564000000.0,18151000000.0,2972000000.0,15179000000.0,14533724046.0,-22000000.0,168000000.0,-332000000.0,361000000.0,-150000000.0,-117000000.0,-42000000.0,0.0,137000000.0,0.0,224000000.0,224000000.0,224000000.0,-58000000.0,0.0,0.049,696000000.0,319000000.0,1142000000.0,0.659,1.576,-54.844,-54.147,17222000000.0,0.0,59.02,0.887,0.887,1961000000.0,4390000000.0,4554000000.0,4554000000.0,23000000.0,,,,,2000000.0,399000000.0,1.0,246250831.0,246250831.0,,18.493,25118000000.0,0.0,86000000.0,3848000000.0,102.002,1469000000.0
60,WY,MRQ,2006-06-30,2006-06-25,2006-06-25,2021-08-02,298000000.0,27618000000.0,,4527000000.0,23091000000.0,,38.582,-200000000.0,149000000.0,149000000.0,3720000000.0,298000000.0,1.458,1.907,8383000000.0,555000000.0,7828000000.0,8383000000.0,0.0,313000000.0,0.0,0.033,0.5,533000000.0,846000000.0,0.174,846000000.0,533000000.0,390000000.0,1.2,1.19,1.2,9500000000.0,,9500000000.0,23282456985.0,31.0,11.374,267000000.0,1.084,1.0,1147000000.0,0.236,2243000000.0,143000000.0,30505000000.0,,1911000000.0,545000000.0,0.0,545000000.0,18118000000.0,3104000000.0,15014000000.0,14847456985.0,5000000.0,3000000.0,40000000.0,-166000000.0,-123000000.0,-245000000.0,-217000000.0,0.0,467000000.0,0.0,298000000.0,298000000.0,298000000.0,11000000.0,0.0,0.061,676000000.0,471000000.0,1222000000.0,0.417,1.563,-72.782,-71.786,17333000000.0,0.0,60.3,0.86,0.86,2083000000.0,4328000000.0,4867000000.0,4867000000.0,15000000.0,,,,,-9000000.0,400000000.0,1.0,246226484.0,246226484.0,,19.766,25375000000.0,0.0,92000000.0,3913000000.0,103.056,1423000000.0
61,WY,MRQ,2006-03-31,2006-03-26,2006-03-26,2021-08-02,266000000.0,27381000000.0,,4434000000.0,22947000000.0,,38.003,-200000000.0,144000000.0,144000000.0,3458000000.0,-576000000.0,1.409,1.967,8579000000.0,700000000.0,7879000000.0,8579000000.0,0.0,315000000.0,0.0,0.027,0.5,-334000000.0,-19000000.0,-0.004,-19000000.0,-334000000.0,-476000000.0,-2.34,-2.33,-2.34,9229000000.0,,9229000000.0,25321633545.0,24.0,10.68,-503000000.0,-2.071,1.0,994000000.0,0.223,2235000000.0,142000000.0,30435000000.0,,2068000000.0,535000000.0,0.0,535000000.0,18152000000.0,3146000000.0,15006000000.0,17771633545.0,-960000000.0,-203000000.0,131000000.0,-283000000.0,-123000000.0,-257000000.0,-400000000.0,0.0,-303000000.0,0.0,-576000000.0,-576000000.0,-576000000.0,756000000.0,0.0,-0.129,655000000.0,339000000.0,1193000000.0,-0.214,1.926,-216.727,-228.688,17274000000.0,0.0,73.18,0.982,0.982,1971000000.0,4137000000.0,4452000000.0,4452000000.0,16000000.0,,,,,6000000.0,402000000.0,1.0,242848231.0,242848231.0,,18.332,25146000000.0,0.0,100000000.0,4001000000.0,103.546,1288000000.0
62,WY,MRQ,2005-12-31,2005-12-25,2005-12-25,2021-08-02,290000000.0,28229000000.0,,4876000000.0,23353000000.0,,40.29,-327000000.0,1104000000.0,1104000000.0,1983000000.0,-211000000.0,1.498,1.881,8642000000.0,384000000.0,8258000000.0,8642000000.0,0.0,338000000.0,0.0,0.028,0.5,-61000000.0,277000000.0,0.11,277000000.0,-61000000.0,-150000000.0,-0.86,-0.87,-0.86,9800000000.0,,9800000000.0,24457973269.0,12.0,7.416,561000000.0,2.306,1.0,533000000.0,0.212,2982000000.0,89000000.0,29530000000.0,,1885000000.0,547000000.0,0.0,547000000.0,18429000000.0,3255000000.0,15174000000.0,16296973269.0,215000000.0,116000000.0,-1000000.0,-328000000.0,-124000000.0,-454000000.0,-219000000.0,0.0,888000000.0,0.0,-211000000.0,-211000000.0,-211000000.0,352000000.0,0.0,-0.084,347000000.0,186000000.0,1227000000.0,-0.581,1.663,22.233,22.333,16669000000.0,0.0,67.0,0.865,0.865,1749000000.0,4840000000.0,2516000000.0,2516000000.0,17000000.0,,,,,12000000.0,278000000.0,1.0,243238407.0,243238407.0,,10.344,25247000000.0,0.0,61000000.0,4032000000.0,103.795,1621000000.0
63,WY,MRQ,2005-09-30,2005-09-25,2005-09-25,2021-08-02,290000000.0,29157000000.0,,5424000000.0,23733000000.0,,41.687,-233000000.0,889000000.0,889000000.0,4167000000.0,285000000.0,1.861,1.879,9050000000.0,185000000.0,8865000000.0,9050000000.0,0.0,333000000.0,0.0,0.027,0.5,610000000.0,943000000.0,0.174,943000000.0,610000000.0,404000000.0,1.16,1.16,1.16,10126000000.0,,10126000000.0,24753825132.0,10.0,6.365,192000000.0,0.79,1.0,1265000000.0,0.233,2988000000.0,206000000.0,31416000000.0,,1992000000.0,556000000.0,0.0,556000000.0,19031000000.0,2914000000.0,16117000000.0,16456825132.0,-826000000.0,29000000.0,14000000.0,-1035000000.0,-122000000.0,-1146000000.0,-105000000.0,96000000.0,425000000.0,0.0,285000000.0,285000000.0,285000000.0,2000000.0,0.0,0.052,832000000.0,433000000.0,1167000000.0,0.431,1.625,14.398,14.539,17616000000.0,0.0,67.75,0.762,0.762,2015000000.0,5174000000.0,5432000000.0,5432000000.0,18000000.0,,,,,3000000.0,413000000.0,1.0,242905168.0,242905168.0,,22.363,26169000000.0,0.0,119000000.0,4396000000.0,107.733,2510000000.0
64,WY,MRQ,2005-06-30,2005-06-26,2005-06-26,2021-08-02,182000000.0,29993000000.0,,6342000000.0,23651000000.0,,40.568,-207000000.0,1715000000.0,1715000000.0,4245000000.0,420000000.0,2.041,2.045,10012000000.0,227000000.0,9785000000.0,10012000000.0,0.0,332000000.0,0.0,0.026,0.5,838000000.0,1170000000.0,0.206,1170000000.0,838000000.0,645000000.0,1.72,1.71,1.72,9849000000.0,,9849000000.0,25632378779.0,8.0,5.879,459000000.0,1.891,1.0,1445000000.0,0.254,2977000000.0,193000000.0,32206000000.0,,2018000000.0,553000000.0,0.0,553000000.0,20144000000.0,3107000000.0,17037000000.0,15807378779.0,1308000000.0,1107000000.0,65000000.0,-193000000.0,-123000000.0,-255000000.0,897000000.0,11000000.0,666000000.0,0.0,420000000.0,420000000.0,420000000.0,-129000000.0,0.0,0.074,787000000.0,658000000.0,1225000000.0,0.291,1.605,10.887,10.924,17668000000.0,0.0,65.11,0.724,0.724,2065000000.0,5012000000.0,5690000000.0,5690000000.0,12000000.0,,,,,-6000000.0,395000000.0,1.0,242779585.0,242779585.0,,23.437,27016000000.0,0.0,225000000.0,4320000000.0,111.278,3235000000.0
65,WY,MRQ,2005-03-31,2005-03-27,2005-03-27,2021-08-02,200000000.0,29670000000.0,,6117000000.0,23553000000.0,,39.704,-117000000.0,407000000.0,407000000.0,4061000000.0,239000000.0,2.132,2.122,10232000000.0,98000000.0,10134000000.0,10232000000.0,0.0,334000000.0,0.0,0.024,0.4,578000000.0,912000000.0,0.17,912000000.0,578000000.0,368000000.0,0.98,0.98,0.98,9505000000.0,,9505000000.0,25683963234.0,9.0,5.965,-344000000.0,-1.437,1.0,1310000000.0,0.244,2997000000.0,210000000.0,33629000000.0,,2122000000.0,546000000.0,0.0,546000000.0,20165000000.0,2869000000.0,17296000000.0,16242963234.0,-790000000.0,0.0,71000000.0,-412000000.0,-97000000.0,-441000000.0,-122000000.0,8000000.0,-227000000.0,0.0,239000000.0,239000000.0,239000000.0,0.0,0.0,0.044,788000000.0,522000000.0,1150000000.0,0.408,1.709,11.594,11.678,17535000000.0,0.0,67.85,0.743,0.743,1900000000.0,4715000000.0,5371000000.0,5371000000.0,14000000.0,,,,,2000000.0,396000000.0,1.0,239395184.0,239395184.0,,22.436,26673000000.0,0.0,129000000.0,4315000000.0,111.418,3248000000.0
66,WY,MRQ,2004-12-31,2004-12-26,2004-12-26,2021-08-02,163000000.0,29954000000.0,,6225000000.0,23729000000.0,,38.584,-225000000.0,1197000000.0,1197000000.0,4046000000.0,199000000.0,1.862,2.237,10638000000.0,492000000.0,10146000000.0,10638000000.0,0.0,334000000.0,0.0,0.024,0.4,530000000.0,864000000.0,0.17,864000000.0,530000000.0,275000000.0,0.8,0.81,0.8,9255000000.0,,9255000000.0,26181678680.0,9.0,6.372,712000000.0,2.968,1.0,1047000000.0,0.206,2996000000.0,255000000.0,33055000000.0,,1876000000.0,548000000.0,0.0,548000000.0,20699000000.0,3344000000.0,17355000000.0,16044678680.0,-38000000.0,-8000000.0,39000000.0,-728000000.0,-96000000.0,-764000000.0,-211000000.0,-37000000.0,937000000.0,0.0,199000000.0,199000000.0,199000000.0,-20000000.0,0.0,0.039,589000000.0,458000000.0,1130000000.0,0.5,1.734,12.506,12.273,17609000000.0,0.0,66.89,0.749,0.749,1577000000.0,4573000000.0,5093000000.0,5093000000.0,17000000.0,,,,,0.0,429000000.0,1.0,239866627.0,239866627.0,,21.233,26958000000.0,0.0,76000000.0,4351000000.0,112.387,2881000000.0
67,WY,MRQ,2004-09-30,2004-09-26,2004-09-26,2021-08-02,124000000.0,29284000000.0,,5556000000.0,23728000000.0,,37.832,-100000000.0,1235000000.0,1235000000.0,3853000000.0,594000000.0,1.895,2.233,11372000000.0,493000000.0,10879000000.0,11372000000.0,0.0,329000000.0,0.0,0.025,0.4,1085000000.0,1414000000.0,0.249,1414000000.0,1085000000.0,887000000.0,2.46,2.45,2.46,9059000000.0,,9059000000.0,26174602215.0,10.0,6.611,593000000.0,2.476,1.0,1826000000.0,0.322,3241000000.0,198000000.0,33248000000.0,,1998000000.0,680000000.0,0.0,680000000.0,20225000000.0,2932000000.0,17293000000.0,15267602215.0,498000000.0,22000000.0,10000000.0,-298000000.0,-97000000.0,-99000000.0,-96000000.0,9000000.0,693000000.0,0.0,594000000.0,594000000.0,594000000.0,-25000000.0,0.0,0.105,804000000.0,1022000000.0,1102000000.0,0.163,1.685,12.983,12.778,18202000000.0,0.0,63.76,0.733,0.733,1856000000.0,4470000000.0,5679000000.0,5679000000.0,13000000.0,,,,,0.0,399000000.0,1.0,239454238.0,239454238.0,,23.716,26043000000.0,0.0,293000000.0,4451000000.0,108.76,2624000000.0
68,WY,MRQ,2004-06-30,2004-06-27,2004-06-27,2021-08-02,-17000000.0,28723000000.0,,5009000000.0,23714000000.0,,37.762,-67000000.0,737000000.0,737000000.0,4215000000.0,369000000.0,1.737,2.415,11644000000.0,447000000.0,11197000000.0,11644000000.0,0.0,332000000.0,0.0,0.027,0.4,784000000.0,1116000000.0,0.195,1116000000.0,784000000.0,552000000.0,1.57,1.57,1.57,8410000000.0,,8410000000.0,25946605116.0,14.0,8.096,710000000.0,3.188,1.0,1513000000.0,0.264,3218000000.0,232000000.0,33528000000.0,,1936000000.0,640000000.0,0.0,640000000.0,20313000000.0,2884000000.0,17429000000.0,13429605116.0,658000000.0,0.0,982000000.0,-961000000.0,-90000000.0,-70000000.0,-49000000.0,25000000.0,777000000.0,0.0,369000000.0,369000000.0,369000000.0,-14000000.0,0.0,0.064,799000000.0,714000000.0,1114000000.0,0.255,1.597,20.225,20.793,18255000000.0,0.0,60.3,0.66,0.66,1902000000.0,3972000000.0,5728000000.0,5728000000.0,13000000.0,,,,,0.0,404000000.0,1.0,222713186.0,222713186.0,,25.719,25505000000.0,0.0,183000000.0,4373000000.0,114.519,2125000000.0
69,WY,MRQ,2004-03-31,2004-03-28,2004-03-28,2021-08-02,48000000.0,28137000000.0,,4266000000.0,23871000000.0,,32.934,-41000000.0,79000000.0,79000000.0,3771000000.0,121000000.0,1.216,2.9,12596000000.0,1232000000.0,11364000000.0,12596000000.0,0.0,327000000.0,0.0,0.025,0.4,388000000.0,715000000.0,0.146,715000000.0,388000000.0,178000000.0,0.54,0.54,0.54,7214000000.0,,7214000000.0,26452252034.0,17.0,9.249,-180000000.0,-0.822,1.0,1140000000.0,0.232,3232000000.0,210000000.0,33913000000.0,,2020000000.0,644000000.0,0.0,644000000.0,20923000000.0,3509000000.0,17414000000.0,14163252034.0,-123000000.0,0.0,103000000.0,52000000.0,-89000000.0,61000000.0,-45000000.0,3000000.0,-139000000.0,0.0,121000000.0,121000000.0,121000000.0,-9000000.0,0.0,0.025,802000000.0,338000000.0,1065000000.0,0.741,1.963,31.335,31.696,18399000000.0,0.0,64.66,0.725,0.725,1753000000.0,3693000000.0,4911000000.0,4911000000.0,12000000.0,,,,,0.0,403000000.0,1.0,219041943.0,219041943.0,,22.42,24905000000.0,0.0,57000000.0,4303000000.0,113.7,757000000.0
70,WY,MRQ,2003-12-31,2003-12-28,2003-12-28,2021-08-02,76000000.0,28599000000.0,,4021000000.0,24578000000.0,,32.341,-146000000.0,202000000.0,202000000.0,3338000000.0,92000000.0,1.592,3.023,12491000000.0,94000000.0,12397000000.0,12491000000.0,0.0,356000000.0,0.0,0.026,0.4,358000000.0,714000000.0,0.158,714000000.0,358000000.0,143000000.0,0.42,0.42,0.42,7109000000.0,,7109000000.0,26907338183.0,21.0,10.29,744000000.0,3.385,1.0,1183000000.0,0.262,3237000000.0,215000000.0,35126000000.0,,1911000000.0,584000000.0,0.0,584000000.0,21490000000.0,2525000000.0,18965000000.0,13760338183.0,120000000.0,-151000000.0,21000000.0,-728000000.0,-89000000.0,-440000000.0,-330000000.0,10000000.0,890000000.0,0.0,92000000.0,92000000.0,92000000.0,15000000.0,0.0,0.02,834000000.0,349000000.0,1041000000.0,0.952,1.936,49.676,50.08,18578000000.0,0.0,62.6,0.715,0.715,1548000000.0,3662000000.0,4521000000.0,4521000000.0,17000000.0,,,,,0.0,391000000.0,1.0,219813709.0,219813709.0,,20.567,25362000000.0,0.0,51000000.0,4294000000.0,115.38,1496000000.0
71,WY,MRQ,2003-09-30,2003-09-28,2003-09-28,2021-08-02,-82000000.0,28447000000.0,,4113000000.0,24334000000.0,,31.578,-309000000.0,82000000.0,82000000.0,4022000000.0,82000000.0,1.688,3.11,13229000000.0,247000000.0,12982000000.0,13229000000.0,0.0,323000000.0,0.0,0.027,0.4,337000000.0,660000000.0,0.127,660000000.0,337000000.0,124000000.0,0.37,0.37,0.37,6921000000.0,,6921000000.0,26331706003.0,19.0,9.903,293000000.0,1.337,1.0,1162000000.0,0.224,3221000000.0,213000000.0,35937000000.0,,1959000000.0,616000000.0,0.0,616000000.0,21526000000.0,2436000000.0,19090000000.0,12799706003.0,24000000.0,151000000.0,35000000.0,-362000000.0,-89000000.0,-417000000.0,-161000000.0,8000000.0,602000000.0,0.0,82000000.0,82000000.0,82000000.0,0.0,0.0,0.016,858000000.0,304000000.0,975000000.0,1.081,1.849,41.157,41.418,18926000000.0,0.0,58.4,0.658,0.658,1728000000.0,3659000000.0,5184000000.0,5184000000.0,10000000.0,,,,,0.0,408000000.0,1.0,219173048.0,219173048.0,,23.653,25226000000.0,0.0,42000000.0,4139000000.0,115.096,1677000000.0
72,WY,MRQ,2003-06-30,2003-06-29,2003-06-29,2021-08-02,-69000000.0,28837000000.0,,4238000000.0,24599000000.0,,31.53,-18000000.0,58000000.0,58000000.0,3722000000.0,157000000.0,1.38,3.176,13590000000.0,832000000.0,12758000000.0,13590000000.0,0.0,315000000.0,0.0,0.03,0.4,456000000.0,771000000.0,0.156,771000000.0,456000000.0,238000000.0,0.71,0.71,0.71,6906000000.0,,6906000000.0,25564224963.0,20.0,10.025,405000000.0,1.849,1.0,1208000000.0,0.245,3224000000.0,218000000.0,36075000000.0,,2093000000.0,620000000.0,0.0,620000000.0,21931000000.0,3070000000.0,18861000000.0,11707224963.0,-9000000.0,0.0,2000000.0,-335000000.0,-88000000.0,-415000000.0,-17000000.0,-31000000.0,423000000.0,0.0,157000000.0,157000000.0,157000000.0,0.0,0.0,0.032,795000000.0,413000000.0,1046000000.0,0.563,1.695,48.377,48.591,19150000000.0,0.0,53.45,0.611,0.611,1737000000.0,3666000000.0,4930000000.0,4930000000.0,12000000.0,,,,,0.0,382000000.0,1.0,219031337.0,219031337.0,,22.508,25613000000.0,0.0,81000000.0,4111000000.0,116.938,1168000000.0
73,WY,MRQ,2003-03-31,2003-03-30,2003-03-30,2021-08-02,-277000000.0,28696000000.0,,4254000000.0,24442000000.0,,30.275,-145000000.0,67000000.0,67000000.0,3682000000.0,-54000000.0,1.393,3.33,13924000000.0,916000000.0,13008000000.0,13924000000.0,0.0,324000000.0,0.0,0.034,0.4,146000000.0,470000000.0,0.102,470000000.0,146000000.0,-76000000.0,-0.24,-0.24,-0.24,6628000000.0,,6628000000.0,23829267390.0,21.0,9.778,-254000000.0,-1.16,1.0,932000000.0,0.202,3191000000.0,222000000.0,36309000000.0,,2167000000.0,592000000.0,0.0,592000000.0,22068000000.0,3053000000.0,19015000000.0,10379267390.0,-55000000.0,-8000000.0,2000000.0,349000000.0,-89000000.0,257000000.0,-203000000.0,3000000.0,-109000000.0,0.0,-54000000.0,-54000000.0,-54000000.0,0.0,0.0,-0.012,811000000.0,121000000.0,975000000.0,-1.667,1.566,66.11,66.775,19064000000.0,0.0,47.41,0.542,0.542,1638000000.0,3597000000.0,4614000000.0,4614000000.0,12000000.0,,,,,0.0,376000000.0,1.0,218925699.0,218925699.0,,21.076,25505000000.0,0.0,-22000000.0,4072000000.0,116.501,1201000000.0
74,WY,MRQ,2002-12-31,2002-12-29,2002-12-29,2021-08-02,-422000000.0,28219000000.0,,3888000000.0,24331000000.0,,30.249,-256000000.0,122000000.0,122000000.0,3508000000.0,126000000.0,1.299,3.261,13572000000.0,788000000.0,12784000000.0,13572000000.0,0.0,342000000.0,0.0,0.033,0.4,416000000.0,758000000.0,0.161,758000000.0,416000000.0,194000000.0,0.57,0.57,0.57,6623000000.0,,6623000000.0,24692849715.0,20.0,9.997,568000000.0,2.594,1.0,1210000000.0,0.256,3131000000.0,222000000.0,35544000000.0,,1941000000.0,606000000.0,0.0,606000000.0,21596000000.0,2994000000.0,18602000000.0,10640849715.0,-8000000.0,64000000.0,0.0,-624000000.0,-88000000.0,-622000000.0,-210000000.0,-5000000.0,824000000.0,0.0,126000000.0,126000000.0,126000000.0,0.0,0.0,0.027,847000000.0,363000000.0,983000000.0,0.702,1.607,44.153,44.587,19025000000.0,0.0,48.6,0.575,0.575,1483000000.0,3740000000.0,4718000000.0,4718000000.0,16000000.0,,,,,0.0,379000000.0,1.0,218947525.0,218947525.0,,21.549,25088000000.0,0.0,68000000.0,4056000000.0,114.585,894000000.0
75,WY,MRQ,2002-09-30,2002-09-29,2002-09-29,2021-08-02,-333000000.0,28795000000.0,,4159000000.0,24636000000.0,,30.263,-247000000.0,130000000.0,130000000.0,3960000000.0,13000000.0,1.272,3.346,14182000000.0,1022000000.0,13160000000.0,14182000000.0,0.0,305000000.0,0.0,0.036,0.4,246000000.0,551000000.0,0.113,551000000.0,246000000.0,20000000.0,0.06,0.06,0.06,6626000000.0,,6626000000.0,23672478926.0,26.0,11.742,83000000.0,0.379,1.0,930000000.0,0.19,2812000000.0,226000000.0,36765000000.0,,1951000000.0,595000000.0,0.0,595000000.0,22169000000.0,3270000000.0,18899000000.0,9631478926.0,-19000000.0,0.0,1000000.0,-9000000.0,-88000000.0,-137000000.0,-212000000.0,60000000.0,330000000.0,0.0,13000000.0,13000000.0,13000000.0,0.0,0.0,0.003,736000000.0,194000000.0,1059000000.0,6.667,1.454,96.315,97.756,19739000000.0,0.0,43.99,0.56,0.56,1672000000.0,3702000000.0,4890000000.0,4890000000.0,11000000.0,,,,,0.0,354000000.0,1.0,218947009.0,218947009.0,,22.334,25983000000.0,0.0,7000000.0,4360000000.0,118.673,889000000.0
76,WY,MRQ,2002-06-30,2002-06-30,2002-06-30,2021-08-02,-252000000.0,29210000000.0,,4352000000.0,24858000000.0,,31.045,-295000000.0,149000000.0,149000000.0,3811000000.0,72000000.0,1.489,3.307,14190000000.0,478000000.0,13712000000.0,14190000000.0,0.0,312000000.0,0.0,0.025,0.4,346000000.0,658000000.0,0.134,658000000.0,346000000.0,111000000.0,0.32,0.32,0.32,6782000000.0,,6782000000.0,28069279855.0,31.0,14.612,109000000.0,0.499,1.0,1111000000.0,0.226,2778000000.0,235000000.0,37550000000.0,,2012000000.0,621000000.0,0.0,621000000.0,22428000000.0,2923000000.0,19505000000.0,13948279855.0,11000000.0,0.0,20000000.0,-71000000.0,-89000000.0,-104000000.0,-289000000.0,-18000000.0,404000000.0,0.0,72000000.0,72000000.0,72000000.0,0.0,0.0,0.015,812000000.0,299000000.0,1125000000.0,1.25,2.057,78.361,79.812,19970000000.0,0.0,63.85,0.868,0.868,1720000000.0,3778000000.0,4922000000.0,4922000000.0,13000000.0,,,,,0.0,382000000.0,1.0,218453874.0,218453874.0,,22.531,26432000000.0,0.0,39000000.0,4389000000.0,120.996,1429000000.0
77,WY,MRQ,2002-03-31,2002-03-31,2002-03-31,2021-08-02,-342000000.0,28918000000.0,,4307000000.0,24611000000.0,,30.852,-146000000.0,138000000.0,138000000.0,3118000000.0,30000000.0,1.582,3.326,14259000000.0,474000000.0,13785000000.0,14259000000.0,0.0,266000000.0,0.0,0.025,0.4,237000000.0,503000000.0,0.126,503000000.0,237000000.0,46000000.0,0.14,0.14,0.14,6685000000.0,,6685000000.0,19501502788.0,22.0,10.645,-221000000.0,-1.02,1.0,873000000.0,0.219,2741000000.0,191000000.0,37575000000.0,,2072000000.0,636000000.0,0.0,636000000.0,22233000000.0,2723000000.0,19510000000.0,13620502788.0,-66000000.0,-6119000000.0,46000000.0,6318000000.0,-88000000.0,6273000000.0,-6264000000.0,31000000.0,-75000000.0,0.0,30000000.0,30000000.0,30000000.0,0.0,0.0,0.008,666000000.0,207000000.0,1072000000.0,2.857,2.037,49.171,49.889,19807000000.0,0.0,62.86,0.909,0.909,1666000000.0,3794000000.0,3991000000.0,3991000000.0,12000000.0,,,,,0.0,320000000.0,1.0,216679968.0,216679968.0,,18.419,26177000000.0,0.0,16000000.0,4353000000.0,120.81,1584000000.0
78,WY,MRQ,2001-12-31,2001-12-30,2001-12-30,2021-08-02,-345000000.0,18293000000.0,,3061000000.0,15232000000.0,,30.959,-181000000.0,204000000.0,204000000.0,2761000000.0,-15000000.0,1.643,1.732,6085000000.0,12000000.0,6073000000.0,6085000000.0,0.0,224000000.0,0.0,0.029,0.4,80000000.0,304000000.0,0.089,304000000.0,80000000.0,-24000000.0,-0.07,-0.07,-0.07,6695000000.0,,6695000000.0,17704144548.0,19.0,9.738,198000000.0,0.916,1.0,637000000.0,0.187,1095000000.0,104000000.0,21216000000.0,,1428000000.0,663000000.0,0.0,663000000.0,11598000000.0,1863000000.0,9735000000.0,11751144548.0,91000000.0,0.0,1000000.0,38000000.0,-88000000.0,-107000000.0,-181000000.0,0.0,379000000.0,0.0,-15000000.0,-15000000.0,-15000000.0,0.0,0.0,-0.004,594000000.0,43000000.0,809000000.0,-5.714,1.755,33.195,33.752,12161000000.0,0.0,54.34,0.808,0.808,1095000000.0,3852000000.0,3398000000.0,3398000000.0,17000000.0,,,,,0.0,288000000.0,1.0,216252200.0,216252200.0,,15.713,17198000000.0,0.0,-9000000.0,2377000000.0,79.528,1198000000.0
79,WY,MRQ,2001-09-30,2001-09-30,2001-09-30,2021-08-02,-280000000.0,18455000000.0,,3289000000.0,15166000000.0,,31.713,-167000000.0,113000000.0,113000000.0,2982000000.0,91000000.0,1.472,1.692,6066000000.0,246000000.0,5820000000.0,6066000000.0,0.0,224000000.0,0.0,0.033,0.4,232000000.0,456000000.0,0.122,456000000.0,232000000.0,122000000.0,0.41,0.41,0.41,6855000000.0,,6855000000.0,16395032166.0,13.0,7.545,278000000.0,1.286,1.0,770000000.0,0.205,1106000000.0,110000000.0,21068000000.0,,1561000000.0,684000000.0,0.0,684000000.0,11600000000.0,2234000000.0,9366000000.0,10529032166.0,42000000.0,-261000000.0,5000000.0,127000000.0,-88000000.0,18000000.0,-421000000.0,4000000.0,445000000.0,0.0,91000000.0,91000000.0,91000000.0,0.0,0.0,0.024,581000000.0,189000000.0,890000000.0,0.976,1.536,18.702,19.027,12154000000.0,0.0,48.71,0.693,0.693,1315000000.0,3955000000.0,3752000000.0,3752000000.0,11000000.0,,,,,0.0,270000000.0,1.0,216157507.0,216157507.0,,17.358,17349000000.0,0.0,31000000.0,2400000000.0,80.261,1055000000.0
80,WY,MRQ,2001-06-30,2001-07-01,2001-07-01,2021-08-02,-175000000.0,18305000000.0,,3347000000.0,14958000000.0,,32.171,-169000000.0,71000000.0,71000000.0,2944000000.0,171000000.0,1.205,1.632,5937000000.0,892000000.0,5045000000.0,5937000000.0,0.0,216000000.0,0.0,0.025,0.4,353000000.0,569000000.0,0.148,569000000.0,353000000.0,248000000.0,0.78,0.78,0.78,6954000000.0,,6954000000.0,,,,280000000.0,1.295,1.0,898000000.0,0.234,1123000000.0,105000000.0,20271000000.0,,1600000000.0,767000000.0,0.0,767000000.0,11351000000.0,2777000000.0,8574000000.0,11882178160.0,6000000.0,0.0,15000000.0,-132000000.0,-88000000.0,-182000000.0,-261000000.0,-25000000.0,449000000.0,0.0,171000000.0,171000000.0,171000000.0,0.0,0.0,0.045,593000000.0,305000000.0,918000000.0,0.513,1.709,17.708,18.023,11932000000.0,0.0,54.97,0.773,0.773,1319000000.0,3952000000.0,3842000000.0,3842000000.0,14000000.0,,,,,0.0,314000000.0,1.0,216157507.0,216157507.0,,17.774,17182000000.0,0.0,77000000.0,2432000000.0,79.488,570000000.0
81,WY,MRQ,2001-03-31,2001-04-01,2001-04-01,2021-08-02,,,,,,,,-200000000.0,,,2721000000.0,107000000.0,,,,,,,,212000000.0,,0.022,0.4,277000000.0,489000000.0,0.138,489000000.0,277000000.0,170000000.0,0.49,0.49,0.49,,,,,,,-355000000.0,,1.0,832000000.0,0.234,,107000000.0,,,,,,,,,,,-58000000.0,0.0,9000000.0,204000000.0,-87000000.0,116000000.0,-19000000.0,165000000.0,-155000000.0,0.0,107000000.0,107000000.0,107000000.0,0.0,0.0,0.03,612000000.0,220000000.0,,0.816,,,16.073,,0.0,50.79,,,,,3553000000.0,3553000000.0,13000000.0,,,,,0.0,294000000.0,1.0,,,,,,,63000000.0,,,
82,WY,MRQ,2000-12-31,2000-12-31,2000-12-31,2021-08-02,-178000000.0,18174000000.0,,3288000000.0,14886000000.0,,,-278000000.0,123000000.0,123000000.0,3075000000.0,194000000.0,1.216,1.66,5826000000.0,733000000.0,5093000000.0,5826000000.0,0.0,236000000.0,0.0,0.018,0.4,423000000.0,659000000.0,0.163,659000000.0,423000000.0,306000000.0,0.88,0.89,0.88,6832000000.0,,6832000000.0,,,,588000000.0,,1.0,967000000.0,0.239,1150000000.0,117000000.0,20023000000.0,,1499000000.0,857000000.0,0.0,857000000.0,11342000000.0,2704000000.0,8638000000.0,,36000000.0,-121000000.0,4000000.0,-238000000.0,-89000000.0,-484000000.0,-346000000.0,70000000.0,866000000.0,0.0,194000000.0,194000000.0,194000000.0,0.0,0.0,0.048,609000000.0,358000000.0,921000000.0,0.455,,,13.642,11975000000.0,0.0,50.75,,,1328000000.0,3849000000.0,4042000000.0,4042000000.0,15000000.0,,,,,0.0,310000000.0,1.0,,,,,17024000000.0,0.0,112000000.0,2377000000.0,,584000000.0
83,WY,MRQ,2000-09-30,2000-09-24,2000-09-24,2021-08-02,,,,,,,,-189000000.0,,,3039000000.0,199000000.0,,,,,,,,205000000.0,,0.017,0.164,422000000.0,627000000.0,0.159,627000000.0,422000000.0,313000000.0,0.9,0.9,0.9,,,,,,,49000000.0,,1.0,895000000.0,0.228,,109000000.0,,,,,,,,,,,-28000000.0,25000000.0,-178000000.0,141000000.0,-88000000.0,-68000000.0,-198000000.0,2000000.0,238000000.0,0.0,199000000.0,199000000.0,199000000.0,0.0,0.0,0.051,532000000.0,363000000.0,,0.182,,,,,0.0,39.5,,,,,3934000000.0,3934000000.0,14000000.0,,,,,0.0,259000000.0,1.0,,,,,,,114000000.0,,,
84,WY,MRQ,2000-06-30,2000-06-25,2000-06-25,2021-08-02,,,,,,,,,,,3155000000.0,203000000.0,,,,,,,,,,0.015,0.164,419000000.0,,,,419000000.0,317000000.0,0.89,0.89,0.89,,,,,,,,,1.0,1034000000.0,0.247,,102000000.0,,,,,,,,,,,,,,,,,,,,,203000000.0,203000000.0,203000000.0,0.0,0.0,0.048,697000000.0,337000000.0,,0.184,,,,,0.0,43.5,,,,,4189000000.0,4189000000.0,15000000.0,,,,,,278000000.0,1.0,,,,,,,114000000.0,,,
0,WY,MRT,2021-06-30,2021-06-30,2021-06-30,2021-08-02,-656000000.0,17830000000.0,16842750000.0,3355000000.0,14475000000.0,0.583,13.864,-465000000.0,1777000000.0,1777000000.0,5931000000.0,2284000000.0,2.848,0.714,5250000000.0,150000000.0,5100000000.0,5250000000.0,0.0,470000000.0,0.0,0.015,0.51,3337000000.0,3807000000.0,0.388,3807000000.0,3337000000.0,2925000000.0,3.05,3.05,3.05,10400000000.0,9246500000.0,10400000000.0,30246980300.0,9.0,7.945,2593000000.0,3.457,1.0,3892000000.0,0.396,0.0,412000000.0,20125000000.0,20393750000.0,499000000.0,0.0,0.0,0.0,7430000000.0,1178000000.0,6252000000.0,25787980300.0,1134000000.0,0.0,72000000.0,-1129000000.0,-382000000.0,-1460000000.0,-464000000.0,0.0,3058000000.0,0.0,2284000000.0,2284000000.0,2284000000.0,0.0,0.0,0.233,280000000.0,3612000000.0,253000000.0,0.167,2.48,11.291,11.285,13972000000.0,0.0,34.42,2.625,2.628,702000000.0,1861000000.0,9823000000.0,9823000000.0,0.0,0.136,0.247,0.164,0.34,30000000.0,461000000.0,1.0,749215000.0,750127000.0,751508000.0,13.095,17830000000.0,78000000.0,641000000.0,42000000.0,23.769,2177000000.0
1,WY,MRT,2021-03-31,2021-03-31,2021-03-31,2021-08-02,-792000000.0,16874000000.0,16448750000.0,2258000000.0,14616000000.0,0.505,12.459,-310000000.0,1016000000.0,1016000000.0,5621000000.0,1328000000.0,2.415,0.809,5475000000.0,150000000.0,5325000000.0,5475000000.0,0.0,467000000.0,0.0,0.01,0.34,2142000000.0,2609000000.0,0.314,2609000000.0,2142000000.0,1705000000.0,1.78,1.78,1.78,9328000000.0,8697000000.0,9328000000.0,31600540800.0,15.0,12.112,1831000000.0,2.446,1.0,2689000000.0,0.324,0.0,437000000.0,20398000000.0,20659000000.0,505000000.0,0.0,0.0,0.0,7546000000.0,935000000.0,6611000000.0,26620540800.0,-442000000.0,0.0,44000000.0,-2042000000.0,-254000000.0,-2274000000.0,-309000000.0,0.0,2141000000.0,0.0,1328000000.0,1328000000.0,1328000000.0,0.0,0.0,0.16,263000000.0,2426000000.0,236000000.0,0.191,2.854,20.046,20.0,14103000000.0,0.0,35.6,3.203,3.208,589000000.0,962000000.0,8310000000.0,8310000000.0,0.0,0.081,0.153,0.104,0.258,30000000.0,444000000.0,1.0,747768000.0,748718000.0,750024000.0,11.099,16874000000.0,113000000.0,377000000.0,26000000.0,22.537,1323000000.0
2,WY,MRT,2020-12-31,2020-12-31,2020-12-31,2021-08-02,-822000000.0,16311000000.0,16537250000.0,1609000000.0,14702000000.0,0.455,11.689,-180000000.0,495000000.0,495000000.0,5581000000.0,797000000.0,1.694,0.868,5475000000.0,150000000.0,5325000000.0,5475000000.0,0.0,472000000.0,0.0,0.015,0.51,1425000000.0,1897000000.0,0.252,1897000000.0,1425000000.0,982000000.0,1.07,1.07,1.07,8731000000.0,8385500000.0,8731000000.0,30214563190.0,21.0,15.928,1349000000.0,1.806,1.0,1951000000.0,0.259,0.0,443000000.0,20341000000.0,20904500000.0,443000000.0,0.0,0.0,0.0,7580000000.0,950000000.0,6630000000.0,25027563190.0,356000000.0,0.0,33000000.0,-990000000.0,-381000000.0,-1358000000.0,185000000.0,362000000.0,1529000000.0,0.0,797000000.0,797000000.0,797000000.0,0.0,0.0,0.106,241000000.0,1710000000.0,204000000.0,0.477,2.867,31.402,31.336,14181000000.0,0.0,33.53,3.323,3.325,450000000.0,411000000.0,7532000000.0,7532000000.0,0.0,0.048,0.095,0.068,0.189,30000000.0,430000000.0,1.0,746423000.0,746931000.0,747899000.0,10.084,16311000000.0,202000000.0,185000000.0,24000000.0,21.837,659000000.0
3,WY,MRT,2020-09-30,2020-09-30,2020-09-30,2021-08-02,-830000000.0,16356000000.0,16561000000.0,2046000000.0,14310000000.0,0.424,11.415,100000000.0,787000000.0,787000000.0,5471000000.0,491000000.0,2.459,0.918,5974000000.0,0.0,5974000000.0,5974000000.0,0.0,483000000.0,0.0,0.024,0.68,1046000000.0,1529000000.0,0.218,1529000000.0,1046000000.0,658000000.0,0.66,0.66,0.66,8527000000.0,8247000000.0,8527000000.0,26939534840.0,26.0,17.619,1477000000.0,1.977,1.0,1546000000.0,0.22,0.0,388000000.0,20711000000.0,21228750000.0,411000000.0,0.0,0.0,0.0,7829000000.0,832000000.0,6997000000.0,21283534840.0,687000000.0,0.0,14000000.0,-644000000.0,-507000000.0,-1156000000.0,466000000.0,362000000.0,1377000000.0,0.0,491000000.0,491000000.0,491000000.0,0.0,0.0,0.07,464000000.0,1082000000.0,215000000.0,1.03,2.496,43.347,43.212,13800000000.0,0.0,28.52,3.033,3.036,500000000.0,246000000.0,7017000000.0,7017000000.0,0.0,0.03,0.06,0.049,0.149,29000000.0,432000000.0,1.0,746267000.0,746996000.0,748450000.0,9.394,16356000000.0,92000000.0,167000000.0,27000000.0,21.896,1214000000.0
4,WY,MRT,2020-06-30,2020-06-30,2020-06-30,2021-08-02,-860000000.0,16254000000.0,16680000000.0,1651000000.0,14603000000.0,0.394,10.981,67000000.0,643000000.0,643000000.0,5421000000.0,307000000.0,2.28,0.982,6299000000.0,0.0,6299000000.0,6299000000.0,0.0,503000000.0,0.0,0.045,1.02,736000000.0,1239000000.0,0.188,1239000000.0,736000000.0,368000000.0,0.41,0.41,0.41,8202000000.0,8265000000.0,8202000000.0,22727786760.0,31.0,18.344,1128000000.0,1.51,1.0,1157000000.0,0.176,0.0,368000000.0,21186000000.0,21576000000.0,409000000.0,0.0,0.0,0.0,8052000000.0,724000000.0,7328000000.0,16759786760.0,431000000.0,0.0,15000000.0,-298000000.0,-760000000.0,-1064000000.0,434000000.0,362000000.0,1061000000.0,0.0,307000000.0,307000000.0,307000000.0,0.0,0.0,0.047,383000000.0,774000000.0,199000000.0,2.488,2.043,54.592,54.78,14123000000.0,0.0,22.46,2.548,2.55,420000000.0,-37000000.0,6578000000.0,6578000000.0,0.0,0.018,0.037,0.034,0.112,29000000.0,419000000.0,1.0,746206000.0,746896000.0,746984000.0,8.807,16254000000.0,113000000.0,61000000.0,18000000.0,21.762,927000000.0
5,WY,MRT,2020-03-31,2020-03-31,2020-03-31,2021-08-02,-901000000.0,17228000000.0,16873750000.0,2493000000.0,14735000000.0,0.393,10.826,49000000.0,1458000000.0,1458000000.0,5540000000.0,363000000.0,1.373,1.132,7426000000.0,1127000000.0,6299000000.0,7426000000.0,0.0,510000000.0,0.0,0.08,1.36,683000000.0,1193000000.0,0.18,1193000000.0,683000000.0,327000000.0,0.48,0.48,0.48,8082000000.0,8395500000.0,8082000000.0,18874547050.0,28.0,15.821,1115000000.0,1.494,1.0,1099000000.0,0.166,0.0,356000000.0,21380000000.0,21826750000.0,480000000.0,0.0,0.0,0.0,9146000000.0,1816000000.0,7330000000.0,12636547050.0,1199000000.0,0.0,17000000.0,735000000.0,-1013000000.0,-283000000.0,416000000.0,362000000.0,1066000000.0,0.0,363000000.0,363000000.0,363000000.0,0.0,0.0,0.055,382000000.0,717000000.0,241000000.0,2.833,1.564,34.811,35.312,14189000000.0,0.0,16.95,1.903,1.906,390000000.0,-109000000.0,6639000000.0,6639000000.0,0.0,0.022,0.043,0.031,0.103,28000000.0,418000000.0,1.0,745519000.0,746534000.0,747155000.0,8.893,17228000000.0,171000000.0,-36000000.0,10000000.0,23.077,677000000.0
6,WY,MRT,2019-12-31,2019-12-31,2019-12-31,2021-08-02,-904000000.0,16406000000.0,16849750000.0,1611000000.0,14795000000.0,0.389,10.963,-87000000.0,139000000.0,139000000.0,5507000000.0,-76000000.0,1.601,1.006,6377000000.0,230000000.0,6147000000.0,6377000000.0,0.0,510000000.0,0.0,0.045,1.36,165000000.0,675000000.0,0.103,675000000.0,165000000.0,-213000000.0,-0.1,-0.1,-0.1,8177000000.0,8575250000.0,8177000000.0,28940300540.0,175.0,42.875,879000000.0,1.178,1.0,1047000000.0,0.16,0.0,378000000.0,21638000000.0,22075500000.0,416000000.0,362000000.0,362000000.0,0.0,8229000000.0,1006000000.0,7223000000.0,22503300540.0,-195000000.0,0.0,-47000000.0,-270000000.0,-1013000000.0,-1348000000.0,187000000.0,253000000.0,966000000.0,0.0,-76000000.0,-76000000.0,-76000000.0,0.0,0.0,-0.012,396000000.0,651000000.0,246000000.0,-13.6,2.752,-296.096,-302.0,14309000000.0,0.0,30.2,3.434,3.437,309000000.0,-3000000.0,6554000000.0,6554000000.0,0.0,-0.005,-0.009,0.007,0.025,30000000.0,432000000.0,1.0,745142402.0,745897000.0,745897000.0,8.787,16406000000.0,170000000.0,-137000000.0,6000000.0,21.995,605000000.0
7,WY,MRT,2019-09-30,2019-09-30,2019-09-30,2021-08-02,-736000000.0,16832000000.0,17060500000.0,1817000000.0,15015000000.0,0.389,11.533,-385000000.0,153000000.0,153000000.0,5555000000.0,-155000000.0,1.554,0.957,6590000000.0,440000000.0,6150000000.0,6590000000.0,0.0,507000000.0,0.0,0.049,1.36,72000000.0,579000000.0,0.087,579000000.0,72000000.0,-314000000.0,-0.21,-0.21,-0.21,8599000000.0,8792500000.0,8599000000.0,27017547122.0,375.0,46.662,581000000.0,0.779,1.0,1087000000.0,0.164,0.0,386000000.0,22100000000.0,22071500000.0,393000000.0,362000000.0,362000000.0,0.0,8233000000.0,1169000000.0,7064000000.0,20634547122.0,-195000000.0,0.0,-145000000.0,156000000.0,-1014000000.0,-1017000000.0,-144000000.0,253000000.0,966000000.0,0.0,-155000000.0,-155000000.0,-155000000.0,0.0,0.0,-0.023,348000000.0,739000000.0,242000000.0,-6.476,2.4,-133.126,-131.905,14523000000.0,0.0,27.7,3.107,3.11,368000000.0,264000000.0,6642000000.0,6642000000.0,-6000000.0,-0.009,-0.018,0.003,0.011,34000000.0,420000000.0,1.0,744929499.0,745626000.0,746514000.0,8.908,16832000000.0,180000000.0,-159000000.0,25000000.0,22.574,648000000.0
8,WY,MRT,2019-06-30,2019-06-30,2019-06-30,2021-08-02,-755000000.0,17029000000.0,17209250000.0,1696000000.0,15333000000.0,0.4,11.702,-392000000.0,212000000.0,212000000.0,5596000000.0,1000000.0,1.387,0.952,6595000000.0,442000000.0,6153000000.0,6595000000.0,0.0,494000000.0,0.0,0.052,1.36,212000000.0,706000000.0,0.103,706000000.0,212000000.0,-176000000.0,0.0,0.0,0.0,8724000000.0,8907000000.0,8724000000.0,26061667454.0,123.0,36.915,369000000.0,0.495,1.0,1285000000.0,0.187,0.0,388000000.0,22189000000.0,22096000000.0,425000000.0,362000000.0,362000000.0,0.0,8305000000.0,1223000000.0,7082000000.0,19617667454.0,-689000000.0,0.0,-418000000.0,158000000.0,-1017000000.0,-1288000000.0,-162000000.0,253000000.0,761000000.0,0.0,1000000.0,1000000.0,1000000.0,0.0,0.0,0.0,411000000.0,874000000.0,271000000.0,,2.249,19617.667,,14839000000.0,0.0,26.34,2.851,2.854,408000000.0,418000000.0,6881000000.0,6881000000.0,-4000000.0,0.0,0.0,0.01,0.031,40000000.0,413000000.0,1.0,744786160.0,745486000.0,746232000.0,9.23,17029000000.0,190000000.0,-177000000.0,17000000.0,22.843,473000000.0
9,WY,MRT,2019-03-31,2019-03-31,2019-03-31,2021-08-02,-794000000.0,17132000000.0,17464000000.0,1774000000.0,15358000000.0,0.415,11.788,-405000000.0,259000000.0,259000000.0,5675000000.0,190000000.0,1.477,0.947,6703000000.0,547000000.0,6156000000.0,6703000000.0,0.0,489000000.0,0.0,0.051,1.34,504000000.0,993000000.0,0.137,993000000.0,504000000.0,115000000.0,0.25,0.25,0.25,8801000000.0,9046250000.0,8801000000.0,25975442160.0,52.0,26.159,557000000.0,0.746,1.0,1579000000.0,0.218,0.0,389000000.0,22375000000.0,22178750000.0,451000000.0,362000000.0,362000000.0,0.0,8331000000.0,1201000000.0,7130000000.0,19663442160.0,-339000000.0,0.0,-397000000.0,263000000.0,-1007000000.0,-1149000000.0,-152000000.0,253000000.0,962000000.0,0.0,190000000.0,190000000.0,190000000.0,0.0,0.0,0.026,415000000.0,1164000000.0,243000000.0,5.36,2.234,103.492,105.36,14896000000.0,0.0,26.34,2.711,2.711,398000000.0,543000000.0,7254000000.0,7254000000.0,-2000000.0,0.011,0.021,0.023,0.069,42000000.0,415000000.0,1.0,746524000.0,746603000.0,746603000.0,9.716,17132000000.0,181000000.0,-75000000.0,34000000.0,22.947,573000000.0
10,WY,MRT,2018-12-31,2018-12-31,2018-12-31,2021-08-02,-1152000000.0,17249000000.0,17652250000.0,1602000000.0,15647000000.0,0.424,11.989,-427000000.0,334000000.0,334000000.0,5674000000.0,748000000.0,0.826,0.907,6646000000.0,1227000000.0,5419000000.0,6646000000.0,0.0,486000000.0,0.0,0.06,1.32,1182000000.0,1668000000.0,0.223,1668000000.0,1182000000.0,807000000.0,0.99,0.99,0.99,9046000000.0,9093750000.0,9046000000.0,22461512590.0,19.0,13.466,685000000.0,0.908,1.0,1802000000.0,0.241,0.0,375000000.0,21622000000.0,22278750000.0,389000000.0,615000000.0,253000000.0,362000000.0,8203000000.0,1939000000.0,6264000000.0,16377512590.0,-490000000.0,0.0,-314000000.0,154000000.0,-995000000.0,-1162000000.0,-440000000.0,0.0,1112000000.0,0.0,748000000.0,748000000.0,748000000.0,0.0,0.0,0.1,408000000.0,1394000000.0,222000000.0,1.333,1.81,21.895,22.081,14958000000.0,0.0,21.86,2.191,2.206,337000000.0,1093000000.0,7476000000.0,7476000000.0,0.0,0.042,0.082,0.053,0.158,42000000.0,406000000.0,1.0,749200027.0,754556000.0,756827000.0,9.908,17249000000.0,152000000.0,59000000.0,43000000.0,22.86,-337000000.0
11,WY,MRT,2018-09-30,2018-09-30,2018-09-30,2021-08-02,-1552000000.0,17427000000.0,17854750000.0,1714000000.0,15713000000.0,0.429,11.996,-240000000.0,348000000.0,348000000.0,5515000000.0,1112000000.0,1.346,0.924,6432000000.0,511000000.0,5921000000.0,6432000000.0,0.0,488000000.0,0.0,0.04,1.3,1669000000.0,2157000000.0,0.281,2157000000.0,1669000000.0,1295000000.0,1.47,1.47,1.47,9057000000.0,9057000000.0,9057000000.0,29984319433.0,18.0,13.901,934000000.0,1.237,1.0,2148000000.0,0.28,40000000.0,374000000.0,22198000000.0,22516500000.0,389000000.0,615000000.0,253000000.0,362000000.0,8370000000.0,1273000000.0,7097000000.0,24450319433.0,-149000000.0,114000000.0,-182000000.0,-62000000.0,-983000000.0,-1234000000.0,-89000000.0,0.0,1174000000.0,0.0,1112000000.0,1112000000.0,1112000000.0,0.0,0.0,0.145,455000000.0,1693000000.0,271000000.0,0.884,2.7,21.988,21.952,14951000000.0,0.0,32.27,3.191,3.179,444000000.0,1439000000.0,7663000000.0,7663000000.0,-6000000.0,0.062,0.123,0.074,0.218,42000000.0,395000000.0,1.0,757679561.0,754986000.0,757389000.0,10.15,17387000000.0,211000000.0,183000000.0,0.0,23.03,441000000.0
12,WY,MRT,2018-06-30,2018-06-30,2018-06-30,2021-08-02,-1603000000.0,18048000000.0,18098500000.0,2228000000.0,15820000000.0,0.421,12.247,-232000000.0,901000000.0,901000000.0,5404000000.0,987000000.0,2.18,0.945,6435000000.0,209000000.0,6226000000.0,6435000000.0,0.0,498000000.0,0.0,0.035,1.27,1537000000.0,2035000000.0,0.267,2035000000.0,1537000000.0,1158000000.0,1.3,1.3,1.3,9281000000.0,9054000000.0,9281000000.0,33441728799.0,22.0,16.433,1178000000.0,1.554,1.0,2221000000.0,0.291,40000000.0,379000000.0,22520000000.0,22804000000.0,414000000.0,615000000.0,253000000.0,362000000.0,8767000000.0,1022000000.0,7745000000.0,27600728799.0,200000000.0,525000000.0,95000000.0,-668000000.0,-960000000.0,-1534000000.0,324000000.0,0.0,1410000000.0,0.0,987000000.0,987000000.0,987000000.0,0.0,0.0,0.129,660000000.0,1561000000.0,270000000.0,0.977,2.974,27.964,28.046,14971000000.0,0.0,36.46,3.62,3.624,491000000.0,1441000000.0,7625000000.0,7625000000.0,-4000000.0,0.055,0.109,0.067,0.202,39000000.0,394000000.0,1.0,757013955.0,757829000.0,760533000.0,10.062,18008000000.0,191000000.0,171000000.0,0.0,23.763,1206000000.0
13,WY,MRT,2018-03-31,2018-03-31,2018-03-31,2021-08-02,-1786000000.0,17885000000.0,18334000000.0,1919000000.0,15966000000.0,0.402,11.88,-222000000.0,598000000.0,598000000.0,5268000000.0,694000000.0,2.106,0.989,6439000000.0,209000000.0,6230000000.0,6439000000.0,0.0,508000000.0,0.0,0.036,1.26,1221000000.0,1729000000.0,0.235,1729000000.0,1221000000.0,834000000.0,0.91,0.91,0.91,8991000000.0,9006250000.0,8991000000.0,32142424435.0,26.0,18.59,1080000000.0,1.427,1.0,2100000000.0,0.285,40000000.0,387000000.0,22775000000.0,23134000000.0,445000000.0,615000000.0,253000000.0,362000000.0,8894000000.0,911000000.0,7983000000.0,26463424435.0,143000000.0,529000000.0,98000000.0,-668000000.0,-950000000.0,-1518000000.0,359000000.0,0.0,1302000000.0,0.0,694000000.0,694000000.0,694000000.0,0.0,0.0,0.094,858000000.0,1242000000.0,245000000.0,1.385,2.943,38.132,38.462,15042000000.0,0.0,35.0,3.592,3.595,481000000.0,1365000000.0,7368000000.0,7368000000.0,-2000000.0,0.038,0.077,0.053,0.166,39000000.0,389000000.0,1.0,756097841.0,756815000.0,759462000.0,9.736,17845000000.0,268000000.0,140000000.0,0.0,23.579,1008000000.0
14,WY,MRT,2017-12-31,2017-12-31,2017-12-31,2021-08-02,-1562000000.0,18059000000.0,18613000000.0,1715000000.0,16344000000.0,0.387,11.817,-216000000.0,824000000.0,824000000.0,5184000000.0,582000000.0,1.472,1.029,6503000000.0,271000000.0,6232000000.0,6503000000.0,0.0,521000000.0,0.0,0.035,1.25,1109000000.0,1630000000.0,0.227,1630000000.0,1109000000.0,716000000.0,0.77,0.77,0.77,8899000000.0,9062250000.0,8899000000.0,32624285243.0,29.0,20.015,985000000.0,1.308,1.0,2012000000.0,0.28,0.0,393000000.0,22573000000.0,23590500000.0,383000000.0,615000000.0,0.0,615000000.0,9160000000.0,1165000000.0,7995000000.0,26615285243.0,148000000.0,537000000.0,128000000.0,-606000000.0,-941000000.0,-1420000000.0,367000000.0,0.0,1201000000.0,0.0,582000000.0,582000000.0,582000000.0,0.0,0.0,0.081,881000000.0,1131000000.0,249000000.0,1.623,2.991,45.731,45.792,15105000000.0,0.0,35.26,3.699,3.69,396000000.0,1078000000.0,7196000000.0,7196000000.0,0.0,0.031,0.064,0.047,0.154,40000000.0,397000000.0,1.0,754829417.0,753085000.0,756666000.0,9.555,18059000000.0,282000000.0,134000000.0,0.0,23.98,550000000.0
15,WY,MRT,2017-09-30,2017-09-30,2017-09-30,2021-08-02,-1337000000.0,18402000000.0,18909000000.0,1517000000.0,16885000000.0,0.369,12.003,-456000000.0,497000000.0,497000000.0,5265000000.0,862000000.0,1.483,1.034,6506000000.0,62000000.0,6444000000.0,6506000000.0,0.0,531000000.0,0.0,0.036,1.24,1323000000.0,1854000000.0,0.266,1854000000.0,1323000000.0,918000000.0,1.17,1.16,1.17,9045000000.0,9132500000.0,9045000000.0,32036570081.0,24.0,17.28,240000000.0,0.318,1.0,1704000000.0,0.245,40000000.0,405000000.0,23348000000.0,24057750000.0,340000000.0,648000000.0,0.0,648000000.0,9357000000.0,1023000000.0,8334000000.0,25622570081.0,-282000000.0,2591000000.0,102000000.0,-2306000000.0,-931000000.0,-3138000000.0,2160000000.0,0.0,696000000.0,0.0,862000000.0,862000000.0,862000000.0,-489000000.0,0.0,0.124,875000000.0,829000000.0,259000000.0,1.06,2.833,29.725,29.085,15698000000.0,0.0,34.03,3.677,3.68,485000000.0,1050000000.0,6969000000.0,6969000000.0,17000000.0,0.046,0.094,0.055,0.19,36000000.0,411000000.0,1.0,752940643.0,753535000.0,756903000.0,9.248,18362000000.0,305000000.0,56000000.0,0.0,24.368,494000000.0
16,WY,MRT,2017-06-30,2017-06-30,2017-06-30,2021-08-02,-1379000000.0,18990000000.0,19545000000.0,2088000000.0,16902000000.0,0.348,12.078,-573000000.0,701000000.0,701000000.0,5228000000.0,959000000.0,1.37,1.089,7115000000.0,668000000.0,6447000000.0,7115000000.0,0.0,538000000.0,0.0,0.037,1.24,1485000000.0,2023000000.0,0.297,2023000000.0,1485000000.0,1064000000.0,1.3,1.29,1.3,9090000000.0,9168750000.0,9090000000.0,31851744244.0,21.0,15.745,147000000.0,0.195,1.0,1578000000.0,0.232,40000000.0,421000000.0,23840000000.0,24628750000.0,349000000.0,648000000.0,0.0,648000000.0,9900000000.0,1524000000.0,8376000000.0,25189744244.0,209000000.0,2566000000.0,-244000000.0,-1400000000.0,-929000000.0,-2590000000.0,2079000000.0,0.0,720000000.0,0.0,959000000.0,959000000.0,959000000.0,-554000000.0,0.0,0.141,693000000.0,885000000.0,252000000.0,0.954,2.771,26.267,25.769,15707000000.0,0.0,33.5,3.701,3.705,442000000.0,1154000000.0,6806000000.0,6806000000.0,18000000.0,0.049,0.105,0.06,0.218,39000000.0,416000000.0,1.0,751932664.0,752630000.0,756451000.0,9.043,18950000000.0,269000000.0,105000000.0,0.0,25.178,564000000.0
17,WY,MRT,2017-03-31,2017-03-31,2017-03-31,2021-08-02,-1428000000.0,19001000000.0,20294750000.0,1465000000.0,17536000000.0,0.328,12.276,-576000000.0,455000000.0,455000000.0,5153000000.0,1103000000.0,1.433,1.062,7117000000.0,343000000.0,6774000000.0,7117000000.0,0.0,556000000.0,0.0,0.036,1.24,1640000000.0,2196000000.0,0.33,2196000000.0,1640000000.0,1205000000.0,1.48,1.47,1.48,9215000000.0,9253750000.0,9215000000.0,31896961317.0,19.0,14.525,147000000.0,0.196,1.0,1500000000.0,0.225,40000000.0,435000000.0,24601000000.0,25984250000.0,386000000.0,671000000.0,0.0,671000000.0,9786000000.0,1022000000.0,8764000000.0,25450961317.0,40000000.0,3005000000.0,-1093000000.0,-1103000000.0,-924000000.0,-3150000000.0,2467000000.0,0.0,723000000.0,0.0,1103000000.0,1092000000.0,1092000000.0,-592000000.0,0.0,0.164,524000000.0,976000000.0,227000000.0,0.838,2.762,23.307,22.959,16309000000.0,11000000.0,33.98,3.825,3.834,472000000.0,1364000000.0,6653000000.0,6653000000.0,18000000.0,0.054,0.118,0.063,0.247,46000000.0,434000000.0,1.0,748998273.0,750665000.0,754747000.0,8.863,18961000000.0,297000000.0,102000000.0,0.0,25.259,443000000.0
18,WY,MRT,2016-12-31,2016-12-31,2016-12-31,2021-08-02,-1459000000.0,19243000000.0,20989250000.0,1622000000.0,17621000000.0,0.303,12.776,-510000000.0,676000000.0,676000000.0,4927000000.0,1027000000.0,1.345,1.096,7121000000.0,281000000.0,6840000000.0,7121000000.0,0.0,565000000.0,0.0,0.041,1.24,1547000000.0,2112000000.0,0.332,2112000000.0,1547000000.0,1116000000.0,1.4,1.39,1.4,9180000000.0,9520250000.0,9180000000.0,30562075120.0,20.0,14.471,225000000.0,0.313,1.0,1438000000.0,0.226,40000000.0,431000000.0,24442000000.0,27207250000.0,358000000.0,671000000.0,0.0,671000000.0,10063000000.0,1206000000.0,8857000000.0,22509075120.0,-336000000.0,3030000000.0,-1942000000.0,-725000000.0,-932000000.0,-3630000000.0,2559000000.0,0.0,735000000.0,0.0,1027000000.0,1005000000.0,1005000000.0,-612000000.0,0.0,0.158,616000000.0,822000000.0,233000000.0,0.886,2.452,22.397,21.493,16393000000.0,22000000.0,30.09,3.536,3.397,390000000.0,1421000000.0,6365000000.0,6365000000.0,19000000.0,0.048,0.106,0.057,0.243,60000000.0,427000000.0,1.0,748058329.0,718560000.0,722401000.0,8.858,19203000000.0,377000000.0,89000000.0,0.0,26.724,416000000.0
19,WY,MRT,2016-09-30,2016-09-30,2016-09-30,2021-08-02,-1110000000.0,20946000000.0,19358500000.0,3356000000.0,17590000000.0,0.312,12.26,-489000000.0,769000000.0,769000000.0,4661000000.0,546000000.0,1.009,1.279,8822000000.0,1982000000.0,6840000000.0,8822000000.0,0.0,548000000.0,0.0,0.039,1.24,998000000.0,1546000000.0,0.256,1546000000.0,998000000.0,588000000.0,0.73,0.74,0.73,9190000000.0,8442500000.0,9190000000.0,32784489508.0,33.0,21.206,736000000.0,0.982,1.0,1374000000.0,0.228,40000000.0,410000000.0,25632000000.0,25008250000.0,368000000.0,688000000.0,0.0,688000000.0,11756000000.0,3327000000.0,8429000000.0,23914489508.0,-269000000.0,874000000.0,-1955000000.0,975000000.0,-859000000.0,-1922000000.0,428000000.0,0.0,1225000000.0,0.0,546000000.0,513000000.0,513000000.0,-107000000.0,0.0,0.085,598000000.0,776000000.0,234000000.0,1.699,2.602,46.617,43.753,16423000000.0,33000000.0,31.94,3.963,3.967,412000000.0,1101000000.0,6035000000.0,6035000000.0,20000000.0,0.026,0.061,0.04,0.165,62000000.0,414000000.0,1.0,748731669.0,749587000.0,754044000.0,8.051,20906000000.0,127000000.0,42000000.0,0.0,27.89,29000000.0
20,WY,MRT,2016-06-30,2016-06-30,2016-06-30,2021-08-02,-1133000000.0,21989000000.0,17327000000.0,3328000000.0,18661000000.0,0.328,12.689,-395000000.0,485000000.0,485000000.0,4440000000.0,510000000.0,2.137,1.332,9355000000.0,1000000.0,9354000000.0,9355000000.0,0.0,527000000.0,0.0,0.042,1.24,869000000.0,1396000000.0,0.246,1396000000.0,869000000.0,486000000.0,0.78,0.79,0.78,9430000000.0,7364500000.0,9430000000.0,30978381548.0,36.0,22.191,765000000.0,1.029,1.0,1241000000.0,0.218,40000000.0,383000000.0,29262000000.0,22659250000.0,387000000.0,1520000000.0,0.0,1520000000.0,12559000000.0,1557000000.0,11002000000.0,22240381548.0,-629000000.0,495000000.0,-1694000000.0,675000000.0,-787000000.0,-1887000000.0,98000000.0,0.0,1160000000.0,0.0,510000000.0,466000000.0,466000000.0,-101000000.0,0.0,0.082,560000000.0,681000000.0,300000000.0,1.59,2.358,47.726,38.167,16427000000.0,44000000.0,29.77,3.915,3.894,409000000.0,1106000000.0,5681000000.0,5681000000.0,19000000.0,0.027,0.063,0.038,0.153,55000000.0,391000000.0,1.0,747073616.0,743140000.0,747701000.0,7.645,21949000000.0,257000000.0,-24000000.0,0.0,29.535,1771000000.0
21,WY,MRT,2016-03-31,2016-03-31,2016-03-31,2021-08-02,-1163000000.0,21779000000.0,15050500000.0,1830000000.0,19949000000.0,0.357,16.267,-409000000.0,415000000.0,415000000.0,4220000000.0,486000000.0,1.86,1.118,9153000000.0,4000000.0,9149000000.0,9153000000.0,0.0,498000000.0,0.0,0.039,1.22,784000000.0,1282000000.0,0.239,1282000000.0,784000000.0,430000000.0,0.83,0.84,0.83,10281000000.0,6238250000.0,10281000000.0,20205072056.0,26.0,15.761,626000000.0,0.991,1.0,1151000000.0,0.214,40000000.0,354000000.0,29493000000.0,19395000000.0,677000000.0,1626000000.0,0.0,1626000000.0,11498000000.0,984000000.0,10514000000.0,15815072056.0,-743000000.0,52000000.0,-1025000000.0,378000000.0,-708000000.0,-1434000000.0,-344000000.0,0.0,1035000000.0,0.0,486000000.0,442000000.0,442000000.0,-82000000.0,0.0,0.082,518000000.0,633000000.0,385000000.0,1.47,1.538,35.781,37.325,17859000000.0,44000000.0,30.98,2.945,3.645,578000000.0,1177000000.0,5371000000.0,5371000000.0,20000000.0,0.029,0.071,0.04,0.146,47000000.0,362000000.0,1.0,510492965.0,632004000.0,634872000.0,8.498,21739000000.0,40000000.0,-56000000.0,71000000.0,34.397,846000000.0
22,WY,MRT,2015-12-31,2015-12-31,2015-12-31,2021-08-02,-1212000000.0,12720000000.0,12858000000.0,3639000000.0,9081000000.0,0.408,9.429,-519000000.0,1011000000.0,1011000000.0,4194000000.0,506000000.0,2.746,1.612,5302000000.0,4000000.0,5298000000.0,5302000000.0,0.0,479000000.0,0.0,0.04,1.2,789000000.0,1268000000.0,0.242,1268000000.0,789000000.0,448000000.0,0.89,0.89,0.89,4869000000.0,4924750000.0,4869000000.0,19661128170.0,25.0,15.506,556000000.0,1.077,1.0,1052000000.0,0.201,40000000.0,341000000.0,15646000000.0,16112000000.0,325000000.0,615000000.0,0.0,615000000.0,7851000000.0,1325000000.0,6526000000.0,15307128170.0,-568000000.0,19000000.0,-484000000.0,0.0,-619000000.0,-1156000000.0,-487000000.0,0.0,1075000000.0,0.0,506000000.0,462000000.0,462000000.0,-95000000.0,0.0,0.088,408000000.0,644000000.0,204000000.0,1.348,3.144,33.132,33.685,7943000000.0,44000000.0,29.98,2.918,2.951,276000000.0,1349000000.0,5246000000.0,5246000000.0,18000000.0,0.036,0.094,0.049,0.15,31000000.0,351000000.0,1.0,510577991.0,516371000.0,519618000.0,10.159,12680000000.0,284000000.0,-58000000.0,0.0,24.556,2314000000.0
23,WY,MRT,2015-09-30,2015-09-30,2015-09-30,2021-08-02,-1313000000.0,12820000000.0,12994250000.0,2502000000.0,10318000000.0,0.331,9.485,-523000000.0,1048000000.0,1048000000.0,3397000000.0,613000000.0,2.786,1.628,5402000000.0,0.0,5402000000.0,5402000000.0,0.0,484000000.0,0.0,0.043,1.18,849000000.0,1333000000.0,0.31,1333000000.0,849000000.0,510000000.0,1.13,1.13,1.13,4878000000.0,5033500000.0,4878000000.0,18339052778.0,22.0,13.758,538000000.0,1.046,1.0,904000000.0,0.21,40000000.0,339000000.0,16236000000.0,16232750000.0,590000000.0,789000000.0,0.0,789000000.0,7942000000.0,898000000.0,7044000000.0,14058052778.0,-572000000.0,35000000.0,-529000000.0,17000000.0,-612000000.0,-1185000000.0,-448000000.0,0.0,1061000000.0,0.0,613000000.0,569000000.0,569000000.0,-290000000.0,0.0,0.132,377000000.0,527000000.0,344000000.0,1.044,2.882,24.707,24.195,9222000000.0,44000000.0,27.34,3.269,3.269,545000000.0,1449000000.0,4301000000.0,4301000000.0,15000000.0,0.044,0.113,0.052,0.197,33000000.0,339000000.0,1.0,514193591.0,514301000.0,517088000.0,8.363,12780000000.0,232000000.0,-103000000.0,259000000.0,24.849,1604000000.0
24,WY,MRT,2015-06-30,2015-06-30,2015-06-30,2021-08-02,-1323000000.0,12883000000.0,13149250000.0,2517000000.0,10366000000.0,0.37,9.533,-504000000.0,1121000000.0,1121000000.0,3774000000.0,1586000000.0,2.739,1.616,5402000000.0,0.0,5402000000.0,5402000000.0,0.0,489000000.0,0.0,0.037,1.16,1906000000.0,2395000000.0,0.493,2395000000.0,1906000000.0,1566000000.0,2.95,2.93,2.95,4925000000.0,5278000000.0,4925000000.0,20552968256.0,11.0,8.582,628000000.0,1.216,1.0,1087000000.0,0.224,40000000.0,340000000.0,16205000000.0,16230000000.0,603000000.0,791000000.0,0.0,791000000.0,7958000000.0,919000000.0,7039000000.0,16308968256.0,213000000.0,735000000.0,-545000000.0,6000000.0,-607000000.0,-1208000000.0,289000000.0,0.0,1132000000.0,0.0,1586000000.0,1542000000.0,1542000000.0,-1197000000.0,0.0,0.317,408000000.0,679000000.0,343000000.0,0.393,3.311,10.577,10.678,9259000000.0,44000000.0,31.5,3.355,3.348,537000000.0,1428000000.0,4861000000.0,4861000000.0,16000000.0,0.117,0.292,0.117,0.392,36000000.0,361000000.0,1.0,517745024.0,516626000.0,519804000.0,9.409,12843000000.0,176000000.0,-20000000.0,196000000.0,24.859,1598000000.0
25,WY,MRT,2015-03-31,2015-03-31,2015-03-31,2021-08-02,-1379000000.0,13009000000.0,13855000000.0,2652000000.0,10357000000.0,0.396,9.604,-482000000.0,1158000000.0,1158000000.0,4220000000.0,1733000000.0,3.113,1.588,5402000000.0,0.0,5402000000.0,5402000000.0,0.0,497000000.0,0.0,0.033,1.09,2111000000.0,2608000000.0,0.476,2608000000.0,2111000000.0,1773000000.0,3.17,3.14,3.17,5027000000.0,5819750000.0,5027000000.0,21225667258.0,10.0,8.139,605000000.0,1.156,1.0,1260000000.0,0.23,40000000.0,338000000.0,16361000000.0,16967250000.0,645000000.0,798000000.0,0.0,798000000.0,7982000000.0,852000000.0,7130000000.0,17403667258.0,378000000.0,735000000.0,-352000000.0,893000000.0,-586000000.0,-997000000.0,288000000.0,0.0,1087000000.0,0.0,1733000000.0,1689000000.0,1689000000.0,-1200000000.0,0.0,0.308,381000000.0,879000000.0,319000000.0,0.344,3.462,10.304,10.457,9247000000.0,44000000.0,33.15,3.176,3.166,539000000.0,1445000000.0,5480000000.0,5480000000.0,18000000.0,0.122,0.29,0.124,0.385,39000000.0,389000000.0,1.0,524997504.0,523426000.0,527423000.0,10.469,12969000000.0,218000000.0,40000000.0,195000000.0,24.777,1800000000.0
26,WY,MRT,2014-12-31,2014-12-31,2014-12-31,2021-08-02,-1393000000.0,13265000000.0,14229000000.0,2805000000.0,10460000000.0,0.386,9.527,-395000000.0,1580000000.0,1580000000.0,4035000000.0,1826000000.0,3.056,1.501,5402000000.0,0.0,5402000000.0,5402000000.0,0.0,500000000.0,0.0,0.028,1.02,2235000000.0,2735000000.0,0.498,2735000000.0,2235000000.0,1897000000.0,3.2,3.18,3.2,5304000000.0,6276000000.0,5304000000.0,22601407989.0,10.0,8.264,714000000.0,1.283,1.0,1454000000.0,0.265,40000000.0,338000000.0,16129000000.0,17382500000.0,595000000.0,803000000.0,0.0,803000000.0,7961000000.0,918000000.0,7043000000.0,18819407989.0,745000000.0,735000000.0,-84000000.0,887000000.0,-563000000.0,-725000000.0,361000000.0,0.0,1109000000.0,0.0,1826000000.0,1782000000.0,1782000000.0,-1210000000.0,0.0,0.325,467000000.0,987000000.0,331000000.0,0.319,3.548,10.561,11.216,9284000000.0,44000000.0,35.89,3.429,3.64,525000000.0,1508000000.0,5489000000.0,5489000000.0,20000000.0,0.125,0.284,0.129,0.407,40000000.0,403000000.0,1.0,524363555.0,556705000.0,560899000.0,9.86,13225000000.0,69000000.0,71000000.0,14000000.0,23.756,1887000000.0
27,WY,MRT,2014-09-30,2014-09-30,2014-09-30,2021-08-02,-857000000.0,13440000000.0,14557000000.0,3012000000.0,10428000000.0,0.507,11.009,-340000000.0,1620000000.0,1620000000.0,5643000000.0,1703000000.0,3.147,1.295,5402000000.0,0.0,5402000000.0,5402000000.0,0.0,504000000.0,0.0,0.03,0.95,1948000000.0,2452000000.0,0.332,2452000000.0,1948000000.0,1581000000.0,3.02,3.0,3.02,5856000000.0,6648750000.0,5856000000.0,21388790609.0,11.0,8.723,792000000.0,1.489,1.0,1740000000.0,0.236,40000000.0,367000000.0,16225000000.0,17845500000.0,578000000.0,801000000.0,0.0,801000000.0,7584000000.0,957000000.0,6627000000.0,16831790609.0,223000000.0,727000000.0,-18000000.0,192000000.0,-539000000.0,-1283000000.0,374000000.0,0.0,1132000000.0,0.0,1703000000.0,1659000000.0,1659000000.0,-1034000000.0,0.0,0.225,869000000.0,871000000.0,351000000.0,0.315,2.874,10.146,10.55,9295000000.0,44000000.0,31.86,2.28,2.295,583000000.0,1494000000.0,7383000000.0,7383000000.0,29000000.0,0.114,0.25,0.109,0.264,37000000.0,466000000.0,1.0,528304790.0,531913000.0,536012000.0,13.88,13400000000.0,134000000.0,-122000000.0,338000000.0,25.192,2055000000.0
28,WY,MRT,2014-06-30,2014-06-30,2014-06-30,2021-08-02,-663000000.0,15706000000.0,15099250000.0,3290000000.0,12416000000.0,0.485,12.101,-307000000.0,845000000.0,845000000.0,5641000000.0,706000000.0,3.078,1.207,5402000000.0,0.0,5402000000.0,5402000000.0,0.0,501000000.0,0.0,0.027,0.88,942000000.0,1443000000.0,0.197,1443000000.0,942000000.0,569000000.0,1.12,1.12,1.12,7092000000.0,6704250000.0,7092000000.0,23986889605.0,25.0,16.623,815000000.0,1.391,1.0,1684000000.0,0.23,40000000.0,373000000.0,19154000000.0,18606500000.0,596000000.0,803000000.0,0.0,803000000.0,8563000000.0,1069000000.0,7494000000.0,19357889605.0,-1454000000.0,-1561000000.0,200000000.0,535000000.0,-513000000.0,-679000000.0,-1897000000.0,0.0,1122000000.0,0.0,706000000.0,663000000.0,663000000.0,-89000000.0,0.0,0.091,888000000.0,796000000.0,335000000.0,0.786,2.73,29.197,29.545,9327000000.0,43000000.0,33.09,2.643,2.647,590000000.0,495000000.0,7325000000.0,7325000000.0,32000000.0,0.044,0.099,0.051,0.129,40000000.0,495000000.0,1.0,585007241.0,586061000.0,589766000.0,12.499,15666000000.0,165000000.0,-137000000.0,410000000.0,26.731,2221000000.0
29,WY,MRT,2014-03-31,2014-03-31,2014-03-31,2021-08-02,-701000000.0,14505000000.0,14649750000.0,2315000000.0,12190000000.0,0.494,11.715,-264000000.0,780000000.0,780000000.0,5595000000.0,613000000.0,2.16,1.112,5409000000.0,2000000.0,5407000000.0,5409000000.0,0.0,486000000.0,0.0,0.029,0.86,823000000.0,1309000000.0,0.181,1309000000.0,823000000.0,453000000.0,0.99,1.0,0.99,6852000000.0,6398250000.0,6852000000.0,21709401020.0,26.0,16.585,910000000.0,1.556,1.0,1640000000.0,0.227,40000000.0,370000000.0,18022000000.0,17582000000.0,626000000.0,820000000.0,0.0,820000000.0,7620000000.0,1072000000.0,6548000000.0,17135401020.0,141000000.0,-1561000000.0,993000000.0,-369000000.0,-494000000.0,800000000.0,-1833000000.0,22000000.0,1174000000.0,0.0,613000000.0,579000000.0,579000000.0,-80000000.0,0.0,0.08,951000000.0,689000000.0,409000000.0,0.869,2.501,29.595,29.646,10864000000.0,34000000.0,29.35,2.368,2.373,560000000.0,344000000.0,7235000000.0,7235000000.0,33000000.0,0.04,0.09,0.047,0.114,39000000.0,507000000.0,1.0,583829677.0,584915000.0,589312000.0,12.369,14465000000.0,278000000.0,-160000000.0,306000000.0,24.73,1243000000.0
30,WY,MRT,2013-12-31,2013-12-31,2013-12-31,2021-08-02,-686000000.0,14577000000.0,14151000000.0,2326000000.0,12251000000.0,0.513,11.998,-261000000.0,830000000.0,830000000.0,5681000000.0,563000000.0,2.062,1.14,5404000000.0,2000000.0,5402000000.0,5404000000.0,0.0,472000000.0,0.0,0.026,0.81,761000000.0,1233000000.0,0.17,1233000000.0,761000000.0,392000000.0,0.95,0.95,0.95,6795000000.0,5746250000.0,6795000000.0,23086593282.0,30.0,18.724,743000000.0,1.312,1.0,1573000000.0,0.217,42000000.0,369000000.0,17981000000.0,16800000000.0,542000000.0,805000000.0,0.0,805000000.0,7745000000.0,1128000000.0,6617000000.0,18397593282.0,-63000000.0,-1561000000.0,1059000000.0,-516000000.0,-458000000.0,762000000.0,-1829000000.0,22000000.0,1004000000.0,0.0,563000000.0,540000000.0,540000000.0,-72000000.0,0.0,0.074,939000000.0,634000000.0,343000000.0,0.853,2.708,34.07,33.232,9381000000.0,23000000.0,31.57,2.536,2.465,518000000.0,294000000.0,7254000000.0,7254000000.0,33000000.0,0.038,0.094,0.045,0.105,42000000.0,529000000.0,1.0,582755568.0,566329000.0,571239000.0,12.809,14535000000.0,236000000.0,-171000000.0,285000000.0,25.665,1198000000.0
31,WY,MRT,2013-09-30,2013-09-30,2013-09-30,2021-08-02,-1463000000.0,15609000000.0,13654750000.0,2275000000.0,13334000000.0,0.484,10.428,-231000000.0,1397000000.0,1397000000.0,5228000000.0,651000000.0,2.305,1.562,6086000000.0,2000000.0,6084000000.0,6086000000.0,0.0,461000000.0,0.0,0.027,0.76,1088000000.0,1549000000.0,0.234,1549000000.0,1088000000.0,748000000.0,1.14,1.14,1.14,6078000000.0,5065000000.0,6078000000.0,18939518391.0,17.0,12.227,677000000.0,1.162,1.0,1384000000.0,0.209,42000000.0,340000000.0,19269000000.0,16057750000.0,533000000.0,821000000.0,0.0,821000000.0,9492000000.0,987000000.0,8505000000.0,16670518391.0,789000000.0,-1501000000.0,1077000000.0,162000000.0,-422000000.0,1510000000.0,-1629000000.0,132000000.0,908000000.0,0.0,652000000.0,640000000.0,640000000.0,-106000000.0,-1000000.0,0.097,453000000.0,931000000.0,362000000.0,0.667,2.743,26.048,25.114,11196000000.0,12000000.0,28.63,2.521,2.524,663000000.0,379000000.0,6612000000.0,6612000000.0,32000000.0,0.047,0.126,0.068,0.165,43000000.0,476000000.0,1.0,582274481.0,582828000.0,587179000.0,11.345,15567000000.0,405000000.0,96000000.0,44000000.0,26.709,1288000000.0
32,WY,MRT,2013-06-30,2013-06-30,2013-06-30,2021-08-02,-1508000000.0,13908000000.0,12837000000.0,2341000000.0,11567000000.0,0.508,10.614,-226000000.0,2362000000.0,2362000000.0,5173000000.0,601000000.0,2.17,1.364,4631000000.0,165000000.0,4466000000.0,4631000000.0,0.0,453000000.0,0.0,0.024,0.69,1020000000.0,1473000000.0,0.226,1473000000.0,1020000000.0,687000000.0,1.09,1.09,1.09,5868000000.0,4630500000.0,5868000000.0,19099089639.0,19.0,12.966,461000000.0,0.834,1.0,1354000000.0,0.207,42000000.0,333000000.0,15056000000.0,14922250000.0,561000000.0,821000000.0,0.0,821000000.0,8002000000.0,1079000000.0,6923000000.0,15603089639.0,1501000000.0,80000000.0,1018000000.0,-363000000.0,-375000000.0,962000000.0,-148000000.0,35000000.0,687000000.0,0.0,602000000.0,600000000.0,600000000.0,-85000000.0,-1000000.0,0.092,464000000.0,890000000.0,341000000.0,0.633,2.659,26.005,26.138,8409000000.0,2000000.0,28.49,2.391,2.413,663000000.0,350000000.0,6527000000.0,6527000000.0,32000000.0,0.047,0.13,0.068,0.156,41000000.0,502000000.0,1.0,547668994.0,552855000.0,557588000.0,11.806,13866000000.0,452000000.0,85000000.0,38000000.0,25.081,1262000000.0
33,WY,MRT,2013-03-31,2013-03-31,2013-03-31,2021-08-02,-1530000000.0,12510000000.0,12478750000.0,2202000000.0,10308000000.0,0.517,7.784,-237000000.0,639000000.0,639000000.0,5236000000.0,487000000.0,2.054,1.94,4135000000.0,184000000.0,3951000000.0,4135000000.0,0.0,455000000.0,0.0,0.02,0.64,893000000.0,1348000000.0,0.209,1348000000.0,893000000.0,554000000.0,0.9,0.9,0.9,4244000000.0,4210000000.0,4244000000.0,20471952543.0,23.0,15.187,343000000.0,0.629,1.0,1210000000.0,0.188,40000000.0,339000000.0,14894000000.0,14889750000.0,596000000.0,211000000.0,0.0,211000000.0,8234000000.0,1072000000.0,7162000000.0,17078952543.0,-89000000.0,80000000.0,188000000.0,-341000000.0,-346000000.0,-492000000.0,-177000000.0,13000000.0,580000000.0,0.0,488000000.0,488000000.0,488000000.0,-72000000.0,-1000000.0,0.076,437000000.0,773000000.0,357000000.0,0.711,4.024,34.998,34.867,8416000000.0,0.0,31.38,2.65,2.654,703000000.0,264000000.0,6446000000.0,6446000000.0,32000000.0,0.039,0.116,0.06,0.139,39000000.0,517000000.0,1.0,544262350.0,545234000.0,550785000.0,11.822,12470000000.0,528000000.0,66000000.0,46000000.0,22.871,1130000000.0
34,WY,MRT,2012-12-31,2012-12-31,2012-12-31,2021-08-02,-1558000000.0,12592000000.0,12469750000.0,2407000000.0,10185000000.0,0.48,7.549,-256000000.0,898000000.0,898000000.0,4993000000.0,384000000.0,1.5,2.083,4963000000.0,570000000.0,4393000000.0,4963000000.0,0.0,456000000.0,0.0,0.022,0.62,739000000.0,1195000000.0,0.2,1195000000.0,739000000.0,395000000.0,0.71,0.71,0.71,4070000000.0,4198250000.0,4070000000.0,18748423022.0,25.0,15.689,325000000.0,0.603,1.0,996000000.0,0.166,40000000.0,344000000.0,15012000000.0,14950250000.0,531000000.0,1012000000.0,184000000.0,828000000.0,8479000000.0,1605000000.0,6874000000.0,15065423022.0,-55000000.0,80000000.0,112000000.0,-219000000.0,-334000000.0,-444000000.0,-192000000.0,13000000.0,581000000.0,0.0,385000000.0,385000000.0,385000000.0,-72000000.0,-1000000.0,0.064,378000000.0,618000000.0,373000000.0,0.873,3.702,39.131,39.183,8549000000.0,0.0,27.82,2.516,2.504,523000000.0,219000000.0,5989000000.0,5989000000.0,32000000.0,0.031,0.092,0.049,0.123,37000000.0,498000000.0,1.0,541532100.0,539140000.0,542310000.0,11.108,12552000000.0,551000000.0,10000000.0,0.0,23.282,802000000.0
35,WY,MRT,2012-09-30,2012-09-30,2012-09-30,2021-08-02,-1197000000.0,12338000000.0,12480250000.0,1915000000.0,10423000000.0,0.535,8.051,-590000000.0,608000000.0,608000000.0,5737000000.0,307000000.0,1.527,1.84,4291000000.0,340000000.0,3951000000.0,4291000000.0,0.0,455000000.0,0.0,0.023,0.6,660000000.0,1115000000.0,0.167,1115000000.0,660000000.0,312000000.0,0.59,0.58,0.59,4340000000.0,4246500000.0,4340000000.0,17668243809.0,27.0,15.846,-114000000.0,-0.211,1.0,937000000.0,0.14,40000000.0,348000000.0,14727000000.0,14991750000.0,512000000.0,208000000.0,0.0,208000000.0,7985000000.0,1254000000.0,6731000000.0,14057243809.0,-363000000.0,362000000.0,61000000.0,-224000000.0,-323000000.0,-492000000.0,-347000000.0,-97000000.0,476000000.0,0.0,307000000.0,307000000.0,307000000.0,0.0,0.0,0.046,327000000.0,610000000.0,356000000.0,1.017,3.239,45.789,44.305,8530000000.0,0.0,26.14,2.106,2.111,540000000.0,169000000.0,6674000000.0,6674000000.0,32000000.0,0.025,0.072,0.044,0.099,34000000.0,597000000.0,1.0,537767552.0,539094000.0,542311000.0,12.38,12298000000.0,447000000.0,5000000.0,68000000.0,22.812,661000000.0
36,WY,MRT,2012-06-30,2012-06-30,2012-06-30,2021-08-02,-1238000000.0,12475000000.0,12604500000.0,2024000000.0,10451000000.0,0.513,7.781,-432000000.0,861000000.0,861000000.0,5599000000.0,347000000.0,1.807,1.978,4472000000.0,184000000.0,4288000000.0,4472000000.0,0.0,463000000.0,0.0,0.027,0.6,582000000.0,1045000000.0,0.161,1045000000.0,582000000.0,235000000.0,0.66,0.65,0.66,4186000000.0,4360250000.0,4186000000.0,15765421041.0,27.0,15.087,39000000.0,0.072,1.0,872000000.0,0.135,40000000.0,347000000.0,14926000000.0,15146500000.0,487000000.0,207000000.0,0.0,207000000.0,8278000000.0,1120000000.0,7158000000.0,12017421041.0,-20000000.0,362000000.0,-29000000.0,-39000000.0,-323000000.0,-400000000.0,-91000000.0,0.0,471000000.0,0.0,347000000.0,347000000.0,347000000.0,-24000000.0,0.0,0.054,364000000.0,508000000.0,360000000.0,0.909,2.871,34.632,33.879,8481000000.0,0.0,22.36,1.857,1.859,532000000.0,132000000.0,6471000000.0,6471000000.0,31000000.0,0.028,0.08,0.038,0.09,26000000.0,576000000.0,1.0,537451746.0,537966000.0,540033000.0,12.029,12435000000.0,338000000.0,-112000000.0,92000000.0,23.115,904000000.0
37,WY,MRT,2012-03-31,2012-03-31,2012-03-31,2021-08-02,-1214000000.0,12474000000.0,12745500000.0,1939000000.0,10535000000.0,0.493,7.81,-418000000.0,728000000.0,728000000.0,5426000000.0,273000000.0,1.854,1.97,4476000000.0,167000000.0,4309000000.0,4476000000.0,0.0,470000000.0,0.0,0.027,0.6,518000000.0,988000000.0,0.157,988000000.0,518000000.0,140000000.0,0.52,0.51,0.52,4197000000.0,4497250000.0,4197000000.0,15285097448.0,30.0,15.471,-100000000.0,-0.186,1.0,862000000.0,0.137,40000000.0,378000000.0,15136000000.0,15312500000.0,517000000.0,208000000.0,0.0,208000000.0,8269000000.0,1046000000.0,7223000000.0,11760097448.0,-735000000.0,362000000.0,-28000000.0,-591000000.0,-323000000.0,-967000000.0,-86000000.0,0.0,318000000.0,0.0,273000000.0,273000000.0,273000000.0,-11000000.0,0.0,0.043,403000000.0,459000000.0,343000000.0,1.154,2.802,43.077,42.154,8540000000.0,0.0,21.92,1.87,1.873,533000000.0,128000000.0,6288000000.0,6288000000.0,30000000.0,0.021,0.061,0.034,0.082,21000000.0,579000000.0,1.0,536500796.0,537368000.0,539728000.0,11.701,12434000000.0,359000000.0,-133000000.0,108000000.0,23.139,893000000.0
38,WY,MRT,2011-12-31,2011-12-31,2011-12-31,2021-08-02,-1179000000.0,12634000000.0,13022000000.0,2065000000.0,10569000000.0,0.477,7.931,-212000000.0,953000000.0,953000000.0,5120000000.0,331000000.0,2.194,1.963,4478000000.0,12000000.0,4466000000.0,4478000000.0,0.0,480000000.0,0.0,0.032,0.6,653000000.0,1133000000.0,0.182,1133000000.0,653000000.0,269000000.0,0.62,0.61,0.62,4263000000.0,4623500000.0,4263000000.0,13553867714.0,21.0,11.963,79000000.0,0.147,1.0,1096000000.0,0.176,40000000.0,384000000.0,15178000000.0,15551000000.0,476000000.0,213000000.0,0.0,213000000.0,8367000000.0,941000000.0,7426000000.0,10014867714.0,-514000000.0,362000000.0,1000000.0,-581000000.0,-323000000.0,-927000000.0,122000000.0,0.0,291000000.0,0.0,331000000.0,331000000.0,331000000.0,-12000000.0,0.0,0.053,502000000.0,594000000.0,336000000.0,0.968,2.349,30.256,30.113,8515000000.0,0.0,18.67,1.611,1.615,509000000.0,176000000.0,6216000000.0,6216000000.0,30000000.0,0.025,0.072,0.042,0.105,25000000.0,601000000.0,1.0,536414982.0,537534000.0,539879000.0,11.564,12594000000.0,379000000.0,-62000000.0,129000000.0,23.429,1124000000.0
39,WY,MRT,2011-09-30,2011-09-30,2011-09-30,2021-08-02,-655000000.0,12835000000.0,13220750000.0,2091000000.0,10744000000.0,0.463,8.913,138000000.0,971000000.0,971000000.0,5124000000.0,437000000.0,2.116,1.676,4510000000.0,11000000.0,4499000000.0,4510000000.0,0.0,490000000.0,0.0,0.032,0.5,571000000.0,1061000000.0,0.173,1061000000.0,571000000.0,179000000.0,0.0,0.0,0.0,4795000000.0,4710750000.0,4795000000.0,12005275131.0,21.0,11.315,507000000.0,0.942,1.0,993000000.0,0.162,40000000.0,392000000.0,15346000000.0,15733500000.0,468000000.0,209000000.0,0.0,209000000.0,8036000000.0,988000000.0,7048000000.0,8376275131.0,-397000000.0,53000000.0,13000000.0,-625000000.0,-269000000.0,-903000000.0,137000000.0,2000000.0,369000000.0,0.0,437000000.0,437000000.0,437000000.0,-12000000.0,0.0,0.071,476000000.0,517000000.0,305000000.0,,1.747,19.168,,8600000000.0,0.0,15.55,1.369,1.368,498000000.0,192000000.0,6117000000.0,6117000000.0,31000000.0,0.033,0.093,0.036,0.093,27000000.0,623000000.0,1.0,538667211.0,537969000.0,539827000.0,11.371,12795000000.0,366000000.0,-258000000.0,440000000.0,23.784,1103000000.0
40,WY,MRT,2011-06-30,2011-06-30,2011-06-30,2021-08-02,-662000000.0,13039000000.0,13525250000.0,2205000000.0,10834000000.0,0.448,8.789,6000000.0,881000000.0,881000000.0,5007000000.0,1396000000.0,2.124,1.754,4510000000.0,0.0,4510000000.0,4510000000.0,0.0,494000000.0,0.0,1.227,26.82,615000000.0,1109000000.0,0.183,1109000000.0,615000000.0,214000000.0,3.23,3.21,3.23,4734000000.0,4664500000.0,4734000000.0,15368428162.0,25.0,13.858,355000000.0,0.659,1.0,1055000000.0,0.174,40000000.0,401000000.0,15590000000.0,16087750000.0,513000000.0,206000000.0,0.0,206000000.0,8303000000.0,1038000000.0,7265000000.0,11773428162.0,-965000000.0,83000000.0,37000000.0,-634000000.0,-748000000.0,-1362000000.0,48000000.0,2000000.0,349000000.0,0.0,1396000000.0,1396000000.0,1396000000.0,8000000.0,0.0,0.23,478000000.0,577000000.0,326000000.0,8.303,2.487,8.434,6.768,8730000000.0,0.0,21.86,1.942,1.942,569000000.0,116000000.0,6062000000.0,6062000000.0,32000000.0,0.103,0.299,0.038,0.101,29000000.0,649000000.0,1.0,538583173.0,538599000.0,541095000.0,11.255,12999000000.0,430000000.0,-1182000000.0,533000000.0,24.135,1167000000.0
41,WY,MRT,2011-03-31,2011-03-31,2011-03-31,2021-08-02,-756000000.0,13580000000.0,13942500000.0,2748000000.0,10832000000.0,0.437,8.754,10000000.0,1463000000.0,1463000000.0,4978000000.0,1400000000.0,2.63,1.888,5058000000.0,0.0,5058000000.0,5058000000.0,0.0,500000000.0,0.0,1.086,26.72,665000000.0,1165000000.0,0.191,1165000000.0,665000000.0,226000000.0,3.28,3.26,3.28,4702000000.0,4506000000.0,4702000000.0,16784555808.0,25.0,14.407,434000000.0,0.808,1.0,1115000000.0,0.183,40000000.0,439000000.0,16090000000.0,16430500000.0,544000000.0,207000000.0,0.0,207000000.0,8876000000.0,1045000000.0,7831000000.0,13191555808.0,-697000000.0,98000000.0,34000000.0,-643000000.0,-678000000.0,-1286000000.0,165000000.0,2000000.0,424000000.0,0.0,1400000000.0,1400000000.0,1400000000.0,-11000000.0,0.0,0.23,510000000.0,605000000.0,359000000.0,8.146,2.806,9.423,7.5,8796000000.0,0.0,24.6,2.165,2.169,559000000.0,187000000.0,6093000000.0,6093000000.0,33000000.0,0.1,0.311,0.04,0.109,32000000.0,666000000.0,1.0,536242106.0,537140000.0,540476000.0,11.343,13540000000.0,421000000.0,-1174000000.0,485000000.0,25.208,1703000000.0
42,WY,MRT,2010-12-31,2010-12-31,2010-12-31,2021-08-02,-791000000.0,13429000000.0,14341250000.0,2589000000.0,10840000000.0,0.415,14.414,-194000000.0,1467000000.0,1467000000.0,4831000000.0,1283000000.0,2.411,1.911,5060000000.0,0.0,5060000000.0,5060000000.0,0.0,503000000.0,0.0,1.406,26.62,541000000.0,1044000000.0,0.175,1044000000.0,541000000.0,89000000.0,4.0,3.99,4.0,4612000000.0,4342000000.0,4612000000.0,13902389083.0,26.0,13.316,495000000.0,1.547,1.0,1123000000.0,0.189,40000000.0,452000000.0,15908000000.0,16836500000.0,478000000.0,210000000.0,0.0,210000000.0,8815000000.0,1074000000.0,7741000000.0,10145389083.0,-402000000.0,213000000.0,0.0,-646000000.0,-608000000.0,-1255000000.0,164000000.0,49000000.0,689000000.0,0.0,1281000000.0,1281000000.0,1281000000.0,-9000000.0,2000000.0,0.215,669000000.0,454000000.0,340000000.0,6.655,2.2,7.92,4.732,8866000000.0,0.0,18.93,1.704,1.017,502000000.0,181000000.0,5954000000.0,5954000000.0,34000000.0,0.089,0.295,0.032,0.091,24000000.0,650000000.0,1.0,535942371.0,319976000.0,321096000.0,18.608,13389000000.0,379000000.0,-1192000000.0,366000000.0,41.844,1515000000.0
43,WY,MRT,2010-09-30,2010-09-30,2010-09-30,2021-08-02,-643000000.0,14053000000.0,14796500000.0,2612000000.0,11441000000.0,0.376,14.526,-144000000.0,1368000000.0,1368000000.0,4891000000.0,931000000.0,2.594,2.047,5125000000.0,25000000.0,5100000000.0,5125000000.0,0.0,510000000.0,0.0,1.689,26.62,347000000.0,857000000.0,0.154,857000000.0,347000000.0,-127000000.0,2.66,2.64,2.66,4610000000.0,4200000000.0,4610000000.0,6617019414.0,19.0,7.721,393000000.0,1.238,1.0,678000000.0,0.122,40000000.0,474000000.0,16763000000.0,17378500000.0,479000000.0,211000000.0,0.0,211000000.0,9437000000.0,1007000000.0,8430000000.0,3335019414.0,-260000000.0,165000000.0,0.0,-494000000.0,-592000000.0,-1088000000.0,291000000.0,47000000.0,537000000.0,0.0,935000000.0,935000000.0,935000000.0,33000000.0,-4000000.0,0.168,389000000.0,289000000.0,326000000.0,10.008,0.723,3.567,5.925,9007000000.0,0.0,15.76,0.599,0.898,511000000.0,36000000.0,5569000000.0,5569000000.0,37000000.0,0.063,0.223,0.02,0.062,24000000.0,678000000.0,1.0,211612907.0,317369000.0,318360000.0,17.547,14013000000.0,474000000.0,-1062000000.0,704000000.0,44.154,1605000000.0
44,WY,MRT,2010-06-30,2010-06-30,2010-06-30,2021-08-02,-592000000.0,14708000000.0,15124500000.0,3073000000.0,11635000000.0,0.361,19.376,-169000000.0,1846000000.0,1846000000.0,4872000000.0,-190000000.0,3.107,2.585,5128000000.0,4000000.0,5124000000.0,5128000000.0,0.0,535000000.0,0.0,0.006,0.2,314000000.0,849000000.0,0.155,849000000.0,314000000.0,-180000000.0,-0.86,-0.86,-0.86,4100000000.0,4134750000.0,4100000000.0,10963444362.0,35.0,12.913,305000000.0,1.441,1.0,590000000.0,0.108,40000000.0,494000000.0,16961000000.0,17742250000.0,472000000.0,213000000.0,3000000.0,210000000.0,10597000000.0,989000000.0,9608000000.0,7448444362.0,100000000.0,448000000.0,0.0,-892000000.0,-42000000.0,-938000000.0,564000000.0,61000000.0,474000000.0,0.0,-181000000.0,-181000000.0,-181000000.0,37000000.0,-9000000.0,-0.033,338000000.0,252000000.0,322000000.0,-0.233,1.817,-41.152,-40.93,9074000000.0,0.0,35.2,1.364,1.364,523000000.0,2631000000.0,5462000000.0,5462000000.0,39000000.0,-0.012,-0.044,0.018,0.057,27000000.0,664000000.0,1.0,211603533.0,211600000.0,212103000.0,25.813,14668000000.0,457000000.0,1000000.0,1642000000.0,69.319,2084000000.0
45,WY,MRT,2010-03-31,2010-03-31,2010-03-31,2021-08-02,-635000000.0,15175000000.0,15408000000.0,3480000000.0,11695000000.0,0.338,19.135,-170000000.0,2160000000.0,2160000000.0,4779000000.0,-320000000.0,3.718,2.748,5675000000.0,4000000.0,5671000000.0,5675000000.0,0.0,538000000.0,0.0,0.009,0.4,117000000.0,655000000.0,0.126,655000000.0,117000000.0,-336000000.0,-1.43,-1.43,-1.43,4046000000.0,4172000000.0,4046000000.0,13389219893.0,114.0,20.442,241000000.0,1.14,1.0,433000000.0,0.083,40000000.0,453000000.0,17714000000.0,18135750000.0,515000000.0,211000000.0,1000000.0,210000000.0,11118000000.0,936000000.0,10182000000.0,9568219893.0,504000000.0,462000000.0,0.0,-346000000.0,-85000000.0,-435000000.0,528000000.0,93000000.0,411000000.0,0.0,-301000000.0,-301000000.0,-301000000.0,43000000.0,-19000000.0,-0.058,398000000.0,35000000.0,329000000.0,-0.28,2.365,-31.788,-31.657,9177000000.0,0.0,45.27,1.836,1.837,592000000.0,2628000000.0,5212000000.0,5212000000.0,46000000.0,-0.02,-0.072,0.006,0.022,26000000.0,655000000.0,1.0,211358955.0,211440000.0,211440000.0,24.65,15135000000.0,441000000.0,-35000000.0,1578000000.0,71.581,2544000000.0
46,WY,MRT,2009-12-31,2009-12-31,2009-12-31,2021-08-02,-664000000.0,15250000000.0,15609500000.0,3667000000.0,11583000000.0,0.325,19.135,-187000000.0,1869000000.0,1869000000.0,4661000000.0,-568000000.0,3.84,2.769,5690000000.0,7000000.0,5683000000.0,5690000000.0,0.0,538000000.0,0.0,0.014,0.6,-332000000.0,206000000.0,0.041,206000000.0,-332000000.0,-794000000.0,-2.58,-2.58,-2.58,4044000000.0,4255750000.0,4044000000.0,13087973206.0,-39.0,63.534,-390000000.0,-1.845,1.0,407000000.0,0.08,40000000.0,462000000.0,18076000000.0,18403250000.0,447000000.0,263000000.0,49000000.0,214000000.0,11196000000.0,955000000.0,10241000000.0,9117973206.0,-425000000.0,355000000.0,-2000000.0,-365000000.0,-127000000.0,-498000000.0,276000000.0,92000000.0,-203000000.0,0.0,-545000000.0,-545000000.0,-545000000.0,43000000.0,-23000000.0,-0.108,786000000.0,-379000000.0,317000000.0,-0.233,2.255,-16.73,-16.721,9188000000.0,0.0,43.14,1.799,1.799,548000000.0,2658000000.0,5068000000.0,5068000000.0,51000000.0,-0.035,-0.128,-0.018,-0.066,26000000.0,681000000.0,1.0,211357747.0,211342000.0,211342000.0,23.98,15210000000.0,1010000000.0,-249000000.0,1538000000.0,71.969,2712000000.0
47,WY,MRT,2009-09-30,2009-09-30,2009-09-30,2021-08-02,-540000000.0,15365000000.0,15970750000.0,3393000000.0,11972000000.0,0.366,20.577,-271000000.0,1628000000.0,1628000000.0,5700000000.0,-1601000000.0,3.15,2.529,5598000000.0,44000000.0,5554000000.0,5598000000.0,0.0,577000000.0,0.0,0.031,1.15,-1743000000.0,-1166000000.0,-0.199,-1166000000.0,-1743000000.0,-2081000000.0,-7.49,-7.49,-7.49,4349000000.0,4448250000.0,4349000000.0,11998226830.0,-7.0,-10.29,-1707000000.0,-8.076,1.0,150000000.0,0.026,40000000.0,338000000.0,18218000000.0,18547500000.0,498000000.0,262000000.0,47000000.0,215000000.0,11000000000.0,1077000000.0,9923000000.0,7746226830.0,-2474000000.0,422000000.0,-6000000.0,-1213000000.0,-243000000.0,-1474000000.0,436000000.0,645000000.0,-1436000000.0,0.0,-1582000000.0,-1582000000.0,-1582000000.0,11000000.0,-19000000.0,-0.27,2101000000.0,-1951000000.0,325000000.0,-0.154,1.781,-4.896,-4.893,9552000000.0,0.0,36.65,1.324,1.324,719000000.0,2844000000.0,5850000000.0,5850000000.0,55000000.0,-0.099,-0.356,-0.094,-0.298,19000000.0,743000000.0,1.0,211356803.0,211357000.0,211357000.0,27.678,15325000000.0,845000000.0,-499000000.0,1663000000.0,72.508,2316000000.0
48,WY,MRT,2009-06-30,2009-06-30,2009-06-30,2021-08-02,-646000000.0,15842000000.0,17683500000.0,3601000000.0,12241000000.0,0.37,20.104,-329000000.0,1746000000.0,1746000000.0,6325000000.0,-1321000000.0,2.371,2.722,5998000000.0,389000000.0,5609000000.0,5998000000.0,0.0,580000000.0,0.0,0.056,1.7,-1698000000.0,-1118000000.0,-0.171,-1118000000.0,-1698000000.0,-2057000000.0,-6.16,-6.16,-6.16,4249000000.0,5262250000.0,4249000000.0,10791587515.0,-6.0,-9.653,-1846000000.0,-8.734,1.0,225000000.0,0.034,40000000.0,359000000.0,18535000000.0,19112250000.0,530000000.0,276000000.0,60000000.0,216000000.0,11565000000.0,1519000000.0,10046000000.0,6431587515.0,1657000000.0,6489000000.0,-5000000.0,-2161000000.0,-360000000.0,-2547000000.0,5721000000.0,-70000000.0,-1517000000.0,0.0,-1302000000.0,-1302000000.0,-1302000000.0,-469000000.0,-19000000.0,-0.199,2655000000.0,-2430000000.0,314000000.0,-0.276,1.514,-4.94,-4.94,9805000000.0,0.0,30.43,0.982,0.982,733000000.0,2855000000.0,6550000000.0,6550000000.0,59000000.0,-0.074,-0.247,-0.089,-0.259,25000000.0,820000000.0,1.0,211356803.0,211356000.0,211356000.0,30.99,15802000000.0,906000000.0,-755000000.0,1677000000.0,74.765,2082000000.0
49,WY,MRT,2009-03-31,2009-03-31,2009-03-31,2021-08-02,-667000000.0,15981000000.0,19650750000.0,3643000000.0,12338000000.0,0.373,20.734,-465000000.0,1656000000.0,1656000000.0,6934000000.0,-1354000000.0,2.401,2.645,6016000000.0,407000000.0,5609000000.0,6016000000.0,0.0,604000000.0,0.0,0.074,2.05,-1844000000.0,-1240000000.0,-0.169,-1240000000.0,-1844000000.0,-2229000000.0,-6.11,-6.11,-6.11,4381000000.0,6123250000.0,4381000000.0,9546545732.0,-5.0,-7.699,-1918000000.0,-9.077,1.0,399000000.0,0.054,40000000.0,385000000.0,18784000000.0,21438000000.0,708000000.0,318000000.0,92000000.0,226000000.0,11587000000.0,1517000000.0,10070000000.0,5823545732.0,1584000000.0,6483000000.0,-3000000.0,-1997000000.0,-433000000.0,-2476000000.0,5513000000.0,-102000000.0,-1453000000.0,0.0,-1292000000.0,-1292000000.0,-1292000000.0,-580000000.0,-62000000.0,-0.176,3072000000.0,-2673000000.0,285000000.0,-0.336,1.329,-4.507,-4.512,9930000000.0,0.0,27.57,0.794,0.794,720000000.0,3013000000.0,7333000000.0,7333000000.0,62000000.0,-0.066,-0.211,-0.086,-0.251,27000000.0,913000000.0,1.0,211227629.0,211298000.0,211298000.0,34.705,15941000000.0,862000000.0,-937000000.0,1723000000.0,75.443,2126000000.0
50,WY,MRT,2008-12-31,2008-12-31,2008-12-31,2021-08-02,-495000000.0,16695000000.0,21594500000.0,4090000000.0,12605000000.0,0.375,22.787,-555000000.0,2294000000.0,2294000000.0,7521000000.0,-1242000000.0,2.375,2.461,6017000000.0,408000000.0,5609000000.0,6017000000.0,0.0,689000000.0,0.0,0.078,2.4,-1662000000.0,-973000000.0,-0.12,-973000000.0,-1662000000.0,-2076000000.0,-5.57,-5.57,-5.57,4814000000.0,6953000000.0,4814000000.0,9191561004.0,-6.0,-9.447,-1854000000.0,-8.776,1.0,579000000.0,0.071,43000000.0,414000000.0,18653000000.0,23724250000.0,702000000.0,370000000.0,138000000.0,232000000.0,11848000000.0,1722000000.0,10126000000.0,6467561004.0,2180000000.0,6484000000.0,0.0,-1424000000.0,-507000000.0,-1980000000.0,5459000000.0,-148000000.0,-1299000000.0,0.0,-1176000000.0,-1176000000.0,-1176000000.0,-667000000.0,-66000000.0,-0.145,3180000000.0,-2601000000.0,381000000.0,-0.431,1.343,-5.5,-5.496,10038000000.0,0.0,30.61,0.798,0.798,703000000.0,3278000000.0,8100000000.0,8100000000.0,66000000.0,-0.054,-0.169,-0.07,-0.205,47000000.0,996000000.0,1.0,211289154.0,211258000.0,211258000.0,38.342,16652000000.0,670000000.0,-900000000.0,1805000000.0,78.823,2368000000.0
51,WY,MRT,2008-09-30,2008-09-28,2008-09-28,2021-08-02,907000000.0,22216000000.0,23372250000.0,6465000000.0,15751000000.0,0.38,35.994,-805000000.0,4099000000.0,4099000000.0,7322000000.0,-142000000.0,1.824,1.921,6823000000.0,880000000.0,5943000000.0,6823000000.0,0.0,737000000.0,0.0,0.039,2.4,-180000000.0,557000000.0,0.063,557000000.0,-180000000.0,-700000000.0,-0.06,-0.06,-0.06,7605000000.0,7744750000.0,7605000000.0,21212166220.0,-118.0,38.083,-395000000.0,-1.87,1.0,1555000000.0,0.175,919000000.0,520000000.0,20477000000.0,25949250000.0,712000000.0,938000000.0,701000000.0,237000000.0,14611000000.0,3544000000.0,11067000000.0,13167166220.0,4022000000.0,6719000000.0,-4000000.0,-946000000.0,-507000000.0,-1489000000.0,5101000000.0,-701000000.0,410000000.0,0.0,-27000000.0,-27000000.0,-27000000.0,-744000000.0,-115000000.0,-0.003,2608000000.0,-1053000000.0,449000000.0,-40.0,1.731,-487.673,-1038.667,10496000000.0,0.0,62.32,1.483,1.483,742000000.0,4670000000.0,8877000000.0,8877000000.0,68000000.0,-0.001,-0.003,-0.007,-0.02,97000000.0,1030000000.0,1.0,211283155.0,211284000.0,,42.015,21297000000.0,164000000.0,-673000000.0,2683000000.0,100.798,2921000000.0
52,WY,MRT,2008-06-30,2008-06-29,2008-06-29,2021-08-02,1160000000.0,23711000000.0,23661000000.0,3093000000.0,20618000000.0,0.404,36.414,-872000000.0,81000000.0,81000000.0,7779000000.0,-316000000.0,1.035,2.082,8126000000.0,1034000000.0,7092000000.0,8126000000.0,0.0,821000000.0,0.0,0.048,2.4,-139000000.0,682000000.0,0.071,682000000.0,-139000000.0,-669000000.0,-0.92,-0.92,-0.92,7693000000.0,7710750000.0,7693000000.0,18546097734.0,-133.0,27.194,-210000000.0,-0.994,1.0,1788000000.0,0.187,931000000.0,530000000.0,27838000000.0,27415000000.0,732000000.0,238000000.0,0.0,238000000.0,16018000000.0,2987000000.0,13031000000.0,10643097734.0,-32000000.0,348000000.0,-443000000.0,922000000.0,-510000000.0,-53000000.0,-641000000.0,0.0,662000000.0,0.0,-206000000.0,-206000000.0,-206000000.0,-370000000.0,-110000000.0,-0.022,2432000000.0,-644000000.0,509000000.0,-2.609,1.383,-51.666,-54.761,10905000000.0,0.0,50.38,1.112,1.113,839000000.0,4516000000.0,9567000000.0,9567000000.0,72000000.0,-0.009,-0.027,-0.005,-0.015,90000000.0,1081000000.0,1.0,211256406.0,211262000.0,,45.285,22780000000.0,150000000.0,-463000000.0,2666000000.0,107.828,106000000.0
53,WY,MRT,2008-03-31,2008-03-30,2008-03-30,2021-08-02,956000000.0,23756000000.0,23581000000.0,3113000000.0,20643000000.0,0.439,36.745,-841000000.0,69000000.0,69000000.0,8379000000.0,-135000000.0,1.119,2.085,7972000000.0,958000000.0,7014000000.0,7972000000.0,0.0,896000000.0,0.0,0.038,2.4,227000000.0,1123000000.0,0.108,1123000000.0,227000000.0,-358000000.0,-0.32,-0.32,-0.32,7700000000.0,7750750000.0,7700000000.0,20629591584.0,91.0,18.37,-204000000.0,-0.973,1.0,1973000000.0,0.191,948000000.0,585000000.0,27929000000.0,26914750000.0,840000000.0,391000000.0,0.0,391000000.0,16056000000.0,2782000000.0,13274000000.0,13348591584.0,-1113000000.0,396000000.0,-457000000.0,-247000000.0,-515000000.0,-1215000000.0,-535000000.0,0.0,637000000.0,0.0,-78000000.0,-78000000.0,-78000000.0,-340000000.0,-57000000.0,-0.008,2281000000.0,-308000000.0,537000000.0,-7.5,1.734,-171.136,-199.062,11044000000.0,0.0,63.7,1.289,1.289,878000000.0,4738000000.0,10352000000.0,10352000000.0,72000000.0,-0.003,-0.01,0.008,0.022,92000000.0,1133000000.0,1.0,209554028.0,209554028.0,,49.4,22808000000.0,150000000.0,-280000000.0,2562000000.0,108.841,331000000.0
54,WY,MRT,2007-12-31,2007-12-30,2007-12-30,2021-08-02,987000000.0,23806000000.0,23702500000.0,3014000000.0,20792000000.0,0.461,36.392,-836000000.0,100000000.0,100000000.0,8776000000.0,739000000.0,1.156,1.983,7395000000.0,561000000.0,6834000000.0,7395000000.0,0.0,974000000.0,0.0,0.033,2.4,1195000000.0,2169000000.0,0.198,2169000000.0,1195000000.0,611000000.0,3.6,3.6,3.6,7981000000.0,7785750000.0,7981000000.0,23019468602.0,19.0,10.613,-201000000.0,-0.917,1.0,2157000000.0,0.197,941000000.0,584000000.0,27553000000.0,26592500000.0,795000000.0,343000000.0,0.0,343000000.0,15825000000.0,2607000000.0,13218000000.0,15417468602.0,-129000000.0,1747000000.0,-152000000.0,-952000000.0,-531000000.0,-1580000000.0,816000000.0,0.0,635000000.0,0.0,790000000.0,790000000.0,790000000.0,-1038000000.0,-51000000.0,0.072,2250000000.0,-93000000.0,585000000.0,0.667,1.932,19.516,20.439,11062000000.0,0.0,73.58,1.41,1.476,714000000.0,5014000000.0,10933000000.0,10933000000.0,71000000.0,0.033,0.101,0.045,0.109,41000000.0,1164000000.0,1.0,209533414.0,219305000.0,219305000.0,49.853,22865000000.0,291000000.0,-179000000.0,2579000000.0,104.261,407000000.0
55,WY,MRT,2007-09-30,2007-09-30,2007-09-30,2021-08-02,305000000.0,23371000000.0,24466500000.0,3220000000.0,20151000000.0,0.328,34.601,-770000000.0,80000000.0,80000000.0,6385000000.0,1360000000.0,1.323,2.129,7682000000.0,354000000.0,7328000000.0,7682000000.0,0.0,1094000000.0,0.0,0.033,2.4,1996000000.0,3090000000.0,0.385,3090000000.0,1996000000.0,1361000000.0,5.78,5.77,5.78,7469000000.0,8061750000.0,7469000000.0,22543522916.0,11.0,7.296,639000000.0,2.96,1.0,1637000000.0,0.204,2200000000.0,635000000.0,26340000000.0,27089250000.0,1323000000.0,574000000.0,0.0,574000000.0,15902000000.0,2433000000.0,13469000000.0,15606522916.0,-47000000.0,1505000000.0,-453000000.0,-1181000000.0,-546000000.0,-2139000000.0,683000000.0,0.0,1409000000.0,0.0,1360000000.0,1360000000.0,1360000000.0,-1287000000.0,0.0,0.17,1248000000.0,389000000.0,894000000.0,0.415,2.09,11.475,12.509,14157000000.0,0.0,72.3,1.945,1.945,1491000000.0,5239000000.0,8022000000.0,8022000000.0,67000000.0,0.056,0.169,0.074,0.249,19000000.0,952000000.0,1.0,215857855.0,215857855.0,,37.163,21171000000.0,0.0,1000000.0,2863000000.0,98.078,787000000.0
56,WY,MRT,2007-06-30,2007-07-01,2007-07-01,2021-08-02,216000000.0,23391000000.0,25466750000.0,3402000000.0,19989000000.0,0.384,36.372,-770000000.0,215000000.0,215000000.0,7692000000.0,1483000000.0,1.473,1.979,7152000000.0,155000000.0,6997000000.0,7152000000.0,0.0,1172000000.0,0.0,0.03,2.4,2208000000.0,3380000000.0,0.346,3380000000.0,2208000000.0,1581000000.0,6.22,6.21,6.22,7853000000.0,8499750000.0,7853000000.0,23970762961.0,11.0,7.092,571000000.0,2.645,1.0,2087000000.0,0.213,2181000000.0,627000000.0,25837000000.0,28204500000.0,1308000000.0,593000000.0,0.0,593000000.0,15538000000.0,2310000000.0,13228000000.0,17041762961.0,-28000000.0,1664000000.0,-347000000.0,-1325000000.0,-566000000.0,-2193000000.0,824000000.0,0.0,1341000000.0,0.0,1483000000.0,1483000000.0,1483000000.0,-1239000000.0,0.0,0.152,1432000000.0,655000000.0,1010000000.0,0.386,2.17,11.491,12.69,14077000000.0,0.0,78.93,1.743,1.743,1583000000.0,5269000000.0,9779000000.0,9779000000.0,72000000.0,0.058,0.174,0.078,0.226,15000000.0,1076000000.0,1.0,215909831.0,215909831.0,,45.292,21210000000.0,0.0,98000000.0,2906000000.0,98.235,1092000000.0
57,WY,MRT,2007-03-31,2007-04-01,2007-04-01,2021-08-02,113000000.0,24242000000.0,26523500000.0,4473000000.0,19769000000.0,0.441,31.84,-832000000.0,1185000000.0,1185000000.0,8982000000.0,1749000000.0,1.885,2.092,8114000000.0,233000000.0,7881000000.0,8114000000.0,0.0,1257000000.0,0.0,0.031,2.3,2545000000.0,3802000000.0,0.325,3802000000.0,2545000000.0,1970000000.0,7.27,7.25,7.27,7840000000.0,8911500000.0,7840000000.0,26401490295.0,10.0,6.944,811000000.0,3.294,1.0,2705000000.0,0.231,2158000000.0,575000000.0,26640000000.0,29371500000.0,1437000000.0,579000000.0,0.0,579000000.0,16402000000.0,2373000000.0,14029000000.0,18403490295.0,1041000000.0,1596000000.0,-295000000.0,-476000000.0,-558000000.0,-1283000000.0,681000000.0,0.0,1643000000.0,0.0,1749000000.0,1749000000.0,1749000000.0,-1147000000.0,0.0,0.15,1610000000.0,1095000000.0,920000000.0,0.316,2.347,10.522,10.281,13989000000.0,0.0,74.74,1.575,1.575,1471000000.0,5367000000.0,11687000000.0,11687000000.0,69000000.0,0.066,0.196,0.087,0.218,-3000000.0,1178000000.0,1.0,246233480.0,246233480.0,,47.463,22084000000.0,0.0,221000000.0,2897000000.0,89.687,2100000000.0
58,WY,MRT,2006-12-31,2006-12-31,2006-12-31,2021-08-02,88000000.0,26862000000.0,27308250000.0,4121000000.0,22741000000.0,0.493,38.409,-884000000.0,243000000.0,243000000.0,10243000000.0,453000000.0,1.317,1.957,8235000000.0,560000000.0,7675000000.0,8235000000.0,0.0,1283000000.0,0.0,0.031,2.2,1385000000.0,2668000000.0,0.198,2668000000.0,1385000000.0,811000000.0,1.85,1.84,1.85,9085000000.0,9258750000.0,9085000000.0,25366018016.0,18.0,9.508,740000000.0,3.129,1.0,3230000000.0,0.24,2185000000.0,574000000.0,29540000000.0,30320250000.0,1355000000.0,571000000.0,0.0,571000000.0,17777000000.0,3129000000.0,14648000000.0,16711018016.0,-861000000.0,33000000.0,-470000000.0,-584000000.0,-538000000.0,-1571000000.0,-914000000.0,0.0,1624000000.0,0.0,453000000.0,453000000.0,453000000.0,392000000.0,0.0,0.034,1757000000.0,1473000000.0,948000000.0,1.189,1.839,36.89,38.189,13951000000.0,0.0,70.65,1.24,1.24,1327000000.0,4755000000.0,13473000000.0,13473000000.0,69000000.0,0.017,0.049,0.046,0.103,28000000.0,1274000000.0,1.0,236532456.0,236532456.0,,56.96,24677000000.0,189000000.0,358000000.0,3011000000.0,104.328,992000000.0
59,WY,MRT,2006-09-30,2006-09-24,2006-09-24,2021-08-02,285000000.0,27372000000.0,27650000000.0,4441000000.0,22931000000.0,0.593,37.446,-914000000.0,127000000.0,127000000.0,12700000000.0,-265000000.0,1.494,1.968,8782000000.0,714000000.0,8068000000.0,8782000000.0,0.0,1280000000.0,0.0,0.036,2.1,586000000.0,1866000000.0,0.114,1866000000.0,586000000.0,74000000.0,-1.09,-1.1,-1.09,9221000000.0,9437500000.0,9221000000.0,22767724046.0,39.0,12.201,275000000.0,1.117,1.0,3689000000.0,0.225,2254000000.0,512000000.0,30801000000.0,30317750000.0,1983000000.0,564000000.0,0.0,564000000.0,18151000000.0,2972000000.0,15179000000.0,14533724046.0,-762000000.0,84000000.0,-162000000.0,-416000000.0,-520000000.0,-1073000000.0,-878000000.0,0.0,1189000000.0,0.0,-265000000.0,-265000000.0,-265000000.0,1061000000.0,0.0,-0.016,2374000000.0,1315000000.0,1142000000.0,-1.927,1.576,-54.844,-54.147,17222000000.0,0.0,59.02,0.887,0.887,1961000000.0,4390000000.0,16389000000.0,16389000000.0,71000000.0,-0.01,-0.028,0.019,0.036,11000000.0,1479000000.0,1.0,246250831.0,246250831.0,,66.554,25118000000.0,0.0,339000000.0,3848000000.0,102.002,1469000000.0
60,WY,MRT,2006-06-30,2006-06-25,2006-06-25,2021-08-02,298000000.0,27618000000.0,28096250000.0,4527000000.0,23091000000.0,0.615,38.582,-960000000.0,149000000.0,149000000.0,13328000000.0,-204000000.0,1.458,1.907,8383000000.0,555000000.0,7828000000.0,8383000000.0,0.0,1299000000.0,0.0,0.033,2.0,748000000.0,2047000000.0,0.119,2047000000.0,748000000.0,168000000.0,-0.84,-0.85,-0.84,9500000000.0,9663750000.0,9500000000.0,23282456985.0,31.0,11.374,517000000.0,2.1,1.0,3939000000.0,0.228,2243000000.0,580000000.0,30505000000.0,30471500000.0,1911000000.0,545000000.0,0.0,545000000.0,18118000000.0,3104000000.0,15014000000.0,14847456985.0,-1566000000.0,-55000000.0,184000000.0,-1812000000.0,-492000000.0,-2102000000.0,-941000000.0,96000000.0,1477000000.0,0.0,-204000000.0,-204000000.0,-204000000.0,1121000000.0,0.0,-0.012,2510000000.0,1429000000.0,1222000000.0,-2.381,1.563,-72.782,-71.786,17333000000.0,0.0,60.3,0.86,0.86,2083000000.0,4328000000.0,17267000000.0,17267000000.0,66000000.0,-0.007,-0.021,0.025,0.043,12000000.0,1493000000.0,1.0,246226484.0,246226484.0,,70.126,25375000000.0,0.0,372000000.0,3913000000.0,103.056,1423000000.0
61,WY,MRT,2006-03-31,2006-03-26,2006-03-26,2021-08-02,266000000.0,27381000000.0,28690000000.0,4434000000.0,22947000000.0,0.631,38.003,-967000000.0,144000000.0,144000000.0,13853000000.0,-82000000.0,1.409,1.967,8579000000.0,700000000.0,7879000000.0,8579000000.0,0.0,1318000000.0,0.0,0.027,2.0,1053000000.0,2371000000.0,0.131,2371000000.0,1053000000.0,423000000.0,-0.32,-0.33,-0.32,9229000000.0,9751000000.0,9229000000.0,25321633545.0,24.0,10.68,709000000.0,2.92,1.0,4237000000.0,0.234,2235000000.0,630000000.0,30435000000.0,30896750000.0,2068000000.0,535000000.0,0.0,535000000.0,18152000000.0,3146000000.0,15006000000.0,17771633545.0,-263000000.0,1049000000.0,209000000.0,-1839000000.0,-492000000.0,-2112000000.0,173000000.0,107000000.0,1676000000.0,0.0,-82000000.0,-82000000.0,-82000000.0,981000000.0,0.0,-0.005,2621000000.0,1616000000.0,1193000000.0,-6.25,1.926,-216.727,-228.688,17274000000.0,0.0,73.18,0.982,0.982,1971000000.0,4137000000.0,18090000000.0,18090000000.0,63000000.0,-0.003,-0.008,0.034,0.058,15000000.0,1488000000.0,1.0,242848231.0,242848231.0,,74.491,25146000000.0,0.0,505000000.0,4001000000.0,103.546,1288000000.0
62,WY,MRT,2005-12-31,2005-12-25,2005-12-25,2021-08-02,290000000.0,28229000000.0,29262250000.0,4876000000.0,23353000000.0,0.644,40.29,-884000000.0,1104000000.0,1104000000.0,14321000000.0,733000000.0,1.498,1.881,8642000000.0,384000000.0,8258000000.0,8642000000.0,0.0,1337000000.0,0.0,0.028,1.9,1961000000.0,3298000000.0,0.175,3298000000.0,1961000000.0,1263000000.0,3.0,2.98,3.0,9800000000.0,9820000000.0,9800000000.0,24457973269.0,12.0,7.416,868000000.0,3.569,1.0,4524000000.0,0.24,2982000000.0,698000000.0,29530000000.0,31695250000.0,1885000000.0,547000000.0,0.0,547000000.0,18429000000.0,3255000000.0,15174000000.0,16296973269.0,-93000000.0,1252000000.0,149000000.0,-1968000000.0,-466000000.0,-2296000000.0,451000000.0,115000000.0,1752000000.0,0.0,733000000.0,733000000.0,733000000.0,216000000.0,0.0,0.039,2738000000.0,1786000000.0,1227000000.0,0.633,1.663,22.233,22.333,16669000000.0,0.0,67.0,0.865,0.865,1749000000.0,4840000000.0,18845000000.0,18845000000.0,61000000.0,0.025,0.075,0.062,0.104,11000000.0,1476000000.0,1.0,243238407.0,243238407.0,,77.475,25247000000.0,0.0,530000000.0,4032000000.0,103.795,1621000000.0
63,WY,MRT,2005-09-30,2005-09-25,2005-09-25,2021-08-02,290000000.0,29157000000.0,29693500000.0,5424000000.0,23733000000.0,0.727,41.687,-782000000.0,889000000.0,889000000.0,16519000000.0,1143000000.0,1.861,1.879,9050000000.0,185000000.0,8865000000.0,9050000000.0,0.0,1333000000.0,0.0,0.027,1.8,2556000000.0,3889000000.0,0.18,3889000000.0,2556000000.0,1692000000.0,4.66,4.66,4.66,10126000000.0,9683750000.0,10126000000.0,24753825132.0,10.0,6.365,1019000000.0,4.195,1.0,5067000000.0,0.235,2988000000.0,864000000.0,31416000000.0,32576500000.0,1992000000.0,556000000.0,0.0,556000000.0,19031000000.0,2914000000.0,16117000000.0,16456825132.0,-346000000.0,1128000000.0,189000000.0,-2368000000.0,-438000000.0,-2606000000.0,459000000.0,78000000.0,1801000000.0,0.0,1143000000.0,1143000000.0,1143000000.0,-147000000.0,0.0,0.053,2996000000.0,2071000000.0,1167000000.0,0.386,1.625,14.398,14.539,17616000000.0,0.0,67.75,0.762,0.762,2015000000.0,5174000000.0,21586000000.0,21586000000.0,61000000.0,0.038,0.118,0.078,0.118,-1000000.0,1633000000.0,1.0,242905168.0,242905168.0,,88.866,26169000000.0,0.0,549000000.0,4396000000.0,107.733,2510000000.0
64,WY,MRT,2005-06-30,2005-06-26,2005-06-26,2021-08-02,182000000.0,29993000000.0,29725250000.0,6342000000.0,23651000000.0,0.734,40.568,-649000000.0,1715000000.0,1715000000.0,16205000000.0,1452000000.0,2.041,2.045,10012000000.0,227000000.0,9785000000.0,10012000000.0,0.0,1329000000.0,0.0,0.026,1.7,3031000000.0,4360000000.0,0.2,4360000000.0,3031000000.0,2175000000.0,5.96,5.95,5.96,9849000000.0,9417000000.0,9849000000.0,25632378779.0,8.0,5.879,1420000000.0,5.849,1.0,5628000000.0,0.258,2977000000.0,856000000.0,32206000000.0,33034500000.0,2018000000.0,553000000.0,0.0,553000000.0,20144000000.0,3107000000.0,17037000000.0,15807378779.0,978000000.0,1121000000.0,185000000.0,-1631000000.0,-413000000.0,-1559000000.0,468000000.0,-9000000.0,2069000000.0,0.0,1452000000.0,1452000000.0,1452000000.0,-174000000.0,0.0,0.067,2968000000.0,2660000000.0,1225000000.0,0.285,1.605,10.887,10.924,17668000000.0,0.0,65.11,0.724,0.724,2065000000.0,5012000000.0,21833000000.0,21833000000.0,56000000.0,0.049,0.154,0.092,0.139,-4000000.0,1619000000.0,1.0,242779585.0,242779585.0,,89.929,27016000000.0,0.0,723000000.0,4320000000.0,111.278,3235000000.0
65,WY,MRT,2005-03-31,2005-03-27,2005-03-27,2021-08-02,200000000.0,29670000000.0,29407750000.0,6117000000.0,23553000000.0,0.744,39.704,-509000000.0,407000000.0,407000000.0,16175000000.0,1401000000.0,2.132,2.122,10232000000.0,98000000.0,10134000000.0,10232000000.0,0.0,1329000000.0,0.0,0.024,1.6,2977000000.0,4306000000.0,0.197,4306000000.0,2977000000.0,2082000000.0,5.81,5.81,5.81,9505000000.0,9057250000.0,9505000000.0,25683963234.0,9.0,5.965,1671000000.0,6.98,1.0,5696000000.0,0.26,2997000000.0,895000000.0,33629000000.0,33365000000.0,2122000000.0,546000000.0,0.0,546000000.0,20165000000.0,2869000000.0,17296000000.0,16242963234.0,328000000.0,14000000.0,1102000000.0,-2399000000.0,-380000000.0,-1374000000.0,-478000000.0,5000000.0,2180000000.0,0.0,1401000000.0,1401000000.0,1401000000.0,-59000000.0,0.0,0.064,2980000000.0,2716000000.0,1150000000.0,0.275,1.709,11.594,11.678,17535000000.0,0.0,67.85,0.743,0.743,1900000000.0,4715000000.0,21871000000.0,21871000000.0,57000000.0,0.048,0.155,0.089,0.136,2000000.0,1628000000.0,1.0,239395184.0,239395184.0,,91.359,26673000000.0,0.0,681000000.0,4315000000.0,111.418,3248000000.0
66,WY,MRT,2004-12-31,2004-12-26,2004-12-26,2021-08-02,163000000.0,29954000000.0,29024500000.0,6225000000.0,23729000000.0,0.738,38.584,-433000000.0,1197000000.0,1197000000.0,15885000000.0,1283000000.0,1.862,2.237,10638000000.0,492000000.0,10146000000.0,10638000000.0,0.0,1322000000.0,0.0,0.024,1.6,2787000000.0,4109000000.0,0.192,4109000000.0,2787000000.0,1892000000.0,5.45,5.43,5.45,9255000000.0,8484500000.0,9255000000.0,26181678680.0,9.0,6.372,1835000000.0,7.65,1.0,5526000000.0,0.258,2996000000.0,895000000.0,33055000000.0,33436000000.0,1876000000.0,548000000.0,0.0,548000000.0,20699000000.0,3344000000.0,17355000000.0,16044678680.0,995000000.0,14000000.0,1134000000.0,-1935000000.0,-372000000.0,-872000000.0,-401000000.0,0.0,2268000000.0,0.0,1283000000.0,1283000000.0,1283000000.0,-68000000.0,0.0,0.06,2994000000.0,2532000000.0,1130000000.0,0.294,1.734,12.506,12.273,17609000000.0,0.0,66.89,0.749,0.749,1577000000.0,4573000000.0,21411000000.0,21411000000.0,55000000.0,0.044,0.151,0.083,0.13,0.0,1635000000.0,1.0,239866627.0,239866627.0,,89.262,26958000000.0,0.0,609000000.0,4351000000.0,112.387,2881000000.0
67,WY,MRT,2004-09-30,2004-09-26,2004-09-26,2021-08-02,124000000.0,29284000000.0,28685750000.0,5556000000.0,23728000000.0,0.726,37.832,-354000000.0,1235000000.0,1235000000.0,15177000000.0,1176000000.0,1.895,2.233,11372000000.0,493000000.0,10879000000.0,11372000000.0,0.0,1344000000.0,0.0,0.025,1.6,2615000000.0,3959000000.0,0.19,3959000000.0,2615000000.0,1760000000.0,4.99,4.98,4.99,9059000000.0,7948000000.0,9059000000.0,26174602215.0,10.0,6.611,1867000000.0,7.797,1.0,5662000000.0,0.272,3241000000.0,855000000.0,33248000000.0,33953750000.0,1998000000.0,680000000.0,0.0,680000000.0,20225000000.0,2932000000.0,17293000000.0,15267602215.0,1153000000.0,-129000000.0,1116000000.0,-1935000000.0,-365000000.0,-548000000.0,-520000000.0,47000000.0,2221000000.0,0.0,1176000000.0,1176000000.0,1176000000.0,-33000000.0,0.0,0.056,3239000000.0,2423000000.0,1102000000.0,0.321,1.685,12.983,12.778,18202000000.0,0.0,63.76,0.733,0.733,1856000000.0,4470000000.0,20839000000.0,20839000000.0,55000000.0,0.041,0.148,0.077,0.125,0.0,1597000000.0,1.0,239454238.0,239454238.0,,87.027,26043000000.0,0.0,584000000.0,4451000000.0,108.76,2624000000.0
68,WY,MRT,2004-06-30,2004-06-27,2004-06-27,2021-08-02,-17000000.0,28723000000.0,28476500000.0,5009000000.0,23714000000.0,0.714,37.762,-563000000.0,737000000.0,737000000.0,15346000000.0,664000000.0,1.737,2.415,11644000000.0,447000000.0,11197000000.0,11644000000.0,0.0,1338000000.0,0.0,0.027,1.6,1867000000.0,3205000000.0,0.158,3205000000.0,1867000000.0,997000000.0,2.9,2.9,2.9,8410000000.0,7413500000.0,8410000000.0,25946605116.0,14.0,8.096,1567000000.0,7.036,1.0,4998000000.0,0.246,3218000000.0,870000000.0,33528000000.0,34626000000.0,1936000000.0,640000000.0,0.0,640000000.0,20313000000.0,2884000000.0,17429000000.0,13429605116.0,679000000.0,0.0,1141000000.0,-1999000000.0,-357000000.0,-866000000.0,-585000000.0,46000000.0,2130000000.0,0.0,664000000.0,664000000.0,664000000.0,-8000000.0,0.0,0.033,3293000000.0,1705000000.0,1114000000.0,0.552,1.597,20.225,20.793,18255000000.0,0.0,60.3,0.66,0.66,1902000000.0,3972000000.0,20344000000.0,20344000000.0,52000000.0,0.023,0.09,0.054,0.092,0.0,1606000000.0,1.0,222713186.0,222713186.0,,91.346,25505000000.0,0.0,333000000.0,4373000000.0,114.519,2125000000.0
69,WY,MRT,2004-03-31,2004-03-28,2004-03-28,2021-08-02,48000000.0,28137000000.0,28505000000.0,4266000000.0,23871000000.0,0.686,32.934,-514000000.0,79000000.0,79000000.0,14853000000.0,452000000.0,1.216,2.9,12596000000.0,1232000000.0,11364000000.0,12596000000.0,0.0,1321000000.0,0.0,0.025,1.6,1539000000.0,2860000000.0,0.146,2860000000.0,1539000000.0,683000000.0,2.04,2.04,2.04,7214000000.0,7037500000.0,7214000000.0,26452252034.0,17.0,9.249,1262000000.0,5.761,1.0,4693000000.0,0.24,3232000000.0,856000000.0,33913000000.0,35262750000.0,2020000000.0,644000000.0,0.0,644000000.0,20923000000.0,3509000000.0,17414000000.0,14163252034.0,12000000.0,0.0,161000000.0,-1373000000.0,-355000000.0,-1211000000.0,-553000000.0,-10000000.0,1776000000.0,0.0,452000000.0,452000000.0,452000000.0,6000000.0,0.0,0.023,3289000000.0,1404000000.0,1065000000.0,0.784,1.963,31.335,31.696,18399000000.0,0.0,64.66,0.725,0.725,1753000000.0,3693000000.0,19546000000.0,19546000000.0,51000000.0,0.016,0.064,0.044,0.079,0.0,1584000000.0,1.0,219041943.0,219041943.0,,89.234,24905000000.0,0.0,231000000.0,4303000000.0,113.7,757000000.0
70,WY,MRT,2003-12-31,2003-12-28,2003-12-28,2021-08-02,76000000.0,28599000000.0,28644750000.0,4021000000.0,24578000000.0,0.672,32.341,-618000000.0,202000000.0,202000000.0,14764000000.0,277000000.0,1.592,3.023,12491000000.0,94000000.0,12397000000.0,12491000000.0,0.0,1318000000.0,0.0,0.026,1.6,1297000000.0,2615000000.0,0.136,2615000000.0,1297000000.0,429000000.0,1.25,1.25,1.25,7109000000.0,6891000000.0,7109000000.0,26907338183.0,21.0,10.29,1188000000.0,5.405,1.0,4485000000.0,0.233,3237000000.0,868000000.0,35126000000.0,35861750000.0,1911000000.0,584000000.0,0.0,584000000.0,21490000000.0,2525000000.0,18965000000.0,13760338183.0,80000000.0,-8000000.0,60000000.0,-1076000000.0,-355000000.0,-1015000000.0,-711000000.0,-10000000.0,1806000000.0,0.0,277000000.0,277000000.0,277000000.0,15000000.0,0.0,0.014,3298000000.0,1187000000.0,1041000000.0,1.28,1.936,49.676,50.08,18578000000.0,0.0,62.6,0.715,0.715,1548000000.0,3662000000.0,19249000000.0,19249000000.0,51000000.0,0.01,0.04,0.036,0.067,0.0,1557000000.0,1.0,219813709.0,219813709.0,,87.57,25362000000.0,0.0,152000000.0,4294000000.0,115.38,1496000000.0
71,WY,MRT,2003-09-30,2003-09-28,2003-09-28,2021-08-02,-82000000.0,28447000000.0,28549750000.0,4113000000.0,24334000000.0,0.681,31.578,-728000000.0,82000000.0,82000000.0,14934000000.0,311000000.0,1.688,3.11,13229000000.0,247000000.0,12982000000.0,13229000000.0,0.0,1304000000.0,0.0,0.027,1.6,1355000000.0,2659000000.0,0.137,2659000000.0,1355000000.0,480000000.0,1.41,1.41,1.41,6921000000.0,6769500000.0,6921000000.0,26331706003.0,19.0,9.903,1012000000.0,4.617,1.0,4512000000.0,0.232,3221000000.0,875000000.0,35937000000.0,35966250000.0,1959000000.0,616000000.0,0.0,616000000.0,21526000000.0,2436000000.0,19090000000.0,12799706003.0,-48000000.0,207000000.0,39000000.0,-972000000.0,-354000000.0,-1197000000.0,-591000000.0,-25000000.0,1740000000.0,0.0,311000000.0,311000000.0,311000000.0,0.0,0.0,0.016,3311000000.0,1201000000.0,975000000.0,1.135,1.849,41.157,41.418,18926000000.0,0.0,58.4,0.658,0.658,1728000000.0,3659000000.0,19446000000.0,19446000000.0,50000000.0,0.011,0.046,0.038,0.07,0.0,1545000000.0,1.0,219173048.0,219173048.0,,88.724,25226000000.0,0.0,169000000.0,4139000000.0,115.096,1677000000.0
72,WY,MRT,2003-06-30,2003-06-29,2003-06-29,2021-08-02,-69000000.0,28837000000.0,28636750000.0,4238000000.0,24599000000.0,0.669,31.53,-666000000.0,58000000.0,58000000.0,14872000000.0,242000000.0,1.38,3.176,13590000000.0,832000000.0,12758000000.0,13590000000.0,0.0,1286000000.0,0.0,0.03,1.6,1264000000.0,2550000000.0,0.133,2550000000.0,1264000000.0,376000000.0,1.1,1.1,1.1,6906000000.0,6695750000.0,6906000000.0,25564224963.0,20.0,10.025,802000000.0,3.662,1.0,4280000000.0,0.223,3224000000.0,888000000.0,36075000000.0,36173250000.0,2093000000.0,620000000.0,0.0,620000000.0,21931000000.0,3070000000.0,18861000000.0,11707224963.0,-91000000.0,56000000.0,5000000.0,-619000000.0,-353000000.0,-917000000.0,-642000000.0,27000000.0,1468000000.0,0.0,242000000.0,242000000.0,242000000.0,0.0,0.0,0.013,3189000000.0,1091000000.0,1046000000.0,1.455,1.695,48.377,48.591,19150000000.0,0.0,53.45,0.611,0.611,1737000000.0,3666000000.0,19152000000.0,19152000000.0,51000000.0,0.008,0.036,0.035,0.066,0.0,1491000000.0,1.0,219031337.0,219031337.0,,87.44,25613000000.0,0.0,134000000.0,4111000000.0,116.938,1168000000.0
73,WY,MRT,2003-03-31,2003-03-30,2003-03-30,2021-08-02,-277000000.0,28696000000.0,28730000000.0,4254000000.0,24442000000.0,0.666,30.275,-943000000.0,67000000.0,67000000.0,14961000000.0,157000000.0,1.393,3.33,13924000000.0,916000000.0,13008000000.0,13924000000.0,0.0,1283000000.0,0.0,0.034,1.6,1154000000.0,2437000000.0,0.127,2437000000.0,1154000000.0,249000000.0,0.71,0.71,0.71,6628000000.0,6664750000.0,6628000000.0,23829267390.0,21.0,9.778,506000000.0,2.311,1.0,4183000000.0,0.219,3191000000.0,905000000.0,36309000000.0,36542000000.0,2167000000.0,592000000.0,0.0,592000000.0,22068000000.0,3053000000.0,19015000000.0,10379267390.0,-71000000.0,56000000.0,23000000.0,-355000000.0,-354000000.0,-606000000.0,-914000000.0,40000000.0,1449000000.0,0.0,157000000.0,157000000.0,157000000.0,0.0,0.0,0.008,3206000000.0,977000000.0,975000000.0,2.254,1.566,66.11,66.775,19064000000.0,0.0,47.41,0.542,0.542,1638000000.0,3597000000.0,19144000000.0,19144000000.0,52000000.0,0.005,0.024,0.032,0.06,0.0,1491000000.0,1.0,218925699.0,218925699.0,,87.445,25505000000.0,0.0,92000000.0,4072000000.0,116.501,1201000000.0
74,WY,MRT,2002-12-31,2002-12-29,2002-12-29,2021-08-02,-422000000.0,28219000000.0,28785500000.0,3888000000.0,24331000000.0,0.643,30.249,-944000000.0,122000000.0,122000000.0,14397000000.0,241000000.0,1.299,3.261,13572000000.0,788000000.0,12784000000.0,13572000000.0,0.0,1225000000.0,0.0,0.033,1.6,1245000000.0,2470000000.0,0.133,2470000000.0,1245000000.0,371000000.0,1.09,1.09,1.09,6623000000.0,6679000000.0,6623000000.0,24692849715.0,20.0,9.997,539000000.0,2.462,1.0,4124000000.0,0.223,3131000000.0,874000000.0,35544000000.0,36858500000.0,1941000000.0,606000000.0,0.0,606000000.0,21596000000.0,2994000000.0,18602000000.0,10640849715.0,-82000000.0,-6055000000.0,67000000.0,5614000000.0,-353000000.0,5410000000.0,-6975000000.0,68000000.0,1483000000.0,0.0,241000000.0,241000000.0,241000000.0,0.0,0.0,0.013,3061000000.0,1063000000.0,983000000.0,1.468,1.607,44.153,44.587,19025000000.0,0.0,48.6,0.575,0.575,1483000000.0,3740000000.0,18521000000.0,18521000000.0,52000000.0,0.008,0.036,0.034,0.067,0.0,1435000000.0,1.0,218947525.0,218947525.0,,84.591,25088000000.0,0.0,130000000.0,4056000000.0,114.585,894000000.0
75,WY,MRT,2002-09-30,2002-09-29,2002-09-29,2021-08-02,-333000000.0,28795000000.0,26304000000.0,4159000000.0,24636000000.0,0.654,30.263,-869000000.0,130000000.0,130000000.0,13650000000.0,100000000.0,1.272,3.346,14182000000.0,1022000000.0,13160000000.0,14182000000.0,0.0,1107000000.0,0.0,0.036,1.6,909000000.0,2016000000.0,0.117,2016000000.0,909000000.0,153000000.0,0.45,0.45,0.45,6626000000.0,6697000000.0,6626000000.0,23672478926.0,26.0,11.742,169000000.0,0.772,1.0,3551000000.0,0.206,2812000000.0,756000000.0,36765000000.0,33276500000.0,1951000000.0,595000000.0,0.0,595000000.0,22169000000.0,3270000000.0,18899000000.0,9631478926.0,17000000.0,-6119000000.0,68000000.0,6276000000.0,-353000000.0,5925000000.0,-6946000000.0,73000000.0,1038000000.0,0.0,100000000.0,100000000.0,100000000.0,0.0,0.0,0.006,2808000000.0,743000000.0,1059000000.0,3.556,1.454,96.315,97.756,19739000000.0,0.0,43.99,0.56,0.56,1672000000.0,3702000000.0,17201000000.0,17201000000.0,53000000.0,0.004,0.015,0.027,0.053,0.0,1344000000.0,1.0,218947009.0,218947009.0,,78.562,25983000000.0,0.0,53000000.0,4360000000.0,118.673,889000000.0
76,WY,MRT,2002-06-30,2002-06-30,2002-06-30,2021-08-02,-252000000.0,29210000000.0,23719000000.0,4352000000.0,24858000000.0,0.677,31.045,-789000000.0,149000000.0,149000000.0,12672000000.0,178000000.0,1.489,3.307,14190000000.0,478000000.0,13712000000.0,14190000000.0,0.0,1026000000.0,0.0,0.025,1.6,895000000.0,1921000000.0,0.12,1921000000.0,895000000.0,255000000.0,0.8,0.8,0.8,6782000000.0,6754250000.0,6782000000.0,28069279855.0,31.0,14.612,364000000.0,1.666,1.0,3391000000.0,0.211,2778000000.0,640000000.0,37550000000.0,29352250000.0,2012000000.0,621000000.0,0.0,621000000.0,22428000000.0,2923000000.0,19505000000.0,13948279855.0,78000000.0,-6380000000.0,72000000.0,6412000000.0,-353000000.0,6080000000.0,-7155000000.0,17000000.0,1153000000.0,0.0,178000000.0,178000000.0,178000000.0,0.0,0.0,0.011,2653000000.0,738000000.0,1125000000.0,2.0,2.057,78.361,79.812,19970000000.0,0.0,63.85,0.868,0.868,1720000000.0,3778000000.0,16063000000.0,16063000000.0,53000000.0,0.008,0.026,0.03,0.056,0.0,1260000000.0,1.0,218453874.0,218453874.0,,73.53,26432000000.0,0.0,77000000.0,4389000000.0,120.996,1429000000.0
77,WY,MRT,2002-03-31,2002-03-31,2002-03-31,2021-08-02,-342000000.0,28918000000.0,20992750000.0,4307000000.0,24611000000.0,0.714,30.852,-663000000.0,138000000.0,138000000.0,11805000000.0,277000000.0,1.582,3.326,14259000000.0,474000000.0,13785000000.0,14259000000.0,0.0,930000000.0,0.0,0.025,1.6,902000000.0,1832000000.0,0.122,1832000000.0,902000000.0,392000000.0,1.26,1.26,1.26,6685000000.0,6797250000.0,6685000000.0,19501502788.0,22.0,10.645,535000000.0,2.469,1.0,3178000000.0,0.212,2741000000.0,510000000.0,37575000000.0,25032500000.0,2072000000.0,636000000.0,0.0,636000000.0,22233000000.0,2723000000.0,19510000000.0,13620502788.0,73000000.0,-6380000000.0,67000000.0,6351000000.0,-352000000.0,6002000000.0,-7127000000.0,10000000.0,1198000000.0,0.0,277000000.0,277000000.0,277000000.0,0.0,0.0,0.018,2434000000.0,744000000.0,1072000000.0,1.27,2.037,49.171,49.889,19807000000.0,0.0,62.86,0.909,0.909,1666000000.0,3794000000.0,14983000000.0,14983000000.0,54000000.0,0.013,0.041,0.036,0.06,0.0,1192000000.0,1.0,216679968.0,216679968.0,,69.148,26177000000.0,0.0,115000000.0,4353000000.0,120.81,1584000000.0
78,WY,MRT,2001-12-31,2001-12-30,2001-12-30,2021-08-02,-345000000.0,18293000000.0,18233500000.0,3061000000.0,15232000000.0,0.798,30.959,-717000000.0,204000000.0,204000000.0,11453000000.0,354000000.0,1.643,1.732,6085000000.0,12000000.0,6073000000.0,6085000000.0,0.0,876000000.0,0.0,0.029,1.6,942000000.0,1818000000.0,0.125,1818000000.0,942000000.0,516000000.0,1.61,1.61,1.61,6695000000.0,6763500000.0,6695000000.0,17704144548.0,19.0,9.738,401000000.0,1.854,1.0,3092000000.0,0.213,1095000000.0,426000000.0,21216000000.0,20619500000.0,1428000000.0,663000000.0,0.0,663000000.0,11598000000.0,1863000000.0,9735000000.0,11751144548.0,81000000.0,-261000000.0,30000000.0,237000000.0,-351000000.0,-155000000.0,-882000000.0,144000000.0,1118000000.0,0.0,354000000.0,354000000.0,354000000.0,0.0,0.0,0.024,2335000000.0,757000000.0,809000000.0,0.994,1.755,33.195,33.752,12161000000.0,0.0,54.34,0.808,0.808,1095000000.0,3852000000.0,14545000000.0,14545000000.0,55000000.0,0.019,0.052,0.046,0.065,0.0,1166000000.0,1.0,216252200.0,216252200.0,,67.259,17198000000.0,0.0,162000000.0,2377000000.0,79.528,1198000000.0
79,WY,MRT,2001-09-30,2001-09-30,2001-09-30,2021-08-02,-280000000.0,18455000000.0,,3289000000.0,15166000000.0,,31.713,-814000000.0,113000000.0,113000000.0,11722000000.0,563000000.0,1.472,1.692,6066000000.0,246000000.0,5820000000.0,6066000000.0,0.0,888000000.0,0.0,0.033,1.6,1285000000.0,2173000000.0,0.143,2173000000.0,1285000000.0,846000000.0,2.56,2.57,2.56,6855000000.0,,6855000000.0,16395032166.0,13.0,7.545,791000000.0,3.659,1.0,3467000000.0,0.228,1106000000.0,439000000.0,21068000000.0,,1561000000.0,684000000.0,0.0,684000000.0,11600000000.0,2234000000.0,9366000000.0,10529032166.0,26000000.0,-382000000.0,33000000.0,-39000000.0,-352000000.0,-532000000.0,-1047000000.0,214000000.0,1605000000.0,0.0,563000000.0,563000000.0,563000000.0,0.0,0.0,0.037,2395000000.0,1072000000.0,890000000.0,0.625,1.536,18.702,19.027,12154000000.0,0.0,48.71,0.693,0.693,1315000000.0,3955000000.0,15189000000.0,15189000000.0,53000000.0,,,,0.085,0.0,1188000000.0,1.0,216157507.0,216157507.0,,70.268,17349000000.0,0.0,283000000.0,2400000000.0,80.261,1055000000.0
80,WY,MRT,2001-06-30,2001-07-01,2001-07-01,2021-08-02,-175000000.0,18305000000.0,,3347000000.0,14958000000.0,,32.171,-836000000.0,71000000.0,71000000.0,11779000000.0,671000000.0,1.205,1.632,5937000000.0,892000000.0,5045000000.0,5937000000.0,0.0,869000000.0,0.0,0.025,1.364,1475000000.0,2344000000.0,0.152,2344000000.0,1475000000.0,1037000000.0,3.05,3.06,3.05,6954000000.0,,6954000000.0,,,,562000000.0,2.6,1.0,3592000000.0,0.234,1123000000.0,438000000.0,20271000000.0,,1600000000.0,767000000.0,0.0,767000000.0,11351000000.0,2777000000.0,8574000000.0,11882178160.0,-44000000.0,-96000000.0,-150000000.0,-25000000.0,-352000000.0,-618000000.0,-824000000.0,212000000.0,1398000000.0,0.0,671000000.0,671000000.0,671000000.0,0.0,0.0,0.044,2346000000.0,1246000000.0,918000000.0,0.447,1.709,17.708,18.023,11932000000.0,0.0,54.97,0.773,0.773,1319000000.0,3952000000.0,15371000000.0,15371000000.0,56000000.0,,,,0.096,0.0,1177000000.0,1.0,216157507.0,216157507.0,,71.11,17182000000.0,0.0,366000000.0,2432000000.0,79.488,570000000.0
81,WY,MRT,2001-03-31,2001-04-01,2001-04-01,2021-08-02,,,,,,,,,,,11990000000.0,703000000.0,,,,,,,,,,0.022,1.127,1541000000.0,,,,1541000000.0,1106000000.0,3.16,3.17,3.16,,,,,,,,,1.0,3728000000.0,0.237,,435000000.0,,,,,,,,,,,,,,,,,,,,,703000000.0,703000000.0,703000000.0,0.0,0.0,0.045,2450000000.0,1278000000.0,,0.357,,,16.073,,0.0,50.79,,,,,15718000000.0,15718000000.0,57000000.0,,,,0.098,,1141000000.0,1.0,,,,,,,403000000.0,,,
82,WY,MRT,2000-12-31,2000-12-31,2000-12-31,2021-08-02,-178000000.0,18174000000.0,,3288000000.0,14886000000.0,,,-845000000.0,123000000.0,123000000.0,12099000000.0,840000000.0,1.216,1.66,5826000000.0,733000000.0,5093000000.0,5826000000.0,0.0,865000000.0,0.0,0.018,0.891,1761000000.0,2626000000.0,0.164,2626000000.0,1761000000.0,1323000000.0,3.72,3.72,3.72,6832000000.0,,6832000000.0,,,,609000000.0,,1.0,3881000000.0,0.243,1150000000.0,438000000.0,20023000000.0,,1499000000.0,857000000.0,0.0,857000000.0,11342000000.0,2704000000.0,8638000000.0,,-1520000000.0,-693000000.0,-795000000.0,-308000000.0,-363000000.0,-1489000000.0,-1485000000.0,76000000.0,1454000000.0,0.0,840000000.0,840000000.0,840000000.0,0.0,0.0,0.053,2390000000.0,1491000000.0,921000000.0,0.24,,,13.642,11975000000.0,0.0,50.75,,,1328000000.0,3849000000.0,15980000000.0,15980000000.0,56000000.0,,,,0.11,0.0,1127000000.0,1.0,,,,,17024000000.0,0.0,483000000.0,2377000000.0,,584000000.0
83,WY,MRT,2000-09-30,2000-09-24,2000-09-24,2021-08-02,,,,,,,,,,,,,,,,,,,,,,0.017,0.655,,,,,,,,,,,,,,,,,,1.0,,,,,,,,,,,,,,,,,,,,,,,,,,,,,,,,,,,,,,,,39.5,,,,,,,,,,,,,,1.0,,,,,,,,,,
84,WY,MRT,2000-06-30,2000-06-25,2000-06-25,2021-08-02,,,,,,,,,,,,,,,,,,,,,,0.015,0.655,,,,,,,,,,,,,,,,,,1.0,,,,,,,,,,,,,,,,,,,,,,,,,,,,,,,,,,,,,,,,43.5,,,,,,,,,,,,,,1.0,,,,,,,,,,
85,WY,MRT,1999-12-31,1999-12-30,1999-12-30,2021-08-02,,,,,,,,-532000000.0,,,9788000000.0,527000000.0,,,,,,,,640000000.0,,0.009,0.655,1232000000.0,1872000000.0,0.146,1872000000.0,1232000000.0,881000000.0,2.56,,2.56,,,,,,,969000000.0,,1.0,2992000000.0,0.234,,351000000.0,,,,,,,,,,,1608000000.0,328000000.0,98000000.0,550000000.0,-321000000.0,313000000.0,-206000000.0,-2000000.0,1501000000.0,0.0,527000000.0,527000000.0,527000000.0,0.0,0.0,0.041,1853000000.0,1139000000.0,,0.256,,,27.52,,0.0,70.45,,,,,12780000000.0,12780000000.0,55000000.0,,,,0.096,0.0,884000000.0,1.0,,,,,,,354000000.0,,,
