None,ticker,dimension,calendardate,datekey,reportperiod,lastupdated,accoci,assets,assetsavg,assetsc,assetsnc,assetturnover,bvps,capex,cashneq,cashnequsd,cor,consolinc,currentratio,de,debt,debtc,debtnc,debtusd,deferredrev,depamor,deposits,divyield,dps,ebit,ebitda,ebitdamargin,ebitdausd,ebitusd,ebt,eps,epsdil,epsusd,equity,equityavg,equityusd,ev,evebit,evebitda,fcf,fcfps,fxusd,gp,grossmargin,intangibles,intexp,invcap,invcapavg,inventory,investments,investmentsc,investmentsnc,liabilities,liabilitiesc,liabilitiesnc,marketcap,ncf,ncfbus,ncfcommon,ncfdebt,ncfdiv,ncff,ncfi,ncfinv,ncfo,ncfx,netinc,netinccmn,netinccmnusd,netincdis,netincnci,netmargin,opex,opinc,payables,payoutratio,pb,pe,pe1,ppnenet,prefdivis,price,ps,ps1,receivables,retearn,revenue,revenueusd,rnd,roa,roe,roic,ros,sbcomp,sgna,sharefactor,sharesbas,shareswa,shareswadil,sps,tangibles,taxassets,taxexp,taxliabilities,tbvps,workingcapital
0,CTXS,MRY,2020-12-31,2020-12-31,2020-12-31,2021-08-25,-3649000.0,4890347000.0,4594570500.0,1991106000.0,2899241000.0,0.704,0.907,-41438000.0,752895000.0,752895000.0,498546000.0,504446000.0,0.925,42.608,1928389000.0,0.0,1928389000.0,1928389000.0,1902576000.0,150410000.0,0.0,0.011,1.4,619567000.0,769977000.0,0.238,769977000.0,619567000.0,554880000.0,4.08,4.0,4.08,112143000.0,-32895500.0,112143000.0,17376814717.0,28.0,22.568,894371000.0,7.237,1.0,2738154000.0,0.846,1879899000.0,64687000.0,2033515000.0,2049450250.0,20089000.0,138478000.0,124113000.0,14365000.0,4778204000.0,2152427000.0,2625777000.0,16018376717.0,207134000.0,0.0,-1288483000.0,986953000.0,-172006000.0,-595188000.0,-138305000.0,-79304000.0,935809000.0,4818000.0,504446000.0,504446000.0,504446000.0,0.0,0.0,0.156,2129346000.0,608808000.0,92266000.0,0.343,142.839,31.754,31.887,395940000.0,0.0,130.1,4.949,4.967,858009000.0,4984333000.0,3236700000.0,3236700000.0,538080000.0,0.11,-15.335,0.302,0.191,307710000.0,1576486000.0,1.0,123123572.0,123575000,126152000.0,26.192,3010448000.0,386504000.0,50434000.0,274846000.0,24.361,-161321000.0
1,CTXS,MRY,2019-12-31,2019-12-31,2019-12-31,2021-08-25,-5127000.0,4388926000.0,4380667750.0,1512732000.0,2876194000.0,0.687,6.402,-63454000.0,545761000.0,545761000.0,464047000.0,681813000.0,0.827,4.24,952308000.0,0.0,952308000.0,952308000.0,1795791000.0,189472000.0,0.0,0.013,1.4,555474000.0,744946000.0,0.247,744946000.0,555474000.0,509500000.0,5.21,5.03,5.21,837656000.0,653366750.0,837656000.0,14911282478.0,27.0,20.017,719616000.0,5.499,1.0,2546517000.0,0.846,1906886000.0,45974000.0,1060000000.0,909770250.0,15898000.0,59695000.0,43055000.0,16640000.0,3551270000.0,1828587000.0,1722683000.0,14441380478.0,-73005000.0,0.0,-453853000.0,-1164497000.0,-182947000.0,-1890510000.0,1035749000.0,1101052000.0,783070000.0,-1314000.0,681813000.0,681813000.0,681813000.0,0.0,0.0,0.226,2010399000.0,536118000.0,84538000.0,0.269,17.24,21.181,21.286,438048000.0,0.0,110.9,4.797,4.82,720359000.0,4660145000.0,3010564000.0,3010564000.0,518877000.0,0.156,1.044,0.611,0.185,278892000.0,1453385000.0,1.0,130219842.0,130853000,135495000.0,23.007,2482040000.0,361814000.0,-172313000.0,319427000.0,18.968,-315855000.0
2,CTXS,MRY,2018-12-31,2018-12-31,2018-12-31,2021-08-25,-8154000.0,5136049000.0,5269028750.0,2086901000.0,3049148000.0,0.564,4.054,-69354000.0,618766000.0,618766000.0,433803000.0,575667000.0,0.717,8.313,1897270000.0,1155445000.0,741825000.0,1897270000.0,1834572000.0,141896000.0,0.0,0.003,0.35,709617000.0,851513000.0,0.286,851513000.0,709617000.0,629455000.0,4.23,3.94,4.23,551519000.0,616073250.0,551519000.0,14760031696.0,21.0,17.334,965991000.0,7.101,1.0,2540100000.0,0.854,1969857000.0,80162000.0,1533556000.0,1940719750.0,21905000.0,1157934000.0,583615000.0,574319000.0,4584530000.0,2911140000.0,1673390000.0,13807692696.0,-496364000.0,-248929000.0,-1260989000.0,-278660000.0,-46799000.0,-1658041000.0,132180000.0,456875000.0,1035345000.0,-5848000.0,575667000.0,575667000.0,575667000.0,0.0,0.0,0.194,1862140000.0,677960000.0,75551000.0,0.083,25.036,23.986,24.222,243396000.0,0.0,102.46,4.643,4.687,688420000.0,4169019000.0,2973903000.0,2973903000.0,439984000.0,0.109,0.934,0.366,0.239,203619000.0,1389577000.0,1.0,134761787.0,136030000,145934000.0,21.862,3166192000.0,136998000.0,53788000.0,330036000.0,23.276,-824239000.0
3,CTXS,MRY,2017-12-31,2017-12-31,2017-12-31,2021-08-25,-10806000.0,5820176000.0,5527761750.0,2621423000.0,3198753000.0,0.511,6.582,-80901000.0,1115130000.0,1115130000.0,439646000.0,-20719000.0,1.554,4.864,2127474000.0,0.0,2127474000.0,2127474000.0,1864243000.0,170015000.0,0.0,0.0,0.0,559251000.0,729266000.0,0.258,729266000.0,559251000.0,507642000.0,-0.13,-0.13,-0.13,992461000.0,1650878750.0,992461000.0,13735223888.0,25.0,18.834,827375000.0,5.487,1.0,2385040000.0,0.844,1756446000.0,51609000.0,3388995000.0,2793860250.0,13912000.0,1616844000.0,632516000.0,984328000.0,4827715000.0,1687079000.0,3140636000.0,13259419888.0,158174000.0,-60449000.0,-1322843000.0,737039000.0,0.0,-694367000.0,-63921000.0,86376000.0,908276000.0,8186000.0,-20719000.0,-20719000.0,-20719000.0,42704000.0,0.0,-0.007,1814043000.0,570997000.0,66893000.0,0.0,13.36,-639.964,-676.923,252932000.0,0.0,88.0,4.694,4.697,712535000.0,3509484000.0,2824686000.0,2824686000.0,415801000.0,-0.004,-0.013,0.2,0.198,165120000.0,1308677000.0,1.0,150675226.0,150779000,155503000.0,18.734,4063730000.0,152362000.0,528361000.0,369490000.0,26.952,934344000.0
4,CTXS,MRY,2016-12-31,2016-12-31,2016-12-31,2021-08-25,-28704000.0,6390227000.0,5886408250.0,2561277000.0,3828950000.0,0.465,16.816,-85035000.0,836095000.0,836095000.0,404889000.0,536112000.0,0.827,1.45,1348156000.0,1348156000.0,0.0,1348156000.0,1684364000.0,178448000.0,0.0,0.0,0.0,638976000.0,817424000.0,0.299,817424000.0,638976000.0,594027000.0,3.46,3.41,3.46,2608727000.0,2317647000.0,2608727000.0,13959423532.0,22.0,17.077,1030795000.0,6.645,1.0,2331191000.0,0.852,1759574000.0,44949000.0,2044365000.0,1954999000.0,12522000.0,1707065000.0,726923000.0,980142000.0,3781500000.0,3098349000.0,683151000.0,13929324532.0,588438000.0,-13242000.0,12558000.0,0.0,0.0,-38031000.0,-484204000.0,-311631000.0,1115830000.0,-5157000.0,536112000.0,536112000.0,536112000.0,-66257000.0,0.0,0.196,1771027000.0,560164000.0,72724000.0,0.0,5.34,25.982,25.812,261954000.0,0.0,89.31,5.091,5.064,681206000.0,4010737000.0,2736080000.0,2736080000.0,395373000.0,0.091,0.231,0.327,0.234,136690000.0,1293177000.0,1.0,155966012.0,155134000,157084000.0,17.637,4630653000.0,233900000.0,57915000.0,39771000.0,29.849,-537072000.0
5,CTXS,MRY,2015-12-31,2015-12-31,2015-12-31,2021-08-25,-28527000.0,5467517000.0,5457402750.0,1683951000.0,3783566000.0,0.485,12.421,-97566000.0,368518000.0,368518000.0,474040000.0,319361000.0,1.002,1.771,1311071000.0,0.0,1311071000.0,1311071000.0,1664068000.0,326957000.0,0.0,0.0,0.0,312965000.0,639922000.0,0.242,639922000.0,312965000.0,268812000.0,2.01,1.99,2.01,1973446000.0,2095826000.0,1973446000.0,12426117416.0,40.0,19.418,936982000.0,5.898,1.0,2172114000.0,0.821,2246140000.0,44153000.0,2482961000.0,2464110000.0,10521000.0,1394816000.0,502852000.0,891964000.0,3494071000.0,1680969000.0,1813102000.0,11636819416.0,108369000.0,-95331000.0,-643419000.0,-3175000.0,0.0,-691451000.0,-224415000.0,199661000.0,1034548000.0,-10313000.0,319361000.0,319361000.0,319361000.0,-104228000.0,0.0,0.121,1969322000.0,202792000.0,95396000.0,0.0,5.897,36.438,37.637,373817000.0,0.0,75.65,4.398,4.542,669276000.0,3474625000.0,2646154000.0,2646154000.0,480957000.0,0.059,0.152,0.127,0.118,122389000.0,1292226000.0,1.0,153824447.0,158874000,160362000.0,16.656,3221377000.0,215196000.0,-50549000.0,18351000.0,20.276,2982000.0
6,CTXS,MRY,2014-12-31,2014-12-31,2014-12-31,2021-08-25,-36790000.0,5512007000.0,5315543250.0,1688324000.0,3823683000.0,0.591,12.795,-165417000.0,260149000.0,260149000.0,620219000.0,251723000.0,1.062,1.536,1292953000.0,0.0,1292953000.0,1292953000.0,1557864000.0,330270000.0,0.0,0.0,0.0,304038000.0,634308000.0,0.202,634308000.0,304038000.0,275706000.0,1.48,1.47,1.48,2173645000.0,2446974250.0,2173645000.0,11312237191.0,37.0,17.834,680564000.0,4.006,1.0,2522637000.0,0.803,2187568000.0,28332000.0,2767134000.0,2291865000.0,12617000.0,1602370000.0,529260000.0,1073110000.0,3338362000.0,1590109000.0,1748253000.0,10269932191.0,-20591000.0,-101059000.0,-1492492000.0,1411652000.0,0.0,-292668000.0,-569457000.0,-289305000.0,845981000.0,-4447000.0,251723000.0,251723000.0,251723000.0,0.0,0.0,0.08,2220326000.0,302311000.0,79884000.0,0.0,4.725,40.799,43.108,367779000.0,0.0,63.8,3.268,3.449,674401000.0,3155264000.0,3142856000.0,3142856000.0,553817000.0,0.047,0.103,0.133,0.097,163155000.0,1600187000.0,1.0,160970724.0,169879000,171270000.0,18.501,3324439000.0,174090000.0,23983000.0,12053000.0,19.569,98215000.0
7,CTXS,MRY,2013-12-31,2013-12-31,2013-12-31,2021-08-25,4951000.0,5212249000.0,5045147000.0,1563095000.0,3649154000.0,0.578,17.784,-162889000.0,280740000.0,280740000.0,502795000.0,339523000.0,1.068,0.57,0.0,0.0,0.0,0.0,1411740000.0,267500000.0,0.0,0.0,0.0,388018000.0,655518000.0,0.225,655518000.0,388018000.0,387890000.0,1.82,1.8,1.82,3319807000.0,3297735750.0,3319807000.0,11543142373.0,30.0,17.609,765454000.0,4.101,1.0,2415639000.0,0.828,2278544000.0,128000.0,1188904000.0,1106486000.0,14107000.0,1309676000.0,453976000.0,855700000.0,1892442000.0,1464061000.0,428381000.0,11789615373.0,-362869000.0,-334881000.0,-332671000.0,-2061000.0,0.0,-352281000.0,-938150000.0,-428227000.0,928343000.0,-781000.0,339523000.0,339523000.0,339523000.0,0.0,0.0,0.116,2034922000.0,380717000.0,78452000.0,0.0,3.551,34.724,34.753,338996000.0,0.0,63.25,4.04,4.046,654821000.0,2903541000.0,2918434000.0,2918434000.0,516338000.0,0.067,0.103,0.351,0.133,171389000.0,1476916000.0,1.0,186397081.0,186672000,188245000.0,15.634,2933705000.0,163888000.0,48367000.0,29322000.0,15.716,99034000.0
8,CTXS,MRY,2012-12-31,2012-12-31,2012-12-31,2021-08-25,-7705000.0,4796402000.0,4441422250.0,1713735000.0,3082667000.0,0.582,16.719,-122958000.0,643609000.0,643609000.0,404137000.0,352547000.0,1.276,0.536,0.0,0.0,0.0,0.0,1197995000.0,214873000.0,0.0,0.0,0.0,410541000.0,625414000.0,0.242,625414000.0,410541000.0,410229000.0,1.89,1.86,1.89,3121777000.0,2966332500.0,3121777000.0,11928165699.0,29.0,19.072,695569000.0,3.725,1.0,2181986000.0,0.844,2074424000.0,312000.0,735496000.0,807763750.0,10723000.0,880335000.0,285022000.0,595313000.0,1674625000.0,1342873000.0,331752000.0,12252292699.0,310313000.0,-487221000.0,-142602000.0,-24346000.0,0.0,-149782000.0,-357940000.0,276549000.0,818527000.0,-492000.0,352547000.0,352547000.0,352547000.0,0.0,0.0,0.136,1791208000.0,390778000.0,71116000.0,0.0,3.925,34.754,34.72,303294000.0,0.0,65.62,4.738,4.738,630956000.0,2564018000.0,2586123000.0,2586123000.0,450571000.0,0.079,0.119,0.508,0.159,114566000.0,1306088000.0,1.0,186715829.0,186722000,189129000.0,13.85,2721978000.0,79943000.0,57682000.0,49346000.0,14.578,370862000.0
9,CTXS,MRY,2011-12-31,2011-12-31,2011-12-31,2021-08-25,-11561000.0,4099541000.0,3901164750.0,1373030000.0,2726511000.0,0.566,14.577,-111932000.0,333296000.0,333296000.0,293599000.0,355630000.0,1.164,0.501,0.0,0.0,0.0,0.0,959883000.0,159255000.0,0.0,0.0,0.0,431189000.0,590444000.0,0.268,590444000.0,431189000.0,431189000.0,1.9,1.87,1.9,2730490000.0,2666359250.0,2730490000.0,11012014655.0,26.0,18.65,567190000.0,3.028,1.0,1912793000.0,0.867,1582492000.0,0.0,1004623000.0,1069677000.0,8507000.0,1144305000.0,406461000.0,737844000.0,1369051000.0,1179130000.0,189921000.0,11324144655.0,-62866000.0,-455377000.0,-299243000.0,-11561000.0,0.0,-292614000.0,-451181000.0,131565000.0,679122000.0,1807000.0,356322000.0,356322000.0,356322000.0,0.0,-692000.0,0.161,1495827000.0,416966000.0,58034000.0,0.0,4.147,31.781,31.958,277429000.0,0.0,60.72,5.132,5.155,484431000.0,2211471000.0,2206392000.0,2206392000.0,380674000.0,0.091,0.134,0.403,0.195,91253000.0,1098739000.0,1.0,186497771.0,187315000,190641000.0,11.779,2517049000.0,112395000.0,74867000.0,87618000.0,13.438,193900000.0
10,CTXS,MRY,2010-12-31,2010-12-31,2010-12-31,2021-08-25,2023000.0,3703600000.0,3439409250.0,1470479000.0,2233121000.0,0.545,13.729,-75376000.0,1685659000.0,1685659000.0,232266000.0,276441000.0,1.442,0.448,0.0,0.0,0.0,0.0,778970000.0,138158000.0,0.0,0.0,0.0,334444000.0,472602000.0,0.252,472602000.0,334444000.0,334444000.0,1.49,1.46,1.49,2552991000.0,2425142250.0,2552991000.0,12446661919.0,37.0,26.336,540916000.0,2.909,1.0,1642396000.0,0.876,1099244000.0,0.0,-101315000.0,742851000.0,6980000.0,1289497000.0,497643000.0,791854000.0,1143012000.0,1020012000.0,123000000.0,12845649919.0,134719000.0,-20510000.0,-80182000.0,0.0,0.0,-26316000.0,-457042000.0,-344441000.0,616292000.0,1785000.0,277065000.0,277065000.0,277065000.0,0.0,-624000.0,0.148,1321680000.0,320716000.0,65842000.0,0.0,5.032,46.363,45.913,250482000.0,0.0,68.41,6.852,6.786,378395000.0,1855149000.0,1874662000.0,1874662000.0,361376000.0,0.081,0.114,0.45,0.178,95138000.0,945054000.0,1.0,187774447.0,185959000,190335000.0,10.081,2604356000.0,130041000.0,57379000.0,0.0,14.005,450467000.0
11,CTXS,MRY,2009-12-31,2009-12-31,2009-12-31,2021-08-25,-2060000.0,3091147000.0,2883353250.0,1039295000.0,2051852000.0,0.56,12.038,-76246000.0,261443000.0,261443000.0,187310000.0,191017000.0,1.246,0.412,0.0,0.0,0.0,0.0,618850000.0,138577000.0,0.0,0.0,0.0,193892000.0,332469000.0,0.206,332469000.0,193892000.0,193892000.0,1.05,1.03,1.05,2188507000.0,2078184000.0,2188507000.0,7313420521.0,38.0,21.997,407728000.0,2.243,1.0,1426778000.0,0.884,1113014000.0,0.0,882326000.0,716530000.0,8664000.0,945814000.0,338168000.0,607646000.0,902640000.0,834364000.0,68276000.0,7613788521.0,-64678000.0,-3338000.0,-48946000.0,0.0,0.0,-45537000.0,-502865000.0,-419991000.0,483974000.0,-250000.0,191017000.0,191017000.0,191017000.0,0.0,0.0,0.118,1248101000.0,178677000.0,57352000.0,0.0,3.479,39.859,39.629,247703000.0,0.0,41.61,4.717,4.687,304912000.0,1578084000.0,1614088000.0,1614088000.0,281980000.0,0.066,0.092,0.271,0.12,98324000.0,918676000.0,1.0,182979777.0,181805000,184985000.0,8.878,1978133000.0,92533000.0,2875000.0,0.0,10.881,204931000.0
12,CTXS,MRY,2008-12-31,2008-12-31,2008-12-31,2021-08-25,-15852000.0,2694306000.0,2593650000.0,940140000.0,1754166000.0,0.61,10.479,-181046000.0,326121000.0,326121000.0,175132000.0,178276000.0,1.286,0.405,0.0,0.0,0.0,0.0,533475000.0,123706000.0,0.0,0.0,0.0,197367000.0,321073000.0,0.203,321073000.0,197367000.0,196923000.0,0.97,0.96,0.97,1917865000.0,1865241500.0,1917865000.0,4000621037.0,20.0,12.46,281061000.0,1.536,1.0,1408222000.0,0.889,1174726000.0,444000.0,462542000.0,466317500.0,11226000.0,524760000.0,249175000.0,275585000.0,776441000.0,730917000.0,45524000.0,4281529037.0,102372000.0,-28023000.0,-212086000.0,-407000.0,0.0,-206934000.0,-158622000.0,90865000.0,462107000.0,5821000.0,178276000.0,178276000.0,178276000.0,0.0,0.0,0.113,1238221000.0,170001000.0,46672000.0,0.0,2.232,24.016,24.299,254334000.0,0.0,23.57,2.704,2.725,231296000.0,1387067000.0,1583354000.0,1583354000.0,288109000.0,0.069,0.096,0.423,0.125,119196000.0,926248000.0,1.0,181651635.0,183023000,186682000.0,8.651,1519580000.0,50728000.0,18647000.0,0.0,8.303,209223000.0
13,CTXS,MRY,2007-12-31,2007-12-31,2007-12-31,2021-08-25,5751000.0,2534693000.0,2329467750.0,934345000.0,1600348000.0,0.598,10.128,-85919000.0,287484000.0,287484000.0,137607000.0,214483000.0,1.428,0.379,0.0,0.0,0.0,0.0,442686000.0,85197000.0,0.0,0.0,0.0,251645000.0,336842000.0,0.242,336842000.0,251645000.0,250908000.0,1.18,1.14,1.18,1838325000.0,1671917250.0,1838325000.0,6783524851.0,27.0,20.139,336356000.0,1.853,1.0,1254335000.0,0.901,1164831000.0,737000.0,428104000.0,354113000.0,9629000.0,574761000.0,356085000.0,218676000.0,696368000.0,654274000.0,42094000.0,7210690851.0,-125305000.0,-148055000.0,-141575000.0,-8000000.0,0.0,-131822000.0,-417601000.0,-180377000.0,422275000.0,1843000.0,214483000.0,214483000.0,214483000.0,0.0,0.0,0.154,1051928000.0,202407000.0,55586000.0,0.0,3.922,33.619,32.212,134907000.0,0.0,38.01,5.18,4.956,225861000.0,1208791000.0,1391942000.0,1391942000.0,205103000.0,0.092,0.128,0.711,0.181,63267000.0,819638000.0,1.0,189705100.0,181501000,187380000.0,7.669,1369862000.0,43026000.0,36425000.0,0.0,7.547,280071000.0
14,CTXS,MRY,2006-12-31,2006-12-31,2006-12-31,2021-08-25,4180000.0,2024473000.0,1937528000.0,811737000.0,1212736000.0,0.585,8.09,-52051000.0,412869000.0,412869000.0,98698000.0,182997000.0,1.516,0.383,0.0,0.0,0.0,0.0,356288000.0,63583000.0,0.0,0.0,0.0,244008000.0,307591000.0,0.271,307591000.0,244008000.0,243081000.0,1.01,0.97,1.01,1464289000.0,1446584750.0,1464289000.0,4604503172.0,19.0,14.97,275272000.0,1.521,1.0,1035621000.0,0.913,762152000.0,927000.0,313909000.0,327207000.0,6619000.0,394327000.0,152652000.0,241675000.0,560184000.0,535543000.0,24641000.0,4884828172.0,-134981000.0,-61462000.0,-43505000.0,-34850000.0,0.0,-26440000.0,-437257000.0,-323744000.0,327323000.0,1393000.0,182997000.0,182997000.0,182997000.0,0.0,0.0,0.161,832277000.0,203344000.0,45217000.0,0.0,3.336,26.693,26.782,92580000.0,0.0,27.05,4.306,4.316,204974000.0,1006706000.0,1134319000.0,1134319000.0,155331000.0,0.094,0.127,0.746,0.215,50281000.0,659012000.0,1.0,180585145.0,180992000,187725000.0,6.267,1262321000.0,94386000.0,60084000.0,11892000.0,6.974,276194000.0
15,CTXS,MRY,2005-12-31,2005-12-31,2005-12-31,2021-08-25,-4463000.0,1698982000.0,1496469750.0,727409000.0,971573000.0,0.607,7.052,-26377000.0,547763000.0,547763000.0,58099000.0,165609000.0,1.682,0.399,31000000.0,0.0,31000000.0,31000000.0,286026000.0,50358000.0,0.0,0.0,0.0,226780000.0,277138000.0,0.305,277138000.0,226780000.0,224354000.0,0.96,0.93,0.96,1214528000.0,1065130000.0,1214528000.0,4569529891.0,20.0,16.488,266766000.0,1.549,1.0,850623000.0,0.936,729327000.0,2426000.0,20538000.0,120006250.0,3933000.0,70186000.0,18900000.0,51286000.0,484454000.0,432354000.0,52100000.0,5066502891.0,410550000.0,-168347000.0,-72758000.0,31000000.0,0.0,-42856000.0,160263000.0,354987000.0,293143000.0,0.0,165609000.0,165609000.0,165609000.0,0.0,0.0,0.182,646951000.0,203672000.0,33495000.0,0.0,4.172,30.593,29.927,73727000.0,0.0,28.73,5.575,5.445,142015000.0,823709000.0,908722000.0,908722000.0,108751000.0,0.111,0.155,1.89,0.25,42448000.0,519578000.0,1.0,176348865.0,172221000,177771000.0,5.276,969655000.0,92894000.0,58745000.0,1329000.0,5.63,295055000.0
16,CTXS,MRY,2004-12-31,2004-12-31,2004-12-31,2021-08-25,7489000.0,1286084000.0,1192391500.0,426580000.0,859504000.0,0.622,5.477,-24412000.0,222536000.0,222536000.0,26656000.0,131287000.0,1.247,0.391,0.0,0.0,0.0,0.0,225143000.0,33578000.0,0.0,0.0,0.0,168873000.0,202451000.0,0.273,202451000.0,168873000.0,164336000.0,0.78,0.75,0.78,924905000.0,869361500.0,924905000.0,3945724857.0,23.0,19.49,240869000.0,1.426,1.0,714501000.0,0.964,448624000.0,4537000.0,272765000.0,240815750.0,783000.0,343630000.0,159656000.0,183974000.0,361179000.0,342159000.0,19020000.0,4143379857.0,-109484000.0,-140788000.0,-58440000.0,-355659000.0,0.0,-414099000.0,39334000.0,221318000.0,265281000.0,0.0,131287000.0,131287000.0,131287000.0,0.0,0.0,0.177,555534000.0,158967000.0,17554000.0,0.0,4.48,31.56,31.359,69281000.0,0.0,24.46,5.59,5.573,108399000.0,778286000.0,741157000.0,741157000.0,86654000.0,0.11,0.151,0.701,0.228,22694000.0,443576000.0,1.0,169394107.0,168868000,174374000.0,4.389,837460000.0,43881000.0,33049000.0,2198000.0,4.959,84421000.0
17,CTXS,MRY,2003-12-31,2003-12-31,2003-12-31,2021-08-25,7810000.0,1344939000.0,1243235500.0,765571000.0,579368000.0,0.473,4.275,-11063000.0,329429000.0,329429000.0,31072000.0,126943000.0,1.237,0.903,351423000.0,351423000.0,0.0,351423000.0,165075000.0,34336000.0,0.0,0.0,0.0,178967000.0,213303000.0,0.362,213303000.0,178967000.0,160687000.0,0.77,0.74,0.77,706798000.0,654716750.0,706798000.0,3555180148.0,20.0,16.667,244368000.0,1.478,1.0,557553000.0,0.947,173664000.0,18280000.0,574452000.0,587087250.0,0.0,568842000.0,385431000.0,183411000.0,638141000.0,618817000.0,19324000.0,3472773148.0,100619000.0,0.0,-66131000.0,0.0,0.0,-65488000.0,-89324000.0,-76903000.0,255431000.0,0.0,126943000.0,126943000.0,126943000.0,0.0,0.0,0.216,403164000.0,154389000.0,114456000.0,0.0,4.913,27.357,27.481,65837000.0,0.0,21.16,5.9,5.943,87464000.0,646740000.0,588625000.0,588625000.0,64443000.0,0.102,0.194,0.305,0.304,10289000.0,338421000.0,1.0,164119714.0,165323000,171447000.0,3.56,1171275000.0,54708000.0,33744000.0,0.0,7.085,146754000.0
18,CTXS,MRY,2002-12-31,2002-12-31,2002-12-31,2021-08-25,3833000.0,1161531000.0,1162336500.0,333516000.0,828015000.0,0.454,3.464,-19104000.0,254456000.0,254456000.0,29841000.0,93920000.0,1.828,0.89,333549000.0,0.0,333549000.0,333549000.0,103991000.0,41438000.0,0.0,0.0,0.0,131320000.0,172758000.0,0.328,172758000.0,131320000.0,113157000.0,0.53,0.52,0.53,614590000.0,631152000.0,614590000.0,2318749224.0,18.0,13.422,167999000.0,0.947,1.0,497607000.0,0.943,183213000.0,18163000.0,874974000.0,1004618750.0,0.0,464948000.0,95780000.0,369168000.0,546941000.0,182437000.0,364504000.0,2106962224.0,-11343000.0,-10680000.0,-159701000.0,-27773000.0,0.0,-184186000.0,-14260000.0,18524000.0,187103000.0,0.0,93920000.0,93920000.0,93920000.0,0.0,0.0,0.178,393747000.0,103860000.0,86474000.0,0.0,3.428,22.434,23.245,76534000.0,0.0,12.32,3.995,4.144,69471000.0,519797000.0,527448000.0,527448000.0,68923000.0,0.081,0.149,0.131,0.249,25735000.0,324339000.0,1.0,171019661.0,177428000,179359000.0,2.973,978318000.0,55102000.0,19237000.0,0.0,5.514,151079000.0
19,CTXS,MRY,2001-12-31,2001-12-31,2001-12-31,2021-08-25,-84000.0,1208230000.0,1191371500.0,346055000.0,862175000.0,0.497,3.49,-60557000.0,139693000.0,139693000.0,41451000.0,105260000.0,1.798,0.866,346214000.0,0.0,346214000.0,346214000.0,86204000.0,79588000.0,0.0,0.0,0.0,173104000.0,252692000.0,0.427,252692000.0,173104000.0,152551000.0,0.57,0.54,0.57,647330000.0,649697750.0,647330000.0,4435029759.0,26.0,17.551,169286000.0,0.913,1.0,550178000.0,0.93,188977000.0,20553000.0,1033273000.0,979544250.0,3568000.0,606972000.0,77078000.0,529894000.0,560900000.0,192501000.0,368399000.0,4253684759.0,-225232000.0,-183754000.0,-92872000.0,-2141000.0,0.0,-83007000.0,-372068000.0,-127757000.0,229843000.0,0.0,105260000.0,105260000.0,105260000.0,0.0,0.0,0.178,416827000.0,133351000.0,111928000.0,0.0,6.571,40.411,39.754,90110000.0,0.0,22.66,7.19,7.103,65032000.0,425877000.0,591629000.0,591629000.0,67699000.0,0.088,0.162,0.177,0.293,28011000.0,309320000.0,1.0,187717774.0,185460000,194498000.0,3.19,1019253000.0,64311000.0,47291000.0,0.0,5.496,153554000.0
20,CTXS,MRY,2000-12-31,2000-12-31,2000-12-31,2021-08-25,-2943000.0,1112573000.0,1164827250.0,586731000.0,525842000.0,0.404,3.208,-43532000.0,375025000.0,375025000.0,29054000.0,94512000.0,3.681,0.877,330497000.0,0.0,330497000.0,330497000.0,94730000.0,50248000.0,0.0,0.0,0.0,152116000.0,202364000.0,0.43,202364000.0,152116000.0,135017000.0,0.51,0.47,0.51,592875000.0,651776500.0,592875000.0,4172419860.0,27.0,20.618,199705000.0,1.081,1.0,441392000.0,0.938,52339000.0,17099000.0,856319000.0,934448750.0,4622000.0,474136000.0,91612000.0,382524000.0,519698000.0,159387000.0,360311000.0,4168606860.0,158909000.0,-30102000.0,-87362000.0,0.0,0.0,-82552000.0,-1776000.0,73191000.0,243237000.0,0.0,94512000.0,94512000.0,94512000.0,0.0,0.0,0.201,329167000.0,112225000.0,78739000.0,0.0,7.031,44.107,44.118,55559000.0,0.0,22.5,8.861,8.839,37299000.0,320617000.0,470446000.0,470446000.0,50622000.0,0.081,0.145,0.163,0.323,63923000.0,239069000.0,1.0,185271416.0,184804000,199731000.0,2.546,1060234000.0,85657000.0,40505000.0,0.0,5.737,427344000.0
21,CTXS,MRY,1999-12-31,1999-12-31,1999-12-31,2021-08-25,-2537000.0,1037857000.0,903648500.0,570244000.0,467613000.0,0.446,3.024,-26313000.0,216116000.0,216116000.0,14579000.0,116944000.0,4.163,0.947,313880000.0,0.0,313880000.0,313880000.0,121717000.0,27563000.0,0.0,0.0,0.0,195257000.0,222820000.0,0.553,222820000.0,195257000.0,182725000.0,0.66,0.61,0.66,533070000.0,425947750.0,533070000.0,11151986399.0,57.0,50.049,157708000.0,0.895,1.0,388706000.0,0.964,63396000.0,12532000.0,935230000.0,774353250.0,7731000.0,547733000.0,221978000.0,325755000.0,504787000.0,136995000.0,367792000.0,11022105399.0,88570000.0,-32673000.0,362286000.0,0.0,0.0,362094000.0,-457545000.0,-396226000.0,184021000.0,0.0,116944000.0,116944000.0,116944000.0,0.0,0.0,0.29,217202000.0,171504000.0,69190000.0,0.0,20.677,94.251,93.182,31530000.0,0.0,61.5,27.331,26.879,55327000.0,226105000.0,403285000.0,403285000.0,37363000.0,0.129,0.275,0.252,0.484,50843000.0,159059000.0,1.0,179221226.0,176260000,192566000.0,2.288,974461000.0,87135000.0,65781000.0,0.0,5.529,433249000.0
22,CTXS,MRY,1998-12-31,1998-12-31,1998-12-31,2021-08-25,0.0,431380000.0,370220331.0,244016000.0,187364000.0,0.672,1.766,-11670000.0,127546000.0,127546000.0,16682000.0,61102000.0,2.867,0.45,0.0,0.0,0.0,0.0,98747000.0,15173000.0,0.0,0.0,0.0,95547000.0,110720000.0,0.445,110720000.0,95547000.0,95472000.0,0.36,0.33,0.36,297454000.0,249596992.0,297454000.0,4006184351.0,42.0,36.183,107648000.0,0.639,1.0,231954000.0,0.933,46799000.0,75000.0,171919000.0,119476560.0,4071000.0,154042000.0,56934000.0,97108000.0,133926000.0,85116000.0,48810000.0,4139113800.0,-12535000.0,-63549000.0,15329000.0,0.0,0.0,15298000.0,-147151000.0,-64932000.0,119318000.0,0.0,61102000.0,61102000.0,61102000.0,0.0,0.0,0.246,146450000.0,85504000.0,29735000.0,0.0,13.915,67.741,67.403,14183000.0,0.0,24.265,16.647,16.442,32798000.0,109161000.0,248636000.0,248636000.0,22858000.0,0.165,0.245,0.8,0.384,24174000.0,94986000.0,1.0,170579592.0,168473000,182594000.0,1.476,384581000.0,42068000.0,34370000.0,2553000.0,2.283,158900000.0
23,CTXS,MRY,1997-12-31,1997-12-31,1997-12-31,2021-08-25,0.0,282668000.0,216123768.0,258361000.0,24307000.0,0.573,1.204,-6104000.0,140081000.0,140081000.0,12304000.0,41358000.0,7.289,0.436,8396.0,8396.0,0.0,8396.0,68522000.0,1712000.0,0.0,0.0,0.0,64631000.0,66343000.0,0.535,66343000.0,64631000.0,64622000.0,0.25,0.24,0.25,196848000.0,169349492.0,196848000.0,,,,91581000.0,0.56,1.0,111629000.0,0.901,865000.0,9000.0,106285396.0,74550100.0,2273000.0,89111000.0,89111000.0,0.0,85820000.0,35445000.0,50375000.0,2113971565.0,40946000.0,-2611000.0,2964000.0,0.0,0.0,2880000.0,-59619000.0,-50904000.0,97685000.0,0.0,41358000.0,41358000.0,41358000.0,0.0,0.0,0.334,56901000.0,54728000.0,14018000.0,0.0,10.739,51.114,50.667,6678000.0,0.0,12.667,17.057,16.705,12631000.0,48059000.0,123933000.0,123933000.0,6948000.0,0.191,0.244,0.867,0.521,10675000.0,46003000.0,1.0,166892492.0,163444000,174524000.0,0.758,281803000.0,27531000.0,23264000.0,236000.0,1.724,222916000.0
24,CTXS,MRY,1996-12-31,1996-12-31,1996-12-31,2021-08-25,0.0,149579536.0,,147497977.0,2081559.0,,0.939,-2155000.0,99135049.0,99135049.0,5099000.0,18701000.0,19.105,0.054,90651.0,82434.0,8217.0,90651.0,2074670.0,376000.0,0.0,0.0,0.0,22263000.0,22639000.0,0.508,22639000.0,22263000.0,22263000.0,0.125,0.115,0.125,141850984.0,,141850984.0,,,,20053000.0,0.133,1.0,39428000.0,0.885,0.0,0.0,42814803.0,,696336.0,38206495.0,38206495.0,0.0,7728552.0,7720335.0,8217.0,,55664000.0,0.0,73860000.0,-143000.0,0.0,73717000.0,-40261000.0,-38106000.0,22208000.0,0.0,18701000.0,18701000.0,18701000.0,0.0,0.0,0.42,21710000.0,17718000.0,755908.0,0.0,,,52.08,2081559.0,0.0,6.51,,22.089,5525315.0,6700849.0,44527000.0,44527000.0,3843000.0,,,,0.5,6328000.0,17867000.0,1.0,,151084000,163620000.0,0.295,149579536.0,3168964.0,3562000.0,0.0,0.99,139777642.0
25,CTXS,MRY,1995-12-31,1995-12-31,1995-12-31,2021-08-25,,,,,,,,-62282.0,,,1955838.0,1895015.0,,,,,,,,185157.0,,0.0,0.0,1988115.0,2173272.0,0.149,2173272.0,1988115.0,1988115.0,0.018,0.0,0.018,,,,,,,2736528.0,0.025,1.0,12612084.0,0.866,,0.0,,,,,,,,,,,41558710.0,0.0,38931825.0,-109643.0,0.0,38822182.0,-62282.0,0.0,2798810.0,0.0,1895015.0,1895015.0,1895015.0,0.0,0.0,0.13,10796884.0,1815200.0,,0.0,,,150.463,,0.0,2.708,,20.088,,,14567922.0,14567922.0,2343313.0,,,,0.136,0.0,8453571.0,1.0,,108054372,121478544.0,0.135,,,93100.0,,,
0,CTXS,MRQ,2021-06-30,2021-06-30,2021-06-30,2021-08-25,-6015000.0,6714453000.0,,1499618000.0,5214835000.0,,2.357,-20982000.0,501112000.0,501112000.0,161306000.0,62766000.0,0.717,21.928,3667070000.0,0.0,3667070000.0,3667070000.0,1891951000.0,88138000.0,0.0,0.012,0.37,91584000.0,179722000.0,0.221,179722000.0,91584000.0,68679000.0,0.51,0.5,0.51,292847000.0,,292847000.0,17752026367.0,38.0,26.597,122802000.0,0.989,1.0,650805000.0,0.801,4308671000.0,22905000.0,3479366000.0,,21699000.0,30878000.0,19900000.0,10978000.0,6421606000.0,2092374000.0,4329232000.0,14561069367.0,23369000.0,314000.0,20000.0,0.0,-45959000.0,-105354000.0,-15897000.0,1420000.0,143784000.0,836000.0,62766000.0,62766000.0,62766000.0,0.0,0.0,0.077,566128000.0,84677000.0,138267000.0,0.725,49.722,40.099,39.753,417656000.0,0.0,117.27,4.601,4.603,665519000.0,5041270000.0,812111000.0,812111000.0,146179000.0,,,,,81931000.0,400514000.0,1.0,124167045.0,124230000,126003000.0,6.537,2405782000.0,234375000.0,5913000.0,243437000.0,19.366,-592756000.0
1,CTXS,MRQ,2021-03-31,2021-03-31,2021-03-31,2021-08-25,-5385000.0,6613380000.0,,1370297000.0,5243083000.0,,2.031,-23894000.0,477743000.0,477743000.0,143469000.0,90048000.0,0.688,25.486,3668700000.0,0.0,3668700000.0,3668700000.0,1843520000.0,70206000.0,0.0,0.01,0.37,105550000.0,175756000.0,0.227,175756000.0,105550000.0,81190000.0,0.73,0.71,0.73,249692000.0,,249692000.0,18434682722.0,35.0,26.842,188962000.0,1.537,1.0,632297000.0,0.815,4345012000.0,24360000.0,3467880000.0,,21210000.0,32298000.0,20433000.0,11865000.0,6363688000.0,1991445000.0,4372243000.0,17259188722.0,-275152000.0,-2022618000.0,0.0,1549340000.0,-45522000.0,1456077000.0,-1941601000.0,106200000.0,212856000.0,-2484000.0,90048000.0,90048000.0,90048000.0,0.0,0.0,0.116,539964000.0,92333000.0,117901000.0,0.507,69.122,41.762,41.899,412209000.0,0.0,140.36,5.476,5.475,570534000.0,5026322000.0,775766000.0,775766000.0,144158000.0,,,,,86862000.0,388274000.0,1.0,122963727.0,122923000,126026000.0,6.311,2268368000.0,230858000.0,-8858000.0,267491000.0,18.454,-621148000.0
2,CTXS,MRQ,2020-12-31,2020-12-31,2020-12-31,2021-08-25,-3649000.0,4890347000.0,,1991106000.0,2899241000.0,,0.913,-10655000.0,752895000.0,752895000.0,133443000.0,112091000.0,0.925,42.608,1928389000.0,0.0,1928389000.0,1928389000.0,1902576000.0,-8873000.0,0.0,0.011,0.35,135509000.0,126636000.0,0.156,126636000.0,135509000.0,119148000.0,0.91,0.9,0.91,112143000.0,,112143000.0,17376814717.0,28.0,22.568,109381000.0,0.891,1.0,676213000.0,0.835,1879899000.0,16361000.0,2033515000.0,,20089000.0,138478000.0,124113000.0,14365000.0,4778204000.0,2152427000.0,2625777000.0,16018376717.0,184071000.0,0.0,-88580000.0,0.0,-42898000.0,-148282000.0,207491000.0,231051000.0,120036000.0,4826000.0,112091000.0,112091000.0,112091000.0,0.0,0.0,0.138,540928000.0,135285000.0,92266000.0,0.385,142.839,31.754,31.887,395940000.0,0.0,130.1,4.949,4.967,858009000.0,4984333000.0,809656000.0,809656000.0,132517000.0,,,,,78856000.0,407709000.0,1.0,123123572.0,122795000,125387000.0,6.594,3010448000.0,386504000.0,7057000.0,274846000.0,24.516,-161321000.0
3,CTXS,MRQ,2020-09-30,2020-09-30,2020-09-30,2021-08-25,-4327000.0,4608594000.0,,1738964000.0,2869630000.0,,0.558,-9705000.0,568824000.0,568824000.0,127286000.0,98227000.0,0.905,65.985,1927262000.0,0.0,1927262000.0,1927262000.0,1692304000.0,52690000.0,0.0,0.01,0.35,132637000.0,185327000.0,0.242,185327000.0,132637000.0,115998000.0,0.8,0.78,0.8,68800000.0,,68800000.0,18386744067.0,27.0,22.175,102652000.0,0.833,1.0,639884000.0,0.834,1885532000.0,16639000.0,2160673000.0,,15887000.0,369548000.0,355957000.0,13591000.0,4539794000.0,1920827000.0,2618967000.0,17011590067.0,13752000.0,0.0,0.0,0.0,-43046000.0,-46738000.0,-56145000.0,-44285000.0,112357000.0,4278000.0,98227000.0,98227000.0,98227000.0,0.0,0.0,0.128,511579000.0,128305000.0,101339000.0,0.438,247.261,28.378,28.992,399883000.0,0.0,137.71,5.256,5.244,564782000.0,4916940000.0,767170000.0,767170000.0,130628000.0,,,,,85169000.0,380250000.0,1.0,123531988.0,123255000,125863000.0,6.224,2723062000.0,395201000.0,17771000.0,333461000.0,22.093,-181863000.0
4,CTXS,MRQ,2020-06-30,2020-06-30,2020-06-30,2021-08-25,-6465000.0,4548114000.0,,1685977000.0,2862137000.0,,-0.758,-10575000.0,555072000.0,555072000.0,122240000.0,112906000.0,0.846,-49.593,1930226000.0,0.0,1930226000.0,1930226000.0,1787630000.0,52892000.0,0.0,0.009,0.35,146171000.0,199063000.0,0.249,199063000.0,146171000.0,129095000.0,0.91,0.9,0.91,-93596000.0,,-93596000.0,19667000754.0,30.0,23.68,408594000.0,3.308,1.0,676689000.0,0.847,1892176000.0,17076000.0,2038559000.0,,17767000.0,325246000.0,312598000.0,12648000.0,4641710000.0,1992533000.0,2649177000.0,18259584754.0,30191000.0,0.0,0.0,0.0,-43223000.0,-90132000.0,-299685000.0,-287405000.0,419169000.0,839000.0,112906000.0,112906000.0,112906000.0,0.0,0.0,0.141,533018000.0,143671000.0,122154000.0,0.385,-195.089,23.649,24.529,412440000.0,0.0,147.91,5.701,5.705,614150000.0,4863515000.0,798929000.0,798929000.0,140531000.0,,,,,85362000.0,391793000.0,1.0,123450644.0,123522000,125735000.0,6.468,2655938000.0,382406000.0,16189000.0,344292000.0,21.502,-306556000.0
5,CTXS,MRQ,2020-03-31,2020-03-31,2020-03-31,2021-08-25,-7810000.0,4331227000.0,,1461053000.0,2870174000.0,,-1.755,-10503000.0,524881000.0,524881000.0,115577000.0,181222000.0,0.78,-20.784,1932297000.0,0.0,1932297000.0,1932297000.0,1754803000.0,53701000.0,0.0,0.01,0.35,205250000.0,258951000.0,0.301,258951000.0,205250000.0,190639000.0,1.45,1.42,1.45,-218929000.0,,-218929000.0,17726345397.0,28.0,22.015,273744000.0,2.195,1.0,745368000.0,0.866,1899540000.0,14611000.0,1965054000.0,,17323000.0,38365000.0,25644000.0,12721000.0,4550156000.0,1874049000.0,2676107000.0,17319798397.0,-20880000.0,0.0,-1199903000.0,986953000.0,-42839000.0,-310036000.0,10034000.0,21335000.0,284247000.0,-5125000.0,181222000.0,181222000.0,181222000.0,0.0,0.0,0.21,543821000.0,201547000.0,105218000.0,0.241,-79.111,23.011,24.28,430072000.0,0.0,141.55,5.494,5.601,700026000.0,4794964000.0,860945000.0,860945000.0,134458000.0,,,,,58323000.0,406208000.0,1.0,122358166.0,124737000,127577000.0,6.902,2431687000.0,367074000.0,9417000.0,325380000.0,19.495,-412996000.0
6,CTXS,MRQ,2019-12-31,2019-12-31,2019-12-31,2021-08-25,-5127000.0,4388926000.0,,1512732000.0,2876194000.0,,6.426,-13001000.0,545761000.0,545761000.0,119177000.0,207113000.0,0.827,4.24,952308000.0,0.0,952308000.0,952308000.0,1795791000.0,1029000.0,0.0,0.013,0.35,184789000.0,185818000.0,0.229,185818000.0,184789000.0,175959000.0,1.59,1.55,1.59,837656000.0,,837656000.0,14911282478.0,27.0,20.017,193050000.0,1.481,1.0,690646000.0,0.853,1906886000.0,8830000.0,1060000000.0,,15898000.0,59695000.0,43055000.0,16640000.0,3551270000.0,1828587000.0,1722683000.0,14441380478.0,51927000.0,0.0,-99949000.0,0.0,-45723000.0,-160091000.0,3712000.0,17076000.0,206051000.0,2255000.0,207113000.0,207113000.0,207113000.0,0.0,0.0,0.256,505285000.0,185361000.0,84538000.0,0.22,17.24,21.181,21.286,438048000.0,0.0,110.9,4.797,4.82,720359000.0,4660145000.0,809823000.0,809823000.0,128165000.0,,,,,76369000.0,366676000.0,1.0,130219842.0,130352000,133089000.0,6.213,2482040000.0,361814000.0,-31154000.0,319427000.0,19.041,-315855000.0
7,CTXS,MRQ,2019-09-30,2019-09-30,2019-09-30,2021-08-25,-6482000.0,4031093000.0,,1194000000.0,2837093000.0,,5.472,-12392000.0,493834000.0,493834000.0,126918000.0,270857000.0,0.74,4.654,963736000.0,0.0,963736000.0,963736000.0,1615572000.0,69754000.0,0.0,0.015,0.35,116936000.0,186690000.0,0.255,186690000.0,116936000.0,108114000.0,2.08,2.04,2.08,712911000.0,,712911000.0,13072517947.0,23.0,17.514,134714000.0,1.034,1.0,605983000.0,0.827,1917463000.0,8822000.0,969847000.0,,18518000.0,76746000.0,55372000.0,21374000.0,3318182000.0,1613685000.0,1704497000.0,12634671947.0,-10886000.0,0.0,-103904000.0,0.0,-45373000.0,-153519000.0,-664000.0,12221000.0,147106000.0,-3809000.0,270857000.0,270857000.0,270857000.0,0.0,0.0,0.37,495152000.0,110831000.0,72659000.0,0.168,17.723,19.729,19.86,455413000.0,0.0,96.52,4.208,4.188,426842000.0,4500876000.0,732901000.0,732901000.0,126420000.0,,,,,68969000.0,354916000.0,1.0,130902113.0,130277000,132655000.0,5.626,2113630000.0,301062000.0,-162743000.0,305006000.0,16.224,-419685000.0
8,CTXS,MRQ,2019-06-30,2019-06-30,2019-06-30,2021-08-25,-4610000.0,3935196000.0,,1271714000.0,2663482000.0,,3.869,-20784000.0,504720000.0,504720000.0,110479000.0,93495000.0,0.756,6.746,942566000.0,0.0,942566000.0,942566000.0,1744714000.0,56217000.0,0.0,0.011,0.35,117532000.0,173749000.0,0.232,173749000.0,117532000.0,107243000.0,0.71,0.7,0.71,508022000.0,,508022000.0,13416510792.0,21.0,16.889,141563000.0,1.078,1.0,638218000.0,0.852,1945323000.0,10289000.0,746193000.0,,22888000.0,88909000.0,58425000.0,30484000.0,3427174000.0,1681526000.0,1745648000.0,12920310792.0,-1107959000.0,0.0,-156195000.0,-1164497000.0,-45827000.0,-1419409000.0,149808000.0,171570000.0,162347000.0,-705000.0,93495000.0,93495000.0,93495000.0,0.0,0.0,0.125,521136000.0,117082000.0,96768000.0,0.493,25.433,24.451,24.783,436405000.0,0.0,98.14,4.304,4.292,530102000.0,4277586000.0,748697000.0,748697000.0,134029000.0,,,,,68320000.0,379591000.0,1.0,131651832.0,131309000,134277000.0,5.702,1989873000.0,116929000.0,13748000.0,270854000.0,15.154,-409812000.0
9,CTXS,MRQ,2019-03-31,2019-03-31,2019-03-31,2021-08-25,-5483000.0,5167456000.0,,2453010000.0,2714446000.0,,4.22,-17277000.0,1612679000.0,1612679000.0,107473000.0,110348000.0,0.863,8.313,2108879000.0,1163199000.0,945680000.0,2108879000.0,1756717000.0,62472000.0,0.0,0.007,0.35,136217000.0,198689000.0,0.276,198689000.0,136217000.0,118184000.0,0.84,0.78,0.84,554878000.0,,554878000.0,14406300517.0,21.0,17.419,250289000.0,1.904,1.0,611670000.0,0.851,1957847000.0,18033000.0,863041000.0,,23145000.0,259941000.0,173601000.0,86340000.0,4612578000.0,2842768000.0,1769810000.0,13127796517.0,993913000.0,0.0,-93805000.0,0.0,-46024000.0,-157491000.0,882893000.0,900185000.0,267566000.0,945000.0,110348000.0,110348000.0,110348000.0,0.0,0.0,0.153,488826000.0,122844000.0,81476000.0,0.417,23.659,24.232,24.668,435083000.0,0.0,99.66,4.382,4.374,482647000.0,4232181000.0,719143000.0,719143000.0,130263000.0,,,,,65234000.0,352202000.0,1.0,131725833.0,131483000,141025000.0,5.469,3209609000.0,104448000.0,7836000.0,287846000.0,24.411,-389758000.0
10,CTXS,MRQ,2018-12-31,2018-12-31,2018-12-31,2021-08-25,-8154000.0,5136049000.0,,2086901000.0,3049148000.0,,4.12,-15065000.0,618766000.0,618766000.0,112851000.0,165718000.0,0.717,8.313,1897270000.0,1155445000.0,741825000.0,1897270000.0,1834572000.0,-19686000.0,0.0,0.003,0.35,206946000.0,187260000.0,0.234,187260000.0,206946000.0,187624000.0,1.23,1.14,1.23,551519000.0,,551519000.0,14760031696.0,21.0,17.334,191344000.0,1.429,1.0,689019000.0,0.859,1969857000.0,19322000.0,1533556000.0,,21905000.0,1157934000.0,583615000.0,574319000.0,4584530000.0,2911140000.0,1673390000.0,13807692696.0,-586416000.0,-182946000.0,-380000000.0,-272986000.0,-46799000.0,-717789000.0,-73550000.0,130132000.0,206409000.0,-1486000.0,165718000.0,165718000.0,165718000.0,0.0,0.0,0.207,486548000.0,202471000.0,75551000.0,0.285,25.036,23.986,24.222,243396000.0,0.0,102.46,4.643,4.687,688420000.0,4169019000.0,801870000.0,801870000.0,116934000.0,,,,,59313000.0,361921000.0,1.0,134761787.0,133864000,144074000.0,5.99,3166192000.0,136998000.0,21906000.0,330036000.0,23.652,-824239000.0
11,CTXS,MRQ,2018-09-30,2018-09-30,2018-09-30,2021-08-25,-18291000.0,5436527000.0,,2497961000.0,2938566000.0,,5.577,-21360000.0,1205182000.0,1205182000.0,103917000.0,158857000.0,0.826,6.218,2157521000.0,1415970000.0,741551000.0,2157521000.0,1680002000.0,55316000.0,0.0,0.0,0.0,179377000.0,234693000.0,0.32,234693000.0,179377000.0,159415000.0,1.18,1.08,1.18,753220000.0,,753220000.0,16205518857.0,23.0,18.355,279538000.0,2.07,1.0,628559000.0,0.858,1789561000.0,19962000.0,1576144000.0,,21386000.0,1286423000.0,628696000.0,657727000.0,4683307000.0,3023161000.0,1660146000.0,15079792857.0,183474000.0,0.0,-116124000.0,0.0,0.0,-119777000.0,3301000.0,27187000.0,300898000.0,-948000.0,158857000.0,158857000.0,158857000.0,0.0,0.0,0.217,463780000.0,164779000.0,71110000.0,0.0,20.02,119.624,96.661,247544000.0,0.0,111.16,5.112,5.089,413509000.0,4052211000.0,732476000.0,732476000.0,111557000.0,,,,,52739000.0,348646000.0,1.0,135658446.0,135055000,147568000.0,5.424,3646966000.0,127703000.0,558000.0,316613000.0,27.004,-525200000.0
12,CTXS,MRQ,2018-06-30,2018-06-30,2018-06-30,2021-08-25,-18718000.0,5366062000.0,,2266391000.0,3099671000.0,,4.678,-16932000.0,1021708000.0,1021708000.0,108749000.0,106833000.0,0.752,7.435,2147434000.0,1406157000.0,741277000.0,2147434000.0,1723974000.0,54390000.0,0.0,0.0,0.0,152012000.0,206402000.0,0.278,206402000.0,152012000.0,131470000.0,0.79,0.73,0.79,636176000.0,,636176000.0,15391201630.0,23.0,18.189,153251000.0,1.127,1.0,633616000.0,0.854,1804427000.0,20542000.0,1673103000.0,,20282000.0,1312811000.0,487367000.0,825444000.0,4729886000.0,3014258000.0,1715628000.0,14208480630.0,67011000.0,347000.0,-14935000.0,0.0,0.0,-51269000.0,-46085000.0,-28563000.0,170183000.0,-5818000.0,106833000.0,106833000.0,106833000.0,0.0,0.0,0.144,488469000.0,145147000.0,86533000.0,0.0,22.334,151.278,129.432,246025000.0,0.0,104.84,4.885,4.902,528386000.0,3893354000.0,742365000.0,742365000.0,112943000.0,,,,,55844000.0,364070000.0,1.0,135525378.0,135993000,145447000.0,5.459,3561635000.0,119760000.0,24637000.0,322912000.0,26.19,-747867000.0
13,CTXS,MRQ,2018-03-31,2018-03-31,2018-03-31,2021-08-25,-14874000.0,5137477000.0,,2075410000.0,3062067000.0,,3.759,-15997000.0,954697000.0,954697000.0,108286000.0,144259000.0,1.364,8.816,2137418000.0,0.0,2137418000.0,2137418000.0,1685184000.0,51876000.0,0.0,0.0,0.0,171282000.0,223158000.0,0.32,223158000.0,171282000.0,150946000.0,1.04,0.99,1.04,523378000.0,,523378000.0,13647143437.0,21.0,16.76,341858000.0,2.455,1.0,588906000.0,0.845,1818463000.0,20336000.0,2980076000.0,,13569000.0,1283921000.0,510267000.0,773654000.0,4614099000.0,1521659000.0,3092440000.0,12634799437.0,-160433000.0,-66330000.0,-749930000.0,-5674000.0,0.0,-769206000.0,248514000.0,328119000.0,357855000.0,2404000.0,144259000.0,144259000.0,144259000.0,0.0,0.0,0.207,423343000.0,165563000.0,68702000.0,0.0,24.141,131.724,125.405,249696000.0,0.0,92.8,4.419,4.52,427890000.0,3786521000.0,697192000.0,697192000.0,98550000.0,,,,,35723000.0,314940000.0,1.0,136150856.0,139248000,146388000.0,5.007,3319014000.0,114277000.0,6687000.0,340275000.0,23.835,553751000.0
14,CTXS,MRQ,2017-12-31,2017-12-31,2017-12-31,2021-08-25,-10806000.0,5820176000.0,,2621423000.0,3198753000.0,,6.732,-19231000.0,1115130000.0,1115130000.0,121939000.0,-283889000.0,1.554,4.864,2127474000.0,0.0,2127474000.0,2127474000.0,1864243000.0,20202000.0,0.0,0.0,0.0,198446000.0,218648000.0,0.281,218648000.0,198446000.0,182123000.0,-1.86,-1.81,-1.86,992461000.0,,992461000.0,13735223888.0,25.0,18.834,234527000.0,1.591,1.0,655918000.0,0.843,1756446000.0,16323000.0,3388995000.0,,13912000.0,1616844000.0,632516000.0,984328000.0,4827715000.0,1687079000.0,3140636000.0,13259419888.0,174261000.0,0.0,-749980000.0,701039000.0,0.0,-57802000.0,-22721000.0,-3809000.0,253758000.0,1026000.0,-283889000.0,-283889000.0,-283889000.0,0.0,0.0,-0.365,466219000.0,189699000.0,66893000.0,0.0,13.36,-639.964,-676.923,252932000.0,0.0,88.0,4.694,4.697,712535000.0,3509484000.0,777857000.0,777857000.0,99323000.0,,,,,37901000.0,307080000.0,1.0,150675226.0,147428000,152860000.0,5.276,4063730000.0,152362000.0,466012000.0,369490000.0,27.564,934344000.0
15,CTXS,MRQ,2017-09-30,2017-09-30,2017-09-30,2021-08-25,-8667000.0,5499396000.0,,2151673000.0,3347723000.0,,13.202,-23020000.0,940869000.0,940869000.0,105937000.0,126720000.0,1.436,1.756,1416673000.0,40000000.0,1376673000.0,1416673000.0,1679071000.0,52410000.0,0.0,0.0,0.0,145567000.0,197977000.0,0.287,197977000.0,145567000.0,133841000.0,0.84,0.82,0.84,1995611000.0,,1995611000.0,12191420986.0,21.0,16.309,231739000.0,1.533,1.0,584988000.0,0.847,1785217000.0,11726000.0,2691334000.0,,14892000.0,1617845000.0,562893000.0,1054952000.0,3503785000.0,1498649000.0,2005136000.0,11639099986.0,96098000.0,0.0,-74353000.0,10000000.0,0.0,-74985000.0,-85466000.0,-61239000.0,254759000.0,1790000.0,126720000.0,126720000.0,126720000.0,0.0,0.0,0.183,448275000.0,136713000.0,56772000.0,0.0,5.832,25.137,25.353,254297000.0,0.0,76.82,4.185,4.175,464801000.0,3790452000.0,690925000.0,690925000.0,107113000.0,,,,,51732000.0,328877000.0,1.0,151511325.0,151156000,154627000.0,4.571,3714179000.0,195755000.0,7121000.0,3493000.0,24.572,653024000.0
16,CTXS,MRQ,2017-06-30,2017-06-30,2017-06-30,2021-08-25,-8779000.0,5430909000.0,,2086487000.0,3344422000.0,,12.444,-18904000.0,844771000.0,844771000.0,109312000.0,108829000.0,1.349,1.886,1397092000.0,30000000.0,1367092000.0,1397092000.0,1715901000.0,48103000.0,0.0,0.0,0.0,126360000.0,174463000.0,0.252,174463000.0,126360000.0,114353000.0,0.72,0.7,0.72,1881701000.0,,1881701000.0,12577987261.0,21.0,16.617,131571000.0,0.87,1.0,583915000.0,0.842,1804655000.0,12007000.0,2632086000.0,,13229000.0,1556476000.0,511092000.0,1045384000.0,3549208000.0,1546489000.0,2002719000.0,12028384261.0,-63206000.0,0.0,588000.0,-70000000.0,0.0,-95091000.0,-120475000.0,-98052000.0,150475000.0,1885000.0,108829000.0,108829000.0,108829000.0,0.0,0.0,0.157,461974000.0,121941000.0,65265000.0,0.0,6.392,25.691,26.178,252925000.0,0.0,79.58,4.359,4.361,541315000.0,3663732000.0,693227000.0,693227000.0,106696000.0,,,,,40679000.0,349446000.0,1.0,151148332.0,151212000,156036000.0,4.584,3626254000.0,177375000.0,5524000.0,4724000.0,23.981,539998000.0
17,CTXS,MRQ,2017-03-31,2017-03-31,2017-03-31,2021-08-25,-10934000.0,5360566000.0,,2085157000.0,3275409000.0,,11.313,-19746000.0,907977000.0,907977000.0,102458000.0,27621000.0,1.278,2.092,1457580000.0,100000000.0,1357580000.0,1457580000.0,1663753000.0,49300000.0,0.0,0.0,0.0,88878000.0,138178000.0,0.209,138178000.0,88878000.0,77325000.0,0.18,0.17,0.18,1733742000.0,,1733742000.0,13429427470.0,22.0,16.919,229538000.0,1.498,1.0,560219000.0,0.845,1816156000.0,11553000.0,2463026000.0,,15210000.0,1458275000.0,506118000.0,952157000.0,3626824000.0,1630987000.0,1995837000.0,13038227470.0,-48979000.0,-60449000.0,-499098000.0,96000000.0,0.0,-466489000.0,164741000.0,249476000.0,249284000.0,3485000.0,27621000.0,27621000.0,27621000.0,42704000.0,0.0,0.042,437575000.0,122644000.0,64075000.0,0.0,7.52,27.148,26.9,260149000.0,0.0,83.39,4.759,4.664,485769000.0,3553680000.0,662677000.0,662677000.0,102669000.0,,,,,34808000.0,323274000.0,1.0,156352410.0,153247000,158369000.0,4.324,3544410000.0,184208000.0,49704000.0,28188000.0,23.129,454170000.0
18,CTXS,MRQ,2016-12-31,2016-12-31,2016-12-31,2021-08-25,-28704000.0,6390227000.0,,2561277000.0,3828950000.0,,16.723,-18768000.0,836095000.0,836095000.0,99716000.0,199850000.0,0.827,1.45,1348156000.0,1348156000.0,0.0,1348156000.0,1684364000.0,12067000.0,0.0,0.0,0.0,224847000.0,236914000.0,0.323,236914000.0,224847000.0,213503000.0,1.29,1.26,1.29,2608727000.0,,2608727000.0,13959423532.0,22.0,17.077,240279000.0,1.54,1.0,634868000.0,0.864,1759574000.0,11344000.0,2044365000.0,,12522000.0,1707065000.0,726923000.0,980142000.0,3781500000.0,3098349000.0,683151000.0,13929324532.0,-351727000.0,-1786000.0,1809000.0,0.0,0.0,-5752000.0,-597909000.0,-567745000.0,259047000.0,-7113000.0,199850000.0,199850000.0,199850000.0,-21275000.0,0.0,0.272,432524000.0,202344000.0,72724000.0,0.0,5.34,25.982,25.812,261954000.0,0.0,89.31,5.091,5.064,681206000.0,4010737000.0,734584000.0,734584000.0,90749000.0,,,,,33793000.0,332059000.0,1.0,155966012.0,155995000,158245000.0,4.709,4630653000.0,233900000.0,13653000.0,39771000.0,29.685,-537072000.0
19,CTXS,MRQ,2016-09-30,2016-09-30,2016-09-30,2021-08-25,-22835000.0,5922503000.0,,2272387000.0,3650116000.0,,15.121,-17580000.0,1308683000.0,1308683000.0,98171000.0,131901000.0,0.77,1.518,1338782000.0,1338782000.0,0.0,1338782000.0,1612270000.0,53916000.0,0.0,0.0,0.0,153480000.0,207396000.0,0.31,207396000.0,153480000.0,142226000.0,0.85,0.84,0.85,2351736000.0,,2351736000.0,13934292077.0,28.0,20.144,270876000.0,1.742,1.0,570565000.0,0.853,2212416000.0,11254000.0,790360000.0,,14809000.0,1143366000.0,354328000.0,789038000.0,3570767000.0,2949826000.0,620941000.0,13271046077.0,642451000.0,-11456000.0,8879000.0,0.0,0.0,-615000.0,353140000.0,394580000.0,288456000.0,1470000.0,131901000.0,131901000.0,131901000.0,-20164000.0,0.0,0.197,441936000.0,128629000.0,85655000.0,0.0,5.643,28.385,28.312,352521000.0,0.0,85.22,5.829,5.821,475085000.0,3810887000.0,668736000.0,668736000.0,101741000.0,,,,,38777000.0,324112000.0,1.0,155726896.0,155525000,157532000.0,4.3,3710087000.0,231681000.0,10325000.0,51341000.0,23.855,-677439000.0
20,CTXS,MRQ,2016-06-30,2016-06-30,2016-06-30,2021-08-25,-21900000.0,5714214000.0,,2001791000.0,3712423000.0,,14.465,-22352000.0,666232000.0,666232000.0,107191000.0,120898000.0,1.231,1.549,1329478000.0,0.0,1329478000.0,1329478000.0,1637082000.0,58835000.0,0.0,0.0,0.0,152440000.0,211275000.0,0.313,211275000.0,152440000.0,141244000.0,0.78,0.77,0.78,2242045000.0,,2242045000.0,13229053661.0,33.0,19.072,206010000.0,1.329,1.0,566796000.0,0.841,2222837000.0,11196000.0,2527940000.0,,11509000.0,1539085000.0,684599000.0,854486000.0,3472169000.0,1626683000.0,1845486000.0,12422119661.0,152926000.0,0.0,24535000.0,0.0,0.0,7540000.0,-81380000.0,-45234000.0,228362000.0,-1596000.0,120898000.0,120898000.0,120898000.0,-14609000.0,0.0,0.179,432857000.0,133939000.0,72639000.0,0.0,5.541,31.725,31.908,365804000.0,0.0,80.09,5.13,5.127,504420000.0,3678986000.0,673987000.0,673987000.0,100651000.0,,,,,33948000.0,324804000.0,1.0,155102006.0,154998000,156666000.0,4.348,3491377000.0,214505000.0,20346000.0,27682000.0,22.525,375108000.0
21,CTXS,MRQ,2016-03-31,2016-03-31,2016-03-31,2021-08-25,-21063000.0,5518689000.0,,1787570000.0,3731119000.0,,13.423,-26335000.0,513306000.0,513306000.0,99811000.0,83463000.0,1.101,1.669,1320240000.0,0.0,1320240000.0,1320240000.0,1622015000.0,53630000.0,0.0,0.0,0.0,108209000.0,161839000.0,0.246,161839000.0,108209000.0,97054000.0,0.54,0.54,0.54,2068080000.0,,2068080000.0,13056204012.0,35.0,19.173,313630000.0,2.036,1.0,558962000.0,0.848,2244028000.0,11155000.0,2457331000.0,,12194000.0,1491938000.0,642448000.0,849490000.0,3450609000.0,1624264000.0,1826345000.0,12099730012.0,144788000.0,0.0,-22665000.0,0.0,0.0,-39204000.0,-158055000.0,-93232000.0,339965000.0,2082000.0,83463000.0,83463000.0,83463000.0,-10209000.0,0.0,0.127,463710000.0,95252000.0,85490000.0,0.0,5.851,32.358,33.156,376012000.0,0.0,78.58,4.756,4.759,450000000.0,3558088000.0,658773000.0,658773000.0,102232000.0,,,,,30172000.0,311746000.0,1.0,153979766.0,154067000,155945000.0,4.276,3274661000.0,205938000.0,13591000.0,18458000.0,21.255,163306000.0
22,CTXS,MRQ,2015-12-31,2015-12-31,2015-12-31,2021-08-25,-28527000.0,5467517000.0,,1683951000.0,3783566000.0,,12.78,22025000.0,368518000.0,368518000.0,62429000.0,131274000.0,1.002,1.771,1311071000.0,0.0,1311071000.0,1311071000.0,1664068000.0,31147000.0,0.0,0.0,0.0,80087000.0,111234000.0,0.404,111234000.0,80087000.0,69130000.0,0.84,0.83,0.84,1973446000.0,,1973446000.0,12426117416.0,40.0,19.418,303760000.0,1.967,1.0,212894000.0,0.773,2246140000.0,10957000.0,2482961000.0,,10521000.0,1394816000.0,502852000.0,891964000.0,3494071000.0,1680969000.0,1813102000.0,11636819416.0,-159076000.0,155655000.0,-324687000.0,4394000.0,0.0,-335035000.0,-104729000.0,-65296000.0,281735000.0,-1047000.0,131274000.0,131274000.0,131274000.0,-104228000.0,0.0,0.477,247781000.0,-34887000.0,95396000.0,0.0,5.897,36.438,37.637,373817000.0,0.0,75.65,4.398,4.542,669276000.0,3474625000.0,275323000.0,275323000.0,56985000.0,,,,,20951000.0,154279000.0,1.0,153824447.0,154419000,156300000.0,1.783,3221377000.0,215196000.0,-62144000.0,18351000.0,20.861,2982000.0
23,CTXS,MRQ,2015-09-30,2015-09-30,2015-09-30,2021-08-25,-29464000.0,5405483000.0,,1737138000.0,3668345000.0,,13.0,-39586000.0,527594000.0,527594000.0,146254000.0,55925000.0,1.123,1.593,1316892000.0,0.0,1316892000.0,1316892000.0,1509880000.0,144850000.0,0.0,0.0,0.0,64433000.0,209283000.0,0.257,209283000.0,64433000.0,53358000.0,0.35,0.35,0.35,2084692000.0,,2084692000.0,12079927697.0,34.0,16.637,220209000.0,1.373,1.0,667016000.0,0.82,2323484000.0,11075000.0,2323755000.0,,10863000.0,1337468000.0,545206000.0,792262000.0,3320791000.0,1547542000.0,1773249000.0,11133388697.0,165281000.0,198000.0,-190019000.0,0.0,0.0,-193737000.0,102493000.0,145555000.0,259795000.0,-3270000.0,55925000.0,55925000.0,55925000.0,0.0,0.0,0.069,603218000.0,63798000.0,143299000.0,0.0,5.341,39.297,39.816,371101000.0,0.0,69.28,3.455,3.448,467815000.0,3343352000.0,813270000.0,813270000.0,139128000.0,,,,,38359000.0,373386000.0,1.0,160701338.0,160359000,161777000.0,5.072,3081999000.0,157102000.0,-2567000.0,2575000.0,19.219,189596000.0
24,CTXS,MRQ,2015-06-30,2015-06-30,2015-06-30,2021-08-25,-29236000.0,5501975000.0,,1589283000.0,3912692000.0,,13.812,-35914000.0,362313000.0,362313000.0,132751000.0,103275000.0,1.043,1.473,1308852000.0,0.0,1308852000.0,1308852000.0,1539544000.0,76879000.0,0.0,0.0,0.0,121728000.0,198607000.0,0.249,198607000.0,121728000.0,110727000.0,0.64,0.64,0.64,2224835000.0,,2224835000.0,12238718068.0,35.0,18.762,165233000.0,1.026,1.0,664008000.0,0.833,2418560000.0,11001000.0,2505636000.0,,12708000.0,1483087000.0,510178000.0,972909000.0,3277140000.0,1524318000.0,1752822000.0,11245779068.0,-40620000.0,-161717000.0,-12198000.0,-99394000.0,0.0,-119746000.0,-123655000.0,81549000.0,201147000.0,1634000.0,103275000.0,103275000.0,103275000.0,0.0,0.0,0.13,541859000.0,122149000.0,81966000.0,0.0,5.055,40.905,41.762,370767000.0,0.0,70.16,3.55,3.567,500976000.0,3287426000.0,796759000.0,796759000.0,140203000.0,,,,,30019000.0,376130000.0,1.0,160287615.0,161085000,162027000.0,4.946,3083415000.0,128454000.0,7452000.0,3716000.0,19.142,64965000.0
25,CTXS,MRQ,2015-03-31,2015-03-31,2015-03-31,2021-08-25,-35972000.0,5454636000.0,,1668656000.0,3785980000.0,,13.101,-44091000.0,402933000.0,402933000.0,132606000.0,28887000.0,1.021,1.597,1395872000.0,95000000.0,1300872000.0,1395872000.0,1516021000.0,74081000.0,0.0,0.0,0.0,46717000.0,120798000.0,0.159,120798000.0,46717000.0,35597000.0,0.18,0.18,0.18,2100331000.0,,2100331000.0,11240874078.0,40.0,18.241,247780000.0,1.546,1.0,628196000.0,0.826,2269549000.0,11120000.0,2544088000.0,,12024000.0,1566681000.0,580386000.0,986295000.0,3354305000.0,1633938000.0,1720367000.0,10208070078.0,142784000.0,-89467000.0,-116515000.0,91825000.0,0.0,-42933000.0,-98524000.0,37853000.0,291871000.0,-7630000.0,28887000.0,28887000.0,28887000.0,0.0,0.0,0.038,576464000.0,51732000.0,81109000.0,0.0,4.86,45.436,47.311,373384000.0,0.0,63.87,3.238,3.248,438177000.0,3184151000.0,760802000.0,760802000.0,144641000.0,,,,,33060000.0,388431000.0,1.0,159825741.0,160323000,162036000.0,4.745,3185087000.0,130594000.0,6710000.0,6768000.0,19.867,34718000.0
26,CTXS,MRQ,2014-12-31,2014-12-31,2014-12-31,2021-08-25,-36790000.0,5512007000.0,,1688324000.0,3823683000.0,,13.447,-49975000.0,260149000.0,260149000.0,174652000.0,95228000.0,1.062,1.536,1292953000.0,0.0,1292953000.0,1292953000.0,1557864000.0,78950000.0,0.0,0.0,0.0,118432000.0,197382000.0,0.232,197382000.0,118432000.0,107701000.0,0.57,0.57,0.57,2173645000.0,,2173645000.0,11312237191.0,37.0,17.834,140456000.0,0.869,1.0,676831000.0,0.795,2187568000.0,10731000.0,2767134000.0,,12617000.0,1602370000.0,529260000.0,1073110000.0,3338362000.0,1590109000.0,1748253000.0,10269932191.0,17362000.0,-57717000.0,-31955000.0,-299000.0,0.0,-37139000.0,-133211000.0,-24555000.0,190431000.0,-2719000.0,95228000.0,95228000.0,95228000.0,0.0,0.0,0.112,559423000.0,117408000.0,79884000.0,0.0,4.725,40.799,43.108,367779000.0,0.0,63.8,3.268,3.449,674401000.0,3155264000.0,851483000.0,851483000.0,141947000.0,,,,,39837000.0,401294000.0,1.0,160970724.0,161650000,163011000.0,5.267,3324439000.0,174090000.0,12473000.0,12053000.0,20.566,98215000.0
27,CTXS,MRQ,2014-09-30,2014-09-30,2014-09-30,2021-08-25,-20499000.0,5231477000.0,,1444710000.0,3786767000.0,,12.765,-48301000.0,242787000.0,242787000.0,135985000.0,47532000.0,0.988,1.496,1285092000.0,0.0,1285092000.0,1285092000.0,1403556000.0,76745000.0,0.0,0.0,0.0,58773000.0,135518000.0,0.179,135518000.0,58773000.0,48222000.0,0.29,0.29,0.29,2096338000.0,,2096338000.0,12731198273.0,37.0,19.064,115833000.0,0.705,1.0,623009000.0,0.821,2197396000.0,10551000.0,2613939000.0,,16483000.0,1577668000.0,504436000.0,1073232000.0,3135139000.0,1462447000.0,1672692000.0,11733311273.0,-36615000.0,-2000000.0,-79409000.0,0.0,0.0,-82228000.0,-115926000.0,-62640000.0,164134000.0,-2595000.0,47532000.0,47532000.0,47532000.0,0.0,0.0,0.063,564412000.0,58597000.0,85802000.0,0.0,5.597,39.755,43.236,353720000.0,0.0,71.34,3.793,3.787,465558000.0,3060036000.0,758994000.0,758994000.0,137877000.0,,,,,40331000.0,413455000.0,1.0,164470301.0,164229000,165713000.0,4.622,3034081000.0,144590000.0,690000.0,2497000.0,18.475,-17737000.0
28,CTXS,MRQ,2014-06-30,2014-06-30,2014-06-30,2021-08-25,1752000.0,5249216000.0,,1541570000.0,3707646000.0,,12.378,-36672000.0,279402000.0,279402000.0,175256000.0,53024000.0,1.045,1.495,1277289000.0,0.0,1277289000.0,1277289000.0,1429992000.0,104544000.0,0.0,0.0,0.0,58012000.0,162556000.0,0.208,162556000.0,58012000.0,51028000.0,0.31,0.31,0.31,2103897000.0,,2103897000.0,9951136545.0,26.0,14.395,166868000.0,0.982,1.0,606304000.0,0.776,2235678000.0,6984000.0,2535830000.0,,14206000.0,1516672000.0,540996000.0,975676000.0,3145319000.0,1475595000.0,1669724000.0,10249655545.0,-19117000.0,-17188000.0,-1389086000.0,1415717000.0,0.0,-177509000.0,-45309000.0,17567000.0,203540000.0,161000.0,53024000.0,53024000.0,53024000.0,0.0,0.0,0.068,551885000.0,54419000.0,79621000.0,0.0,4.872,31.602,35.339,339832000.0,0.0,62.55,3.363,3.489,506409000.0,3012504000.0,781560000.0,781560000.0,140375000.0,,,,,44618000.0,396554000.0,1.0,163863398.0,169973000,170891000.0,4.598,3013538000.0,138282000.0,-1996000.0,5188000.0,17.73,65975000.0
29,CTXS,MRQ,2014-03-31,2014-03-31,2014-03-31,2021-08-25,4250000.0,5269473000.0,,1538901000.0,3730572000.0,,18.555,-30469000.0,298519000.0,298519000.0,134326000.0,55939000.0,1.062,0.543,0.0,0.0,0.0,0.0,1410803000.0,70031000.0,0.0,0.0,0.0,68821000.0,138852000.0,0.185,138852000.0,68821000.0,68755000.0,0.3,0.3,0.3,3414017000.0,,3414017000.0,10274049954.0,26.0,15.288,257407000.0,1.399,1.0,616493000.0,0.821,2270861000.0,66000.0,1250557000.0,,12537000.0,1529589000.0,530758000.0,998831000.0,1855456000.0,1449536000.0,405920000.0,10554789954.0,17779000.0,-24154000.0,7958000.0,-3766000.0,0.0,4208000.0,-275011000.0,-219677000.0,287876000.0,706000.0,55939000.0,55939000.0,55939000.0,0.0,0.0,0.075,544606000.0,71887000.0,76661000.0,0.0,3.092,31.434,31.911,336740000.0,0.0,57.44,3.523,3.527,510862000.0,2959480000.0,750819000.0,750819000.0,133618000.0,,,,,38369000.0,388884000.0,1.0,183753307.0,183997000,185681000.0,4.081,2998612000.0,118615000.0,12816000.0,8458000.0,16.297,89365000.0
30,CTXS,MRQ,2013-12-31,2013-12-31,2013-12-31,2021-08-25,4951000.0,5212249000.0,,1563095000.0,3649154000.0,,17.913,-36279000.0,280740000.0,280740000.0,136708000.0,138644000.0,1.068,0.57,0.0,0.0,0.0,0.0,1411740000.0,68858000.0,0.0,0.0,0.0,162044000.0,230902000.0,0.288,230902000.0,162044000.0,162018000.0,0.75,0.74,0.75,3319807000.0,,3319807000.0,11543142373.0,30.0,17.609,193415000.0,1.044,1.0,665712000.0,0.83,2278544000.0,26000.0,1188904000.0,,14107000.0,1309676000.0,453976000.0,855700000.0,1892442000.0,1464061000.0,428381000.0,11789615373.0,34267000.0,-5538000.0,-244907000.0,-2061000.0,0.0,-254006000.0,58609000.0,105377000.0,229694000.0,-30000.0,138644000.0,138644000.0,138644000.0,0.0,0.0,0.173,504858000.0,160854000.0,78452000.0,0.0,3.551,34.724,34.753,338996000.0,0.0,63.25,4.04,4.046,654821000.0,2903541000.0,802420000.0,802420000.0,126498000.0,,,,,50368000.0,368014000.0,1.0,186397081.0,185328000,186490000.0,4.33,2933705000.0,163888000.0,23374000.0,29322000.0,15.83,99034000.0
31,CTXS,MRQ,2013-09-30,2013-09-30,2013-09-30,2021-08-25,-3222000.0,5123989000.0,,1328806000.0,3795183000.0,,18.142,-59829000.0,246473000.0,246473000.0,123933000.0,76730000.0,0.991,0.507,0.0,0.0,0.0,0.0,1270176000.0,68156000.0,0.0,0.0,0.0,90846000.0,159002000.0,0.223,159002000.0,90846000.0,90805000.0,0.41,0.41,0.41,3400800000.0,,3400800000.0,12967897575.0,35.0,20.423,163120000.0,0.87,1.0,588798000.0,0.826,2300898000.0,41000.0,1236023000.0,,11979000.0,1409618000.0,448196000.0,961422000.0,1723189000.0,1340595000.0,382594000.0,13231050575.0,-16680000.0,-5294000.0,-21687000.0,0.0,0.0,-20250000.0,-220455000.0,-152624000.0,222949000.0,1076000.0,76730000.0,76730000.0,76730000.0,0.0,0.0,0.108,501431000.0,87367000.0,68646000.0,0.0,3.891,42.016,42.03,337021000.0,0.0,70.61,4.633,4.635,450395000.0,2764897000.0,712731000.0,712731000.0,127049000.0,,,,,26440000.0,363996000.0,1.0,187382107.0,187459000,188980000.0,3.802,2823091000.0,169819000.0,14075000.0,25472000.0,15.06,-11789000.0
32,CTXS,MRQ,2013-06-30,2013-06-30,2013-06-30,2021-08-25,-16975000.0,4996011000.0,,1371358000.0,3624653000.0,,17.498,-38484000.0,263153000.0,263153000.0,127240000.0,64461000.0,1.015,0.525,0.0,0.0,0.0,0.0,1271363000.0,65950000.0,0.0,0.0,0.0,77310000.0,143260000.0,0.196,143260000.0,77310000.0,77263000.0,0.34,0.34,0.34,3276189000.0,,3276189000.0,11043321170.0,29.0,17.653,170418000.0,0.91,1.0,603144000.0,0.826,2321130000.0,47000.0,1061106000.0,,13697000.0,1256587000.0,436997000.0,819590000.0,1719822000.0,1350622000.0,369200000.0,11294786170.0,11688000.0,0.0,-29964000.0,0.0,0.0,-49134000.0,-146711000.0,-105969000.0,208902000.0,-1369000.0,64461000.0,64461000.0,64461000.0,0.0,0.0,0.088,527256000.0,75888000.0,72613000.0,0.0,3.448,35.695,35.716,311316000.0,0.0,60.36,4.056,4.058,493671000.0,2688167000.0,730384000.0,730384000.0,132299000.0,,,,,45655000.0,384439000.0,1.0,187123694.0,187229000,188486000.0,3.901,2674881000.0,151354000.0,12802000.0,14892000.0,14.287,20736000.0
33,CTXS,MRQ,2013-03-31,2013-03-31,2013-03-31,2021-08-25,-18240000.0,4848339000.0,,1301475000.0,3546864000.0,,17.112,-28297000.0,251465000.0,251465000.0,114914000.0,59688000.0,0.998,0.518,0.0,0.0,0.0,0.0,1231381000.0,64536000.0,0.0,0.0,0.0,57804000.0,122340000.0,0.182,122340000.0,57804000.0,57804000.0,0.32,0.32,0.32,3194147000.0,,3194147000.0,12805427695.0,33.0,20.867,238501000.0,1.278,1.0,557985000.0,0.829,2352513000.0,0.0,939911000.0,,11229000.0,1153483000.0,406479000.0,747004000.0,1654192000.0,1304450000.0,349742000.0,13449036695.0,-392144000.0,-324049000.0,-36113000.0,0.0,0.0,-28891000.0,-629593000.0,-275011000.0,266798000.0,-458000.0,59688000.0,59688000.0,59688000.0,0.0,0.0,0.089,501377000.0,56608000.0,61613000.0,0.0,4.211,39.1,39.212,302378000.0,0.0,72.15,5.038,5.045,450939000.0,2623706000.0,672899000.0,672899000.0,130492000.0,,,,,48926000.0,360467000.0,1.0,186403835.0,186658000,189011000.0,3.605,2495826000.0,118003000.0,-1884000.0,10907000.0,13.371,-2975000.0
34,CTXS,MRQ,2012-12-31,2012-12-31,2012-12-31,2021-08-25,-7705000.0,4796402000.0,,1713735000.0,3082667000.0,,16.613,-35668000.0,643609000.0,643609000.0,117368000.0,114029000.0,1.276,0.536,0.0,0.0,0.0,0.0,1197995000.0,60818000.0,0.0,0.0,0.0,149548000.0,210366000.0,0.284,210366000.0,149548000.0,149236000.0,0.61,0.6,0.61,3121777000.0,,3121777000.0,11928165699.0,29.0,19.072,191053000.0,1.017,1.0,622628000.0,0.841,2074424000.0,312000.0,735496000.0,,10723000.0,880335000.0,285022000.0,595313000.0,1674625000.0,1342873000.0,331752000.0,12252292699.0,319482000.0,1126000.0,-63447000.0,0.0,0.0,-61783000.0,154227000.0,202252000.0,226721000.0,317000.0,114029000.0,114029000.0,114029000.0,0.0,0.0,0.154,477207000.0,145421000.0,71116000.0,0.0,3.925,34.754,34.72,303294000.0,0.0,65.62,4.738,4.738,630956000.0,2564018000.0,739996000.0,739996000.0,122208000.0,,,,,7240000.0,345949000.0,1.0,186715829.0,187910000,188670000.0,3.938,2721978000.0,79943000.0,35207000.0,49346000.0,14.486,370862000.0
35,CTXS,MRQ,2012-09-30,2012-09-30,2012-09-30,2021-08-25,-10133000.0,4489153000.0,,1319514000.0,3169639000.0,,16.247,-36043000.0,324127000.0,324127000.0,106068000.0,78245000.0,1.132,0.479,0.0,0.0,0.0,0.0,1053153000.0,58710000.0,0.0,0.0,0.0,90898000.0,149608000.0,0.233,149608000.0,90898000.0,90898000.0,0.42,0.41,0.42,3036038000.0,,3036038000.0,13346395867.0,33.0,22.346,144949000.0,0.776,1.0,535354000.0,0.835,2079397000.0,0.0,919755000.0,,10961000.0,1082125000.0,358920000.0,723205000.0,1453115000.0,1165874000.0,287241000.0,14308235867.0,-637713000.0,-405969000.0,-40648000.0,-16609000.0,0.0,-51722000.0,-768312000.0,-327473000.0,180992000.0,1329000.0,78245000.0,78245000.0,78245000.0,0.0,0.0,0.122,452939000.0,82415000.0,68214000.0,0.0,4.713,41.208,41.145,295934000.0,0.0,76.529,5.803,5.8,456545000.0,2449989000.0,641422000.0,641422000.0,114713000.0,,,,,39408000.0,328388000.0,1.0,186965376.0,186864000,189671000.0,3.433,2409756000.0,47610000.0,12653000.0,67460000.0,12.896,153640000.0
36,CTXS,MRQ,2012-06-30,2012-06-30,2012-06-30,2021-08-25,-21854000.0,4329016000.0,,1875676000.0,2453340000.0,,15.721,-28100000.0,961840000.0,961840000.0,94358000.0,92006000.0,1.654,0.477,0.0,0.0,0.0,0.0,1028363000.0,45798000.0,0.0,0.0,0.0,85545000.0,131343000.0,0.213,131343000.0,85545000.0,85545000.0,0.49,0.49,0.49,2929982000.0,,2929982000.0,15237952340.0,37.0,25.681,139644000.0,0.749,1.0,520852000.0,0.847,1651731000.0,0.0,581292000.0,,6659000.0,746313000.0,335944000.0,410369000.0,1399034000.0,1134153000.0,264881000.0,15628833340.0,570959000.0,-58345000.0,31229000.0,-5281000.0,0.0,35420000.0,371253000.0,469637000.0,167744000.0,-3458000.0,92006000.0,92006000.0,92006000.0,0.0,0.0,0.15,438660000.0,82192000.0,61709000.0,0.0,5.334,43.275,43.492,283535000.0,0.0,83.94,6.541,6.547,404212000.0,2371744000.0,615210000.0,615210000.0,110028000.0,,,,,38102000.0,323438000.0,1.0,186190533.0,186372000,189279000.0,3.301,2677285000.0,89016000.0,-6461000.0,54841000.0,14.365,741523000.0
37,CTXS,MRQ,2012-03-31,2012-03-31,2012-03-31,2021-08-25,-4421000.0,4151118000.0,,1423729000.0,2727389000.0,,14.955,-23147000.0,390881000.0,390881000.0,86343000.0,68267000.0,1.215,0.495,0.0,0.0,0.0,0.0,982884000.0,49547000.0,0.0,0.0,0.0,84550000.0,134097000.0,0.227,134097000.0,84550000.0,84550000.0,0.37,0.36,0.37,2777533000.0,,2777533000.0,13166299876.0,31.0,21.941,219923000.0,1.184,1.0,503152000.0,0.854,1593864000.0,0.0,994512000.0,,9430000.0,1217819000.0,476200000.0,741619000.0,1373585000.0,1171861000.0,201724000.0,14643900876.0,57585000.0,-24033000.0,-69736000.0,-2456000.0,0.0,-71697000.0,-115108000.0,-67867000.0,243070000.0,1320000.0,68267000.0,68267000.0,68267000.0,0.0,0.0,0.116,422402000.0,80750000.0,53939000.0,0.0,5.272,41.71,41.973,278671000.0,0.0,78.91,6.353,6.358,389807000.0,2279738000.0,589495000.0,589495000.0,103622000.0,,,,,29816000.0,308313000.0,1.0,185577251.0,185730000,188884000.0,3.174,2557254000.0,97259000.0,16283000.0,0.0,13.769,251868000.0
38,CTXS,MRQ,2011-12-31,2011-12-31,2011-12-31,2021-08-25,-11561000.0,4099541000.0,,1373030000.0,2726511000.0,,14.665,-23077000.0,333296000.0,333296000.0,82100000.0,108699000.0,1.164,0.501,0.0,0.0,0.0,0.0,959883000.0,43661000.0,0.0,0.0,0.0,138546000.0,182207000.0,0.294,182207000.0,138546000.0,138546000.0,0.58,0.57,0.58,2730490000.0,,2730490000.0,11012014655.0,26.0,18.65,146486000.0,0.787,1.0,537266000.0,0.867,1582492000.0,0.0,1004623000.0,,8507000.0,1144305000.0,406461000.0,737844000.0,1369051000.0,1179130000.0,189921000.0,11324144655.0,21166000.0,-145905000.0,-69173000.0,0.0,0.0,-58462000.0,-88716000.0,82539000.0,169563000.0,-1219000.0,108699000.0,108699000.0,108699000.0,0.0,0.0,0.176,401452000.0,135814000.0,58034000.0,0.0,4.147,31.781,31.958,277429000.0,0.0,60.72,5.132,5.155,484431000.0,2211471000.0,619366000.0,619366000.0,102076000.0,,,,,27759000.0,294862000.0,1.0,186497771.0,186196000,189099000.0,3.326,2517049000.0,112395000.0,29847000.0,87618000.0,13.518,193900000.0
39,CTXS,MRQ,2011-09-30,2011-09-30,2011-09-30,2021-08-25,-5011000.0,3882864000.0,,1311641000.0,2571223000.0,,14.226,-29399000.0,312130000.0,312130000.0,79689000.0,92176000.0,1.248,0.46,0.0,0.0,0.0,0.0,833666000.0,42889000.0,0.0,0.0,0.0,102818000.0,145707000.0,0.258,145707000.0,102818000.0,102818000.0,0.49,0.49,0.49,2659925000.0,,2659925000.0,9836466312.0,24.0,17.555,158635000.0,0.848,1.0,485659000.0,0.859,1438811000.0,0.0,1081185000.0,,7024000.0,1228743000.0,462921000.0,765822000.0,1222939000.0,1050738000.0,172201000.0,10267282312.0,-118686000.0,-191032000.0,-115281000.0,-635000.0,0.0,-113447000.0,-192244000.0,33864000.0,188034000.0,-1029000.0,92176000.0,92176000.0,92176000.0,0.0,0.0,0.163,380980000.0,104679000.0,57490000.0,0.0,3.86,30.021,29.962,277951000.0,0.0,54.53,4.85,4.817,339494000.0,2102772000.0,565348000.0,565348000.0,96676000.0,,,,,24879000.0,279874000.0,1.0,188286857.0,186979000,189730000.0,3.024,2444053000.0,120776000.0,10642000.0,0.0,13.071,260903000.0
40,CTXS,MRQ,2011-06-30,2011-06-30,2011-06-30,2021-08-25,12919000.0,3869689000.0,,1452556000.0,2417133000.0,,14.191,-32611000.0,430816000.0,430816000.0,71833000.0,81408000.0,1.399,0.453,0.0,0.0,0.0,0.0,829805000.0,36856000.0,0.0,0.0,0.0,101214000.0,138070000.0,0.26,138070000.0,101214000.0,101214000.0,0.44,0.43,0.44,2663489000.0,,2663489000.0,14524292880.0,37.0,27.084,129686000.0,0.691,1.0,458957000.0,0.865,1231362000.0,0.0,1169206000.0,,7332000.0,1268254000.0,467605000.0,800649000.0,1206200000.0,1038305000.0,167895000.0,15039632880.0,-84524000.0,0.0,-57172000.0,0.0,0.0,-58867000.0,-188085000.0,-149509000.0,162297000.0,131000.0,81944000.0,81944000.0,81944000.0,0.0,-536000.0,0.154,363367000.0,95590000.0,61056000.0,0.0,5.647,44.548,44.444,272685000.0,0.0,80.0,7.432,7.42,338734000.0,2010596000.0,530790000.0,530790000.0,91374000.0,,,,,20741000.0,268056000.0,1.0,187995411.0,187691000,191412000.0,2.828,2638327000.0,141901000.0,19270000.0,0.0,14.057,414251000.0
41,CTXS,MRQ,2011-03-31,2011-03-31,2011-03-31,2021-08-25,10934000.0,3752565000.0,,1431839000.0,2320726000.0,,13.923,-26845000.0,515340000.0,515340000.0,59977000.0,73347000.0,1.47,0.434,0.0,0.0,0.0,0.0,788755000.0,35849000.0,0.0,0.0,0.0,88611000.0,124460000.0,0.254,124460000.0,88611000.0,88611000.0,0.39,0.38,0.39,2611533000.0,,2611533000.0,13386335911.0,36.0,26.4,132383000.0,0.706,1.0,430911000.0,0.878,1239469000.0,0.0,1023694000.0,,7513000.0,1123485000.0,414579000.0,708906000.0,1133591000.0,974062000.0,159529000.0,13782497911.0,119178000.0,-118440000.0,-57617000.0,-10926000.0,0.0,-61838000.0,17864000.0,164671000.0,159228000.0,3924000.0,73503000.0,73503000.0,73503000.0,0.0,-156000.0,0.15,350028000.0,80883000.0,47610000.0,0.0,5.278,45.454,45.346,261235000.0,0.0,73.46,7.063,7.062,297190000.0,1928652000.0,490888000.0,490888000.0,90548000.0,,,,,17874000.0,255947000.0,1.0,187619084.0,187571000,191500000.0,2.617,2513096000.0,144085000.0,15108000.0,0.0,13.398,457777000.0
42,CTXS,MRQ,2010-12-31,2010-12-31,2010-12-31,2021-08-25,2023000.0,3703600000.0,,1470479000.0,2233121000.0,,13.605,-22275000.0,1685659000.0,1685659000.0,72214000.0,93756000.0,1.442,0.448,0.0,0.0,0.0,0.0,778970000.0,35532000.0,0.0,0.0,0.0,116566000.0,152098000.0,0.287,152098000.0,116566000.0,116566000.0,0.5,0.5,0.5,2552991000.0,,2552991000.0,12446661919.0,37.0,26.336,157052000.0,0.837,1.0,457510000.0,0.864,1099244000.0,0.0,-101315000.0,,6980000.0,1289497000.0,497643000.0,791854000.0,1143012000.0,1020012000.0,123000000.0,12845649919.0,-2826000.0,162000.0,-66106000.0,0.0,0.0,-51101000.0,-131160000.0,-105214000.0,179327000.0,108000.0,94380000.0,94380000.0,94380000.0,0.0,-624000.0,0.178,344164000.0,113346000.0,65842000.0,0.0,5.032,46.363,45.913,250482000.0,0.0,68.41,6.852,6.786,378395000.0,1855149000.0,529724000.0,529724000.0,116732000.0,,,,,17516000.0,224371000.0,1.0,187774447.0,187645000,191859000.0,2.823,2604356000.0,130041000.0,22186000.0,0.0,13.879,450467000.0
43,CTXS,MRQ,2010-09-30,2010-09-30,2010-09-30,2021-08-25,2494000.0,3496987000.0,,1386648000.0,2110339000.0,,13.365,-23029000.0,398988000.0,398988000.0,57798000.0,87779000.0,1.559,0.399,0.0,0.0,0.0,0.0,680173000.0,34471000.0,0.0,0.0,0.0,87177000.0,121648000.0,0.258,121648000.0,87177000.0,87177000.0,0.47,0.46,0.47,2493373000.0,,2493373000.0,12412050756.0,42.0,28.356,167152000.0,0.896,1.0,414435000.0,0.878,1114542000.0,0.0,1094195000.0,,7349000.0,1192402000.0,503191000.0,689211000.0,995393000.0,889262000.0,106131000.0,12756754756.0,54284000.0,-10445000.0,1676000.0,0.0,0.0,26561000.0,-164369000.0,-128248000.0,190181000.0,1911000.0,87779000.0,87779000.0,87779000.0,0.0,0.0,0.186,332958000.0,81477000.0,58472000.0,0.0,5.116,47.102,46.422,247208000.0,0.0,68.24,7.102,7.088,273286000.0,1760769000.0,472233000.0,472233000.0,87399000.0,,,,,29849000.0,242138000.0,1.0,186939548.0,186558000,191004000.0,2.531,2382445000.0,79140000.0,-602000.0,0.0,12.771,497386000.0
44,CTXS,MRQ,2010-06-30,2010-06-30,2010-06-30,2021-08-25,-10590000.0,3318590000.0,,1311653000.0,2006937000.0,,12.565,-18811000.0,344704000.0,344704000.0,53555000.0,47557000.0,1.483,0.422,0.0,0.0,0.0,0.0,686363000.0,34160000.0,0.0,0.0,0.0,74693000.0,108853000.0,0.237,108853000.0,74693000.0,74693000.0,0.26,0.25,0.26,2327795000.0,,2327795000.0,7562284241.0,28.0,18.357,84408000.0,0.456,1.0,404878000.0,0.883,1110071000.0,0.0,979422000.0,,7374000.0,1063739000.0,478321000.0,585418000.0,982574000.0,884393000.0,98181000.0,7844131241.0,62857000.0,-761000.0,-70689000.0,0.0,0.0,-67618000.0,27050000.0,49564000.0,103219000.0,206000.0,47557000.0,47557000.0,47557000.0,0.0,0.0,0.104,331060000.0,73818000.0,52583000.0,0.0,3.37,33.171,32.736,242979000.0,0.0,42.23,4.548,4.536,319378000.0,1672990000.0,458433000.0,458433000.0,79543000.0,,,,,26978000.0,247406000.0,1.0,185747839.0,185256000,189278000.0,2.475,2208519000.0,82412000.0,27136000.0,0.0,11.921,427260000.0
45,CTXS,MRQ,2010-03-31,2010-03-31,2010-03-31,2021-08-25,-5675000.0,3238460000.0,,1086725000.0,2151735000.0,,12.642,-11261000.0,281847000.0,281847000.0,48699000.0,47349000.0,1.303,0.389,0.0,0.0,0.0,0.0,636287000.0,33995000.0,0.0,0.0,0.0,56008000.0,90003000.0,0.217,90003000.0,56008000.0,56008000.0,0.26,0.25,0.26,2326410000.0,,2326410000.0,8464823646.0,35.0,22.154,132304000.0,0.719,1.0,365573000.0,0.882,1123560000.0,0.0,999102000.0,,7337000.0,1109153000.0,391220000.0,717933000.0,903829000.0,833951000.0,69878000.0,8726266646.0,20404000.0,-9466000.0,54937000.0,0.0,0.0,65842000.0,-188563000.0,-160543000.0,143565000.0,-440000.0,47349000.0,47349000.0,47349000.0,0.0,0.0,0.114,313498000.0,52075000.0,54166000.0,0.0,3.751,37.704,37.675,243094000.0,0.0,47.47,5.259,5.264,242607000.0,1625433000.0,414272000.0,414272000.0,77702000.0,,,,,20795000.0,231139000.0,1.0,183826978.0,184018000,188842000.0,2.251,2114900000.0,80048000.0,8659000.0,0.0,11.493,252774000.0
46,CTXS,MRQ,2009-12-31,2009-12-31,2009-12-31,2021-08-25,-2060000.0,3091147000.0,,1039295000.0,2051852000.0,,11.985,-19446000.0,261443000.0,261443000.0,52615000.0,88148000.0,1.246,0.412,0.0,0.0,0.0,0.0,618850000.0,36254000.0,0.0,0.0,0.0,80957000.0,117211000.0,0.26,117211000.0,80957000.0,81200000.0,0.48,0.47,0.48,2188507000.0,,2188507000.0,7313420521.0,38.0,21.997,162467000.0,0.89,1.0,398545000.0,0.883,1113014000.0,-243000.0,882326000.0,,8664000.0,945814000.0,338168000.0,607646000.0,902640000.0,834364000.0,68276000.0,7613788521.0,-38925000.0,-1218000.0,-38091000.0,0.0,0.0,-41530000.0,-180542000.0,-162878000.0,181913000.0,1234000.0,88148000.0,88148000.0,88148000.0,0.0,0.0,0.195,320697000.0,77848000.0,57352000.0,0.0,3.479,39.859,39.629,247703000.0,0.0,41.61,4.717,4.687,304912000.0,1578084000.0,451160000.0,451160000.0,66918000.0,,,,,25179000.0,244429000.0,1.0,182979777.0,182597000,186908000.0,2.471,1978133000.0,92533000.0,-6948000.0,0.0,10.833,204931000.0
47,CTXS,MRQ,2009-09-30,2009-09-30,2009-09-30,2021-08-25,7520000.0,2913974000.0,,961265000.0,1952709000.0,,11.652,-16634000.0,300368000.0,300368000.0,45418000.0,53423000.0,1.325,0.37,0.0,0.0,0.0,0.0,555934000.0,34086000.0,0.0,0.0,0.0,61810000.0,95896000.0,0.239,95896000.0,61810000.0,61725000.0,0.29,0.29,0.29,2126864000.0,,2126864000.0,6886623224.0,37.0,21.435,117238000.0,0.642,1.0,355624000.0,0.887,1128830000.0,85000.0,759242000.0,,8793000.0,790000000.0,278299000.0,511701000.0,787110000.0,725534000.0,61576000.0,7180833224.0,6158000.0,-700000.0,-23062000.0,0.0,0.0,-19112000.0,-107253000.0,-88479000.0,133872000.0,-1349000.0,53423000.0,53423000.0,53423000.0,0.0,0.0,0.133,299524000.0,56100000.0,47220000.0,0.0,3.376,44.063,44.079,251174000.0,0.0,39.23,4.549,4.536,237897000.0,1489936000.0,401042000.0,401042000.0,68865000.0,,,,,24935000.0,225487000.0,1.0,183044436.0,182531000,186334000.0,2.197,1785144000.0,50235000.0,8302000.0,0.0,9.78,235731000.0
48,CTXS,MRQ,2009-06-30,2009-06-30,2009-06-30,2021-08-25,-5592000.0,2816268000.0,,952389000.0,1863879000.0,,11.279,-17269000.0,294210000.0,294210000.0,44061000.0,42519000.0,1.324,0.375,0.0,0.0,0.0,0.0,538050000.0,34143000.0,0.0,0.0,0.0,44829000.0,78972000.0,0.201,78972000.0,44829000.0,44795000.0,0.23,0.23,0.23,2047838000.0,,2047838000.0,5501230639.0,32.0,17.915,69174000.0,0.381,1.0,348767000.0,0.888,1141821000.0,34000.0,660707000.0,,9864000.0,693134000.0,285465000.0,407669000.0,768430000.0,719530000.0,48900000.0,5771053639.0,24387000.0,-220000.0,13105000.0,0.0,0.0,15498000.0,-77812000.0,-55698000.0,86443000.0,258000.0,42519000.0,42519000.0,42519000.0,0.0,0.0,0.108,309041000.0,39726000.0,42586000.0,0.0,2.818,36.366,36.655,254025000.0,0.0,31.89,3.661,3.673,224184000.0,1436513000.0,392828000.0,392828000.0,75160000.0,,,,,22453000.0,226682000.0,1.0,180967502.0,181567000,184740000.0,2.164,1674447000.0,49389000.0,2276000.0,0.0,9.222,232859000.0
49,CTXS,MRQ,2009-03-31,2009-03-31,2009-03-31,2021-08-25,-23999000.0,2712024000.0,,891055000.0,1820969000.0,,10.81,-22897000.0,269823000.0,269823000.0,45216000.0,6927000.0,1.24,0.391,0.0,0.0,0.0,0.0,535202000.0,34094000.0,0.0,0.0,0.0,6296000.0,40390000.0,0.109,40390000.0,6296000.0,6172000.0,0.04,0.04,0.04,1949527000.0,,1949527000.0,3750767610.0,23.0,12.716,58849000.0,0.326,1.0,323842000.0,0.877,1159849000.0,124000.0,563845000.0,,10038000.0,634151000.0,286736000.0,347415000.0,762497000.0,718507000.0,43990000.0,4077771610.0,-56298000.0,-1200000.0,-898000.0,0.0,0.0,-393000.0,-137258000.0,-112936000.0,81746000.0,-393000.0,6927000.0,6927000.0,6927000.0,0.0,0.0,0.019,318839000.0,5003000.0,40640000.0,0.0,2.092,27.036,27.277,257352000.0,0.0,22.64,2.588,2.592,198173000.0,1393994000.0,369058000.0,369058000.0,71037000.0,,,,,25757000.0,222078000.0,1.0,180113587.0,180347000,182373000.0,2.046,1552175000.0,55327000.0,-755000.0,0.0,8.607,172548000.0
50,CTXS,MRQ,2008-12-31,2008-12-31,2008-12-31,2021-08-25,-15852000.0,2694306000.0,,940140000.0,1754166000.0,,10.608,-93487000.0,326121000.0,326121000.0,46556000.0,60100000.0,1.286,0.405,0.0,0.0,0.0,0.0,533475000.0,33760000.0,0.0,0.0,0.0,72260000.0,106020000.0,0.255,106020000.0,72260000.0,72069000.0,0.33,0.33,0.33,1917865000.0,,1917865000.0,4000621037.0,20.0,12.46,72623000.0,0.402,1.0,369141000.0,0.888,1174726000.0,191000.0,462542000.0,,11226000.0,524760000.0,249175000.0,275585000.0,776441000.0,730917000.0,45524000.0,4281529037.0,108043000.0,-25884000.0,-24443000.0,0.0,0.0,-24263000.0,-34483000.0,93338000.0,166110000.0,679000.0,60100000.0,60100000.0,60100000.0,0.0,0.0,0.145,306020000.0,63121000.0,46672000.0,0.0,2.232,24.016,24.299,254334000.0,0.0,23.57,2.704,2.725,231296000.0,1387067000.0,415697000.0,415697000.0,70114000.0,,,,,29316000.0,228917000.0,1.0,181651635.0,180800000,183070000.0,2.299,1519580000.0,50728000.0,11969000.0,0.0,8.405,209223000.0
51,CTXS,MRQ,2008-09-30,2008-09-30,2008-09-30,2021-08-25,-34695000.0,2562905000.0,,893075000.0,1669830000.0,,10.067,-25272000.0,280908000.0,280908000.0,42288000.0,49149000.0,1.298,0.397,0.0,0.0,0.0,0.0,481160000.0,30668000.0,0.0,0.0,0.0,51023000.0,81691000.0,0.205,81691000.0,51023000.0,50880000.0,0.27,0.26,0.27,1834487000.0,,1834487000.0,4395721072.0,24.0,14.563,89414000.0,0.491,1.0,356605000.0,0.894,1155628000.0,143000.0,438453000.0,,12654000.0,549370000.0,242986000.0,306384000.0,728418000.0,687916000.0,40502000.0,4606916072.0,70697000.0,0.0,-69511000.0,0.0,0.0,-68932000.0,22128000.0,47837000.0,114686000.0,2815000.0,49149000.0,49149000.0,49149000.0,0.0,0.0,0.123,308906000.0,47699000.0,41996000.0,0.0,2.511,25.461,25.515,176475000.0,0.0,25.26,2.94,2.937,220772000.0,1326967000.0,398893000.0,398893000.0,72500000.0,,,,,29692000.0,230938000.0,1.0,182379892.0,182228000,185666000.0,2.189,1407277000.0,44072000.0,1731000.0,0.0,7.723,205159000.0
52,CTXS,MRQ,2008-06-30,2008-06-30,2008-06-30,2021-08-25,6845000.0,2569846000.0,,825878000.0,1743968000.0,,10.126,-31882000.0,211195000.0,211195000.0,45857000.0,34649000.0,1.233,0.382,0.0,0.0,0.0,0.0,475539000.0,31586000.0,0.0,0.0,0.0,35267000.0,66853000.0,0.171,66853000.0,35267000.0,35212000.0,0.19,0.18,0.19,1859171000.0,,1859171000.0,5141818938.0,25.0,16.357,42702000.0,0.233,1.0,345873000.0,0.883,1171679000.0,55000.0,517010000.0,,12821000.0,621825000.0,241454000.0,380371000.0,710675000.0,669962000.0,40713000.0,5397775938.0,-44752000.0,0.0,-54769000.0,0.0,0.0,-52014000.0,-67804000.0,-32122000.0,74584000.0,482000.0,34649000.0,34649000.0,34649000.0,0.0,0.0,0.088,316983000.0,28890000.0,44225000.0,0.0,2.903,28.042,27.745,166933000.0,0.0,29.41,3.555,3.556,225277000.0,1277818000.0,391730000.0,391730000.0,73965000.0,,,,,32900000.0,237311000.0,1.0,183535394.0,183595000,188021000.0,2.134,1398167000.0,44482000.0,563000.0,0.0,7.615,155916000.0
53,CTXS,MRQ,2008-03-31,2008-03-31,2008-03-31,2021-08-25,12166000.0,2547543000.0,,774972000.0,1772571000.0,,9.971,-30405000.0,255957000.0,255957000.0,40431000.0,34378000.0,1.175,0.377,0.0,0.0,0.0,0.0,458749000.0,27692000.0,0.0,0.0,0.0,38817000.0,66509000.0,0.176,66509000.0,38817000.0,38762000.0,0.19,0.18,0.19,1849443000.0,,1849443000.0,5147053427.0,21.0,15.377,76322000.0,0.411,1.0,336603000.0,0.893,1184603000.0,55000.0,447265000.0,,13805000.0,591657000.0,238577000.0,353080000.0,698100000.0,659718000.0,38382000.0,5434537427.0,-31616000.0,-2139000.0,-63363000.0,-407000.0,0.0,-61725000.0,-78463000.0,-18188000.0,106727000.0,1845000.0,34378000.0,34378000.0,34378000.0,0.0,0.0,0.091,306312000.0,30291000.0,46934000.0,0.0,2.938,25.728,25.068,151405000.0,0.0,29.33,3.72,3.724,186600000.0,1243169000.0,377034000.0,377034000.0,71530000.0,,,,,27288000.0,229082000.0,1.0,185289377.0,185486000,189987000.0,2.033,1362940000.0,43689000.0,4384000.0,0.0,7.348,115254000.0
54,CTXS,MRQ,2007-12-31,2007-12-31,2007-12-31,2021-08-25,5751000.0,2534693000.0,,934345000.0,1600348000.0,,9.845,-28056000.0,287484000.0,287484000.0,40323000.0,62765000.0,1.428,0.379,0.0,0.0,0.0,0.0,442686000.0,25985000.0,0.0,0.0,0.0,60813000.0,86798000.0,0.217,86798000.0,60813000.0,60652000.0,0.34,0.32,0.34,1838325000.0,,1838325000.0,6783524851.0,27.0,20.139,84407000.0,0.452,1.0,359236000.0,0.899,1164831000.0,161000.0,428104000.0,,9629000.0,574761000.0,356085000.0,218676000.0,696368000.0,654274000.0,42094000.0,7210690851.0,-139708000.0,-81946000.0,-138840000.0,0.0,0.0,-129198000.0,-122614000.0,-9362000.0,112463000.0,-359000.0,62765000.0,62765000.0,62765000.0,0.0,0.0,0.157,309778000.0,49458000.0,55586000.0,0.0,3.922,33.619,32.212,134907000.0,0.0,38.01,5.18,4.956,225861000.0,1208791000.0,399559000.0,399559000.0,61460000.0,,,,,22860000.0,234069000.0,1.0,189705100.0,186724000,192954000.0,2.14,1369862000.0,43026000.0,-2113000.0,0.0,7.336,280071000.0
55,CTXS,MRQ,2007-09-30,2007-09-30,2007-09-30,2021-08-25,8064000.0,2312876000.0,,1036130000.0,1276746000.0,,9.17,-24849000.0,427166000.0,427166000.0,36006000.0,60695000.0,1.668,0.4,0.0,0.0,0.0,0.0,395501000.0,20492000.0,0.0,0.0,0.0,73699000.0,94191000.0,0.269,94191000.0,73699000.0,73445000.0,0.34,0.33,0.34,1652375000.0,,1652375000.0,6688619550.0,26.0,19.764,60126000.0,0.334,1.0,313925000.0,0.897,819312000.0,254000.0,445120000.0,,6809000.0,565294000.0,347530000.0,217764000.0,660501000.0,621278000.0,39223000.0,7247740550.0,-131989000.0,-6137000.0,-62810000.0,0.0,0.0,-57126000.0,-160986000.0,-132750000.0,84975000.0,1148000.0,60695000.0,60695000.0,60695000.0,0.0,0.0,0.173,253941000.0,59984000.0,41489000.0,0.0,4.386,35.42,35.368,114909000.0,0.0,40.32,5.518,5.532,190536000.0,1146026000.0,349931000.0,349931000.0,49332000.0,,,,,14736000.0,200669000.0,1.0,179755470.0,180189000,186747000.0,1.942,1493564000.0,105550000.0,12750000.0,22532000.0,8.289,414852000.0
56,CTXS,MRQ,2007-06-30,2007-06-30,2007-06-30,2021-08-25,3256000.0,2282922000.0,,1030843000.0,1252079000.0,,9.072,-17401000.0,559121000.0,559121000.0,31864000.0,53390000.0,1.676,0.4,0.0,0.0,0.0,0.0,394690000.0,19880000.0,0.0,0.0,0.0,67340000.0,87220000.0,0.261,87220000.0,67340000.0,67242000.0,0.3,0.29,0.3,1630996000.0,,1630996000.0,5799976832.0,24.0,18.276,84920000.0,0.472,1.0,302500000.0,0.905,823773000.0,98000.0,284920000.0,,6791000.0,432261000.0,234151000.0,198110000.0,651926000.0,615108000.0,36818000.0,6080301832.0,45875000.0,-2697000.0,0.0,0.0,0.0,0.0,-57048000.0,-36950000.0,102321000.0,602000.0,53390000.0,53390000.0,53390000.0,0.0,0.0,0.16,247766000.0,54734000.0,43884000.0,0.0,3.728,32.413,32.375,105132000.0,0.0,33.67,4.898,4.876,177418000.0,1085331000.0,334364000.0,334364000.0,47767000.0,,,,,11786000.0,196348000.0,1.0,180585145.0,179774000,185434000.0,1.86,1459149000.0,104919000.0,13852000.0,24721000.0,8.117,415735000.0
57,CTXS,MRQ,2007-03-31,2007-03-31,2007-03-31,2021-08-25,3410000.0,2187380000.0,,939628000.0,1247752000.0,,8.735,-15613000.0,513242000.0,513242000.0,29414000.0,37633000.0,1.606,0.397,0.0,0.0,0.0,0.0,376202000.0,18840000.0,0.0,0.0,0.0,49793000.0,68633000.0,0.223,68633000.0,49793000.0,49569000.0,0.21,0.2,0.21,1565973000.0,,1565973000.0,5503817194.0,23.0,18.04,106903000.0,0.596,1.0,278674000.0,0.905,830632000.0,224000.0,258308000.0,,9709000.0,395898000.0,200185000.0,195713000.0,621407000.0,585198000.0,36209000.0,5784142194.0,100517000.0,-57275000.0,60075000.0,-8000000.0,0.0,54502000.0,-76953000.0,-1315000.0,122516000.0,452000.0,37633000.0,37633000.0,37633000.0,0.0,0.0,0.122,240443000.0,38231000.0,46821000.0,0.0,3.694,32.284,32.354,99732000.0,0.0,32.03,4.892,4.857,168047000.0,1031941000.0,308088000.0,308088000.0,46544000.0,,,,,13885000.0,188552000.0,1.0,180585145.0,179282000,184357000.0,1.718,1356748000.0,102056000.0,11936000.0,20457000.0,7.568,354430000.0
58,CTXS,MRQ,2006-12-31,2006-12-31,2006-12-31,2021-08-25,4180000.0,2024473000.0,,811737000.0,1212736000.0,,8.148,-16538000.0,412869000.0,412869000.0,27984000.0,52903000.0,1.516,0.383,0.0,0.0,0.0,0.0,356288000.0,17255000.0,0.0,0.0,0.0,71130000.0,88385000.0,0.275,88385000.0,71130000.0,70975000.0,0.29,0.28,0.29,1464289000.0,,1464289000.0,4604503172.0,19.0,14.97,79406000.0,0.442,1.0,293018000.0,0.913,762152000.0,155000.0,313909000.0,,6619000.0,394327000.0,152652000.0,241675000.0,560184000.0,535543000.0,24641000.0,4884828172.0,132515000.0,-494000.0,-80300000.0,0.0,0.0,-73138000.0,108316000.0,125348000.0,95944000.0,1393000.0,52903000.0,52903000.0,52903000.0,0.0,0.0,0.165,233056000.0,59962000.0,45217000.0,0.0,3.336,26.693,26.782,92580000.0,0.0,27.05,4.306,4.316,204974000.0,1006706000.0,321002000.0,321002000.0,42262000.0,,,,,4821000.0,186402000.0,1.0,180585145.0,179714000,184479000.0,1.786,1262321000.0,94386000.0,18072000.0,11892000.0,7.024,276194000.0
59,CTXS,MRQ,2006-09-30,2006-09-30,2006-09-30,2021-08-25,1145000.0,1956847000.0,,701599000.0,1255248000.0,,8.057,-14096000.0,280325000.0,280325000.0,24344000.0,43660000.0,1.546,0.327,0.0,0.0,0.0,0.0,314462000.0,15903000.0,0.0,0.0,0.0,57219000.0,73122000.0,0.263,73122000.0,57219000.0,57082000.0,0.24,0.23,0.24,1474507000.0,,1474507000.0,6247273766.0,25.0,20.333,56776000.0,0.31,1.0,253507000.0,0.912,773764000.0,137000.0,448902000.0,,5415000.0,519796000.0,240598000.0,279198000.0,482340000.0,453856000.0,28484000.0,6655641766.0,-128050000.0,-47520000.0,-121427000.0,-3850000.0,0.0,-110116000.0,-88806000.0,-27190000.0,70872000.0,0.0,43660000.0,43660000.0,43660000.0,0.0,0.0,0.157,208440000.0,45067000.0,38917000.0,0.0,4.514,35.345,34.486,86821000.0,0.0,36.21,6.151,6.125,149343000.0,1082373000.0,277851000.0,277851000.0,40104000.0,,,,,17283000.0,162976000.0,1.0,183806732.0,183008000,188917000.0,1.518,1183083000.0,89119000.0,13422000.0,0.0,6.465,247743000.0
60,CTXS,MRQ,2006-06-30,2006-06-30,2006-06-30,2021-08-25,2312000.0,1991933000.0,,862731000.0,1129202000.0,,8.302,-12514000.0,408368000.0,408368000.0,24241000.0,44971000.0,1.915,0.311,0.0,0.0,0.0,0.0,310725000.0,15171000.0,0.0,0.0,0.0,59786000.0,74957000.0,0.272,74957000.0,59786000.0,59651000.0,0.25,0.23,0.25,1519466000.0,,1519466000.0,6817244015.0,28.0,22.816,50592000.0,0.276,1.0,251227000.0,0.912,727059000.0,135000.0,406046000.0,,4817000.0,491136000.0,276244000.0,214892000.0,472467000.0,450460000.0,22007000.0,7304173015.0,-78603000.0,-13448000.0,106106000.0,0.0,0.0,123304000.0,-265013000.0,-239516000.0,63106000.0,0.0,44971000.0,44971000.0,44971000.0,0.0,0.0,0.163,201886000.0,49341000.0,38252000.0,0.0,4.807,39.355,38.19,81314000.0,0.0,40.1,7.084,7.118,136175000.0,1035755000.0,275468000.0,275468000.0,38280000.0,,,,,14294000.0,159456000.0,1.0,182148953.0,183023000,191425000.0,1.505,1264874000.0,79879000.0,14680000.0,0.0,6.911,412271000.0
61,CTXS,MRQ,2006-03-31,2006-03-31,2006-03-31,2021-08-25,-2637000.0,1776859000.0,,781462000.0,995397000.0,,7.454,-8903000.0,486929000.0,486929000.0,22129000.0,41463000.0,1.821,0.338,0.0,0.0,0.0,0.0,292452000.0,15254000.0,0.0,0.0,0.0,55873000.0,71127000.0,0.274,71127000.0,55873000.0,55373000.0,0.23,0.22,0.23,1328077000.0,,1328077000.0,6247392428.0,27.0,21.606,88498000.0,0.497,1.0,237869000.0,0.915,720789000.0,500000.0,139971000.0,,3954000.0,252512000.0,157073000.0,95439000.0,448782000.0,429170000.0,19612000.0,6764155428.0,-60843000.0,0.0,52116000.0,-31000000.0,0.0,33510000.0,-191754000.0,-182386000.0,97401000.0,0.0,41463000.0,41463000.0,41463000.0,0.0,0.0,0.159,188895000.0,48974000.0,35297000.0,0.0,5.093,40.14,39.479,76293000.0,0.0,37.9,6.996,6.984,116418000.0,989305000.0,259998000.0,259998000.0,34685000.0,,,,,13883000.0,150178000.0,1.0,178473758.0,178169000,185988000.0,1.459,1056070000.0,76824000.0,13910000.0,0.0,5.927,352292000.0
62,CTXS,MRQ,2005-12-31,2005-12-31,2005-12-31,2021-08-25,-4463000.0,1698982000.0,,727409000.0,971573000.0,,6.896,-9678000.0,547763000.0,547763000.0,21617000.0,58210000.0,1.682,0.399,31000000.0,0.0,31000000.0,31000000.0,286026000.0,15487000.0,0.0,0.0,0.0,72557000.0,88044000.0,0.328,88044000.0,72557000.0,71215000.0,0.33,0.32,0.33,1214528000.0,,1214528000.0,4569529891.0,20.0,16.488,69558000.0,0.395,1.0,247039000.0,0.92,729327000.0,1342000.0,20538000.0,,3933000.0,70186000.0,18900000.0,51286000.0,484454000.0,432354000.0,52100000.0,5066502891.0,-24196000.0,-31671000.0,1842000.0,-44000000.0,0.0,-43256000.0,-60176000.0,-18827000.0,79236000.0,0.0,58210000.0,58210000.0,58210000.0,0.0,0.0,0.217,180865000.0,66174000.0,33495000.0,0.0,4.172,30.593,29.927,73727000.0,0.0,28.73,5.575,5.445,142015000.0,823709000.0,268656000.0,268656000.0,29744000.0,,,,,21756000.0,147037000.0,1.0,176348865.0,176121000,181761000.0,1.525,969655000.0,92894000.0,13005000.0,1329000.0,5.506,295055000.0
63,CTXS,MRQ,2005-09-30,2005-09-30,2005-09-30,2021-08-25,-3940000.0,1612937000.0,,695654000.0,917283000.0,,6.485,-4659000.0,571973000.0,571973000.0,15916000.0,40953000.0,1.742,0.439,75000000.0,0.0,75000000.0,75000000.0,255494000.0,13241000.0,0.0,0.0,0.0,51423000.0,64664000.0,0.285,64664000.0,51423000.0,50363000.0,0.24,0.23,0.24,1121060000.0,,1121060000.0,3930139598.0,18.0,15.362,70746000.0,0.409,1.0,211031000.0,0.93,712458000.0,1060000.0,4180000.0,,0.0,51347000.0,0.0,51347000.0,491877000.0,399326000.0,92551000.0,4283451598.0,300558000.0,-136676000.0,-69335000.0,75000000.0,0.0,5665000.0,219488000.0,360823000.0,75405000.0,0.0,40953000.0,40953000.0,40953000.0,0.0,0.0,0.18,166238000.0,44793000.0,17791000.0,0.0,3.821,26.866,26.745,70061000.0,0.0,25.14,5.016,5.089,111130000.0,885685000.0,226947000.0,226947000.0,27540000.0,,,,,6627000.0,128551000.0,1.0,170383914.0,172870000,178210000.0,1.313,900479000.0,55126000.0,9410000.0,23199000.0,5.209,296328000.0
64,CTXS,MRQ,2005-06-30,2005-06-30,2005-06-30,2021-08-25,-2899000.0,1383735000.0,,565455000.0,818280000.0,,5.83,-7718000.0,353312000.0,353312000.0,11365000.0,27886000.0,1.497,0.399,0.0,0.0,0.0,0.0,242671000.0,11249000.0,0.0,0.0,0.0,54062000.0,65311000.0,0.309,65311000.0,54062000.0,54046000.0,0.16,0.16,0.16,989267000.0,,989267000.0,3398216595.0,16.0,13.511,57384000.0,0.338,1.0,199864000.0,0.946,439153000.0,16000.0,213460000.0,,0.0,331543000.0,183278000.0,148265000.0,394468000.0,377810000.0,16658000.0,3666339595.0,86726000.0,0.0,21957000.0,0.0,0.0,21957000.0,-333000.0,7385000.0,65102000.0,0.0,27886000.0,27886000.0,27886000.0,0.0,0.0,0.132,150801000.0,49063000.0,17389000.0,0.0,3.706,23.362,23.29,69389000.0,0.0,21.66,4.5,4.512,98861000.0,844732000.0,211229000.0,211229000.0,26402000.0,,,,,9453000.0,122185000.0,1.0,169267756.0,169698000,175146000.0,1.245,944582000.0,47714000.0,26160000.0,22095000.0,5.566,187645000.0
65,CTXS,MRQ,2005-03-31,2005-03-31,2005-03-31,2021-08-25,2795000.0,1290225000.0,,472315000.0,817910000.0,,5.499,-4322000.0,268123000.0,268123000.0,9201000.0,38560000.0,1.404,0.379,0.0,0.0,0.0,0.0,229983000.0,10381000.0,0.0,0.0,0.0,48738000.0,59119000.0,0.293,59119000.0,48738000.0,48730000.0,0.23,0.22,0.23,935665000.0,,935665000.0,3814621401.0,19.0,16.111,69078000.0,0.406,1.0,192689000.0,0.954,443796000.0,8000.0,241847000.0,,0.0,337076000.0,189691000.0,147385000.0,354560000.0,336459000.0,18101000.0,4037157401.0,47462000.0,0.0,-27222000.0,0.0,0.0,-27222000.0,1284000.0,5606000.0,73400000.0,0.0,38560000.0,38560000.0,38560000.0,0.0,0.0,0.191,149047000.0,43642000.0,15196000.0,0.0,4.315,25.15,25.074,68235000.0,0.0,23.82,5.164,5.184,85459000.0,816846000.0,201890000.0,201890000.0,25065000.0,,,,,4612000.0,121805000.0,1.0,169486037.0,170139000,175913000.0,1.187,846429000.0,44113000.0,10170000.0,0.0,4.975,135856000.0
66,CTXS,MRQ,2004-12-31,2004-12-31,2004-12-31,2021-08-25,7489000.0,1286084000.0,,426580000.0,859504000.0,,5.456,-5114000.0,222536000.0,222536000.0,2088000.0,52039000.0,1.247,0.391,0.0,0.0,0.0,0.0,225143000.0,3502000.0,0.0,0.0,0.0,63238000.0,66740000.0,0.312,66740000.0,63238000.0,63061000.0,0.31,0.29,0.31,924905000.0,,924905000.0,3945724857.0,23.0,19.49,75095000.0,0.443,1.0,211879000.0,0.99,448624000.0,177000.0,272765000.0,,783000.0,343630000.0,159656000.0,183974000.0,361179000.0,342159000.0,19020000.0,4143379857.0,-19338000.0,-50038000.0,-894000.0,1000.0,0.0,-893000.0,-98654000.0,-43502000.0,80209000.0,0.0,52039000.0,52039000.0,52039000.0,0.0,0.0,0.243,153024000.0,58855000.0,17554000.0,0.0,4.48,31.56,31.359,69281000.0,0.0,24.46,5.59,5.573,108399000.0,778286000.0,213967000.0,213967000.0,23611000.0,,,,,2911000.0,127302000.0,1.0,169394107.0,169531000,175763000.0,1.262,837460000.0,43881000.0,11022000.0,2198000.0,4.94,84421000.0
67,CTXS,MRQ,2004-09-30,2004-09-30,2004-09-30,2021-08-25,1069000.0,1173830000.0,,376777000.0,797053000.0,,5.081,-7562000.0,239511000.0,239511000.0,8775000.0,38448000.0,1.283,0.366,0.0,0.0,0.0,0.0,202312000.0,10703000.0,0.0,0.0,0.0,49637000.0,60340000.0,0.322,60340000.0,49637000.0,49630000.0,0.23,0.22,0.23,859519000.0,,859519000.0,2779436295.0,18.0,14.436,54655000.0,0.323,1.0,178803000.0,0.953,387432000.0,7000.0,253332000.0,,0.0,301411000.0,116094000.0,185317000.0,314311000.0,293555000.0,20756000.0,2963394295.0,-13861000.0,0.0,-34248000.0,-1000.0,0.0,-34249000.0,-41829000.0,-30425000.0,62217000.0,0.0,38448000.0,38448000.0,38448000.0,0.0,0.0,0.205,132480000.0,46323000.0,102661000.0,0.0,3.448,25.652,25.391,70419000.0,0.0,17.52,4.327,4.327,90115000.0,725988000.0,187578000.0,187578000.0,21832000.0,,,,,7680000.0,108754000.0,1.0,169143510.0,169148000,172870000.0,1.109,786398000.0,50690000.0,11182000.0,0.0,4.649,83222000.0
68,CTXS,MRQ,2004-06-30,2004-06-30,2004-06-30,2021-08-25,624000.0,1158103000.0,,362072000.0,796031000.0,,4.974,-7586000.0,249836000.0,249836000.0,8523000.0,31475000.0,1.241,0.367,0.0,0.0,0.0,0.0,193779000.0,10718000.0,0.0,0.0,0.0,39849000.0,50567000.0,0.284,50567000.0,39849000.0,39841000.0,0.18,0.18,0.18,847195000.0,,847195000.0,3264342062.0,22.0,17.691,37303000.0,0.219,1.0,169779000.0,0.952,388582000.0,8000.0,228001000.0,,0.0,272020000.0,85417000.0,186603000.0,310908000.0,291684000.0,19224000.0,3465444062.0,-24877000.0,0.0,-33533000.0,0.0,0.0,-33533000.0,-36233000.0,-17147000.0,44889000.0,0.0,31475000.0,31475000.0,31475000.0,0.0,0.0,0.177,132687000.0,37092000.0,107682000.0,0.0,4.09,32.067,31.323,68932000.0,0.0,20.36,5.4,5.404,86479000.0,687541000.0,178302000.0,178302000.0,22173000.0,,,,,8150000.0,108641000.0,1.0,170208451.0,170327000,176273000.0,1.047,769521000.0,52350000.0,8366000.0,0.0,4.518,70388000.0
69,CTXS,MRQ,2004-03-31,2004-03-31,2004-03-31,2021-08-25,5347000.0,1151549000.0,,365287000.0,786262000.0,,5.081,-4150000.0,280948000.0,280948000.0,7270000.0,9325000.0,1.307,0.361,0.0,0.0,0.0,0.0,183680000.0,8655000.0,0.0,0.0,0.0,16148000.0,24803000.0,0.154,24803000.0,16148000.0,11804000.0,0.06,0.05,0.06,845827000.0,,845827000.0,3601836080.0,24.0,19.573,73816000.0,0.443,1.0,154040000.0,0.955,381987000.0,4344000.0,209165000.0,,0.0,255200000.0,74668000.0,180532000.0,305722000.0,279449000.0,26273000.0,3609756080.0,-51408000.0,-90750000.0,10235000.0,-355659000.0,0.0,-345424000.0,216050000.0,312392000.0,77966000.0,0.0,9325000.0,9325000.0,9325000.0,0.0,0.0,0.058,137343000.0,16697000.0,106742000.0,0.0,4.268,34.074,33.262,67026000.0,0.0,21.62,5.952,5.934,67646000.0,656065000.0,161310000.0,161310000.0,19038000.0,,,,,3953000.0,98879000.0,1.0,166963741.0,166457000,172584000.0,0.969,769562000.0,51825000.0,2479000.0,0.0,4.623,85838000.0
70,CTXS,MRQ,2003-12-31,2003-12-31,2003-12-31,2021-08-25,7810000.0,1344939000.0,,765571000.0,579368000.0,,4.302,-4087000.0,329429000.0,329429000.0,7643000.0,36275000.0,1.237,0.903,351423000.0,351423000.0,0.0,351423000.0,165075000.0,7728000.0,0.0,0.0,0.0,49096000.0,56824000.0,0.36,56824000.0,49096000.0,44446000.0,0.22,0.21,0.22,706798000.0,,706798000.0,3555180148.0,20.0,16.667,64952000.0,0.395,1.0,150101000.0,0.952,173664000.0,4650000.0,574452000.0,,0.0,568842000.0,385431000.0,183411000.0,638141000.0,618817000.0,19324000.0,3472773148.0,85652000.0,0.0,23864000.0,0.0,0.0,23865000.0,-7252000.0,-3165000.0,69039000.0,0.0,36275000.0,36275000.0,36275000.0,0.0,0.0,0.23,107854000.0,42247000.0,114456000.0,0.0,4.913,27.357,27.481,65837000.0,0.0,21.16,5.9,5.943,87464000.0,646740000.0,157744000.0,157744000.0,17418000.0,,,,,-6406000.0,90365000.0,1.0,164119714.0,164306000,172383000.0,0.96,1171275000.0,54708000.0,8171000.0,0.0,7.129,146754000.0
71,CTXS,MRQ,2003-09-30,2003-09-30,2003-09-30,2021-08-25,4483000.0,1243816000.0,,691330000.0,552486000.0,,3.954,-3090000.0,264469000.0,264469000.0,8151000.0,30995000.0,1.185,0.914,346876000.0,346876000.0,0.0,346876000.0,144565000.0,8035000.0,0.0,0.0,0.0,44295000.0,52330000.0,0.363,52330000.0,44295000.0,39737000.0,0.19,0.18,0.19,649737000.0,,649737000.0,3736232827.0,20.0,17.018,69490000.0,0.423,1.0,136190000.0,0.944,174768000.0,4558000.0,568173000.0,,0.0,546215000.0,250608000.0,295607000.0,594079000.0,583282000.0,10797000.0,3642020827.0,11258000.0,0.0,-44563000.0,0.0,0.0,-44565000.0,-16757000.0,-12681000.0,72580000.0,0.0,30995000.0,30995000.0,30995000.0,0.0,0.0,0.215,97474000.0,38716000.0,102638000.0,0.0,5.605,27.965,28.372,66927000.0,0.0,22.13,6.283,6.273,85563000.0,610466000.0,144341000.0,144341000.0,15656000.0,,,,,7696000.0,81751000.0,1.0,164573919.0,164310000,171111000.0,0.878,1069048000.0,58085000.0,8742000.0,0.0,6.506,108048000.0
72,CTXS,MRQ,2003-06-30,2003-06-30,2003-06-30,2021-08-25,5885000.0,1230414000.0,,647689000.0,582725000.0,,3.972,-2484000.0,248222000.0,248222000.0,7673000.0,29344000.0,1.147,0.873,342434000.0,342434000.0,0.0,342434000.0,128151000.0,8421000.0,0.0,0.0,0.0,41639000.0,50060000.0,0.35,50060000.0,41639000.0,37116000.0,0.18,0.17,0.18,657012000.0,,657012000.0,3552052782.0,22.0,17.71,51919000.0,0.314,1.0,135376000.0,0.946,177013000.0,4523000.0,582808000.0,,0.0,541149000.0,221780000.0,319369000.0,573402000.0,564805000.0,8597000.0,3365867782.0,3265000.0,0.0,10329000.0,0.0,0.0,10323000.0,-61461000.0,-58977000.0,54403000.0,0.0,29344000.0,29344000.0,29344000.0,0.0,0.0,0.205,99878000.0,35498000.0,102817000.0,0.0,5.123,29.002,29.507,69541000.0,0.0,20.36,6.073,6.076,84246000.0,579471000.0,143049000.0,143049000.0,16244000.0,,,,,6254000.0,83572000.0,1.0,165317671.0,165409000,171925000.0,0.865,1053401000.0,55049000.0,7772000.0,0.0,6.368,82884000.0
73,CTXS,MRQ,2003-03-31,2003-03-31,2003-03-31,2021-08-25,4543000.0,1153773000.0,,561730000.0,592043000.0,,3.618,-1402000.0,151819000.0,151819000.0,7605000.0,30329000.0,1.048,0.906,338004000.0,338004000.0,0.0,338004000.0,110699000.0,10152000.0,0.0,0.0,0.0,43937000.0,54089000.0,0.377,54089000.0,43937000.0,39388000.0,0.18,0.18,0.18,605320000.0,,605320000.0,2362129797.0,17.0,13.386,58007000.0,0.347,1.0,135886000.0,0.947,180943000.0,4549000.0,622916000.0,,0.0,570818000.0,250641000.0,320177000.0,548453000.0,536099000.0,12354000.0,2171280797.0,444000.0,0.0,-55761000.0,0.0,0.0,-55111000.0,-3854000.0,-2080000.0,59409000.0,0.0,30329000.0,30329000.0,30329000.0,0.0,0.0,0.211,97958000.0,37928000.0,95327000.0,0.0,3.587,22.256,23.088,73053000.0,0.0,13.16,4.107,4.165,68733000.0,550127000.0,143491000.0,143491000.0,15125000.0,,,,,2745000.0,82733000.0,1.0,164990942.0,167300000,170402000.0,0.858,972830000.0,54452000.0,9059000.0,0.0,5.815,25631000.0
74,CTXS,MRQ,2002-12-31,2002-12-31,2002-12-31,2021-08-25,3833000.0,1161531000.0,,333516000.0,828015000.0,,3.603,-2002000.0,254456000.0,254456000.0,15956000.0,39567000.0,1.828,0.89,333549000.0,0.0,333549000.0,333549000.0,103991000.0,9213000.0,0.0,0.0,0.0,53852000.0,63065000.0,0.424,63065000.0,53852000.0,49212000.0,0.23,0.22,0.23,614590000.0,,614590000.0,2318749224.0,18.0,13.422,60606000.0,0.355,1.0,132828000.0,0.893,183213000.0,4640000.0,874974000.0,,0.0,464948000.0,95780000.0,369168000.0,546941000.0,182437000.0,364504000.0,2106962224.0,10790000.0,0.0,-15597000.0,0.0,0.0,-14350000.0,-37468000.0,-32466000.0,62608000.0,0.0,39567000.0,39567000.0,39567000.0,0.0,0.0,0.266,87554000.0,45274000.0,86474000.0,0.0,3.428,22.434,23.245,76534000.0,0.0,12.32,3.995,4.144,69471000.0,519797000.0,148784000.0,148784000.0,15869000.0,,,,,3653000.0,79788000.0,1.0,171019661.0,170576000,172927000.0,0.872,978318000.0,55102000.0,9645000.0,0.0,5.735,151079000.0
75,CTXS,MRQ,2002-09-30,2002-09-30,2002-09-30,2021-08-25,4432000.0,1108858000.0,,364051000.0,744807000.0,,3.421,-4555000.0,117560000.0,117560000.0,4375000.0,16815000.0,2.155,0.851,329347000.0,0.0,329347000.0,329347000.0,93772000.0,9734000.0,0.0,0.0,0.0,23615000.0,33349000.0,0.28,33349000.0,23615000.0,19312000.0,0.1,0.1,0.1,599184000.0,,599184000.0,1311693097.0,11.0,7.395,59159000.0,0.338,1.0,114523000.0,0.963,181013000.0,4303000.0,970683000.0,,2538000.0,554948000.0,129250000.0,425698000.0,509674000.0,168949000.0,340725000.0,1054967097.0,24259000.0,0.0,-83264000.0,-22698000.0,0.0,-105475000.0,66020000.0,70575000.0,63714000.0,0.0,16815000.0,16815000.0,16815000.0,0.0,0.0,0.141,97155000.0,17368000.0,82951000.0,0.0,1.761,13.188,13.705,81986000.0,0.0,6.03,1.966,1.968,51895000.0,480230000.0,118898000.0,118898000.0,17146000.0,,,,,1363000.0,77363000.0,1.0,174953084.0,175127000,175891000.0,0.679,927845000.0,55932000.0,2497000.0,0.0,5.298,195102000.0
76,CTXS,MRQ,2002-06-30,2002-06-30,2002-06-30,2021-08-25,6607000.0,1201469000.0,,357442000.0,844027000.0,,3.721,-4329000.0,93301000.0,93301000.0,4758000.0,10849000.0,2.041,0.794,350027000.0,0.0,350027000.0,350027000.0,87764000.0,10495000.0,0.0,0.0,0.0,15461000.0,25956000.0,0.221,25956000.0,15461000.0,10849000.0,0.06,0.06,0.06,669556000.0,,669556000.0,1360209226.0,10.0,6.393,28551000.0,0.159,1.0,112698000.0,0.959,183416000.0,4612000.0,1099631000.0,,2438000.0,626038000.0,104539000.0,521499000.0,531913000.0,175148000.0,356765000.0,1099281226.0,8731000.0,0.0,-9962000.0,0.0,0.0,-9967000.0,-14182000.0,-9853000.0,32880000.0,0.0,10849000.0,10849000.0,10849000.0,0.0,0.0,0.092,102422000.0,10276000.0,94122000.0,0.0,1.642,12.084,12.327,85267000.0,0.0,6.04,1.924,1.902,69665000.0,463415000.0,117456000.0,117456000.0,17059000.0,,,,,15464000.0,82752000.0,1.0,182000203.0,179935000,181262000.0,0.653,1018053000.0,75080000.0,0.0,0.0,5.658,182294000.0
77,CTXS,MRQ,2002-03-31,2002-03-31,2002-03-31,2021-08-25,-337000.0,1177488000.0,,333954000.0,843534000.0,,3.482,-8218000.0,84570000.0,84570000.0,4752000.0,26689000.0,1.862,0.836,345498000.0,0.0,345498000.0,345498000.0,84233000.0,11996000.0,0.0,0.0,0.0,38392000.0,50388000.0,0.354,50388000.0,38392000.0,33784000.0,0.14,0.14,0.14,641278000.0,,641278000.0,3365895337.0,20.0,13.695,19683000.0,0.107,1.0,137558000.0,0.967,185845000.0,4608000.0,1073187000.0,,3014000.0,616368000.0,100468000.0,515900000.0,536210000.0,179384000.0,356826000.0,3159374337.0,-55123000.0,-10680000.0,-50878000.0,-5075000.0,0.0,-54394000.0,-28630000.0,-9732000.0,27901000.0,0.0,26689000.0,26689000.0,26689000.0,0.0,0.0,0.188,106616000.0,30942000.0,101496000.0,0.0,4.927,30.669,31.418,89465000.0,0.0,17.28,5.256,5.294,79504000.0,452566000.0,142310000.0,142310000.0,18849000.0,,,,,5255000.0,84436000.0,1.0,182834163.0,184174000,187465000.0,0.773,991643000.0,67230000.0,7095000.0,0.0,5.384,154570000.0
78,CTXS,MRQ,2001-12-31,2001-12-31,2001-12-31,2021-08-25,-84000.0,1208230000.0,,346055000.0,862175000.0,,3.477,-20700000.0,139693000.0,139693000.0,19344000.0,25641000.0,1.798,0.866,346214000.0,0.0,346214000.0,346214000.0,86204000.0,25329000.0,0.0,0.0,0.0,42360000.0,67689000.0,0.428,67689000.0,42360000.0,37161000.0,0.14,0.13,0.14,647330000.0,,647330000.0,4435029759.0,26.0,17.551,41914000.0,0.225,1.0,138704000.0,0.878,188977000.0,5199000.0,1033273000.0,,3568000.0,606972000.0,77078000.0,529894000.0,560900000.0,192501000.0,368399000.0,4253684759.0,-12432000.0,-21000.0,-47709000.0,-2141000.0,0.0,-45364000.0,-29682000.0,-8961000.0,62614000.0,0.0,25641000.0,25641000.0,25641000.0,0.0,0.0,0.162,104525000.0,34179000.0,111928000.0,0.0,6.571,40.411,39.754,90110000.0,0.0,22.66,7.19,7.103,65032000.0,425877000.0,158048000.0,158048000.0,16476000.0,,,,,5479000.0,84249000.0,1.0,187717774.0,186195000,191048000.0,0.849,1019253000.0,64311000.0,11520000.0,0.0,5.474,153554000.0
79,CTXS,MRQ,2001-09-30,2001-09-30,2001-09-30,2021-08-25,-740000.0,1211934000.0,,353131000.0,858803000.0,,3.521,-7437000.0,162225000.0,162225000.0,7573000.0,27790000.0,1.88,0.847,343570000.0,0.0,343570000.0,343570000.0,94050000.0,22057000.0,0.0,0.0,0.0,46675000.0,68732000.0,0.448,68732000.0,46675000.0,40275000.0,0.15,0.14,0.15,656041000.0,,656041000.0,3827580507.0,24.0,16.568,45556000.0,0.245,1.0,145922000.0,0.951,196390000.0,6400000.0,1009080000.0,,3733000.0,587881000.0,53680000.0,534201000.0,555893000.0,187809000.0,368084000.0,3703670507.0,-53036000.0,-10467000.0,-26335000.0,0.0,0.0,-21230000.0,-84799000.0,-66895000.0,52993000.0,0.0,27790000.0,27790000.0,27790000.0,0.0,0.0,0.181,113538000.0,32384000.0,98989000.0,0.0,5.645,37.412,37.358,79682000.0,0.0,19.8,6.65,6.624,79203000.0,400236000.0,153495000.0,153495000.0,16899000.0,,,,,12208000.0,81744000.0,1.0,187054066.0,186308000,196835000.0,0.824,1015544000.0,54939000.0,12485000.0,0.0,5.451,165322000.0
80,CTXS,MRQ,2001-06-30,2001-06-30,2001-06-30,2021-08-25,1785000.0,1185430000.0,,375980000.0,809450000.0,,3.536,-8214000.0,215261000.0,215261000.0,7223000.0,22894000.0,2.055,0.817,339171000.0,0.0,339171000.0,339171000.0,97338000.0,19458000.0,0.0,0.0,0.0,39501000.0,58959000.0,0.4,58959000.0,39501000.0,34927000.0,0.12,0.12,0.12,652433000.0,,652433000.0,6452514674.0,43.0,30.612,49146000.0,0.266,1.0,140051000.0,0.951,203206000.0,4574000.0,923156000.0,,4136000.0,525711000.0,46917000.0,478794000.0,532997000.0,182978000.0,350019000.0,6445855674.0,-112862000.0,-173266000.0,-14124000.0,0.0,0.0,-13852000.0,-156370000.0,25110000.0,57360000.0,0.0,22894000.0,22894000.0,22894000.0,0.0,0.0,0.155,108859000.0,31192000.0,89736000.0,0.0,9.88,69.442,69.8,79407000.0,0.0,34.9,12.469,12.456,55596000.0,372446000.0,147274000.0,147274000.0,18150000.0,,,,,0.0,75901000.0,1.0,184695005.0,184490000,194001000.0,0.798,982224000.0,50283000.0,12033000.0,0.0,5.324,193002000.0
81,CTXS,MRQ,2001-03-31,2001-03-31,2001-03-31,2021-08-25,803000.0,1159892000.0,,539342000.0,620550000.0,,3.479,-24206000.0,328123000.0,328123000.0,7312000.0,28935000.0,3.213,0.804,334782000.0,0.0,334782000.0,334782000.0,97060000.0,12744000.0,0.0,0.0,0.0,44568000.0,57312000.0,0.432,57312000.0,44568000.0,40187000.0,0.16,0.15,0.16,642987000.0,,642987000.0,3873163959.0,28.0,20.418,32670000.0,0.177,1.0,125500000.0,0.945,46034000.0,4381000.0,952668000.0,,4593000.0,549477000.0,83981000.0,465496000.0,516905000.0,167849000.0,349056000.0,3917691959.0,-46902000.0,0.0,-4704000.0,0.0,0.0,-2561000.0,-101217000.0,-77011000.0,56876000.0,0.0,28935000.0,28935000.0,28935000.0,0.0,0.0,0.218,89904000.0,35596000.0,78999000.0,0.0,6.093,46.144,45.935,73327000.0,0.0,21.13,8.235,8.209,43057000.0,349552000.0,132812000.0,132812000.0,16173000.0,,,,,10324000.0,67427000.0,1.0,185408990.0,184832000,195669000.0,0.719,1113858000.0,82236000.0,11252000.0,0.0,6.026,371493000.0
82,CTXS,MRQ,2000-12-31,2000-12-31,2000-12-31,2021-08-25,-2943000.0,1112573000.0,,586731000.0,525842000.0,,3.205,-12426000.0,375025000.0,375025000.0,6667000.0,19377000.0,3.681,0.877,330497000.0,0.0,330497000.0,330497000.0,94730000.0,13903000.0,0.0,0.0,0.0,32115000.0,46018000.0,0.373,46018000.0,32115000.0,27681000.0,0.1,0.1,0.1,592875000.0,,592875000.0,4172419860.0,27.0,20.618,66771000.0,0.361,1.0,116687000.0,0.946,52339000.0,4434000.0,856319000.0,,4622000.0,474136000.0,91612000.0,382524000.0,519698000.0,159387000.0,360311000.0,4168606860.0,52617000.0,0.0,-23188000.0,0.0,0.0,-18318000.0,-8262000.0,5497000.0,79197000.0,0.0,19377000.0,19377000.0,19377000.0,0.0,0.0,0.157,95886000.0,20801000.0,78739000.0,0.0,7.031,44.107,44.118,55559000.0,0.0,22.5,8.861,8.839,37299000.0,320617000.0,123354000.0,123354000.0,13677000.0,,,,,-8103000.0,65283000.0,1.0,185271416.0,184969000,194316000.0,0.667,1060234000.0,85657000.0,8304000.0,0.0,5.732,427344000.0
83,CTXS,MRQ,2000-09-30,2000-09-30,2000-09-30,2021-08-25,-2355000.0,1119585000.0,,772652000.0,346933000.0,,3.32,-11889000.0,322408000.0,322408000.0,8854000.0,21617000.0,5.049,0.817,326221000.0,0.0,326221000.0,326221000.0,101692000.0,13330000.0,0.0,0.0,0.0,35162000.0,48492000.0,0.427,48492000.0,35162000.0,30881000.0,0.12,0.11,0.12,616239000.0,,616239000.0,3696651533.0,21.0,16.615,35407000.0,0.191,1.0,104637000.0,0.922,69300000.0,4281000.0,901064000.0,,5107000.0,480220000.0,286476000.0,193744000.0,503346000.0,153034000.0,350312000.0,3725567533.0,-28552000.0,-1990000.0,-114301000.0,0.0,0.0,-114312000.0,38464000.0,52343000.0,47296000.0,0.0,21617000.0,21617000.0,21617000.0,0.0,0.0,0.19,78726000.0,25911000.0,71973000.0,0.0,6.046,34.123,33.433,49155000.0,0.0,20.06,8.009,8.005,53111000.0,301240000.0,113491000.0,113491000.0,12532000.0,,,,,-446000.0,58304000.0,1.0,185721213.0,185627000,192879000.0,0.611,1050285000.0,112826000.0,9264000.0,3460000.0,5.658,619618000.0
84,CTXS,MRQ,2000-06-30,2000-06-30,2000-06-30,2021-08-25,2375000.0,1221342000.0,,794255000.0,427087000.0,,3.853,-10547000.0,350960000.0,350960000.0,8404000.0,14973000.0,5.256,0.71,322044000.0,0.0,322044000.0,322044000.0,110912000.0,12232000.0,0.0,0.0,0.0,25636000.0,37868000.0,0.357,37868000.0,25636000.0,21390000.0,0.08,0.07,0.08,714099000.0,,714099000.0,3558885869.0,19.0,15.388,56317000.0,0.304,1.0,97682000.0,0.921,75432000.0,4246000.0,965894000.0,,8840000.0,537292000.0,276065000.0,261227000.0,507243000.0,151100000.0,356143000.0,3506076869.0,85818000.0,0.0,11723000.0,0.0,0.0,11720000.0,7234000.0,17781000.0,66864000.0,0.0,14973000.0,14973000.0,14973000.0,0.0,0.0,0.141,81780000.0,15902000.0,71019000.0,0.0,4.91,29.99,29.138,42595000.0,0.0,18.94,7.665,7.675,57282000.0,279623000.0,106086000.0,106086000.0,12300000.0,,,,,8737000.0,61638000.0,1.0,185114935.0,185356000,203316000.0,0.572,1145910000.0,121409000.0,6417000.0,3268000.0,6.182,643155000.0
85,CTXS,MRQ,2000-03-31,2000-03-31,2000-03-31,2021-08-25,7603000.0,1205809000.0,,722553000.0,483256000.0,,3.734,-8670000.0,265142000.0,265142000.0,5129000.0,38545000.0,4.516,0.763,317951000.0,0.0,317951000.0,317951000.0,119602000.0,10783000.0,0.0,0.0,0.0,59207000.0,69990000.0,0.549,69990000.0,59207000.0,55064000.0,0.21,0.19,0.21,683893000.0,,683893000.0,12295697239.0,58.0,49.832,41210000.0,0.225,1.0,122386000.0,0.96,84107000.0,4143000.0,1014518000.0,,10489000.0,560301000.0,238381000.0,321920000.0,521916000.0,159993000.0,361923000.0,12197933239.0,49026000.0,-28112000.0,38404000.0,0.0,0.0,38358000.0,-39212000.0,-2430000.0,49880000.0,0.0,38545000.0,38545000.0,38545000.0,0.0,0.0,0.302,72775000.0,49611000.0,77424000.0,0.0,17.836,94.032,90.753,36438000.0,0.0,66.25,27.364,27.22,82974000.0,264650000.0,127515000.0,127515000.0,12112000.0,,,,,63735000.0,53844000.0,1.0,184119747.0,183151000,208309000.0,0.696,1121702000.0,140050000.0,16519000.0,6676000.0,6.124,562560000.0
86,CTXS,MRQ,1999-12-31,1999-12-31,1999-12-31,2021-08-25,-2537000.0,1037857000.0,,570244000.0,467613000.0,,2.964,-13214000.0,216116000.0,216116000.0,3654000.0,34045000.0,4.163,0.947,313880000.0,0.0,313880000.0,313880000.0,121717000.0,8869000.0,0.0,0.0,0.0,57267000.0,66136000.0,0.56,66136000.0,57267000.0,53195000.0,0.19,0.17,0.19,533070000.0,,533070000.0,11151986399.0,57.0,50.049,46201000.0,0.257,1.0,114398000.0,0.969,63396000.0,4072000.0,935230000.0,,7731000.0,547733000.0,221978000.0,325755000.0,504787000.0,136995000.0,367792000.0,11022105399.0,36178000.0,111000.0,26265000.0,0.0,0.0,26147000.0,-49384000.0,-34698000.0,59415000.0,0.0,34045000.0,34045000.0,34045000.0,0.0,0.0,0.288,64203000.0,50195000.0,69190000.0,0.0,20.677,94.251,93.182,31530000.0,0.0,61.5,27.331,26.879,55327000.0,226105000.0,118052000.0,118052000.0,10719000.0,,,,,23898000.0,47780000.0,1.0,179221226.0,179845000,200756000.0,0.656,974461000.0,87135000.0,19150000.0,0.0,5.418,433249000.0
87,CTXS,MRQ,1999-09-30,1999-09-30,1999-09-30,2021-08-25,-1597000.0,924075000.0,,412288000.0,511787000.0,,2.537,-6885000.0,179938000.0,179938000.0,3303000.0,29346000.0,3.552,1.057,309819000.0,0.0,309819000.0,309819000.0,111959000.0,7456000.0,0.0,0.0,0.0,49828000.0,57284000.0,0.542,57284000.0,49828000.0,45853000.0,0.17,0.15,0.17,449262000.0,,449262000.0,5511302417.0,32.0,28.148,45970000.0,0.26,1.0,102477000.0,0.969,65211000.0,3975000.0,872672000.0,,8473000.0,513972000.0,137251000.0,376721000.0,474813000.0,116073000.0,358740000.0,5440304417.0,-54915000.0,-32784000.0,23941000.0,0.0,0.0,23936000.0,-131706000.0,-91787000.0,52855000.0,0.0,29346000.0,29346000.0,29346000.0,0.0,0.0,0.277,59442000.0,43035000.0,50218000.0,0.0,12.109,51.711,50.77,21483000.0,0.0,30.97,15.081,15.203,47427000.0,192059000.0,105780000.0,105780000.0,9524000.0,,,,,17455000.0,42383000.0,1.0,175663688.0,177084000,193137000.0,0.597,858864000.0,60063000.0,16507000.0,1882000.0,4.85,296215000.0
88,CTXS,MRQ,1999-06-30,1999-06-30,1999-06-30,2021-08-25,-1497000.0,847417000.0,,408081000.0,439336000.0,,2.163,-3523000.0,234853000.0,234853000.0,3101000.0,27785000.0,3.429,1.238,305851000.0,0.0,305851000.0,305851000.0,103460000.0,5838000.0,0.0,0.0,0.0,47495000.0,53333000.0,0.565,53333000.0,47495000.0,43414000.0,0.16,0.15,0.16,378622000.0,,378622000.0,4819542458.0,32.0,28.049,31824000.0,0.182,1.0,91314000.0,0.967,39259000.0,4081000.0,760141000.0,,7544000.0,422286000.0,87342000.0,334944000.0,468795000.0,119015000.0,349780000.0,4930752458.0,-178251000.0,0.0,7867000.0,15000.0,0.0,7813000.0,-221411000.0,-217638000.0,35347000.0,0.0,27785000.0,27785000.0,27785000.0,0.0,0.0,0.294,50194000.0,41120000.0,44042000.0,0.0,13.023,53.158,52.315,16700000.0,0.0,28.25,15.285,15.333,44039000.0,162714000.0,94415000.0,94415000.0,8913000.0,,,,,1630000.0,37517000.0,1.0,174539910.0,175083000,188981000.0,0.539,808158000.0,59413000.0,15629000.0,12782000.0,4.616,289066000.0
89,CTXS,MRQ,1999-03-31,1999-03-31,1999-03-31,2021-08-25,0.0,805245000.0,,536659000.0,268586000.0,,1.982,-2691000.0,413104000.0,413104000.0,4522000.0,25768000.0,4.412,1.349,301894000.0,0.0,301894000.0,301894000.0,93636000.0,5400000.0,0.0,0.0,0.0,40667000.0,46067000.0,0.542,46067000.0,40667000.0,40263000.0,0.15,0.14,0.15,342837000.0,,342837000.0,3170648592.0,27.0,23.311,33713000.0,0.195,1.0,80517000.0,0.947,43021000.0,404000.0,529370000.0,,4761000.0,206146000.0,43375000.0,162771000.0,462408000.0,121644000.0,340764000.0,3298194592.0,285558000.0,0.0,304213000.0,-15000.0,0.0,304198000.0,-55044000.0,-52103000.0,36404000.0,0.0,25768000.0,25768000.0,25768000.0,0.0,0.0,0.303,43363000.0,37154000.0,44333000.0,0.0,9.62,44.216,43.828,15252000.0,0.0,19.065,11.598,11.597,43774000.0,134929000.0,85039000.0,85039000.0,8406000.0,,,,,7860000.0,31179000.0,1.0,172997356.0,172983000,187363000.0,0.492,762224000.0,56649000.0,14495000.0,19347000.0,4.406,415015000.0
90,CTXS,MRQ,1998-12-31,1998-12-31,1998-12-31,2021-08-25,0.0,431380000.0,,244016000.0,187364000.0,,1.739,-432000.0,127546000.0,127546000.0,3243000.0,22306000.0,2.867,0.45,0.0,0.0,0.0,0.0,98747000.0,4182000.0,0.0,0.0,0.0,34928000.0,39110000.0,0.518,39110000.0,34928000.0,34853000.0,0.13,0.115,0.13,297454000.0,,297454000.0,4006184351.0,42.0,36.183,58487000.0,0.342,1.0,72266000.0,0.957,46799000.0,75000.0,171919000.0,,4071000.0,154042000.0,56934000.0,97108000.0,133926000.0,85116000.0,48810000.0,4139113800.0,-5572000.0,-100000.0,6812000.0,0.0,0.0,6767000.0,-71258000.0,-69101000.0,58919000.0,0.0,22306000.0,22306000.0,22306000.0,0.0,0.0,0.295,39747000.0,32519000.0,29735000.0,0.0,13.915,67.741,67.403,14183000.0,0.0,24.265,16.647,16.442,32798000.0,109161000.0,75509000.0,75509000.0,7431000.0,,,,,9476000.0,28514000.0,1.0,170579592.0,171008000,186026000.0,0.442,384581000.0,42068000.0,12547000.0,2553000.0,2.249,158900000.0
91,CTXS,MRQ,1998-09-30,1998-09-30,1998-09-30,2021-08-25,0.0,365108155.0,,285948823.0,79159332.0,,1.533,-4263000.0,133117973.0,133117973.0,3908000.0,16898000.0,4.271,0.41,188524.0,9188.0,179336.0,188524.0,75716981.0,6910000.0,0.0,0.0,0.0,26403000.0,33313000.0,0.493,33313000.0,26403000.0,26403000.0,0.1,0.09,0.1,258858818.0,,258858818.0,2833033856.0,35.0,30.848,29652000.0,0.176,1.0,63713000.0,0.942,50601044.0,0.0,114632661.0,,4346815.0,84942267.0,84942267.0,0.0,106249337.0,66945001.0,39304336.0,2985640454.0,-19694000.0,-46497000.0,5772000.0,0.0,0.0,5754000.0,-59363000.0,-5353000.0,33915000.0,0.0,16898000.0,16898000.0,16898000.0,0.0,0.0,0.25,39734000.0,23979000.0,2948783.0,0.0,11.534,58.213,58.775,14130563.0,0.0,17.75,13.817,13.872,33149929.0,86855111.0,67621000.0,67621000.0,7939000.0,,,,,9167000.0,25195000.0,1.0,168205096.0,168876000,183636000.0,0.4,314507111.0,39950475.0,9505000.0,3624027.0,1.862,219003822.0
92,CTXS,MRQ,1998-06-30,1998-06-30,1998-06-30,2021-08-25,0.0,379282937.0,,287437395.0,91845542.0,,1.356,-2791000.0,152812285.0,152812285.0,4681000.0,9620000.0,2.632,0.671,205687.0,18202.0,187485.0,205687.0,68131156.0,2495000.0,0.0,0.0,0.0,15032000.0,17527000.0,0.312,17527000.0,15032000.0,15032000.0,0.055,0.055,0.055,227022553.0,,227022553.0,2740891755.0,37.0,34.535,9176000.0,0.055,1.0,51523000.0,0.917,48946820.0,0.0,68531620.0,,3372550.0,79588728.0,79588728.0,0.0,152260384.0,109197899.0,43062485.0,2859864330.0,33796000.0,548000.0,896000.0,-35000.0,0.0,893000.0,20936000.0,23179000.0,11967000.0,0.0,9620000.0,9620000.0,9620000.0,0.0,0.0,0.171,39041000.0,12482000.0,2060864.0,0.0,12.597,60.254,60.406,12864090.0,0.0,17.095,15.593,15.611,0.0,69956794.0,56204000.0,56204000.0,4211000.0,,,,,1453000.0,22684000.0,1.0,167292444.0,167482000,181674000.0,0.336,330336117.0,40673048.0,5412000.0,16261333.0,1.972,178239496.0
93,CTXS,MRQ,1998-03-31,1998-03-31,1998-03-31,2021-08-25,0.0,305110231.0,,264666363.0,40443868.0,,1.292,-4184000.0,119015968.0,119015968.0,4849000.0,12277000.0,6.097,0.419,43393.0,18893.0,24500.0,43393.0,65636744.0,1586000.0,0.0,0.0,0.0,19183000.0,20769000.0,0.421,20769000.0,19183000.0,19183000.0,0.075,0.07,0.075,215052599.0,,215052599.0,2120903881.0,29.0,28.223,10333000.0,0.062,1.0,44453000.0,0.902,19906567.0,0.0,122822957.0,,2274994.0,102768101.0,102768101.0,0.0,90057632.0,43408132.0,46649500.0,2260976035.0,-21065000.0,-17500000.0,1849000.0,35000.0,0.0,1884000.0,-37466000.0,-13657000.0,14517000.0,0.0,12277000.0,12277000.0,12277000.0,0.0,0.0,0.249,27929000.0,16524000.0,941857.0,0.0,10.514,49.0,48.732,10450050.0,0.0,13.547,14.903,14.867,20655147.0,60336365.0,49302000.0,49302000.0,3278000.0,,,,,4078000.0,18593000.0,1.0,166892492.0,166496000,179232000.0,0.296,285203664.0,26023173.0,6906000.0,488376.0,1.713,221258231.0
94,CTXS,MRQ,1997-12-31,1997-12-31,1997-12-31,2021-08-25,0.0,282668000.0,,258361000.0,24307000.0,,1.189,-2639099.0,140081000.0,140081000.0,4378208.0,12493035.0,7.289,0.436,8396.0,8396.0,0.0,8396.0,68522000.0,699422.0,0.0,0.0,0.0,19529492.0,20228914.0,0.471,20228914.0,19529492.0,19520492.0,0.073,0.075,0.073,196848000.0,,196848000.0,,,,8792945.0,0.053,1.0,38575878.0,0.898,865000.0,9000.0,106285396.0,,2273000.0,89111000.0,89111000.0,0.0,85820000.0,35445000.0,50375000.0,2113971565.0,-8973482.0,-2611000.0,2149342.0,75290.0,0.0,2140632.0,-22546158.0,-17296059.0,11432044.0,0.0,12493035.0,12493035.0,12493035.0,0.0,0.0,0.291,21971365.0,16604513.0,14018000.0,0.0,10.739,51.114,50.667,6678000.0,0.0,12.667,17.057,16.705,12631000.0,48059000.0,42954086.0,42954086.0,2156209.0,,,,,7268387.0,15865156.0,1.0,166892492.0,165498676,174076556.0,0.26,281803000.0,27531000.0,7027457.0,236000.0,1.703,222916000.0
95,CTXS,MRQ,1997-09-30,1997-09-30,1997-09-30,2021-08-25,,,,,,,,-1068147.0,,,3441412.0,13073328.0,,,,,,,,412701.0,,0.0,0.0,20427076.0,20839777.0,0.596,20839777.0,20427076.0,20427076.0,0.08,0.075,0.08,,,,,,,-8185634.0,-0.05,1.0,31499748.0,0.902,,0.0,,,,,,,,,,,-23477341.0,0.0,136136.0,-25940.0,0.0,110196.0,-16470050.0,-15401903.0,-7117487.0,0.0,13073328.0,13073328.0,13073328.0,0.0,0.0,0.374,14207511.0,17292237.0,,0.0,,,,,0.0,8.397,,,,,34941160.0,34941160.0,1656414.0,,,,,0.0,12551097.0,1.0,,164014980,176390108.0,0.213,,,7353748.0,,,
96,CTXS,MRQ,1997-06-30,1997-06-30,1997-06-30,2021-08-25,,,,,,,,-705628.0,,,2290551.0,8298885.0,,,,,,,,342247.0,,0.0,0.0,12967006.0,13309253.0,0.543,13309253.0,12967006.0,12967006.0,0.05,0.048,0.05,,,,,,,80369592.0,0.493,1.0,22226598.0,0.907,,0.0,,,,,,,,,,,62086518.0,0.0,447029.0,-24310.0,0.0,422719.0,-19411421.0,-18705793.0,81075220.0,0.0,8298885.0,8298885.0,8298885.0,0.0,0.0,0.338,11528160.0,10698438.0,,0.0,,,,,0.0,7.313,,,,,24517149.0,24517149.0,1622147.0,,,,,2493102.0,9906013.0,1.0,,163055176,172543316.0,0.15,,,4668121.0,,,
97,CTXS,MRQ,1997-03-31,1997-03-31,1997-03-31,2021-08-25,,,,,,,,-1691126.0,,,2193831.0,7492754.0,,,,,,,,257630.0,,0.0,0.0,11707428.0,11965058.0,0.556,11965058.0,11707428.0,11707428.0,0.048,0.045,0.048,,,,,,,10604097.0,0.066,1.0,19326775.0,0.898,,0.0,,,,,,,,,,,11310305.0,0.0,231493.0,-25040.0,0.0,206453.0,-1191371.0,499755.0,12295223.0,0.0,7492754.0,7492754.0,7492754.0,0.0,0.0,0.348,9193963.0,10132812.0,,0.0,,,,,0.0,2.208,,,,,21520606.0,21520606.0,1513230.0,,,,,913511.0,7680733.0,1.0,,161159636,170455452.0,0.134,,,4214674.0,,,
98,CTXS,MRQ,1996-12-31,1996-12-31,1996-12-31,2021-08-25,0.0,149579536.0,,147497977.0,2081559.0,,0.939,,99135049.0,99135049.0,,,19.105,0.054,90651.0,82434.0,8217.0,90651.0,2074670.0,,0.0,0.0,0.0,,,,,,,,,,141850984.0,,141850984.0,,,,,,1.0,,,0.0,,42814803.0,,696336.0,38206495.0,38206495.0,0.0,7728552.0,7720335.0,8217.0,,,,,,,,,,,,,,,,,,,,755908.0,,,,52.08,2081559.0,,6.51,,22.089,5525315.0,6700849.0,,,,,,,,,,1.0,,151084000,,,149579536.0,3168964.0,,0.0,0.99,139777642.0
0,CTXS,MRT,2021-06-30,2021-06-30,2021-06-30,2021-08-25,-6015000.0,6714453000.0,5706693500.0,1499618000.0,5214835000.0,0.555,2.357,-65236000.0,501112000.0,501112000.0,565504000.0,363132000.0,0.717,21.928,3667070000.0,0.0,3667070000.0,3667070000.0,1891951000.0,202161000.0,0.0,0.012,1.44,465280000.0,667441000.0,0.211,667441000.0,465280000.0,385015000.0,2.95,2.89,2.95,292847000.0,180870500.0,292847000.0,17752026367.0,38.0,26.597,523797000.0,4.216,1.0,2599199000.0,0.821,4308671000.0,80265000.0,3479366000.0,2785358500.0,21699000.0,30878000.0,19900000.0,10978000.0,6421606000.0,2092374000.0,4329232000.0,14561069367.0,-53960000.0,-2022304000.0,-88560000.0,1549340000.0,-177425000.0,1155703000.0,-1806152000.0,294386000.0,589033000.0,7456000.0,363132000.0,363132000.0,363132000.0,0.0,0.0,0.115,2158599000.0,440600000.0,138267000.0,0.488,49.722,40.099,39.753,417656000.0,0.0,117.27,4.601,4.603,665519000.0,5041270000.0,3164703000.0,3164703000.0,553482000.0,0.064,2.008,0.167,0.147,332818000.0,1576747000.0,1.0,124167045.0,124230000,126003000.0,25.475,2405782000.0,234375000.0,21883000.0,243437000.0,19.366,-592756000.0
1,CTXS,MRT,2021-03-31,2021-03-31,2021-03-31,2021-08-25,-5385000.0,6613380000.0,5165108750.0,1370297000.0,5243083000.0,0.61,2.031,-54829000.0,477743000.0,477743000.0,526438000.0,413272000.0,0.688,25.486,3668700000.0,0.0,3668700000.0,3668700000.0,1843520000.0,166915000.0,0.0,0.01,1.42,519867000.0,686782000.0,0.218,686782000.0,519867000.0,445431000.0,3.35,3.29,3.35,249692000.0,84259750.0,249692000.0,18434682722.0,35.0,26.842,809589000.0,6.586,1.0,2625083000.0,0.833,4345012000.0,74436000.0,3467880000.0,2425156750.0,21210000.0,32298000.0,20433000.0,11865000.0,6363688000.0,1991445000.0,4372243000.0,17259188722.0,-47138000.0,-2022618000.0,-88580000.0,1549340000.0,-174689000.0,1170925000.0,-2089940000.0,5561000.0,864418000.0,7459000.0,413272000.0,413272000.0,413272000.0,0.0,0.0,0.131,2125489000.0,499594000.0,117901000.0,0.424,69.122,41.762,41.899,412209000.0,0.0,140.36,5.476,5.475,570534000.0,5026322000.0,3151521000.0,3151521000.0,547834000.0,0.08,4.905,0.214,0.165,336249000.0,1568026000.0,1.0,122963727.0,122923000,126026000.0,25.638,2268368000.0,230858000.0,32159000.0,267491000.0,18.454,-621148000.0
2,CTXS,MRT,2020-12-31,2020-12-31,2020-12-31,2021-08-25,-3649000.0,4890347000.0,4594570500.0,1991106000.0,2899241000.0,0.704,0.907,-41438000.0,752895000.0,752895000.0,498546000.0,504446000.0,0.925,42.608,1928389000.0,0.0,1928389000.0,1928389000.0,1902576000.0,150410000.0,0.0,0.011,1.4,619567000.0,769977000.0,0.238,769977000.0,619567000.0,554880000.0,4.08,4.0,4.08,112143000.0,-32895500.0,112143000.0,17376814717.0,28.0,22.568,894371000.0,7.237,1.0,2738154000.0,0.846,1879899000.0,64687000.0,2033515000.0,2049450250.0,20089000.0,138478000.0,124113000.0,14365000.0,4778204000.0,2152427000.0,2625777000.0,16018376717.0,207134000.0,0.0,-1288483000.0,986953000.0,-172006000.0,-595188000.0,-138305000.0,-79304000.0,935809000.0,4818000.0,504446000.0,504446000.0,504446000.0,0.0,0.0,0.156,2129346000.0,608808000.0,92266000.0,0.343,142.839,31.754,31.887,395940000.0,0.0,130.1,4.949,4.967,858009000.0,4984333000.0,3236700000.0,3236700000.0,538080000.0,0.11,-15.335,0.302,0.191,307710000.0,1576486000.0,1.0,123123572.0,123575000,126152000.0,26.192,3010448000.0,386504000.0,50434000.0,274846000.0,24.361,-161321000.0
3,CTXS,MRT,2020-09-30,2020-09-30,2020-09-30,2021-08-25,-4327000.0,4608594000.0,4469215250.0,1738964000.0,2869630000.0,0.724,0.558,-43784000.0,568824000.0,568824000.0,484280000.0,599468000.0,0.905,65.985,1927262000.0,0.0,1927262000.0,1927262000.0,1692304000.0,160312000.0,0.0,0.01,1.4,668847000.0,829159000.0,0.256,829159000.0,668847000.0,611691000.0,4.75,4.65,4.75,68800000.0,148482750.0,68800000.0,18386744067.0,27.0,22.175,978040000.0,7.935,1.0,2752587000.0,0.85,1885532000.0,57156000.0,2160673000.0,1806071500.0,15887000.0,369548000.0,355957000.0,13591000.0,4539794000.0,1920827000.0,2618967000.0,17011590067.0,74990000.0,0.0,-1299852000.0,986953000.0,-174831000.0,-606997000.0,-342084000.0,-293279000.0,1021824000.0,2247000.0,599468000.0,599468000.0,599468000.0,0.0,0.0,0.185,2093703000.0,658884000.0,101339000.0,0.295,247.261,28.378,28.992,399883000.0,0.0,137.71,5.256,5.244,564782000.0,4916940000.0,3236867000.0,3236867000.0,533782000.0,0.134,4.037,0.37,0.207,305223000.0,1544927000.0,1.0,123531988.0,123255000,125863000.0,26.262,2723062000.0,395201000.0,12223000.0,333461000.0,22.093,-181863000.0
4,CTXS,MRT,2020-06-30,2020-06-30,2020-06-30,2021-08-25,-6465000.0,4548114000.0,4324840000.0,1685977000.0,2862137000.0,0.741,-0.758,-46471000.0,555072000.0,555072000.0,483912000.0,772098000.0,0.846,-49.593,1930226000.0,0.0,1930226000.0,1930226000.0,1787630000.0,177376000.0,0.0,0.009,1.4,653146000.0,830522000.0,0.259,830522000.0,653146000.0,603807000.0,6.03,5.91,6.03,-93596000.0,309510500.0,-93596000.0,19667000754.0,30.0,23.68,1010102000.0,8.178,1.0,2718686000.0,0.849,1892176000.0,49339000.0,2038559000.0,1508365000.0,17767000.0,325246000.0,312598000.0,12648000.0,4641710000.0,1992533000.0,2649177000.0,18259584754.0,50352000.0,0.0,-1403756000.0,986953000.0,-177158000.0,-713778000.0,-286603000.0,-236773000.0,1056573000.0,-5840000.0,772098000.0,772098000.0,772098000.0,0.0,0.0,0.241,2077276000.0,641410000.0,122154000.0,0.232,-195.089,23.649,24.529,412440000.0,0.0,147.91,5.701,5.705,614150000.0,4863515000.0,3202598000.0,3202598000.0,529574000.0,0.179,2.495,0.433,0.204,289023000.0,1519593000.0,1.0,123450644.0,123522000,125735000.0,25.927,2655938000.0,382406000.0,-168291000.0,344292000.0,21.502,-306556000.0
5,CTXS,MRT,2020-03-31,2020-03-31,2020-03-31,2021-08-25,-7810000.0,4331227000.0,4171610500.0,1461053000.0,2870174000.0,0.756,-1.755,-56680000.0,524881000.0,524881000.0,472151000.0,752687000.0,0.78,-20.784,1932297000.0,0.0,1932297000.0,1932297000.0,1754803000.0,180701000.0,0.0,0.01,1.4,624507000.0,805208000.0,0.255,805208000.0,624507000.0,581955000.0,5.83,5.71,5.83,-218929000.0,459915000.0,-218929000.0,17726345397.0,28.0,22.015,743071000.0,5.957,1.0,2680215000.0,0.85,1899540000.0,42552000.0,1965054000.0,1185273500.0,17323000.0,38365000.0,25644000.0,12721000.0,4550156000.0,1874049000.0,2676107000.0,17319798397.0,-1087798000.0,0.0,-1559951000.0,-177544000.0,-179762000.0,-2043055000.0,162890000.0,222202000.0,799751000.0,-7384000.0,752687000.0,752687000.0,752687000.0,0.0,0.0,0.239,2065394000.0,614821000.0,105218000.0,0.24,-79.111,23.011,24.28,430072000.0,0.0,141.55,5.494,5.601,700026000.0,4794964000.0,3152366000.0,3152366000.0,523072000.0,0.18,1.637,0.527,0.198,271981000.0,1507391000.0,1.0,122358166.0,124737000,127577000.0,25.272,2431687000.0,367074000.0,-170732000.0,325380000.0,19.495,-412996000.0
6,CTXS,MRT,2019-12-31,2019-12-31,2019-12-31,2021-08-25,-5127000.0,4388926000.0,4380667750.0,1512732000.0,2876194000.0,0.687,6.402,-63454000.0,545761000.0,545761000.0,464047000.0,681813000.0,0.827,4.24,952308000.0,0.0,952308000.0,952308000.0,1795791000.0,189472000.0,0.0,0.013,1.4,555474000.0,744946000.0,0.247,744946000.0,555474000.0,509500000.0,5.21,5.03,5.21,837656000.0,653366750.0,837656000.0,14911282478.0,27.0,20.017,719616000.0,5.499,1.0,2546517000.0,0.846,1906886000.0,45974000.0,1060000000.0,909770250.0,15898000.0,59695000.0,43055000.0,16640000.0,3551270000.0,1828587000.0,1722683000.0,14441380478.0,-73005000.0,0.0,-453853000.0,-1164497000.0,-182947000.0,-1890510000.0,1035749000.0,1101052000.0,783070000.0,-1314000.0,681813000.0,681813000.0,681813000.0,0.0,0.0,0.226,2010399000.0,536118000.0,84538000.0,0.269,17.24,21.181,21.286,438048000.0,0.0,110.9,4.797,4.82,720359000.0,4660145000.0,3010564000.0,3010564000.0,518877000.0,0.156,1.044,0.611,0.185,278892000.0,1453385000.0,1.0,130219842.0,130853000,135495000.0,23.007,2482040000.0,361814000.0,-172313000.0,319427000.0,18.968,-315855000.0
7,CTXS,MRT,2019-09-30,2019-09-30,2019-09-30,2021-08-25,-6482000.0,4031093000.0,4567448500.0,1194000000.0,2837093000.0,0.657,5.472,-65518000.0,493834000.0,493834000.0,457721000.0,640418000.0,0.74,4.654,963736000.0,0.0,963736000.0,963736000.0,1615572000.0,168757000.0,0.0,0.015,1.4,577631000.0,746388000.0,0.249,746388000.0,577631000.0,521165000.0,4.86,4.66,4.86,712911000.0,581832500.0,712911000.0,13072517947.0,23.0,17.514,717910000.0,5.511,1.0,2544890000.0,0.848,1917463000.0,56466000.0,969847000.0,1028159250.0,18518000.0,76746000.0,55372000.0,21374000.0,3318182000.0,1613685000.0,1704497000.0,12634671947.0,-711348000.0,-182946000.0,-733904000.0,-1437483000.0,-184023000.0,-2448208000.0,958487000.0,1214108000.0,783428000.0,-5055000.0,640418000.0,640418000.0,640418000.0,0.0,0.0,0.213,1991662000.0,553228000.0,72659000.0,0.288,17.723,19.729,19.86,455413000.0,0.0,96.52,4.208,4.188,426842000.0,4500876000.0,3002611000.0,3002611000.0,507646000.0,0.14,1.101,0.562,0.192,261836000.0,1448630000.0,1.0,130902113.0,130277000,132655000.0,23.048,2113630000.0,301062000.0,-119253000.0,305006000.0,16.224,-419685000.0
8,CTXS,MRT,2019-06-30,2019-06-30,2019-06-30,2021-08-25,-4610000.0,3935196000.0,4918807000.0,1271714000.0,2663482000.0,0.61,3.869,-74486000.0,504720000.0,504720000.0,434720000.0,528418000.0,0.756,6.746,942566000.0,0.0,942566000.0,942566000.0,1744714000.0,154319000.0,0.0,0.011,1.05,640072000.0,794391000.0,0.265,794391000.0,640072000.0,572466000.0,3.96,3.7,3.96,508022000.0,591909750.0,508022000.0,13416510792.0,21.0,16.889,862734000.0,6.57,1.0,2567466000.0,0.855,1945323000.0,67606000.0,746193000.0,1179733500.0,22888000.0,88909000.0,58425000.0,30484000.0,3427174000.0,1681526000.0,1745648000.0,12920310792.0,-516988000.0,-182946000.0,-746124000.0,-1437483000.0,-138650000.0,-2414466000.0,962452000.0,1229074000.0,937220000.0,-2194000.0,528418000.0,528418000.0,528418000.0,0.0,0.0,0.176,1960290000.0,607176000.0,96768000.0,0.265,25.433,24.451,24.783,436405000.0,0.0,98.14,4.304,4.292,530102000.0,4277586000.0,3002186000.0,3002186000.0,492783000.0,0.107,0.893,0.543,0.213,245606000.0,1442360000.0,1.0,131651832.0,131309000,134277000.0,22.864,1989873000.0,116929000.0,44048000.0,270854000.0,15.154,-409812000.0
9,CTXS,MRT,2019-03-31,2019-03-31,2019-03-31,2021-08-25,-5483000.0,5167456000.0,5276523500.0,2453010000.0,2714446000.0,0.568,4.22,-70634000.0,1612679000.0,1612679000.0,432990000.0,541756000.0,0.863,8.313,2108879000.0,1163199000.0,945680000.0,2108879000.0,1756717000.0,152492000.0,0.0,0.007,0.7,674552000.0,827044000.0,0.276,827044000.0,674552000.0,596693000.0,4.04,3.73,4.04,554878000.0,623948250.0,554878000.0,14406300517.0,21.0,17.419,874422000.0,6.65,1.0,2562864000.0,0.855,1957847000.0,77859000.0,863041000.0,1411461000.0,23145000.0,259941000.0,173601000.0,86340000.0,4612578000.0,2842768000.0,1769810000.0,13127796517.0,657982000.0,-182599000.0,-604864000.0,-272986000.0,-92823000.0,-1046326000.0,766559000.0,1028941000.0,945056000.0,-7307000.0,541756000.0,541756000.0,541756000.0,0.0,0.0,0.181,1927623000.0,635241000.0,81476000.0,0.173,23.659,24.232,24.668,435083000.0,0.0,99.66,4.382,4.374,482647000.0,4232181000.0,2995854000.0,2995854000.0,471697000.0,0.103,0.868,0.478,0.225,233130000.0,1426839000.0,1.0,131725833.0,131483000,141025000.0,22.785,3209609000.0,104448000.0,54937000.0,287846000.0,24.411,-389758000.0
10,CTXS,MRT,2018-12-31,2018-12-31,2018-12-31,2021-08-25,-8154000.0,5136049000.0,5269028750.0,2086901000.0,3049148000.0,0.564,4.054,-69354000.0,618766000.0,618766000.0,433803000.0,575667000.0,0.717,8.313,1897270000.0,1155445000.0,741825000.0,1897270000.0,1834572000.0,141896000.0,0.0,0.003,0.35,709617000.0,851513000.0,0.286,851513000.0,709617000.0,629455000.0,4.23,3.94,4.23,551519000.0,616073250.0,551519000.0,14760031696.0,21.0,17.334,965991000.0,7.101,1.0,2540100000.0,0.854,1969857000.0,80162000.0,1533556000.0,1940719750.0,21905000.0,1157934000.0,583615000.0,574319000.0,4584530000.0,2911140000.0,1673390000.0,13807692696.0,-496364000.0,-248929000.0,-1260989000.0,-278660000.0,-46799000.0,-1658041000.0,132180000.0,456875000.0,1035345000.0,-5848000.0,575667000.0,575667000.0,575667000.0,0.0,0.0,0.194,1862140000.0,677960000.0,75551000.0,0.083,25.036,23.986,24.222,243396000.0,0.0,102.46,4.643,4.687,688420000.0,4169019000.0,2973903000.0,2973903000.0,439984000.0,0.109,0.934,0.366,0.239,203619000.0,1389577000.0,1.0,134761787.0,136030000,145934000.0,21.862,3166192000.0,136998000.0,53788000.0,330036000.0,23.276,-824239000.0
11,CTXS,MRT,2018-09-30,2018-09-30,2018-09-30,2021-08-25,-18291000.0,5436527000.0,5440060500.0,2497961000.0,2938566000.0,0.542,5.577,-73520000.0,1205182000.0,1205182000.0,442891000.0,126060000.0,0.826,6.218,2157521000.0,1415970000.0,741551000.0,2157521000.0,1680002000.0,181784000.0,0.0,0.0,0.0,701117000.0,882901000.0,0.299,882901000.0,701117000.0,623954000.0,1.15,0.99,1.15,753220000.0,726308750.0,753220000.0,16205518857.0,23.0,18.355,1009174000.0,7.472,1.0,2506999000.0,0.85,1789561000.0,77163000.0,1576144000.0,2404579500.0,21386000.0,1286423000.0,628696000.0,657727000.0,4683307000.0,3023161000.0,1660146000.0,15079792857.0,264313000.0,-65983000.0,-1630969000.0,695365000.0,0.0,-998054000.0,183009000.0,322934000.0,1082694000.0,-3336000.0,126060000.0,126060000.0,126060000.0,0.0,0.0,0.043,1841811000.0,665188000.0,71110000.0,0.0,20.02,119.624,96.661,247544000.0,0.0,111.16,5.112,5.089,413509000.0,4052211000.0,2949890000.0,2949890000.0,422373000.0,0.023,0.174,0.292,0.238,182207000.0,1334736000.0,1.0,135658446.0,135055000,147568000.0,21.842,3646966000.0,127703000.0,497894000.0,316613000.0,27.004,-525200000.0
12,CTXS,MRT,2018-06-30,2018-06-30,2018-06-30,2021-08-25,-18718000.0,5366062000.0,5455777750.0,2266391000.0,3099671000.0,0.533,4.678,-75180000.0,1021708000.0,1021708000.0,444911000.0,93923000.0,0.752,7.435,2147434000.0,1406157000.0,741277000.0,2147434000.0,1723974000.0,178878000.0,0.0,0.0,0.0,667307000.0,846185000.0,0.291,846185000.0,667307000.0,598380000.0,0.81,0.73,0.81,636176000.0,1036906500.0,636176000.0,15391201630.0,23.0,18.189,961375000.0,7.069,1.0,2463428000.0,0.847,1804427000.0,68927000.0,1673103000.0,2683377000.0,20282000.0,1312811000.0,487367000.0,825444000.0,4729886000.0,3014258000.0,1715628000.0,14208480630.0,176937000.0,-65983000.0,-1589198000.0,705365000.0,0.0,-953262000.0,94242000.0,234508000.0,1036555000.0,-598000.0,93923000.0,93923000.0,93923000.0,0.0,0.0,0.032,1826306000.0,637122000.0,86533000.0,0.0,22.334,151.278,129.432,246025000.0,0.0,104.84,4.885,4.902,528386000.0,3893354000.0,2908339000.0,2908339000.0,417929000.0,0.017,0.091,0.249,0.229,181200000.0,1314967000.0,1.0,135525378.0,135993000,145447000.0,21.386,3561635000.0,119760000.0,504457000.0,322912000.0,26.19,-747867000.0
13,CTXS,MRT,2018-03-31,2018-03-31,2018-03-31,2021-08-25,-14874000.0,5137477000.0,5471989500.0,2075410000.0,3062067000.0,0.523,3.759,-77152000.0,954697000.0,954697000.0,445474000.0,95919000.0,1.364,8.816,2137418000.0,0.0,2137418000.0,2137418000.0,1685184000.0,172591000.0,0.0,0.0,0.0,641655000.0,814246000.0,0.285,814246000.0,641655000.0,581263000.0,0.74,0.7,0.74,523378000.0,1348287750.0,523378000.0,13647143437.0,21.0,16.76,939695000.0,6.748,1.0,2413727000.0,0.844,1818463000.0,60392000.0,2980076000.0,2923122750.0,13569000.0,1283921000.0,510267000.0,773654000.0,4614099000.0,1521659000.0,3092440000.0,12634799437.0,46720000.0,-66330000.0,-1573675000.0,635365000.0,0.0,-997084000.0,19852000.0,165019000.0,1016847000.0,7105000.0,95919000.0,95919000.0,95919000.0,0.0,0.0,0.034,1799811000.0,613916000.0,68702000.0,0.0,24.141,131.724,125.405,249696000.0,0.0,92.8,4.419,4.52,427890000.0,3786521000.0,2859201000.0,2859201000.0,411682000.0,0.018,0.071,0.22,0.224,166035000.0,1300343000.0,1.0,136150856.0,139248000,146388000.0,20.533,3319014000.0,114277000.0,485344000.0,340275000.0,23.835,553751000.0
14,CTXS,MRT,2017-12-31,2017-12-31,2017-12-31,2021-08-25,-10806000.0,5820176000.0,5527761750.0,2621423000.0,3198753000.0,0.511,6.582,-80901000.0,1115130000.0,1115130000.0,439646000.0,-20719000.0,1.554,4.864,2127474000.0,0.0,2127474000.0,2127474000.0,1864243000.0,170015000.0,0.0,0.0,0.0,559251000.0,729266000.0,0.258,729266000.0,559251000.0,507642000.0,-0.13,-0.13,-0.13,992461000.0,1650878750.0,992461000.0,13735223888.0,25.0,18.834,827375000.0,5.487,1.0,2385040000.0,0.844,1756446000.0,51609000.0,3388995000.0,2793860250.0,13912000.0,1616844000.0,632516000.0,984328000.0,4827715000.0,1687079000.0,3140636000.0,13259419888.0,158174000.0,-60449000.0,-1322843000.0,737039000.0,0.0,-694367000.0,-63921000.0,86376000.0,908276000.0,8186000.0,-20719000.0,-20719000.0,-20719000.0,42704000.0,0.0,-0.007,1814043000.0,570997000.0,66893000.0,0.0,13.36,-639.964,-676.923,252932000.0,0.0,88.0,4.694,4.697,712535000.0,3509484000.0,2824686000.0,2824686000.0,415801000.0,-0.004,-0.013,0.2,0.198,165120000.0,1308677000.0,1.0,150675226.0,150779000,155503000.0,18.734,4063730000.0,152362000.0,528361000.0,369490000.0,26.952,934344000.0
15,CTXS,MRT,2017-09-30,2017-09-30,2017-09-30,2021-08-25,-8667000.0,5499396000.0,5670274500.0,2151673000.0,3347723000.0,0.491,13.202,-80438000.0,940869000.0,940869000.0,417423000.0,463020000.0,1.436,1.756,1416673000.0,40000000.0,1376673000.0,1416673000.0,1679071000.0,161880000.0,0.0,0.0,0.0,585652000.0,747532000.0,0.269,747532000.0,585652000.0,539022000.0,3.03,2.95,3.03,1995611000.0,2054945250.0,1995611000.0,12191420986.0,21.0,16.309,833127000.0,5.512,1.0,2363990000.0,0.85,1785217000.0,46630000.0,2691334000.0,2457702750.0,14892000.0,1617845000.0,562893000.0,1054952000.0,3503785000.0,1498649000.0,2005136000.0,11639099986.0,-367814000.0,-62235000.0,-571054000.0,36000000.0,0.0,-642317000.0,-639109000.0,-477560000.0,913565000.0,47000.0,463020000.0,463020000.0,463020000.0,21429000.0,0.0,0.166,1780348000.0,583642000.0,56772000.0,0.0,5.832,25.137,25.353,254297000.0,0.0,76.82,4.185,4.175,464801000.0,3790452000.0,2781413000.0,2781413000.0,407227000.0,0.082,0.225,0.238,0.211,161012000.0,1333656000.0,1.0,151511325.0,151156000,154627000.0,18.401,3714179000.0,195755000.0,76002000.0,3493000.0,24.572,653024000.0
16,CTXS,MRT,2017-06-30,2017-06-30,2017-06-30,2021-08-25,-8779000.0,5430909000.0,5776051250.0,2086487000.0,3344422000.0,0.478,12.444,-74998000.0,844771000.0,844771000.0,409657000.0,468201000.0,1.349,1.886,1397092000.0,30000000.0,1367092000.0,1397092000.0,1715901000.0,163386000.0,0.0,0.0,0.0,593565000.0,756951000.0,0.274,756951000.0,593565000.0,547407000.0,3.04,2.97,3.04,1881701000.0,2143976500.0,1881701000.0,12577987261.0,21.0,16.617,872264000.0,5.768,1.0,2349567000.0,0.852,1804655000.0,46158000.0,2632086000.0,1982459250.0,13229000.0,1556476000.0,511092000.0,1045384000.0,3549208000.0,1546489000.0,2002719000.0,12028384261.0,178539000.0,-73691000.0,-487822000.0,26000000.0,0.0,-567947000.0,-200503000.0,-21741000.0,947262000.0,-273000.0,468201000.0,468201000.0,468201000.0,1265000.0,0.0,0.17,1774009000.0,575558000.0,65265000.0,0.0,6.392,25.691,26.178,252925000.0,0.0,79.58,4.359,4.361,541315000.0,3663732000.0,2759224000.0,2759224000.0,401855000.0,0.081,0.218,0.299,0.215,148057000.0,1328891000.0,1.0,151148332.0,151212000,156036000.0,18.247,3626254000.0,177375000.0,79206000.0,4724000.0,23.981,539998000.0
17,CTXS,MRT,2017-03-31,2017-03-31,2017-03-31,2021-08-25,-10934000.0,5360566000.0,5846877500.0,2085157000.0,3275409000.0,0.469,11.313,-78446000.0,907977000.0,907977000.0,407536000.0,480270000.0,1.278,2.092,1457580000.0,100000000.0,1357580000.0,1457580000.0,1663753000.0,174118000.0,0.0,0.0,0.0,619645000.0,793763000.0,0.29,793763000.0,619645000.0,574298000.0,3.1,3.04,3.1,1733742000.0,2234062500.0,1733742000.0,13429427470.0,22.0,16.919,946703000.0,6.178,1.0,2332448000.0,0.851,1816156000.0,45347000.0,2463026000.0,1956422750.0,15210000.0,1458275000.0,506118000.0,952157000.0,3626824000.0,1630987000.0,1995837000.0,13038227470.0,394671000.0,-73691000.0,-463875000.0,96000000.0,0.0,-465316000.0,-161408000.0,31077000.0,1025149000.0,-3754000.0,480270000.0,480270000.0,480270000.0,-13344000.0,0.0,0.175,1744892000.0,587556000.0,64075000.0,0.0,7.52,27.148,26.9,260149000.0,0.0,83.39,4.759,4.664,485769000.0,3553680000.0,2739984000.0,2739984000.0,395810000.0,0.082,0.215,0.317,0.226,141326000.0,1304249000.0,1.0,156352410.0,153247000,158369000.0,17.88,3544410000.0,184208000.0,94028000.0,28188000.0,23.129,454170000.0
18,CTXS,MRT,2016-12-31,2016-12-31,2016-12-31,2021-08-25,-28704000.0,6390227000.0,5886408250.0,2561277000.0,3828950000.0,0.465,16.816,-85035000.0,836095000.0,836095000.0,404889000.0,536112000.0,0.827,1.45,1348156000.0,1348156000.0,0.0,1348156000.0,1684364000.0,178448000.0,0.0,0.0,0.0,638976000.0,817424000.0,0.299,817424000.0,638976000.0,594027000.0,3.46,3.41,3.46,2608727000.0,2317647000.0,2608727000.0,13959423532.0,22.0,17.077,1030795000.0,6.645,1.0,2331191000.0,0.852,1759574000.0,44949000.0,2044365000.0,1954999000.0,12522000.0,1707065000.0,726923000.0,980142000.0,3781500000.0,3098349000.0,683151000.0,13929324532.0,588438000.0,-13242000.0,12558000.0,0.0,0.0,-38031000.0,-484204000.0,-311631000.0,1115830000.0,-5157000.0,536112000.0,536112000.0,536112000.0,-66257000.0,0.0,0.196,1771027000.0,560164000.0,72724000.0,0.0,5.34,25.982,25.812,261954000.0,0.0,89.31,5.091,5.064,681206000.0,4010737000.0,2736080000.0,2736080000.0,395373000.0,0.091,0.231,0.327,0.234,136690000.0,1293177000.0,1.0,155966012.0,155134000,157084000.0,17.637,4630653000.0,233900000.0,57915000.0,39771000.0,29.849,-537072000.0
19,CTXS,MRT,2016-09-30,2016-09-30,2016-09-30,2021-08-25,-22835000.0,5922503000.0,5655730750.0,2272387000.0,3650116000.0,0.403,15.121,-44242000.0,1308683000.0,1308683000.0,367602000.0,467536000.0,0.77,1.518,1338782000.0,1338782000.0,0.0,1338782000.0,1612270000.0,197528000.0,0.0,0.0,0.0,494216000.0,691744000.0,0.304,691744000.0,494216000.0,449654000.0,3.01,2.98,3.01,2351736000.0,2158826750.0,2351736000.0,13934292077.0,28.0,20.144,1094276000.0,7.036,1.0,1909217000.0,0.839,2212416000.0,44562000.0,790360000.0,2064648000.0,14809000.0,1143366000.0,354328000.0,789038000.0,3570767000.0,2949826000.0,620941000.0,13271046077.0,781089000.0,144199000.0,-313938000.0,4394000.0,0.0,-367314000.0,8976000.0,190818000.0,1138518000.0,909000.0,467536000.0,467536000.0,467536000.0,-149210000.0,0.0,0.205,1586284000.0,322933000.0,85655000.0,0.0,5.643,28.385,28.312,352521000.0,0.0,85.22,5.829,5.821,475085000.0,3810887000.0,2276819000.0,2276819000.0,361609000.0,0.083,0.217,0.239,0.217,123848000.0,1114941000.0,1.0,155726896.0,155525000,157532000.0,14.64,3710087000.0,231681000.0,-17882000.0,51341000.0,23.855,-677439000.0
20,CTXS,MRT,2016-06-30,2016-06-30,2016-06-30,2021-08-25,-21900000.0,5714214000.0,5526475750.0,2001791000.0,3712423000.0,0.438,14.465,-66248000.0,666232000.0,666232000.0,415685000.0,391560000.0,1.231,1.549,1329478000.0,0.0,1329478000.0,1329478000.0,1637082000.0,288462000.0,0.0,0.0,0.0,405169000.0,693631000.0,0.286,693631000.0,405169000.0,360786000.0,2.51,2.49,2.51,2242045000.0,2092065750.0,2242045000.0,13229053661.0,33.0,19.072,1043609000.0,6.733,1.0,2005668000.0,0.828,2222837000.0,44383000.0,2527940000.0,2447996750.0,11509000.0,1539085000.0,684599000.0,854486000.0,3472169000.0,1626683000.0,1845486000.0,12422119661.0,303919000.0,155853000.0,-512836000.0,4394000.0,0.0,-560436000.0,-241671000.0,-58207000.0,1109857000.0,-3831000.0,391560000.0,391560000.0,391560000.0,-129046000.0,0.0,0.162,1747566000.0,258102000.0,72639000.0,0.0,5.541,31.725,31.908,365804000.0,0.0,80.09,5.13,5.127,504420000.0,3678986000.0,2421353000.0,2421353000.0,398996000.0,0.071,0.187,0.166,0.167,123430000.0,1164215000.0,1.0,155102006.0,154998000,156666000.0,15.622,3491377000.0,214505000.0,-30774000.0,27682000.0,22.525,375108000.0
21,CTXS,MRT,2016-03-31,2016-03-31,2016-03-31,2021-08-25,-21063000.0,5518689000.0,5473416000.0,1787570000.0,3731119000.0,0.465,13.423,-79810000.0,513306000.0,513306000.0,441245000.0,373937000.0,1.101,1.669,1320240000.0,0.0,1320240000.0,1320240000.0,1622015000.0,306506000.0,0.0,0.0,0.0,374457000.0,680963000.0,0.268,680963000.0,374457000.0,330269000.0,2.37,2.36,2.37,2068080000.0,2087763250.0,2068080000.0,13056204012.0,35.0,19.173,1002832000.0,6.509,1.0,2102880000.0,0.827,2244028000.0,44188000.0,2457331000.0,2442420750.0,12194000.0,1491938000.0,642448000.0,849490000.0,3450609000.0,1624264000.0,1826345000.0,12099730012.0,110373000.0,-5864000.0,-549569000.0,-95000000.0,0.0,-687722000.0,-283946000.0,68576000.0,1082642000.0,-601000.0,373937000.0,373937000.0,373937000.0,-114437000.0,0.0,0.147,1856568000.0,246312000.0,85490000.0,0.0,5.851,32.358,33.156,376012000.0,0.0,78.58,4.756,4.759,450000000.0,3558088000.0,2544125000.0,2544125000.0,438548000.0,0.068,0.179,0.153,0.147,119501000.0,1215541000.0,1.0,153979766.0,154067000,155945000.0,16.513,3274661000.0,205938000.0,-43668000.0,18458000.0,21.255,163306000.0
22,CTXS,MRT,2015-12-31,2015-12-31,2015-12-31,2021-08-25,-28527000.0,5467517000.0,5457402750.0,1683951000.0,3783566000.0,0.485,12.421,-97566000.0,368518000.0,368518000.0,474040000.0,319361000.0,1.002,1.771,1311071000.0,0.0,1311071000.0,1311071000.0,1664068000.0,326957000.0,0.0,0.0,0.0,312965000.0,639922000.0,0.242,639922000.0,312965000.0,268812000.0,2.01,1.99,2.01,1973446000.0,2095826000.0,1973446000.0,12426117416.0,40.0,19.418,936982000.0,5.898,1.0,2172114000.0,0.821,2246140000.0,44153000.0,2482961000.0,2464110000.0,10521000.0,1394816000.0,502852000.0,891964000.0,3494071000.0,1680969000.0,1813102000.0,11636819416.0,108369000.0,-95331000.0,-643419000.0,-3175000.0,0.0,-691451000.0,-224415000.0,199661000.0,1034548000.0,-10313000.0,319361000.0,319361000.0,319361000.0,-104228000.0,0.0,0.121,1969322000.0,202792000.0,95396000.0,0.0,5.897,36.438,37.637,373817000.0,0.0,75.65,4.398,4.542,669276000.0,3474625000.0,2646154000.0,2646154000.0,480957000.0,0.059,0.152,0.127,0.118,122389000.0,1292226000.0,1.0,153824447.0,158874000,160362000.0,16.656,3221377000.0,215196000.0,-50549000.0,18351000.0,20.276,2982000.0
23,CTXS,MRT,2015-09-30,2015-09-30,2015-09-30,2021-08-25,-29464000.0,5405483000.0,5468525250.0,1737138000.0,3668345000.0,0.589,13.0,-169566000.0,527594000.0,527594000.0,586263000.0,283315000.0,1.123,1.593,1316892000.0,0.0,1316892000.0,1316892000.0,1509880000.0,374760000.0,0.0,0.0,0.0,351310000.0,726070000.0,0.225,726070000.0,351310000.0,307383000.0,1.74,1.74,1.74,2084692000.0,2145875750.0,2084692000.0,12079927697.0,34.0,16.637,773678000.0,4.825,1.0,2636051000.0,0.818,2323484000.0,43927000.0,2323755000.0,2535153250.0,10863000.0,1337468000.0,545206000.0,792262000.0,3320791000.0,1547542000.0,1773249000.0,11133388697.0,284807000.0,-308703000.0,-350687000.0,-7868000.0,0.0,-393555000.0,-252897000.0,240402000.0,943244000.0,-11985000.0,283315000.0,283315000.0,283315000.0,0.0,0.0,0.088,2280964000.0,355087000.0,143299000.0,0.0,5.341,39.297,39.816,371101000.0,0.0,69.28,3.455,3.448,467815000.0,3343352000.0,3222314000.0,3222314000.0,565919000.0,0.052,0.132,0.139,0.109,141275000.0,1539241000.0,1.0,160701338.0,160359000,161777000.0,20.094,3081999000.0,157102000.0,24068000.0,2575000.0,19.219,189596000.0
24,CTXS,MRT,2015-06-30,2015-06-30,2015-06-30,2021-08-25,-29236000.0,5501975000.0,5425023750.0,1589283000.0,3912692000.0,0.584,13.812,-178281000.0,362313000.0,362313000.0,575994000.0,274922000.0,1.043,1.473,1308852000.0,0.0,1308852000.0,1308852000.0,1539544000.0,306655000.0,0.0,0.0,0.0,345650000.0,652305000.0,0.206,652305000.0,345650000.0,302247000.0,1.68,1.68,1.68,2224835000.0,2148787250.0,2224835000.0,12238718068.0,35.0,18.762,669302000.0,4.155,1.0,2592044000.0,0.818,2418560000.0,43403000.0,2505636000.0,2607699250.0,12708000.0,1483087000.0,510178000.0,972909000.0,3277140000.0,1524318000.0,1752822000.0,11245779068.0,82911000.0,-310901000.0,-240077000.0,-7868000.0,0.0,-282046000.0,-471316000.0,32207000.0,847583000.0,-11310000.0,274922000.0,274922000.0,274922000.0,0.0,0.0,0.087,2242158000.0,349886000.0,81966000.0,0.0,5.055,40.905,41.762,370767000.0,0.0,70.16,3.55,3.567,500976000.0,3287426000.0,3168038000.0,3168038000.0,564668000.0,0.051,0.128,0.133,0.109,143247000.0,1579310000.0,1.0,160287615.0,161085000,162027000.0,19.667,3083415000.0,128454000.0,27325000.0,3716000.0,19.142,64965000.0
25,CTXS,MRT,2015-03-31,2015-03-31,2015-03-31,2021-08-25,-35972000.0,5454636000.0,5361834000.0,1668656000.0,3785980000.0,0.588,13.101,-179039000.0,402933000.0,402933000.0,618499000.0,224671000.0,1.021,1.597,1395872000.0,95000000.0,1300872000.0,1395872000.0,1516021000.0,334320000.0,0.0,0.0,0.0,281934000.0,616254000.0,0.195,616254000.0,281934000.0,242548000.0,1.35,1.35,1.35,2100331000.0,2118552750.0,2100331000.0,11240874078.0,40.0,18.241,670937000.0,4.185,1.0,2534340000.0,0.804,2269549000.0,39386000.0,2544088000.0,2615247750.0,12024000.0,1566681000.0,580386000.0,986295000.0,3354305000.0,1633938000.0,1720367000.0,10208070078.0,104414000.0,-166372000.0,-1616965000.0,1507243000.0,0.0,-339809000.0,-392970000.0,-31775000.0,849976000.0,-12783000.0,224671000.0,224671000.0,224671000.0,0.0,0.0,0.071,2252184000.0,282156000.0,81109000.0,0.0,4.86,45.436,47.311,373384000.0,0.0,63.87,3.238,3.248,438177000.0,3184151000.0,3152839000.0,3152839000.0,564840000.0,0.042,0.106,0.108,0.089,157846000.0,1599734000.0,1.0,159825741.0,160323000,162036000.0,19.666,3185087000.0,130594000.0,17877000.0,6768000.0,19.867,34718000.0
26,CTXS,MRT,2014-12-31,2014-12-31,2014-12-31,2021-08-25,-36790000.0,5512007000.0,5315543250.0,1688324000.0,3823683000.0,0.591,12.795,-165417000.0,260149000.0,260149000.0,620219000.0,251723000.0,1.062,1.536,1292953000.0,0.0,1292953000.0,1292953000.0,1557864000.0,330270000.0,0.0,0.0,0.0,304038000.0,634308000.0,0.202,634308000.0,304038000.0,275706000.0,1.48,1.47,1.48,2173645000.0,2446974250.0,2173645000.0,11312237191.0,37.0,17.834,680564000.0,4.006,1.0,2522637000.0,0.803,2187568000.0,28332000.0,2767134000.0,2291865000.0,12617000.0,1602370000.0,529260000.0,1073110000.0,3338362000.0,1590109000.0,1748253000.0,10269932191.0,-20591000.0,-101059000.0,-1492492000.0,1411652000.0,0.0,-292668000.0,-569457000.0,-289305000.0,845981000.0,-4447000.0,251723000.0,251723000.0,251723000.0,0.0,0.0,0.08,2220326000.0,302311000.0,79884000.0,0.0,4.725,40.799,43.108,367779000.0,0.0,63.8,3.268,3.449,674401000.0,3155264000.0,3142856000.0,3142856000.0,553817000.0,0.047,0.103,0.133,0.097,163155000.0,1600187000.0,1.0,160970724.0,169879000,171270000.0,18.501,3324439000.0,174090000.0,23983000.0,12053000.0,19.569,98215000.0
27,CTXS,MRT,2014-09-30,2014-09-30,2014-09-30,2021-08-25,-20499000.0,5231477000.0,5240603750.0,1444710000.0,3786767000.0,0.59,12.765,-151721000.0,242787000.0,242787000.0,582275000.0,295139000.0,0.988,1.496,1285092000.0,0.0,1285092000.0,1285092000.0,1403556000.0,320178000.0,0.0,0.0,0.0,347650000.0,667828000.0,0.216,667828000.0,347650000.0,330023000.0,1.65,1.64,1.65,2096338000.0,2733514750.0,2096338000.0,12731198273.0,37.0,19.064,733523000.0,4.466,1.0,2511518000.0,0.812,2197396000.0,17627000.0,2613939000.0,1897307500.0,16483000.0,1577668000.0,504436000.0,1073232000.0,3135139000.0,1462447000.0,1672692000.0,11733311273.0,-3686000.0,-48880000.0,-1705444000.0,1409890000.0,0.0,-509535000.0,-377637000.0,-159373000.0,885244000.0,-1758000.0,295139000.0,295139000.0,295139000.0,0.0,0.0,0.095,2165761000.0,345757000.0,85802000.0,0.0,5.597,39.755,43.236,353720000.0,0.0,71.34,3.793,3.787,465558000.0,3060036000.0,3093793000.0,3093793000.0,538368000.0,0.056,0.108,0.183,0.112,173686000.0,1566907000.0,1.0,164470301.0,164229000,165713000.0,18.838,3034081000.0,144590000.0,34884000.0,2497000.0,18.475,-17737000.0
28,CTXS,MRT,2014-06-30,2014-06-30,2014-06-30,2021-08-25,1752000.0,5249216000.0,5213731750.0,1541570000.0,3707646000.0,0.585,12.378,-163249000.0,279402000.0,279402000.0,570223000.0,324337000.0,1.045,1.495,1277289000.0,0.0,1277289000.0,1277289000.0,1429992000.0,311589000.0,0.0,0.0,0.0,379723000.0,691312000.0,0.227,691312000.0,379723000.0,372606000.0,1.77,1.76,1.77,2103897000.0,3059630250.0,2103897000.0,9951136545.0,26.0,14.395,780810000.0,4.594,1.0,2477307000.0,0.813,2235678000.0,7117000.0,2535830000.0,1552828500.0,14206000.0,1516672000.0,540996000.0,975676000.0,3145319000.0,1475595000.0,1669724000.0,10249655545.0,16249000.0,-52174000.0,-1647722000.0,1409890000.0,0.0,-447557000.0,-482166000.0,-249357000.0,944059000.0,1913000.0,324337000.0,324337000.0,324337000.0,0.0,0.0,0.106,2102780000.0,374527000.0,79621000.0,0.0,4.872,31.602,35.339,339832000.0,0.0,62.55,3.363,3.489,506409000.0,3012504000.0,3047530000.0,3047530000.0,527540000.0,0.062,0.106,0.245,0.125,159795000.0,1517448000.0,1.0,163863398.0,169973000,170891000.0,17.929,3013538000.0,138282000.0,48269000.0,5188000.0,17.73,65975000.0
29,CTXS,MRT,2014-03-31,2014-03-31,2014-03-31,2021-08-25,4250000.0,5269473000.0,5150430500.0,1538901000.0,3730572000.0,0.582,18.555,-165061000.0,298519000.0,298519000.0,522207000.0,335774000.0,1.062,0.543,0.0,0.0,0.0,0.0,1410803000.0,272995000.0,0.0,0.0,0.0,399021000.0,672016000.0,0.224,672016000.0,399021000.0,398841000.0,1.8,1.79,1.8,3414017000.0,3352703250.0,3414017000.0,10274049954.0,26.0,15.288,784360000.0,4.263,1.0,2474147000.0,0.826,2270861000.0,180000.0,1250557000.0,1184147500.0,12537000.0,1529589000.0,530758000.0,998831000.0,1855456000.0,1449536000.0,405920000.0,10554789954.0,47054000.0,-34986000.0,-288600000.0,-5827000.0,0.0,-319182000.0,-583568000.0,-372893000.0,949421000.0,383000.0,335774000.0,335774000.0,335774000.0,0.0,0.0,0.112,2078151000.0,395996000.0,76661000.0,0.0,3.092,31.434,31.911,336740000.0,0.0,57.44,3.523,3.527,510862000.0,2959480000.0,2996354000.0,2996354000.0,519464000.0,0.065,0.1,0.337,0.133,160832000.0,1505333000.0,1.0,183753307.0,183997000,185681000.0,16.285,2998612000.0,118615000.0,63067000.0,8458000.0,16.297,89365000.0
30,CTXS,MRT,2013-12-31,2013-12-31,2013-12-31,2021-08-25,4951000.0,5212249000.0,5045147000.0,1563095000.0,3649154000.0,0.578,17.784,-162889000.0,280740000.0,280740000.0,502795000.0,339523000.0,1.068,0.57,0.0,0.0,0.0,0.0,1411740000.0,267500000.0,0.0,0.0,0.0,388018000.0,655518000.0,0.225,655518000.0,388018000.0,387890000.0,1.82,1.8,1.82,3319807000.0,3297735750.0,3319807000.0,11543142373.0,30.0,17.609,765454000.0,4.101,1.0,2415639000.0,0.828,2278544000.0,128000.0,1188904000.0,1106486000.0,14107000.0,1309676000.0,453976000.0,855700000.0,1892442000.0,1464061000.0,428381000.0,11789615373.0,-362869000.0,-334881000.0,-332671000.0,-2061000.0,0.0,-352281000.0,-938150000.0,-428227000.0,928343000.0,-781000.0,339523000.0,339523000.0,339523000.0,0.0,0.0,0.116,2034922000.0,380717000.0,78452000.0,0.0,3.551,34.724,34.753,338996000.0,0.0,63.25,4.04,4.046,654821000.0,2903541000.0,2918434000.0,2918434000.0,516338000.0,0.067,0.103,0.351,0.133,171389000.0,1476916000.0,1.0,186397081.0,186672000,188245000.0,15.634,2933705000.0,163888000.0,48367000.0,29322000.0,15.716,99034000.0
31,CTXS,MRT,2013-09-30,2013-09-30,2013-09-30,2021-08-25,-3222000.0,5123989000.0,4941185250.0,1328806000.0,3795183000.0,0.578,18.142,-162278000.0,246473000.0,246473000.0,483455000.0,314908000.0,0.991,0.507,0.0,0.0,0.0,0.0,1270176000.0,259460000.0,0.0,0.0,0.0,375508000.0,634968000.0,0.222,634968000.0,375508000.0,375108000.0,1.68,1.67,1.68,3400800000.0,3248228250.0,3400800000.0,12967897575.0,35.0,20.423,763092000.0,4.071,1.0,2372555000.0,0.831,2300898000.0,400000.0,1236023000.0,993134000.0,11979000.0,1409618000.0,448196000.0,961422000.0,1723189000.0,1340595000.0,382594000.0,13231050575.0,-77654000.0,-328217000.0,-151211000.0,0.0,0.0,-160058000.0,-842532000.0,-331352000.0,925370000.0,-434000.0,314908000.0,314908000.0,314908000.0,0.0,0.0,0.11,2007271000.0,365284000.0,68646000.0,0.0,3.891,42.016,42.03,337021000.0,0.0,70.61,4.633,4.635,450395000.0,2764897000.0,2856010000.0,2856010000.0,512048000.0,0.064,0.097,0.378,0.131,128261000.0,1454851000.0,1.0,187382107.0,187459000,188980000.0,15.235,2823091000.0,169819000.0,60200000.0,25472000.0,15.06,-11789000.0
32,CTXS,MRT,2013-06-30,2013-06-30,2013-06-30,2021-08-25,-16975000.0,4996011000.0,4782476250.0,1371358000.0,3624653000.0,0.582,17.498,-138492000.0,263153000.0,263153000.0,465590000.0,316423000.0,1.015,0.525,0.0,0.0,0.0,0.0,1271363000.0,250014000.0,0.0,0.0,0.0,375560000.0,625574000.0,0.225,625574000.0,375560000.0,375201000.0,1.69,1.67,1.69,3276189000.0,3157037750.0,3276189000.0,11043321170.0,29.0,17.653,744921000.0,3.979,1.0,2319111000.0,0.833,2321130000.0,359000.0,1061106000.0,914067000.0,13697000.0,1256587000.0,436997000.0,819590000.0,1719822000.0,1350622000.0,369200000.0,11294786170.0,-698687000.0,-728892000.0,-170172000.0,-16609000.0,0.0,-191530000.0,-1390389000.0,-506201000.0,883413000.0,-181000.0,316423000.0,316423000.0,316423000.0,0.0,0.0,0.114,1958779000.0,360332000.0,72613000.0,0.0,3.448,35.695,35.716,311316000.0,0.0,60.36,4.056,4.058,493671000.0,2688167000.0,2784701000.0,2784701000.0,499712000.0,0.066,0.1,0.411,0.135,141229000.0,1419243000.0,1.0,187123694.0,187229000,188486000.0,14.873,2674881000.0,151354000.0,58778000.0,14892000.0,14.287,20736000.0
33,CTXS,MRT,2013-03-31,2013-03-31,2013-03-31,2021-08-25,-18240000.0,4848339000.0,4615727500.0,1301475000.0,3546864000.0,0.578,17.112,-128108000.0,251465000.0,251465000.0,432708000.0,343968000.0,0.998,0.518,0.0,0.0,0.0,0.0,1231381000.0,229862000.0,0.0,0.0,0.0,383795000.0,613657000.0,0.23,613657000.0,383795000.0,383483000.0,1.84,1.82,1.84,3194147000.0,3070486000.0,3194147000.0,12805427695.0,33.0,20.867,714147000.0,3.826,1.0,2236819000.0,0.838,2352513000.0,312000.0,939911000.0,794113500.0,11229000.0,1153483000.0,406479000.0,747004000.0,1654192000.0,1304450000.0,349742000.0,13449036695.0,-139416000.0,-787237000.0,-108979000.0,-21890000.0,0.0,-106976000.0,-872425000.0,69405000.0,842255000.0,-2270000.0,343968000.0,343968000.0,343968000.0,0.0,0.0,0.129,1870183000.0,366636000.0,61613000.0,0.0,4.211,39.1,39.212,302378000.0,0.0,72.15,5.038,5.045,450939000.0,2623706000.0,2669527000.0,2669527000.0,477441000.0,0.075,0.112,0.483,0.144,133676000.0,1358242000.0,1.0,186403835.0,186658000,189011000.0,14.302,2495826000.0,118003000.0,39515000.0,10907000.0,13.371,-2975000.0
34,CTXS,MRT,2012-12-31,2012-12-31,2012-12-31,2021-08-25,-7705000.0,4796402000.0,4441422250.0,1713735000.0,3082667000.0,0.582,16.719,-122958000.0,643609000.0,643609000.0,404137000.0,352547000.0,1.276,0.536,0.0,0.0,0.0,0.0,1197995000.0,214873000.0,0.0,0.0,0.0,410541000.0,625414000.0,0.242,625414000.0,410541000.0,410229000.0,1.89,1.86,1.89,3121777000.0,2966332500.0,3121777000.0,11928165699.0,29.0,19.072,695569000.0,3.725,1.0,2181986000.0,0.844,2074424000.0,312000.0,735496000.0,807763750.0,10723000.0,880335000.0,285022000.0,595313000.0,1674625000.0,1342873000.0,331752000.0,12252292699.0,310313000.0,-487221000.0,-142602000.0,-24346000.0,0.0,-149782000.0,-357940000.0,276549000.0,818527000.0,-492000.0,352547000.0,352547000.0,352547000.0,0.0,0.0,0.136,1791208000.0,390778000.0,71116000.0,0.0,3.925,34.754,34.72,303294000.0,0.0,65.62,4.738,4.738,630956000.0,2564018000.0,2586123000.0,2586123000.0,450571000.0,0.079,0.119,0.508,0.159,114566000.0,1306088000.0,1.0,186715829.0,186722000,189129000.0,13.85,2721978000.0,79943000.0,57682000.0,49346000.0,14.578,370862000.0
35,CTXS,MRT,2012-09-30,2012-09-30,2012-09-30,2021-08-25,-10133000.0,4489153000.0,4267207000.0,1319514000.0,3169639000.0,0.578,16.247,-110367000.0,324127000.0,324127000.0,368869000.0,347217000.0,1.132,0.479,0.0,0.0,0.0,0.0,1053153000.0,197716000.0,0.0,0.0,0.0,399539000.0,597255000.0,0.242,597255000.0,399539000.0,399539000.0,1.86,1.83,1.86,3036038000.0,2868510750.0,3036038000.0,13346395867.0,33.0,22.346,651002000.0,3.484,1.0,2096624000.0,0.85,2079397000.0,0.0,919755000.0,875045500.0,10961000.0,1082125000.0,358920000.0,723205000.0,1453115000.0,1165874000.0,287241000.0,14308235867.0,11997000.0,-634252000.0,-148328000.0,-24346000.0,0.0,-146461000.0,-600883000.0,156836000.0,761369000.0,-2028000.0,347217000.0,347217000.0,347217000.0,0.0,0.0,0.141,1715453000.0,381171000.0,68214000.0,0.0,4.713,41.208,41.145,295934000.0,0.0,76.529,5.803,5.8,456545000.0,2449989000.0,2465493000.0,2465493000.0,430439000.0,0.081,0.121,0.457,0.162,135085000.0,1255001000.0,1.0,186965376.0,186864000,189671000.0,13.194,2409756000.0,47610000.0,52322000.0,67460000.0,12.896,153640000.0
36,CTXS,MRT,2012-06-30,2012-06-30,2012-06-30,2021-08-25,-21854000.0,4329016000.0,4115634750.0,1875676000.0,2453340000.0,0.581,15.721,-103723000.0,961840000.0,961840000.0,342490000.0,361148000.0,1.654,0.477,0.0,0.0,0.0,0.0,1028363000.0,181895000.0,0.0,0.0,0.0,411459000.0,593354000.0,0.248,593354000.0,411459000.0,411459000.0,1.93,1.91,1.93,2929982000.0,2774482500.0,2929982000.0,15237952340.0,37.0,25.681,664688000.0,3.566,1.0,2046929000.0,0.857,1651731000.0,0.0,581292000.0,915403000.0,6659000.0,746313000.0,335944000.0,410369000.0,1399034000.0,1134153000.0,264881000.0,15628833340.0,531024000.0,-419315000.0,-222961000.0,-8372000.0,0.0,-208186000.0,-24815000.0,518173000.0,768411000.0,-4386000.0,361148000.0,361148000.0,361148000.0,0.0,0.0,0.151,1643494000.0,403435000.0,61709000.0,0.0,5.334,43.275,43.492,283535000.0,0.0,83.94,6.541,6.547,404212000.0,2371744000.0,2389419000.0,2389419000.0,412402000.0,0.088,0.13,0.449,0.172,120556000.0,1206487000.0,1.0,186190533.0,186372000,189279000.0,12.821,2677285000.0,89016000.0,50311000.0,54841000.0,14.365,741523000.0
37,CTXS,MRT,2012-03-31,2012-03-31,2012-03-31,2021-08-25,-4421000.0,4151118000.0,4000803000.0,1423729000.0,2727389000.0,0.576,14.955,-108234000.0,390881000.0,390881000.0,319965000.0,350550000.0,1.215,0.495,0.0,0.0,0.0,0.0,982884000.0,172953000.0,0.0,0.0,0.0,427128000.0,600081000.0,0.26,600081000.0,427128000.0,427128000.0,1.88,1.85,1.88,2777533000.0,2707859250.0,2777533000.0,13166299876.0,31.0,21.941,654730000.0,3.525,1.0,1985034000.0,0.861,1593864000.0,0.0,994512000.0,1062381500.0,9430000.0,1217819000.0,476200000.0,741619000.0,1373585000.0,1171861000.0,201724000.0,14643900876.0,-124459000.0,-360970000.0,-311362000.0,-3091000.0,0.0,-302473000.0,-584153000.0,-100973000.0,762964000.0,-797000.0,351086000.0,351086000.0,351086000.0,0.0,-536000.0,0.152,1568201000.0,416833000.0,53939000.0,0.0,5.272,41.71,41.973,278671000.0,0.0,78.91,6.353,6.358,389807000.0,2279738000.0,2304999000.0,2304999000.0,393748000.0,0.088,0.13,0.402,0.185,103195000.0,1151105000.0,1.0,185577251.0,185730000,188884000.0,12.41,2557254000.0,97259000.0,76042000.0,0.0,13.769,251868000.0
38,CTXS,MRT,2011-12-31,2011-12-31,2011-12-31,2021-08-25,-11561000.0,4099541000.0,3901164750.0,1373030000.0,2726511000.0,0.566,14.577,-111932000.0,333296000.0,333296000.0,293599000.0,355630000.0,1.164,0.501,0.0,0.0,0.0,0.0,959883000.0,159255000.0,0.0,0.0,0.0,431189000.0,590444000.0,0.268,590444000.0,431189000.0,431189000.0,1.9,1.87,1.9,2730490000.0,2666359250.0,2730490000.0,11012014655.0,26.0,18.65,567190000.0,3.028,1.0,1912793000.0,0.867,1582492000.0,0.0,1004623000.0,1069677000.0,8507000.0,1144305000.0,406461000.0,737844000.0,1369051000.0,1179130000.0,189921000.0,11324144655.0,-62866000.0,-455377000.0,-299243000.0,-11561000.0,0.0,-292614000.0,-451181000.0,131565000.0,679122000.0,1807000.0,356322000.0,356322000.0,356322000.0,0.0,-692000.0,0.161,1495827000.0,416966000.0,58034000.0,0.0,4.147,31.781,31.958,277429000.0,0.0,60.72,5.132,5.155,484431000.0,2211471000.0,2206392000.0,2206392000.0,380674000.0,0.091,0.134,0.403,0.195,91253000.0,1098739000.0,1.0,186497771.0,187315000,190641000.0,11.779,2517049000.0,112395000.0,74867000.0,87618000.0,13.438,193900000.0
39,CTXS,MRT,2011-09-30,2011-09-30,2011-09-30,2021-08-25,-5011000.0,3882864000.0,3802179500.0,1311641000.0,2571223000.0,0.557,14.226,-111130000.0,312130000.0,312130000.0,283713000.0,340687000.0,1.248,0.46,0.0,0.0,0.0,0.0,833666000.0,151126000.0,0.0,0.0,0.0,409209000.0,560335000.0,0.265,560335000.0,409209000.0,409209000.0,1.82,1.8,1.82,2659925000.0,2621984500.0,2659925000.0,9836466312.0,24.0,17.555,577756000.0,3.09,1.0,1833037000.0,0.866,1438811000.0,0.0,1081185000.0,793192500.0,7024000.0,1228743000.0,462921000.0,765822000.0,1222939000.0,1050738000.0,172201000.0,10267282312.0,-86858000.0,-309310000.0,-296176000.0,-11561000.0,0.0,-285253000.0,-493625000.0,-56188000.0,688886000.0,3134000.0,342003000.0,342003000.0,342003000.0,0.0,-1316000.0,0.162,1438539000.0,394498000.0,57490000.0,0.0,3.86,30.021,29.962,277951000.0,0.0,54.53,4.85,4.817,339494000.0,2102772000.0,2116750000.0,2116750000.0,395330000.0,0.09,0.13,0.516,0.193,81010000.0,1028248000.0,1.0,188286857.0,186979000,189730000.0,11.321,2444053000.0,120776000.0,67206000.0,0.0,13.071,260903000.0
40,CTXS,MRT,2011-06-30,2011-06-30,2011-06-30,2021-08-25,12919000.0,3869689000.0,3705710250.0,1452556000.0,2417133000.0,0.546,14.191,-104760000.0,430816000.0,430816000.0,261822000.0,336290000.0,1.399,0.453,0.0,0.0,0.0,0.0,829805000.0,142708000.0,0.0,0.0,0.0,393568000.0,536276000.0,0.265,536276000.0,393568000.0,393568000.0,1.8,1.77,1.8,2663489000.0,2580346500.0,2663489000.0,14524292880.0,37.0,27.084,586273000.0,3.124,1.0,1761813000.0,0.871,1231362000.0,0.0,1169206000.0,796445000.0,7332000.0,1268254000.0,467605000.0,800649000.0,1206200000.0,1038305000.0,167895000.0,15039632880.0,86112000.0,-128723000.0,-179219000.0,-10926000.0,0.0,-145245000.0,-465750000.0,-218300000.0,691033000.0,6074000.0,337606000.0,337606000.0,337606000.0,0.0,-1316000.0,0.167,1390517000.0,371296000.0,61056000.0,0.0,5.647,44.548,44.444,272685000.0,0.0,80.0,7.432,7.42,338734000.0,2010596000.0,2023635000.0,2023635000.0,386053000.0,0.091,0.131,0.494,0.194,85980000.0,990512000.0,1.0,187995411.0,187691000,191412000.0,10.782,2638327000.0,141901000.0,55962000.0,0.0,14.057,414251000.0
41,CTXS,MRT,2011-03-31,2011-03-31,2011-03-31,2021-08-25,10934000.0,3752565000.0,3567935500.0,1431839000.0,2320726000.0,0.547,13.923,-90960000.0,515340000.0,515340000.0,243544000.0,302439000.0,1.47,0.434,0.0,0.0,0.0,0.0,788755000.0,140012000.0,0.0,0.0,0.0,367047000.0,507059000.0,0.26,507059000.0,367047000.0,367047000.0,1.62,1.59,1.62,2611533000.0,2496423000.0,2611533000.0,13386335911.0,36.0,26.4,540995000.0,2.884,1.0,1707734000.0,0.875,1239469000.0,0.0,1023694000.0,748999000.0,7513000.0,1123485000.0,414579000.0,708906000.0,1133591000.0,974062000.0,159529000.0,13782497911.0,233493000.0,-129484000.0,-192736000.0,-10926000.0,0.0,-153996000.0,-250615000.0,-19227000.0,631955000.0,6149000.0,303219000.0,303219000.0,303219000.0,0.0,-780000.0,0.155,1358210000.0,349524000.0,47610000.0,0.0,5.278,45.454,45.346,261235000.0,0.0,73.46,7.063,7.062,297190000.0,1928652000.0,1951278000.0,1951278000.0,374222000.0,0.085,0.121,0.49,0.188,92217000.0,969862000.0,1.0,187619084.0,187571000,191500000.0,10.403,2513096000.0,144085000.0,63828000.0,0.0,13.398,457777000.0
42,CTXS,MRT,2010-12-31,2010-12-31,2010-12-31,2021-08-25,2023000.0,3703600000.0,3439409250.0,1470479000.0,2233121000.0,0.545,13.729,-75376000.0,1685659000.0,1685659000.0,232266000.0,276441000.0,1.442,0.448,0.0,0.0,0.0,0.0,778970000.0,138158000.0,0.0,0.0,0.0,334444000.0,472602000.0,0.252,472602000.0,334444000.0,334444000.0,1.49,1.46,1.49,2552991000.0,2425142250.0,2552991000.0,12446661919.0,37.0,26.336,540916000.0,2.909,1.0,1642396000.0,0.876,1099244000.0,0.0,-101315000.0,742851000.0,6980000.0,1289497000.0,497643000.0,791854000.0,1143012000.0,1020012000.0,123000000.0,12845649919.0,134719000.0,-20510000.0,-80182000.0,0.0,0.0,-26316000.0,-457042000.0,-344441000.0,616292000.0,1785000.0,277065000.0,277065000.0,277065000.0,0.0,-624000.0,0.148,1321680000.0,320716000.0,65842000.0,0.0,5.032,46.363,45.913,250482000.0,0.0,68.41,6.852,6.786,378395000.0,1855149000.0,1874662000.0,1874662000.0,361376000.0,0.081,0.114,0.45,0.178,95138000.0,945054000.0,1.0,187774447.0,185959000,190335000.0,10.081,2604356000.0,130041000.0,57379000.0,0.0,14.005,450467000.0
43,CTXS,MRT,2010-09-30,2010-09-30,2010-09-30,2021-08-25,2494000.0,3496987000.0,3286296000.0,1386648000.0,2110339000.0,0.547,13.365,-72547000.0,398988000.0,398988000.0,212667000.0,270833000.0,1.559,0.399,0.0,0.0,0.0,0.0,680173000.0,138880000.0,0.0,0.0,0.0,298835000.0,437715000.0,0.244,437715000.0,298835000.0,299078000.0,1.47,1.43,1.47,2493373000.0,2334021250.0,2493373000.0,12412050756.0,42.0,28.356,546331000.0,2.928,1.0,1583431000.0,0.882,1114542000.0,-243000.0,1094195000.0,988761250.0,7349000.0,1192402000.0,503191000.0,689211000.0,995393000.0,889262000.0,106131000.0,12756754756.0,98620000.0,-21890000.0,-52167000.0,0.0,0.0,-16745000.0,-506424000.0,-402105000.0,618878000.0,2911000.0,270833000.0,270833000.0,270833000.0,0.0,0.0,0.151,1298213000.0,285218000.0,58472000.0,0.0,5.116,47.102,46.422,247208000.0,0.0,68.24,7.102,7.088,273286000.0,1760769000.0,1796098000.0,1796098000.0,311562000.0,0.082,0.116,0.302,0.166,102801000.0,965112000.0,1.0,186939548.0,186558000,191004000.0,9.628,2382445000.0,79140000.0,28245000.0,0.0,12.771,497386000.0
44,CTXS,MRT,2010-06-30,2010-06-30,2010-06-30,2021-08-25,-10590000.0,3318590000.0,3140542750.0,1311653000.0,2006937000.0,0.549,12.565,-66152000.0,344704000.0,344704000.0,200287000.0,236477000.0,1.483,0.422,0.0,0.0,0.0,0.0,686363000.0,138495000.0,0.0,0.0,0.0,273468000.0,411963000.0,0.239,411963000.0,273468000.0,273626000.0,1.29,1.26,1.29,2327795000.0,2242394000.0,2327795000.0,7562284241.0,28.0,18.357,496417000.0,2.68,1.0,1524620000.0,0.884,1110071000.0,-158000.0,979422000.0,905023000.0,7374000.0,1063739000.0,478321000.0,585418000.0,982574000.0,884393000.0,98181000.0,7844131241.0,50494000.0,-12145000.0,-76905000.0,0.0,0.0,-62418000.0,-449308000.0,-362336000.0,562569000.0,-349000.0,236477000.0,236477000.0,236477000.0,0.0,0.0,0.137,1264779000.0,259841000.0,52583000.0,0.0,3.37,33.171,32.736,242979000.0,0.0,42.23,4.548,4.536,319378000.0,1672990000.0,1724907000.0,1724907000.0,293028000.0,0.075,0.105,0.302,0.159,97887000.0,948461000.0,1.0,185747839.0,185256000,189278000.0,9.311,2208519000.0,82412000.0,37149000.0,0.0,11.921,427260000.0
45,CTXS,MRT,2010-03-31,2010-03-31,2010-03-31,2021-08-25,-5675000.0,3238460000.0,3014962250.0,1086725000.0,2151735000.0,0.55,12.642,-64610000.0,281847000.0,281847000.0,190793000.0,231439000.0,1.303,0.389,0.0,0.0,0.0,0.0,636287000.0,138478000.0,0.0,0.0,0.0,243604000.0,382082000.0,0.23,382082000.0,243604000.0,243728000.0,1.26,1.24,1.26,2326410000.0,2172404750.0,2326410000.0,8464823646.0,35.0,22.154,481183000.0,2.615,1.0,1468509000.0,0.885,1123560000.0,-124000.0,999102000.0,825344250.0,7337000.0,1109153000.0,391220000.0,717933000.0,903829000.0,833951000.0,69878000.0,8726266646.0,12024000.0,-11604000.0,6889000.0,0.0,0.0,20698000.0,-554170000.0,-467598000.0,545793000.0,-297000.0,231439000.0,231439000.0,231439000.0,0.0,0.0,0.139,1242760000.0,225749000.0,54166000.0,0.0,3.751,37.704,37.675,243094000.0,0.0,47.47,5.259,5.264,242607000.0,1625433000.0,1659302000.0,1659302000.0,288645000.0,0.077,0.107,0.295,0.147,93362000.0,927737000.0,1.0,183826978.0,184018000,188842000.0,9.017,2114900000.0,80048000.0,12289000.0,0.0,11.493,252774000.0
46,CTXS,MRT,2009-12-31,2009-12-31,2009-12-31,2021-08-25,-2060000.0,3091147000.0,2883353250.0,1039295000.0,2051852000.0,0.56,12.038,-76246000.0,261443000.0,261443000.0,187310000.0,191017000.0,1.246,0.412,0.0,0.0,0.0,0.0,618850000.0,138577000.0,0.0,0.0,0.0,193892000.0,332469000.0,0.206,332469000.0,193892000.0,193892000.0,1.05,1.03,1.05,2188507000.0,2078184000.0,2188507000.0,7313420521.0,38.0,21.997,407728000.0,2.243,1.0,1426778000.0,0.884,1113014000.0,0.0,882326000.0,716530000.0,8664000.0,945814000.0,338168000.0,607646000.0,902640000.0,834364000.0,68276000.0,7613788521.0,-64678000.0,-3338000.0,-48946000.0,0.0,0.0,-45537000.0,-502865000.0,-419991000.0,483974000.0,-250000.0,191017000.0,191017000.0,191017000.0,0.0,0.0,0.118,1248101000.0,178677000.0,57352000.0,0.0,3.479,39.859,39.629,247703000.0,0.0,41.61,4.717,4.687,304912000.0,1578084000.0,1614088000.0,1614088000.0,281980000.0,0.066,0.092,0.271,0.12,98324000.0,918676000.0,1.0,182979777.0,181805000,184985000.0,8.878,1978133000.0,92533000.0,2875000.0,0.0,10.881,204931000.0
47,CTXS,MRT,2009-09-30,2009-09-30,2009-09-30,2021-08-25,7520000.0,2913974000.0,2784143000.0,961265000.0,1952709000.0,0.567,11.652,-150287000.0,300368000.0,300368000.0,181251000.0,162969000.0,1.325,0.37,0.0,0.0,0.0,0.0,555934000.0,136083000.0,0.0,0.0,0.0,185195000.0,321278000.0,0.204,321278000.0,185195000.0,184761000.0,0.89,0.89,0.89,2126864000.0,2010523500.0,2126864000.0,6886623224.0,37.0,21.435,317884000.0,1.742,1.0,1397374000.0,0.885,1128830000.0,434000.0,759242000.0,611584000.0,8793000.0,790000000.0,278299000.0,511701000.0,787110000.0,725534000.0,61576000.0,7180833224.0,82290000.0,-28004000.0,-35298000.0,0.0,0.0,-28270000.0,-356806000.0,-163775000.0,468171000.0,-805000.0,162969000.0,162969000.0,162969000.0,0.0,0.0,0.103,1233424000.0,163950000.0,47220000.0,0.0,3.376,44.063,44.079,251174000.0,0.0,39.23,4.549,4.536,237897000.0,1489936000.0,1578625000.0,1578625000.0,285176000.0,0.059,0.081,0.303,0.117,102461000.0,903164000.0,1.0,183044436.0,182531000,186334000.0,8.649,1785144000.0,50235000.0,21792000.0,0.0,9.78,235731000.0
48,CTXS,MRT,2009-06-30,2009-06-30,2009-06-30,2021-08-25,-5592000.0,2816268000.0,2696375750.0,952389000.0,1863879000.0,0.585,11.279,-158925000.0,294210000.0,294210000.0,178121000.0,158695000.0,1.324,0.375,0.0,0.0,0.0,0.0,538050000.0,132665000.0,0.0,0.0,0.0,174408000.0,307073000.0,0.195,307073000.0,174408000.0,173916000.0,0.87,0.86,0.87,2047838000.0,1937429250.0,2047838000.0,5501230639.0,32.0,17.915,290060000.0,1.598,1.0,1398355000.0,0.887,1141821000.0,492000.0,660707000.0,531386750.0,9864000.0,693134000.0,285465000.0,407669000.0,768430000.0,719530000.0,48900000.0,5771053639.0,146829000.0,-27304000.0,-81747000.0,0.0,0.0,-78090000.0,-227425000.0,-27459000.0,448985000.0,3359000.0,158695000.0,158695000.0,158695000.0,0.0,0.0,0.101,1242806000.0,155549000.0,42586000.0,0.0,2.818,36.366,36.655,254025000.0,0.0,31.89,3.661,3.673,224184000.0,1436513000.0,1576476000.0,1576476000.0,288811000.0,0.059,0.082,0.328,0.111,107218000.0,908615000.0,1.0,180967502.0,181567000,184740000.0,8.683,1674447000.0,49389000.0,15221000.0,0.0,9.222,232859000.0
49,CTXS,MRT,2009-03-31,2009-03-31,2009-03-31,2021-08-25,-23999000.0,2712024000.0,2634770250.0,891055000.0,1820969000.0,0.598,10.81,-173538000.0,269823000.0,269823000.0,179917000.0,150825000.0,1.24,0.391,0.0,0.0,0.0,0.0,535202000.0,130108000.0,0.0,0.0,0.0,164846000.0,294954000.0,0.187,294954000.0,164846000.0,164333000.0,0.83,0.81,0.83,1949527000.0,1890262500.0,1949527000.0,3750767610.0,23.0,12.716,263588000.0,1.462,1.0,1395461000.0,0.886,1159849000.0,513000.0,563845000.0,495462500.0,10038000.0,634151000.0,286736000.0,347415000.0,762497000.0,718507000.0,43990000.0,4077771610.0,77690000.0,-27084000.0,-149621000.0,0.0,0.0,-145602000.0,-217417000.0,-3883000.0,437126000.0,3583000.0,150825000.0,150825000.0,150825000.0,0.0,0.0,0.096,1250748000.0,144713000.0,40640000.0,0.0,2.092,27.036,27.277,257352000.0,0.0,22.64,2.588,2.592,198173000.0,1393994000.0,1575378000.0,1575378000.0,287616000.0,0.057,0.08,0.333,0.105,117665000.0,919244000.0,1.0,180113587.0,180347000,182373000.0,8.735,1552175000.0,55327000.0,13508000.0,0.0,8.607,172548000.0
50,CTXS,MRT,2008-12-31,2008-12-31,2008-12-31,2021-08-25,-15852000.0,2694306000.0,2593650000.0,940140000.0,1754166000.0,0.61,10.479,-181046000.0,326121000.0,326121000.0,175132000.0,178276000.0,1.286,0.405,0.0,0.0,0.0,0.0,533475000.0,123706000.0,0.0,0.0,0.0,197367000.0,321073000.0,0.203,321073000.0,197367000.0,196923000.0,0.97,0.96,0.97,1917865000.0,1865241500.0,1917865000.0,4000621037.0,20.0,12.46,281061000.0,1.536,1.0,1408222000.0,0.889,1174726000.0,444000.0,462542000.0,466317500.0,11226000.0,524760000.0,249175000.0,275585000.0,776441000.0,730917000.0,45524000.0,4281529037.0,102372000.0,-28023000.0,-212086000.0,-407000.0,0.0,-206934000.0,-158622000.0,90865000.0,462107000.0,5821000.0,178276000.0,178276000.0,178276000.0,0.0,0.0,0.113,1238221000.0,170001000.0,46672000.0,0.0,2.232,24.016,24.299,254334000.0,0.0,23.57,2.704,2.725,231296000.0,1387067000.0,1583354000.0,1583354000.0,288109000.0,0.069,0.096,0.423,0.125,119196000.0,926248000.0,1.0,181651635.0,183023000,186682000.0,8.651,1519580000.0,50728000.0,18647000.0,0.0,8.303,209223000.0
51,CTXS,MRT,2008-09-30,2008-09-30,2008-09-30,2021-08-25,-34695000.0,2562905000.0,2553746750.0,893075000.0,1669830000.0,0.614,10.067,-115615000.0,280908000.0,280908000.0,168899000.0,180941000.0,1.298,0.397,0.0,0.0,0.0,0.0,481160000.0,115931000.0,0.0,0.0,0.0,185920000.0,301851000.0,0.193,301851000.0,185920000.0,185506000.0,0.99,0.94,0.99,1834487000.0,1845356500.0,1834487000.0,4395721072.0,24.0,14.563,292845000.0,1.607,1.0,1398317000.0,0.892,1155628000.0,414000.0,438453000.0,457708000.0,12654000.0,549370000.0,242986000.0,306384000.0,728418000.0,687916000.0,40502000.0,4606916072.0,-145379000.0,-84085000.0,-326483000.0,-407000.0,0.0,-311869000.0,-246753000.0,-11835000.0,408460000.0,4783000.0,180941000.0,180941000.0,180941000.0,0.0,0.0,0.115,1241979000.0,156338000.0,41996000.0,0.0,2.511,25.461,25.515,176475000.0,0.0,25.26,2.94,2.937,220772000.0,1326967000.0,1567216000.0,1567216000.0,279455000.0,0.071,0.098,0.406,0.119,112740000.0,931400000.0,1.0,182379892.0,182228000,185666000.0,8.6,1407277000.0,44072000.0,4565000.0,0.0,7.723,205159000.0
52,CTXS,MRT,2008-06-30,2008-06-30,2008-06-30,2021-08-25,6845000.0,2569846000.0,2491239500.0,825878000.0,1743968000.0,0.609,10.126,-115192000.0,211195000.0,211195000.0,162617000.0,192487000.0,1.233,0.382,0.0,0.0,0.0,0.0,475539000.0,105755000.0,0.0,0.0,0.0,208596000.0,314351000.0,0.207,314351000.0,208596000.0,208071000.0,1.06,1.01,1.06,1859171000.0,1799828500.0,1859171000.0,5141818938.0,25.0,16.357,263557000.0,1.436,1.0,1355637000.0,0.893,1171679000.0,525000.0,517010000.0,459374750.0,12821000.0,621825000.0,241454000.0,380371000.0,710675000.0,669962000.0,40713000.0,5397775938.0,-348065000.0,-90222000.0,-319782000.0,-407000.0,0.0,-300063000.0,-429867000.0,-192422000.0,378749000.0,3116000.0,192487000.0,192487000.0,192487000.0,0.0,0.0,0.127,1187014000.0,168623000.0,44225000.0,0.0,2.903,28.042,27.745,166933000.0,0.0,29.41,3.555,3.556,225277000.0,1277818000.0,1518254000.0,1518254000.0,256287000.0,0.077,0.107,0.454,0.137,97784000.0,901131000.0,1.0,183535394.0,183595000,188021000.0,8.27,1398167000.0,44482000.0,15584000.0,0.0,7.615,155916000.0
53,CTXS,MRT,2008-03-31,2008-03-31,2008-03-31,2021-08-25,12166000.0,2547543000.0,2419508500.0,774972000.0,1772571000.0,0.604,9.971,-100711000.0,255957000.0,255957000.0,148624000.0,211228000.0,1.175,0.377,0.0,0.0,0.0,0.0,458749000.0,94049000.0,0.0,0.0,0.0,240669000.0,334718000.0,0.229,334718000.0,240669000.0,240101000.0,1.17,1.12,1.17,1849443000.0,1742784750.0,1849443000.0,5147053427.0,21.0,15.377,305775000.0,1.649,1.0,1312264000.0,0.898,1184603000.0,568000.0,447265000.0,401352250.0,13805000.0,591657000.0,238577000.0,353080000.0,698100000.0,659718000.0,38382000.0,5434537427.0,-257438000.0,-92919000.0,-265013000.0,-407000.0,0.0,-248049000.0,-419111000.0,-197250000.0,406486000.0,3236000.0,211228000.0,211228000.0,211228000.0,0.0,0.0,0.145,1117797000.0,194467000.0,46934000.0,0.0,2.938,25.728,25.068,151405000.0,0.0,29.33,3.72,3.724,186600000.0,1243169000.0,1460888000.0,1460888000.0,230089000.0,0.087,0.121,0.6,0.165,76670000.0,860168000.0,1.0,185289377.0,185486000,189987000.0,7.876,1362940000.0,43689000.0,28873000.0,0.0,7.348,115254000.0
54,CTXS,MRT,2007-12-31,2007-12-31,2007-12-31,2021-08-25,5751000.0,2534693000.0,2329467750.0,934345000.0,1600348000.0,0.598,10.128,-85919000.0,287484000.0,287484000.0,137607000.0,214483000.0,1.428,0.379,0.0,0.0,0.0,0.0,442686000.0,85197000.0,0.0,0.0,0.0,251645000.0,336842000.0,0.242,336842000.0,251645000.0,250908000.0,1.18,1.14,1.18,1838325000.0,1671917250.0,1838325000.0,6783524851.0,27.0,20.139,336356000.0,1.853,1.0,1254335000.0,0.901,1164831000.0,737000.0,428104000.0,354113000.0,9629000.0,574761000.0,356085000.0,218676000.0,696368000.0,654274000.0,42094000.0,7210690851.0,-125305000.0,-148055000.0,-141575000.0,-8000000.0,0.0,-131822000.0,-417601000.0,-180377000.0,422275000.0,1843000.0,214483000.0,214483000.0,214483000.0,0.0,0.0,0.154,1051928000.0,202407000.0,55586000.0,0.0,3.922,33.619,32.212,134907000.0,0.0,38.01,5.18,4.956,225861000.0,1208791000.0,1391942000.0,1391942000.0,205103000.0,0.092,0.128,0.711,0.181,63267000.0,819638000.0,1.0,189705100.0,181501000,187380000.0,7.669,1369862000.0,43026000.0,36425000.0,0.0,7.547,280071000.0
55,CTXS,MRT,2007-09-30,2007-09-30,2007-09-30,2021-08-25,8064000.0,2312876000.0,2201912750.0,1036130000.0,1276746000.0,0.596,9.17,-74401000.0,427166000.0,427166000.0,125268000.0,204621000.0,1.668,0.4,0.0,0.0,0.0,0.0,395501000.0,76467000.0,0.0,0.0,0.0,261962000.0,338429000.0,0.258,338429000.0,261962000.0,261231000.0,1.14,1.1,1.14,1652375000.0,1578408250.0,1652375000.0,6688619550.0,26.0,19.764,331355000.0,1.839,1.0,1188117000.0,0.905,819312000.0,731000.0,445120000.0,325564250.0,6809000.0,565294000.0,347530000.0,217764000.0,660501000.0,621278000.0,39223000.0,7247740550.0,146918000.0,-66603000.0,-83035000.0,-8000000.0,0.0,-75762000.0,-186671000.0,-45667000.0,405756000.0,3595000.0,204621000.0,204621000.0,204621000.0,0.0,0.0,0.156,975206000.0,212911000.0,41489000.0,0.0,4.386,35.42,35.368,114909000.0,0.0,40.32,5.518,5.532,190536000.0,1146026000.0,1313385000.0,1313385000.0,185905000.0,0.093,0.13,0.805,0.199,45228000.0,771971000.0,1.0,179755470.0,180189000,186747000.0,7.289,1493564000.0,105550000.0,56610000.0,22532000.0,8.289,414852000.0
56,CTXS,MRT,2007-06-30,2007-06-30,2007-06-30,2021-08-25,3256000.0,2282922000.0,2112905500.0,1030843000.0,1252079000.0,0.587,9.072,-63648000.0,559121000.0,559121000.0,113606000.0,187586000.0,1.676,0.4,0.0,0.0,0.0,0.0,394690000.0,71878000.0,0.0,0.0,0.0,245482000.0,317360000.0,0.256,317360000.0,245482000.0,244868000.0,1.04,1.0,1.04,1630996000.0,1533941250.0,1630996000.0,5799976832.0,24.0,18.276,328005000.0,1.825,1.0,1127699000.0,0.908,823773000.0,614000.0,284920000.0,326509750.0,6791000.0,432261000.0,234151000.0,198110000.0,651926000.0,615108000.0,36818000.0,6080301832.0,150857000.0,-107986000.0,-141652000.0,-11850000.0,0.0,-128752000.0,-114491000.0,59893000.0,391653000.0,2447000.0,187586000.0,187586000.0,187586000.0,0.0,0.0,0.151,929705000.0,197994000.0,43884000.0,0.0,3.728,32.413,32.375,105132000.0,0.0,33.67,4.898,4.876,177418000.0,1085331000.0,1241305000.0,1241305000.0,176677000.0,0.089,0.122,0.752,0.198,47775000.0,734278000.0,1.0,180585145.0,179774000,185434000.0,6.905,1459149000.0,104919000.0,57282000.0,24721000.0,8.117,415735000.0
57,CTXS,MRT,2007-03-31,2007-03-31,2007-03-31,2021-08-25,3410000.0,2187380000.0,2040158250.0,939628000.0,1247752000.0,0.58,8.735,-58761000.0,513242000.0,513242000.0,105983000.0,179167000.0,1.606,0.397,0.0,0.0,0.0,0.0,376202000.0,67169000.0,0.0,0.0,0.0,237928000.0,305097000.0,0.258,305097000.0,237928000.0,237277000.0,0.99,0.94,0.99,1565973000.0,1506058750.0,1565973000.0,5503817194.0,23.0,18.04,293677000.0,1.638,1.0,1076426000.0,0.91,830632000.0,651000.0,258308000.0,356791250.0,9709000.0,395898000.0,200185000.0,195713000.0,621407000.0,585198000.0,36209000.0,5784142194.0,26379000.0,-118737000.0,-35546000.0,-11850000.0,0.0,-5448000.0,-322456000.0,-142673000.0,352438000.0,1845000.0,179167000.0,179167000.0,179167000.0,0.0,0.0,0.152,883825000.0,192601000.0,46821000.0,0.0,3.694,32.284,32.354,99732000.0,0.0,32.03,4.892,4.857,168047000.0,1031941000.0,1182409000.0,1182409000.0,167190000.0,0.088,0.119,0.667,0.201,50283000.0,697386000.0,1.0,180585145.0,179282000,184357000.0,6.595,1356748000.0,102056000.0,58110000.0,20457000.0,7.568,354430000.0
58,CTXS,MRT,2006-12-31,2006-12-31,2006-12-31,2021-08-25,4180000.0,2024473000.0,1937528000.0,811737000.0,1212736000.0,0.585,8.09,-52051000.0,412869000.0,412869000.0,98698000.0,182997000.0,1.516,0.383,0.0,0.0,0.0,0.0,356288000.0,63583000.0,0.0,0.0,0.0,244008000.0,307591000.0,0.271,307591000.0,244008000.0,243081000.0,1.01,0.97,1.01,1464289000.0,1446584750.0,1464289000.0,4604503172.0,19.0,14.97,275272000.0,1.521,1.0,1035621000.0,0.913,762152000.0,927000.0,313909000.0,327207000.0,6619000.0,394327000.0,152652000.0,241675000.0,560184000.0,535543000.0,24641000.0,4884828172.0,-134981000.0,-61462000.0,-43505000.0,-34850000.0,0.0,-26440000.0,-437257000.0,-323744000.0,327323000.0,1393000.0,182997000.0,182997000.0,182997000.0,0.0,0.0,0.161,832277000.0,203344000.0,45217000.0,0.0,3.336,26.693,26.782,92580000.0,0.0,27.05,4.306,4.316,204974000.0,1006706000.0,1134319000.0,1134319000.0,155331000.0,0.094,0.127,0.746,0.215,50281000.0,659012000.0,1.0,180585145.0,180992000,187725000.0,6.267,1262321000.0,94386000.0,60084000.0,11892000.0,6.974,276194000.0
59,CTXS,MRT,2006-09-30,2006-09-30,2006-09-30,2021-08-25,1145000.0,1956847000.0,1856155250.0,701599000.0,1255248000.0,0.583,8.057,-45191000.0,280325000.0,280325000.0,92331000.0,188304000.0,1.546,0.327,0.0,0.0,0.0,0.0,314462000.0,61815000.0,0.0,0.0,0.0,245435000.0,307250000.0,0.284,307250000.0,245435000.0,243321000.0,1.05,1.0,1.05,1474507000.0,1384144500.0,1474507000.0,6247273766.0,25.0,20.333,265424000.0,1.45,1.0,989642000.0,0.915,773764000.0,2114000.0,448902000.0,253864250.0,5415000.0,519796000.0,240598000.0,279198000.0,482340000.0,453856000.0,28484000.0,6655641766.0,-291692000.0,-92639000.0,38637000.0,-78850000.0,0.0,3442000.0,-605749000.0,-467919000.0,310615000.0,0.0,188304000.0,188304000.0,188304000.0,0.0,0.0,0.174,780086000.0,209556000.0,38917000.0,0.0,4.514,35.345,34.486,86821000.0,0.0,36.21,6.151,6.125,149343000.0,1082373000.0,1081973000.0,1081973000.0,142813000.0,0.101,0.136,0.967,0.227,67216000.0,619647000.0,1.0,183806732.0,183008000,188917000.0,5.912,1183083000.0,89119000.0,55017000.0,0.0,6.465,247743000.0
60,CTXS,MRT,2006-06-30,2006-06-30,2006-06-30,2021-08-25,2312000.0,1991933000.0,1770177750.0,862731000.0,1129202000.0,0.582,8.302,-35754000.0,408368000.0,408368000.0,83903000.0,185597000.0,1.915,0.311,0.0,0.0,0.0,0.0,310725000.0,59153000.0,0.0,0.0,0.0,239639000.0,298792000.0,0.29,298792000.0,239639000.0,236602000.0,1.05,1.0,1.05,1519466000.0,1295782750.0,1519466000.0,6817244015.0,28.0,22.816,279394000.0,1.527,1.0,947166000.0,0.919,727059000.0,3037000.0,406046000.0,142683750.0,4817000.0,491136000.0,276244000.0,214892000.0,472467000.0,450460000.0,22007000.0,7304173015.0,136916000.0,-181795000.0,90729000.0,0.0,0.0,119223000.0,-297455000.0,-79906000.0,315148000.0,0.0,185597000.0,185597000.0,185597000.0,0.0,0.0,0.18,737884000.0,209282000.0,38252000.0,0.0,4.807,39.355,38.19,81314000.0,0.0,40.1,7.084,7.118,136175000.0,1035755000.0,1031069000.0,1031069000.0,130249000.0,0.105,0.143,1.68,0.232,56560000.0,585222000.0,1.0,182148953.0,183023000,191425000.0,5.634,1264874000.0,79879000.0,51005000.0,0.0,6.911,412271000.0
61,CTXS,MRT,2006-03-31,2006-03-31,2006-03-31,2021-08-25,-2637000.0,1776859000.0,1618128250.0,781462000.0,995397000.0,0.597,7.454,-30958000.0,486929000.0,486929000.0,71027000.0,168512000.0,1.821,0.338,0.0,0.0,0.0,0.0,292452000.0,55231000.0,0.0,0.0,0.0,233915000.0,289146000.0,0.299,289146000.0,233915000.0,230997000.0,0.96,0.93,0.96,1328077000.0,1163233000.0,1328077000.0,6247392428.0,27.0,21.606,286186000.0,1.606,1.0,895803000.0,0.927,720789000.0,2918000.0,139971000.0,94537250.0,3954000.0,252512000.0,157073000.0,95439000.0,448782000.0,429170000.0,19612000.0,6764155428.0,302245000.0,-168347000.0,6580000.0,0.0,0.0,17876000.0,-32775000.0,166995000.0,317144000.0,0.0,168512000.0,168512000.0,168512000.0,0.0,0.0,0.174,686799000.0,209004000.0,35297000.0,0.0,5.093,40.14,39.479,76293000.0,0.0,37.9,6.996,6.984,116418000.0,989305000.0,966830000.0,966830000.0,118371000.0,0.104,0.145,2.474,0.242,51719000.0,547951000.0,1.0,178473758.0,178169000,185988000.0,5.426,1056070000.0,76824000.0,62485000.0,0.0,5.927,352292000.0
62,CTXS,MRT,2005-12-31,2005-12-31,2005-12-31,2021-08-25,-4463000.0,1698982000.0,1496469750.0,727409000.0,971573000.0,0.607,7.052,-26377000.0,547763000.0,547763000.0,58099000.0,165609000.0,1.682,0.399,31000000.0,0.0,31000000.0,31000000.0,286026000.0,50358000.0,0.0,0.0,0.0,226780000.0,277138000.0,0.305,277138000.0,226780000.0,224354000.0,0.96,0.93,0.96,1214528000.0,1065130000.0,1214528000.0,4569529891.0,20.0,16.488,266766000.0,1.549,1.0,850623000.0,0.936,729327000.0,2426000.0,20538000.0,120006250.0,3933000.0,70186000.0,18900000.0,51286000.0,484454000.0,432354000.0,52100000.0,5066502891.0,410550000.0,-168347000.0,-72758000.0,31000000.0,0.0,-42856000.0,160263000.0,354987000.0,293143000.0,0.0,165609000.0,165609000.0,165609000.0,0.0,0.0,0.182,646951000.0,203672000.0,33495000.0,0.0,4.172,30.593,29.927,73727000.0,0.0,28.73,5.575,5.445,142015000.0,823709000.0,908722000.0,908722000.0,108751000.0,0.111,0.155,1.89,0.25,42448000.0,519578000.0,1.0,176348865.0,172221000,177771000.0,5.276,969655000.0,92894000.0,58745000.0,1329000.0,5.63,295055000.0
63,CTXS,MRT,2005-09-30,2005-09-30,2005-09-30,2021-08-25,-3940000.0,1612937000.0,1393245250.0,695654000.0,917283000.0,0.613,6.485,-21813000.0,571973000.0,571973000.0,38570000.0,159438000.0,1.742,0.439,75000000.0,0.0,75000000.0,75000000.0,255494000.0,38373000.0,0.0,0.0,0.0,217461000.0,255834000.0,0.3,255834000.0,217461000.0,216200000.0,0.94,0.9,0.94,1121060000.0,992724250.0,1121060000.0,3930139598.0,18.0,15.362,272303000.0,1.575,1.0,815463000.0,0.955,712458000.0,1261000.0,4180000.0,183063000.0,0.0,51347000.0,0.0,51347000.0,491877000.0,399326000.0,92551000.0,4283451598.0,415408000.0,-186714000.0,-75494000.0,75001000.0,0.0,-493000.0,121785000.0,330312000.0,294116000.0,0.0,159438000.0,159438000.0,159438000.0,0.0,0.0,0.187,619110000.0,196353000.0,17791000.0,0.0,3.821,26.866,26.745,70061000.0,0.0,25.14,5.016,5.089,111130000.0,885685000.0,854033000.0,854033000.0,102618000.0,0.114,0.161,1.188,0.255,23603000.0,499843000.0,1.0,170383914.0,172870000,178210000.0,4.94,900479000.0,55126000.0,56762000.0,23199000.0,5.209,296328000.0
64,CTXS,MRT,2005-06-30,2005-06-30,2005-06-30,2021-08-25,-2899000.0,1383735000.0,1283468500.0,565455000.0,818280000.0,0.635,5.83,-24716000.0,353312000.0,353312000.0,31429000.0,156933000.0,1.497,0.399,0.0,0.0,0.0,0.0,242671000.0,35835000.0,0.0,0.0,0.0,215675000.0,251510000.0,0.309,251510000.0,215675000.0,215467000.0,0.93,0.89,0.93,989267000.0,927339000.0,989267000.0,3398216595.0,16.0,13.511,256212000.0,1.51,1.0,783235000.0,0.961,439153000.0,208000.0,213460000.0,245351000.0,0.0,331543000.0,183278000.0,148265000.0,394468000.0,377810000.0,16658000.0,3666339595.0,100989000.0,-50038000.0,-40407000.0,0.0,0.0,-40407000.0,-139532000.0,-60936000.0,280928000.0,0.0,156933000.0,156933000.0,156933000.0,0.0,0.0,0.193,585352000.0,197883000.0,17389000.0,0.0,3.706,23.362,23.29,69389000.0,0.0,21.66,4.5,4.512,98861000.0,844732000.0,814664000.0,814664000.0,96910000.0,0.122,0.169,0.879,0.265,24656000.0,480046000.0,1.0,169267756.0,169698000,175146000.0,4.801,944582000.0,47714000.0,58534000.0,22095000.0,5.566,187645000.0
65,CTXS,MRT,2005-03-31,2005-03-31,2005-03-31,2021-08-25,2795000.0,1290225000.0,1227060500.0,472315000.0,817910000.0,0.637,5.499,-24584000.0,268123000.0,268123000.0,28587000.0,160522000.0,1.404,0.379,0.0,0.0,0.0,0.0,229983000.0,35304000.0,0.0,0.0,0.0,201462000.0,236766000.0,0.303,236766000.0,201462000.0,201262000.0,0.95,0.91,0.95,935665000.0,891821000.0,935665000.0,3814621401.0,19.0,16.111,236131000.0,1.388,1.0,753150000.0,0.963,443796000.0,200000.0,241847000.0,248986250.0,0.0,337076000.0,189691000.0,147385000.0,354560000.0,336459000.0,18101000.0,4037157401.0,-10614000.0,-50038000.0,-95897000.0,0.0,0.0,-95897000.0,-175432000.0,-85468000.0,260715000.0,0.0,160522000.0,160522000.0,160522000.0,0.0,0.0,0.205,567238000.0,185912000.0,15196000.0,0.0,4.315,25.15,25.074,68235000.0,0.0,23.82,5.164,5.184,85459000.0,816846000.0,781737000.0,781737000.0,92681000.0,0.131,0.18,0.809,0.258,23353000.0,466502000.0,1.0,169486037.0,170139000,175913000.0,4.595,846429000.0,44113000.0,40740000.0,0.0,4.975,135856000.0
66,CTXS,MRT,2004-12-31,2004-12-31,2004-12-31,2021-08-25,7489000.0,1286084000.0,1192391500.0,426580000.0,859504000.0,0.622,5.477,-24412000.0,222536000.0,222536000.0,26656000.0,131287000.0,1.247,0.391,0.0,0.0,0.0,0.0,225143000.0,33578000.0,0.0,0.0,0.0,168873000.0,202451000.0,0.273,202451000.0,168873000.0,164336000.0,0.78,0.75,0.78,924905000.0,869361500.0,924905000.0,3945724857.0,23.0,19.49,240869000.0,1.426,1.0,714501000.0,0.964,448624000.0,4537000.0,272765000.0,240815750.0,783000.0,343630000.0,159656000.0,183974000.0,361179000.0,342159000.0,19020000.0,4143379857.0,-109484000.0,-140788000.0,-58440000.0,-355659000.0,0.0,-414099000.0,39334000.0,221318000.0,265281000.0,0.0,131287000.0,131287000.0,131287000.0,0.0,0.0,0.177,555534000.0,158967000.0,17554000.0,0.0,4.48,31.56,31.359,69281000.0,0.0,24.46,5.59,5.573,108399000.0,778286000.0,741157000.0,741157000.0,86654000.0,0.11,0.151,0.701,0.228,22694000.0,443576000.0,1.0,169394107.0,168868000,174374000.0,4.389,837460000.0,43881000.0,33049000.0,2198000.0,4.959,84421000.0
67,CTXS,MRT,2004-09-30,2004-09-30,2004-09-30,2021-08-25,1069000.0,1173830000.0,1207105250.0,376777000.0,797053000.0,0.567,5.081,-23385000.0,239511000.0,239511000.0,32211000.0,115523000.0,1.283,0.366,0.0,0.0,0.0,0.0,202312000.0,37804000.0,0.0,0.0,0.0,154730000.0,192534000.0,0.281,192534000.0,154730000.0,145721000.0,0.69,0.66,0.69,859519000.0,814834750.0,859519000.0,2779436295.0,18.0,14.436,230726000.0,1.364,1.0,652723000.0,0.953,387432000.0,9009000.0,253332000.0,316237500.0,0.0,301411000.0,116094000.0,185317000.0,314311000.0,293555000.0,20756000.0,2963394295.0,-4494000.0,-90750000.0,-33682000.0,-355660000.0,0.0,-389341000.0,130736000.0,261655000.0,254111000.0,0.0,115523000.0,115523000.0,115523000.0,0.0,0.0,0.169,510364000.0,142359000.0,102661000.0,0.0,3.448,25.652,25.391,70419000.0,0.0,17.52,4.327,4.327,90115000.0,725988000.0,684934000.0,684934000.0,80461000.0,0.096,0.142,0.489,0.226,13377000.0,406639000.0,1.0,169143510.0,169148000,172870000.0,4.049,786398000.0,50690000.0,30198000.0,0.0,4.649,83222000.0
68,CTXS,MRT,2004-06-30,2004-06-30,2004-06-30,2021-08-25,624000.0,1158103000.0,1224601750.0,362072000.0,796031000.0,0.524,4.974,-18913000.0,249836000.0,249836000.0,31587000.0,108070000.0,1.241,0.367,0.0,0.0,0.0,0.0,193779000.0,35136000.0,0.0,0.0,0.0,149388000.0,184524000.0,0.288,184524000.0,149388000.0,135828000.0,0.65,0.62,0.65,847195000.0,762389250.0,847195000.0,3264342062.0,22.0,17.691,245561000.0,1.442,1.0,610110000.0,0.951,388582000.0,13560000.0,228001000.0,394947750.0,0.0,272020000.0,85417000.0,186603000.0,310908000.0,291684000.0,19224000.0,3465444062.0,20625000.0,-90750000.0,-43997000.0,-355659000.0,0.0,-399657000.0,155808000.0,279399000.0,264474000.0,0.0,108070000.0,108070000.0,108070000.0,0.0,0.0,0.168,475358000.0,134752000.0,107682000.0,0.0,4.09,32.067,31.323,68932000.0,0.0,20.36,5.4,5.404,86479000.0,687541000.0,641697000.0,641697000.0,74285000.0,0.088,0.142,0.378,0.233,13393000.0,379636000.0,1.0,170208451.0,170327000,176273000.0,3.767,769521000.0,52350000.0,27758000.0,0.0,4.518,70388000.0
69,CTXS,MRT,2004-03-31,2004-03-31,2004-03-31,2021-08-25,5347000.0,1151549000.0,1242679500.0,365287000.0,786262000.0,0.488,5.081,-13811000.0,280948000.0,280948000.0,30737000.0,105939000.0,1.307,0.361,0.0,0.0,0.0,0.0,183680000.0,32839000.0,0.0,0.0,0.0,151178000.0,184017000.0,0.303,184017000.0,151178000.0,133103000.0,0.65,0.61,0.65,845827000.0,714843500.0,845827000.0,3601836080.0,24.0,19.573,260177000.0,1.563,1.0,575707000.0,0.949,381987000.0,18075000.0,209165000.0,483649500.0,0.0,255200000.0,74668000.0,180532000.0,305722000.0,279449000.0,26273000.0,3609756080.0,48767000.0,-90750000.0,-135000.0,-355659000.0,0.0,-355801000.0,130580000.0,237569000.0,273988000.0,0.0,105939000.0,105939000.0,105939000.0,0.0,0.0,0.175,442549000.0,133158000.0,106742000.0,0.0,4.268,34.074,33.262,67026000.0,0.0,21.62,5.952,5.934,67646000.0,656065000.0,606444000.0,606444000.0,68356000.0,0.085,0.148,0.313,0.249,11497000.0,354567000.0,1.0,166963741.0,166457000,172584000.0,3.643,769562000.0,51825000.0,27164000.0,0.0,4.623,85838000.0
70,CTXS,MRT,2003-12-31,2003-12-31,2003-12-31,2021-08-25,7810000.0,1344939000.0,1243235500.0,765571000.0,579368000.0,0.473,4.275,-11063000.0,329429000.0,329429000.0,31072000.0,126943000.0,1.237,0.903,351423000.0,351423000.0,0.0,351423000.0,165075000.0,34336000.0,0.0,0.0,0.0,178967000.0,213303000.0,0.362,213303000.0,178967000.0,160687000.0,0.77,0.74,0.77,706798000.0,654716750.0,706798000.0,3555180148.0,20.0,16.667,244368000.0,1.478,1.0,557553000.0,0.947,173664000.0,18280000.0,574452000.0,587087250.0,0.0,568842000.0,385431000.0,183411000.0,638141000.0,618817000.0,19324000.0,3472773148.0,100619000.0,0.0,-66131000.0,0.0,0.0,-65488000.0,-89324000.0,-76903000.0,255431000.0,0.0,126943000.0,126943000.0,126943000.0,0.0,0.0,0.216,403164000.0,154389000.0,114456000.0,0.0,4.913,27.357,27.481,65837000.0,0.0,21.16,5.9,5.943,87464000.0,646740000.0,588625000.0,588625000.0,64443000.0,0.102,0.194,0.305,0.304,10289000.0,338421000.0,1.0,164119714.0,165323000,171447000.0,3.56,1171275000.0,54708000.0,33744000.0,0.0,7.085,146754000.0
71,CTXS,MRT,2003-09-30,2003-09-30,2003-09-30,2021-08-25,4483000.0,1243816000.0,1197383500.0,691330000.0,552486000.0,0.484,3.954,-8978000.0,264469000.0,264469000.0,39385000.0,130235000.0,1.185,0.914,346876000.0,346876000.0,0.0,346876000.0,144565000.0,35821000.0,0.0,0.0,0.0,183723000.0,219544000.0,0.379,219544000.0,183723000.0,165453000.0,0.78,0.75,0.78,649737000.0,631664750.0,649737000.0,3736232827.0,20.0,17.018,240022000.0,1.461,1.0,540280000.0,0.932,174768000.0,18270000.0,568173000.0,662217750.0,0.0,546215000.0,250608000.0,295607000.0,594079000.0,583282000.0,10797000.0,3642020827.0,25757000.0,0.0,-105592000.0,0.0,0.0,-103703000.0,-119540000.0,-106204000.0,249000000.0,0.0,130235000.0,130235000.0,130235000.0,0.0,0.0,0.225,382864000.0,157416000.0,102638000.0,0.0,5.605,27.965,28.372,66927000.0,0.0,22.13,6.283,6.273,85563000.0,610466000.0,579665000.0,579665000.0,62894000.0,0.109,0.206,0.277,0.317,20348000.0,327844000.0,1.0,164573919.0,164310000,171111000.0,3.528,1069048000.0,58085000.0,35218000.0,0.0,6.506,108048000.0
72,CTXS,MRT,2003-06-30,2003-06-30,2003-06-30,2021-08-25,5885000.0,1230414000.0,1163644000.0,647689000.0,582725000.0,0.476,3.972,-10443000.0,248222000.0,248222000.0,35609000.0,116055000.0,1.147,0.873,342434000.0,342434000.0,0.0,342434000.0,128151000.0,37520000.0,0.0,0.0,0.0,163043000.0,200563000.0,0.362,200563000.0,163043000.0,145028000.0,0.69,0.67,0.69,657012000.0,619026500.0,657012000.0,3552052782.0,22.0,17.71,229691000.0,1.389,1.0,518613000.0,0.936,177013000.0,18015000.0,582808000.0,762845250.0,0.0,541149000.0,221780000.0,319369000.0,573402000.0,564805000.0,8597000.0,3365867782.0,38758000.0,0.0,-144293000.0,-22698000.0,0.0,-164613000.0,-36763000.0,-22948000.0,240134000.0,0.0,116055000.0,116055000.0,116055000.0,0.0,0.0,0.209,382545000.0,136068000.0,102817000.0,0.0,5.123,29.002,29.507,69541000.0,0.0,20.36,6.073,6.076,84246000.0,579471000.0,554222000.0,554222000.0,64384000.0,0.1,0.187,0.214,0.294,14015000.0,323456000.0,1.0,165317671.0,165409000,171925000.0,3.351,1053401000.0,55049000.0,28973000.0,0.0,6.368,82884000.0
73,CTXS,MRT,2003-03-31,2003-03-31,2003-03-31,2021-08-25,4543000.0,1153773000.0,1156407750.0,561730000.0,592043000.0,0.457,3.618,-12288000.0,151819000.0,151819000.0,32694000.0,97560000.0,1.048,0.906,338004000.0,338004000.0,0.0,338004000.0,110699000.0,39594000.0,0.0,0.0,0.0,136865000.0,176459000.0,0.334,176459000.0,136865000.0,118761000.0,0.57,0.56,0.57,605320000.0,622162500.0,605320000.0,2362129797.0,17.0,13.386,206323000.0,1.233,1.0,495935000.0,0.938,180943000.0,18104000.0,622916000.0,892051000.0,0.0,570818000.0,250641000.0,320177000.0,548453000.0,536099000.0,12354000.0,2171280797.0,44224000.0,0.0,-164584000.0,-22698000.0,0.0,-184903000.0,10516000.0,26176000.0,218611000.0,0.0,97560000.0,97560000.0,97560000.0,0.0,0.0,0.185,385089000.0,110846000.0,95327000.0,0.0,3.587,22.256,23.088,73053000.0,0.0,13.16,4.107,4.165,68733000.0,550127000.0,528629000.0,528629000.0,65199000.0,0.084,0.157,0.153,0.259,23225000.0,322636000.0,1.0,164990942.0,167300000,170402000.0,3.16,972830000.0,54452000.0,21201000.0,0.0,5.815,25631000.0
74,CTXS,MRT,2002-12-31,2002-12-31,2002-12-31,2021-08-25,3833000.0,1161531000.0,1162336500.0,333516000.0,828015000.0,0.454,3.464,-19104000.0,254456000.0,254456000.0,29841000.0,93920000.0,1.828,0.89,333549000.0,0.0,333549000.0,333549000.0,103991000.0,41438000.0,0.0,0.0,0.0,131320000.0,172758000.0,0.328,172758000.0,131320000.0,113157000.0,0.53,0.52,0.53,614590000.0,631152000.0,614590000.0,2318749224.0,18.0,13.422,167999000.0,0.947,1.0,497607000.0,0.943,183213000.0,18163000.0,874974000.0,1004618750.0,0.0,464948000.0,95780000.0,369168000.0,546941000.0,182437000.0,364504000.0,2106962224.0,-11343000.0,-10680000.0,-159701000.0,-27773000.0,0.0,-184186000.0,-14260000.0,18524000.0,187103000.0,0.0,93920000.0,93920000.0,93920000.0,0.0,0.0,0.178,393747000.0,103860000.0,86474000.0,0.0,3.428,22.434,23.245,76534000.0,0.0,12.32,3.995,4.144,69471000.0,519797000.0,527448000.0,527448000.0,68923000.0,0.081,0.149,0.131,0.249,25735000.0,324339000.0,1.0,171019661.0,177428000,179359000.0,2.973,978318000.0,55102000.0,19237000.0,0.0,5.514,151079000.0
75,CTXS,MRT,2002-09-30,2002-09-30,2002-09-30,2021-08-25,4432000.0,1108858000.0,1174011250.0,364051000.0,744807000.0,0.457,3.421,-37802000.0,117560000.0,117560000.0,33229000.0,79994000.0,2.155,0.851,329347000.0,0.0,329347000.0,329347000.0,93772000.0,57554000.0,0.0,0.0,0.0,119828000.0,177382000.0,0.33,177382000.0,119828000.0,101106000.0,0.44,0.43,0.44,599184000.0,639337000.0,599184000.0,1311693097.0,11.0,7.395,149307000.0,0.853,1.0,503483000.0,0.938,181013000.0,18722000.0,970683000.0,1044193500.0,2538000.0,554948000.0,129250000.0,425698000.0,509674000.0,168949000.0,340725000.0,1054967097.0,-34565000.0,-10701000.0,-191813000.0,-29914000.0,0.0,-215200000.0,-6474000.0,42029000.0,187109000.0,0.0,79994000.0,79994000.0,79994000.0,0.0,0.0,0.149,410718000.0,92765000.0,82951000.0,0.0,1.761,13.188,13.705,81986000.0,0.0,6.03,1.966,1.968,51895000.0,480230000.0,536712000.0,536712000.0,69530000.0,0.068,0.125,0.115,0.223,27561000.0,328800000.0,1.0,174953084.0,175127000,175891000.0,3.065,927845000.0,55932000.0,21112000.0,0.0,5.298,195102000.0
76,CTXS,MRT,2002-06-30,2002-06-30,2002-06-30,2021-08-25,6607000.0,1201469000.0,1199780250.0,357442000.0,844027000.0,0.476,3.721,-40684000.0,93301000.0,93301000.0,36427000.0,90969000.0,2.041,0.794,350027000.0,0.0,350027000.0,350027000.0,87764000.0,69877000.0,0.0,0.0,0.0,142888000.0,212765000.0,0.372,212765000.0,142888000.0,122069000.0,0.49,0.47,0.49,669556000.0,653551250.0,669556000.0,1360209226.0,10.0,6.393,135704000.0,0.754,1.0,534882000.0,0.936,183416000.0,20819000.0,1099631000.0,1053792750.0,2438000.0,626038000.0,104539000.0,521499000.0,531913000.0,175148000.0,356765000.0,1099281226.0,-111860000.0,-21168000.0,-134884000.0,-7216000.0,0.0,-130955000.0,-157293000.0,-95441000.0,176388000.0,0.0,90969000.0,90969000.0,90969000.0,0.0,0.0,0.159,427101000.0,107781000.0,94122000.0,0.0,1.642,12.084,12.327,85267000.0,0.0,6.04,1.924,1.902,69665000.0,463415000.0,571309000.0,571309000.0,69283000.0,0.076,0.139,0.136,0.25,38406000.0,333181000.0,1.0,182000203.0,179935000,181262000.0,3.175,1018053000.0,75080000.0,31100000.0,0.0,5.658,182294000.0
77,CTXS,MRT,2002-03-31,2002-03-31,2002-03-31,2021-08-25,-337000.0,1177488000.0,1195770500.0,333954000.0,843534000.0,0.503,3.482,-44569000.0,84570000.0,84570000.0,38892000.0,103014000.0,1.862,0.836,345498000.0,0.0,345498000.0,345498000.0,84233000.0,78840000.0,0.0,0.0,0.0,166928000.0,245768000.0,0.409,245768000.0,166928000.0,146147000.0,0.55,0.53,0.55,641278000.0,649270500.0,641278000.0,3365895337.0,20.0,13.695,156299000.0,0.849,1.0,562235000.0,0.935,185845000.0,20781000.0,1073187000.0,1009674000.0,3014000.0,616368000.0,100468000.0,515900000.0,536210000.0,179384000.0,356826000.0,3159374337.0,-233453000.0,-194434000.0,-139046000.0,-7216000.0,0.0,-134840000.0,-299481000.0,-60478000.0,200868000.0,0.0,103014000.0,103014000.0,103014000.0,0.0,0.0,0.171,433538000.0,128697000.0,101496000.0,0.0,4.927,30.669,31.418,89465000.0,0.0,17.28,5.256,5.294,79504000.0,452566000.0,601127000.0,601127000.0,70374000.0,0.086,0.159,0.165,0.278,22942000.0,326330000.0,1.0,182834163.0,184174000,187465000.0,3.264,991643000.0,67230000.0,43133000.0,0.0,5.384,154570000.0
78,CTXS,MRT,2001-12-31,2001-12-31,2001-12-31,2021-08-25,-84000.0,1208230000.0,1191371500.0,346055000.0,862175000.0,0.497,3.49,-60557000.0,139693000.0,139693000.0,41451000.0,105260000.0,1.798,0.866,346214000.0,0.0,346214000.0,346214000.0,86204000.0,79588000.0,0.0,0.0,0.0,173104000.0,252692000.0,0.427,252692000.0,173104000.0,152551000.0,0.57,0.54,0.57,647330000.0,649697750.0,647330000.0,4435029759.0,26.0,17.551,169286000.0,0.913,1.0,550178000.0,0.93,188977000.0,20553000.0,1033273000.0,979544250.0,3568000.0,606972000.0,77078000.0,529894000.0,560900000.0,192501000.0,368399000.0,4253684759.0,-225232000.0,-183754000.0,-92872000.0,-2141000.0,0.0,-83007000.0,-372068000.0,-127757000.0,229843000.0,0.0,105260000.0,105260000.0,105260000.0,0.0,0.0,0.178,416827000.0,133351000.0,111928000.0,0.0,6.571,40.411,39.754,90110000.0,0.0,22.66,7.19,7.103,65032000.0,425877000.0,591629000.0,591629000.0,67699000.0,0.088,0.162,0.177,0.293,28011000.0,309320000.0,1.0,187717774.0,185460000,194498000.0,3.19,1019253000.0,64311000.0,47291000.0,0.0,5.496,153554000.0
79,CTXS,MRT,2001-09-30,2001-09-30,2001-09-30,2021-08-25,-740000.0,1211934000.0,1167457250.0,353131000.0,858803000.0,0.477,3.521,-52283000.0,162225000.0,162225000.0,28775000.0,98996000.0,1.88,0.847,343570000.0,0.0,343570000.0,343570000.0,94050000.0,68162000.0,0.0,0.0,0.0,162859000.0,231021000.0,0.415,231021000.0,162859000.0,143070000.0,0.53,0.51,0.53,656041000.0,636084000.0,656041000.0,3827580507.0,24.0,16.568,194143000.0,1.042,1.0,528160000.0,0.948,196390000.0,19789000.0,1009080000.0,935305750.0,3733000.0,587881000.0,53680000.0,534201000.0,555893000.0,187809000.0,368084000.0,3703670507.0,-160183000.0,-183733000.0,-68351000.0,0.0,0.0,-55961000.0,-350648000.0,-113299000.0,246426000.0,0.0,98996000.0,98996000.0,98996000.0,0.0,0.0,0.178,408187000.0,119973000.0,98989000.0,0.0,5.645,37.412,37.358,79682000.0,0.0,19.8,6.65,6.624,79203000.0,400236000.0,556935000.0,556935000.0,64899000.0,0.085,0.156,0.174,0.292,14429000.0,290355000.0,1.0,187054066.0,186308000,196835000.0,2.989,1015544000.0,54939000.0,44074000.0,0.0,5.451,165322000.0
80,CTXS,MRT,2001-06-30,2001-06-30,2001-06-30,2021-08-25,1785000.0,1185430000.0,1144370000.0,375980000.0,809450000.0,0.452,3.536,-56735000.0,215261000.0,215261000.0,30056000.0,92823000.0,2.055,0.817,339171000.0,0.0,339171000.0,339171000.0,97338000.0,59435000.0,0.0,0.0,0.0,151346000.0,210781000.0,0.408,210781000.0,151346000.0,133676000.0,0.5,0.48,0.5,652433000.0,626133500.0,652433000.0,6452514674.0,43.0,30.612,183994000.0,0.997,1.0,486875000.0,0.942,203206000.0,17670000.0,923156000.0,908301750.0,4136000.0,525711000.0,46917000.0,478794000.0,532997000.0,182978000.0,350019000.0,6445855674.0,-135699000.0,-175256000.0,-156317000.0,0.0,0.0,-149043000.0,-227385000.0,5939000.0,240729000.0,0.0,92823000.0,92823000.0,92823000.0,0.0,0.0,0.18,373375000.0,113500000.0,89736000.0,0.0,9.88,69.442,69.8,79407000.0,0.0,34.9,12.469,12.456,55596000.0,372446000.0,516931000.0,516931000.0,60532000.0,0.081,0.148,0.167,0.293,1775000.0,266915000.0,1.0,184695005.0,184490000,194001000.0,2.802,982224000.0,50283000.0,40853000.0,0.0,5.324,193002000.0
81,CTXS,MRT,2001-03-31,2001-03-31,2001-03-31,2021-08-25,803000.0,1159892000.0,1153348000.0,539342000.0,620550000.0,0.412,3.479,-59068000.0,328123000.0,328123000.0,31237000.0,84902000.0,3.213,0.804,334782000.0,0.0,334782000.0,334782000.0,97060000.0,52209000.0,0.0,0.0,0.0,137481000.0,189690000.0,0.399,189690000.0,137481000.0,120139000.0,0.46,0.43,0.46,642987000.0,641550000.0,642987000.0,3873163959.0,28.0,20.418,191165000.0,1.034,1.0,444506000.0,0.934,46034000.0,17342000.0,952668000.0,918986250.0,4593000.0,549477000.0,83981000.0,465496000.0,516905000.0,167849000.0,349056000.0,3917691959.0,62981000.0,-1990000.0,-130470000.0,0.0,0.0,-123471000.0,-63781000.0,-1390000.0,250233000.0,0.0,84902000.0,84902000.0,84902000.0,0.0,0.0,0.178,346296000.0,98210000.0,78999000.0,0.0,6.093,46.144,45.935,73327000.0,0.0,21.13,8.235,8.209,43057000.0,349552000.0,475743000.0,475743000.0,54682000.0,0.074,0.132,0.15,0.289,10512000.0,252652000.0,1.0,185408990.0,184832000,195669000.0,2.574,1113858000.0,82236000.0,35237000.0,0.0,6.026,371493000.0
82,CTXS,MRT,2000-12-31,2000-12-31,2000-12-31,2021-08-25,-2943000.0,1112573000.0,1164827250.0,586731000.0,525842000.0,0.404,3.208,-43532000.0,375025000.0,375025000.0,29054000.0,94512000.0,3.681,0.877,330497000.0,0.0,330497000.0,330497000.0,94730000.0,50248000.0,0.0,0.0,0.0,152116000.0,202364000.0,0.43,202364000.0,152116000.0,135017000.0,0.51,0.47,0.51,592875000.0,651776500.0,592875000.0,4172419860.0,27.0,20.618,199705000.0,1.081,1.0,441392000.0,0.938,52339000.0,17099000.0,856319000.0,934448750.0,4622000.0,474136000.0,91612000.0,382524000.0,519698000.0,159387000.0,360311000.0,4168606860.0,158909000.0,-30102000.0,-87362000.0,0.0,0.0,-82552000.0,-1776000.0,73191000.0,243237000.0,0.0,94512000.0,94512000.0,94512000.0,0.0,0.0,0.201,329167000.0,112225000.0,78739000.0,0.0,7.031,44.107,44.118,55559000.0,0.0,22.5,8.861,8.839,37299000.0,320617000.0,470446000.0,470446000.0,50622000.0,0.081,0.145,0.163,0.323,63923000.0,239069000.0,1.0,185271416.0,184804000,199731000.0,2.546,1060234000.0,85657000.0,40505000.0,0.0,5.737,427344000.0
83,CTXS,MRT,2000-09-30,2000-09-30,2000-09-30,2021-08-25,-2355000.0,1119585000.0,1146148250.0,772652000.0,346933000.0,0.406,3.32,-44320000.0,322408000.0,322408000.0,26041000.0,109180000.0,5.049,0.817,326221000.0,0.0,326221000.0,326221000.0,101692000.0,45214000.0,0.0,0.0,0.0,177272000.0,222486000.0,0.478,222486000.0,177272000.0,160530000.0,0.6,0.54,0.6,616239000.0,636825250.0,616239000.0,3696651533.0,21.0,16.615,179135000.0,0.965,1.0,439103000.0,0.944,69300000.0,16742000.0,901064000.0,954176500.0,5107000.0,480220000.0,286476000.0,193744000.0,503346000.0,153034000.0,350312000.0,3725567533.0,142470000.0,-29991000.0,-37909000.0,0.0,0.0,-38087000.0,-42898000.0,32996000.0,223455000.0,0.0,109180000.0,109180000.0,109180000.0,0.0,0.0,0.235,297484000.0,141619000.0,71973000.0,0.0,6.046,34.123,33.433,49155000.0,0.0,20.06,8.009,8.005,53111000.0,301240000.0,465144000.0,465144000.0,47663000.0,0.095,0.171,0.186,0.381,95924000.0,221566000.0,1.0,185721213.0,185627000,192879000.0,2.506,1050285000.0,112826000.0,51350000.0,3460000.0,5.658,619618000.0
84,CTXS,MRT,2000-06-30,2000-06-30,2000-06-30,2021-08-25,2375000.0,1221342000.0,1097270750.0,794255000.0,427087000.0,0.417,3.853,-39316000.0,350960000.0,350960000.0,20490000.0,116909000.0,5.256,0.71,322044000.0,0.0,322044000.0,322044000.0,110912000.0,39340000.0,0.0,0.0,0.0,191938000.0,231278000.0,0.506,231278000.0,191938000.0,175502000.0,0.65,0.58,0.65,714099000.0,595081000.0,714099000.0,3558885869.0,19.0,15.388,189698000.0,1.023,1.0,436943000.0,0.955,75432000.0,16436000.0,965894000.0,947078500.0,8840000.0,537292000.0,276065000.0,261227000.0,507243000.0,151100000.0,356143000.0,3506076869.0,116107000.0,-60785000.0,100333000.0,0.0,0.0,100161000.0,-213068000.0,-111134000.0,229014000.0,0.0,116909000.0,116909000.0,116909000.0,0.0,0.0,0.256,278200000.0,158743000.0,71019000.0,0.0,4.91,29.99,29.138,42595000.0,0.0,18.94,7.665,7.675,57282000.0,279623000.0,457433000.0,457433000.0,44655000.0,0.107,0.196,0.203,0.42,113825000.0,205645000.0,1.0,185114935.0,185356000,203316000.0,2.468,1145910000.0,121409000.0,58593000.0,3268000.0,6.182,643155000.0
85,CTXS,MRT,2000-03-31,2000-03-31,2000-03-31,2021-08-25,7603000.0,1205809000.0,1003789500.0,722553000.0,483256000.0,0.444,3.734,-32292000.0,265142000.0,265142000.0,15187000.0,129721000.0,4.516,0.763,317951000.0,0.0,317951000.0,317951000.0,119602000.0,32946000.0,0.0,0.0,0.0,213797000.0,246743000.0,0.554,246743000.0,213797000.0,197526000.0,0.73,0.66,0.73,683893000.0,511211750.0,683893000.0,12295697239.0,58.0,49.832,165205000.0,0.902,1.0,430575000.0,0.966,84107000.0,16271000.0,1014518000.0,895640250.0,10489000.0,560301000.0,238381000.0,321920000.0,521916000.0,159993000.0,361923000.0,12197933239.0,-147962000.0,-60785000.0,96477000.0,15000.0,0.0,96254000.0,-441713000.0,-346553000.0,197497000.0,0.0,129721000.0,129721000.0,129721000.0,0.0,0.0,0.291,246614000.0,183961000.0,77424000.0,0.0,17.836,94.032,90.753,36438000.0,0.0,66.25,27.364,27.22,82974000.0,264650000.0,445762000.0,445762000.0,41268000.0,0.129,0.254,0.239,0.48,106718000.0,181524000.0,1.0,184119747.0,183151000,208309000.0,2.434,1121702000.0,140050000.0,67805000.0,6676000.0,6.124,562560000.0
86,CTXS,MRT,1999-12-31,1999-12-31,1999-12-31,2021-08-25,-2537000.0,1037857000.0,903648500.0,570244000.0,467613000.0,0.446,3.024,-26313000.0,216116000.0,216116000.0,14579000.0,116944000.0,4.163,0.947,313880000.0,0.0,313880000.0,313880000.0,121717000.0,27563000.0,0.0,0.0,0.0,195257000.0,222820000.0,0.553,222820000.0,195257000.0,182725000.0,0.66,0.61,0.66,533070000.0,425947750.0,533070000.0,11151986399.0,57.0,50.049,157708000.0,0.895,1.0,388706000.0,0.964,63396000.0,12532000.0,935230000.0,774353250.0,7731000.0,547733000.0,221978000.0,325755000.0,504787000.0,136995000.0,367792000.0,11022105399.0,88570000.0,-32673000.0,362286000.0,0.0,0.0,362094000.0,-457545000.0,-396226000.0,184021000.0,0.0,116944000.0,116944000.0,116944000.0,0.0,0.0,0.29,217202000.0,171504000.0,69190000.0,0.0,20.677,94.251,93.182,31530000.0,0.0,61.5,27.331,26.879,55327000.0,226105000.0,403285000.0,403285000.0,37363000.0,0.129,0.275,0.252,0.484,50843000.0,159059000.0,1.0,179221226.0,176260000,192566000.0,2.288,974461000.0,87135000.0,65781000.0,0.0,5.529,433249000.0
87,CTXS,MRT,1999-09-30,1999-09-30,1999-09-30,2021-08-25,-1597000.0,924075000.0,752029250.0,412288000.0,511787000.0,0.48,2.537,-13531000.0,179938000.0,179938000.0,14169000.0,105205000.0,3.552,1.057,309819000.0,0.0,309819000.0,309819000.0,111959000.0,22876000.0,0.0,0.0,0.0,172918000.0,195794000.0,0.543,195794000.0,172918000.0,164383000.0,0.61,0.555,0.61,449262000.0,367043750.0,449262000.0,5511302417.0,32.0,28.148,169994000.0,0.96,1.0,346574000.0,0.961,65211000.0,8535000.0,872672000.0,583525500.0,8473000.0,513972000.0,137251000.0,376721000.0,474813000.0,116073000.0,358740000.0,5440304417.0,46820000.0,-32884000.0,342833000.0,0.0,0.0,342714000.0,-479419000.0,-430629000.0,183525000.0,0.0,105205000.0,105205000.0,105205000.0,0.0,0.0,0.292,192746000.0,153828000.0,50218000.0,0.0,12.109,51.711,50.77,21483000.0,0.0,30.97,15.081,15.203,47427000.0,192059000.0,360743000.0,360743000.0,34274000.0,0.14,0.287,0.296,0.479,36421000.0,139593000.0,1.0,175663688.0,177084000,193137000.0,2.037,858864000.0,60063000.0,59178000.0,1882000.0,4.85,296215000.0
88,CTXS,MRT,1999-06-30,1999-06-30,1999-06-30,2021-08-25,-1497000.0,847417000.0,612287539.0,408081000.0,439336000.0,0.527,2.163,-10909000.0,234853000.0,234853000.0,14774000.0,92757000.0,3.429,1.238,305851000.0,0.0,305851000.0,305851000.0,103460000.0,22330000.0,0.0,0.0,0.0,149493000.0,171823000.0,0.533,171823000.0,149493000.0,144933000.0,0.54,0.495,0.54,378622000.0,319442954.0,378622000.0,4819542458.0,32.0,28.049,153676000.0,0.878,1.0,307810000.0,0.954,39259000.0,4560000.0,760141000.0,394015665.0,7544000.0,422286000.0,87342000.0,334944000.0,468795000.0,119015000.0,349780000.0,4930752458.0,82041000.0,-46597000.0,324664000.0,0.0,0.0,324532000.0,-407076000.0,-344195000.0,164585000.0,0.0,92757000.0,92757000.0,92757000.0,0.0,0.0,0.288,173038000.0,134772000.0,44042000.0,0.0,13.023,53.158,52.315,16700000.0,0.0,28.25,15.285,15.333,44039000.0,162714000.0,322584000.0,322584000.0,32689000.0,0.151,0.29,0.379,0.463,28133000.0,122405000.0,1.0,174539910.0,175083000,188981000.0,1.842,808158000.0,59413000.0,52176000.0,12782000.0,4.616,289066000.0
89,CTXS,MRT,1999-03-31,1999-03-31,1999-03-31,2021-08-25,0.0,805245000.0,495254023.0,536659000.0,268586000.0,0.574,1.982,-10177000.0,413104000.0,413104000.0,16354000.0,74592000.0,4.412,1.349,301894000.0,0.0,301894000.0,301894000.0,93636000.0,18987000.0,0.0,0.0,0.0,117030000.0,136017000.0,0.478,136017000.0,117030000.0,116551000.0,0.435,0.4,0.435,342837000.0,281543093.0,342837000.0,3170648592.0,27.0,23.311,131028000.0,0.757,1.0,268019000.0,0.942,43021000.0,479000.0,529370000.0,221113320.0,4761000.0,206146000.0,43375000.0,162771000.0,462408000.0,121644000.0,340764000.0,3298194592.0,294088000.0,-46049000.0,317693000.0,-50000.0,0.0,317612000.0,-164729000.0,-103378000.0,141205000.0,0.0,74592000.0,74592000.0,74592000.0,0.0,0.0,0.262,161885000.0,106134000.0,44333000.0,0.0,9.62,44.216,43.828,15252000.0,0.0,19.065,11.598,11.597,43774000.0,134929000.0,284373000.0,284373000.0,27987000.0,0.151,0.265,0.529,0.412,27956000.0,107572000.0,1.0,172997356.0,172983000,187363000.0,1.644,762224000.0,56649000.0,41959000.0,19347000.0,4.406,415015000.0
90,CTXS,MRT,1998-12-31,1998-12-31,1998-12-31,2021-08-25,0.0,431380000.0,370220331.0,244016000.0,187364000.0,0.672,1.766,-11670000.0,127546000.0,127546000.0,16682000.0,61102000.0,2.867,0.45,0.0,0.0,0.0,0.0,98747000.0,15173000.0,0.0,0.0,0.0,95547000.0,110720000.0,0.445,110720000.0,95547000.0,95472000.0,0.36,0.33,0.36,297454000.0,249596992.0,297454000.0,4006184351.0,42.0,36.183,107648000.0,0.639,1.0,231954000.0,0.933,46799000.0,75000.0,171919000.0,119476560.0,4071000.0,154042000.0,56934000.0,97108000.0,133926000.0,85116000.0,48810000.0,4139113800.0,-12535000.0,-63549000.0,15329000.0,0.0,0.0,15298000.0,-147151000.0,-64932000.0,119318000.0,0.0,61102000.0,61102000.0,61102000.0,0.0,0.0,0.246,146450000.0,85504000.0,29735000.0,0.0,13.915,67.741,67.403,14183000.0,0.0,24.265,16.647,16.442,32798000.0,109161000.0,248636000.0,248636000.0,22858000.0,0.165,0.245,0.8,0.384,24174000.0,94986000.0,1.0,170579592.0,168473000,182594000.0,1.476,384581000.0,42068000.0,34370000.0,2553000.0,2.283,158900000.0
91,CTXS,MRT,1998-09-30,1998-09-30,1998-09-30,2021-08-25,0.0,365108155.0,333042331.0,285948823.0,79159332.0,0.649,1.533,-13877099.0,133117973.0,133117973.0,17816208.0,51288035.0,4.271,0.41,188524.0,9188.0,179336.0,188524.0,75716981.0,11690422.0,0.0,0.0,0.0,80147492.0,91837914.0,0.425,91837914.0,80147492.0,80138492.0,0.302,0.29,0.302,258858818.0,224445492.0,258858818.0,2833033856.0,35.0,30.848,57953945.0,0.343,1.0,198264878.0,0.918,50601044.0,9000.0,114632661.0,103068158.0,4346815.0,84942267.0,84942267.0,0.0,106249337.0,66945001.0,39304336.0,2985640454.0,-15936482.0,-66060000.0,10666342.0,75290.0,0.0,10671632.0,-98439158.0,-13127059.0,71831044.0,0.0,51288035.0,51288035.0,51288035.0,0.0,0.0,0.237,128675365.0,69589513.0,2948783.0,0.0,11.534,58.213,58.775,14130563.0,0.0,17.75,13.817,13.872,33149929.0,86855111.0,216081086.0,216081086.0,17584209.0,0.154,0.229,0.778,0.371,21966387.0,82337156.0,1.0,168205096.0,168876000,183636000.0,1.28,314507111.0,39950475.0,28850457.0,3624027.0,1.862,219003822.0
92,CTXS,MRT,1998-06-30,1998-06-30,1998-06-30,2021-08-25,0.0,379282937.0,,287437395.0,91845542.0,,1.356,-10682246.0,152812285.0,152812285.0,17349620.0,47463363.0,2.632,0.671,205687.0,18202.0,187485.0,205687.0,68131156.0,5193123.0,0.0,0.0,0.0,74171568.0,79364691.0,0.433,79364691.0,74171568.0,74162568.0,0.283,0.275,0.283,227022553.0,,227022553.0,2740891755.0,37.0,34.535,20116311.0,0.12,1.0,166051626.0,0.905,48946820.0,9000.0,68531620.0,,3372550.0,79588728.0,79588728.0,0.0,152260384.0,109197899.0,43062485.0,2859864330.0,-19719823.0,-19563000.0,5030478.0,49350.0,0.0,5027828.0,-55546208.0,-23175962.0,30798557.0,0.0,47463363.0,47463363.0,47463363.0,0.0,0.0,0.259,103148876.0,62902750.0,2060864.0,0.0,12.597,60.254,60.406,12864090.0,0.0,17.095,15.593,15.611,0.0,69956794.0,183401246.0,183401246.0,11301623.0,,,,0.404,12799387.0,69693253.0,1.0,167292444.0,167482000,181674000.0,1.095,330336117.0,40673048.0,26699205.0,16261333.0,1.972,178239496.0
93,CTXS,MRT,1998-03-31,1998-03-31,1998-03-31,2021-08-25,0.0,305110231.0,,264666363.0,40443868.0,,1.292,-8596874.0,119015968.0,119015968.0,14959171.0,46142248.0,6.097,0.419,43393.0,18893.0,24500.0,43393.0,65636744.0,3040370.0,0.0,0.0,0.0,72106574.0,75146944.0,0.495,75146944.0,72106574.0,72097574.0,0.278,0.267,0.278,215052599.0,,215052599.0,2120903881.0,29.0,28.223,91309903.0,0.548,1.0,136755224.0,0.901,19906567.0,9000.0,122822957.0,,2274994.0,102768101.0,102768101.0,0.0,90057632.0,43408132.0,46649500.0,2260976035.0,8570695.0,-20111000.0,4581507.0,60040.0,0.0,4557547.0,-95893629.0,-65060755.0,99906777.0,0.0,46142248.0,46142248.0,46142248.0,0.0,0.0,0.304,75636036.0,61119188.0,941857.0,0.0,10.514,49.0,48.732,10450050.0,0.0,13.547,14.903,14.867,20655147.0,60336365.0,151714395.0,151714395.0,8712770.0,,,,0.475,13839489.0,56915266.0,1.0,166892492.0,166496000,179232000.0,0.911,285203664.0,26023173.0,25955326.0,488376.0,1.713,221258231.0
94,CTXS,MRT,1997-12-31,1997-12-31,1997-12-31,2021-08-25,0.0,282668000.0,216123768.0,258361000.0,24307000.0,0.573,1.204,-6104000.0,140081000.0,140081000.0,12304000.0,41358000.0,7.289,0.436,8396.0,8396.0,0.0,8396.0,68522000.0,1712000.0,0.0,0.0,0.0,64631000.0,66343000.0,0.535,66343000.0,64631000.0,64622000.0,0.25,0.24,0.25,196848000.0,169349492.0,196848000.0,,,,91581000.0,0.56,1.0,111629000.0,0.901,865000.0,9000.0,106285396.0,74550100.0,2273000.0,89111000.0,89111000.0,0.0,85820000.0,35445000.0,50375000.0,2113971565.0,40946000.0,-2611000.0,2964000.0,0.0,0.0,2880000.0,-59619000.0,-50904000.0,97685000.0,0.0,41358000.0,41358000.0,41358000.0,0.0,0.0,0.334,56901000.0,54728000.0,14018000.0,0.0,10.739,51.114,50.667,6678000.0,0.0,12.667,17.057,16.705,12631000.0,48059000.0,123933000.0,123933000.0,6948000.0,0.191,0.244,0.867,0.521,10675000.0,46003000.0,1.0,166892492.0,163444000,174524000.0,0.758,281803000.0,27531000.0,23264000.0,236000.0,1.724,222916000.0
95,CTXS,MRT,1997-09-30,1997-09-30,1997-09-30,2021-08-25,,,,,,,,,,,,,,,,,,,,,,0.0,0.0,,,,,,,,,,,,,,,,,,1.0,,,,,,,,,,,,,,,,,,,,,,,,,,,,,,,,,,,,,,,,8.397,,,,,,,,,,,,,,1.0,,164014980,,,,,,,,
96,CTXS,MRT,1997-06-30,1997-06-30,1997-06-30,2021-08-25,,,,,,,,,,,,,,,,,,,,,,0.0,0.0,,,,,,,,,,,,,,,,,,1.0,,,,,,,,,,,,,,,,,,,,,,,,,,,,,,,,,,,,,,,,7.313,,,,,,,,,,,,,,1.0,,163055176,,,,,,,,
97,CTXS,MRT,1997-03-31,1997-03-31,1997-03-31,2021-08-25,,,,,,,,,,,,,,,,,,,,,,0.0,0.0,,,,,,,,,,,,,,,,,,1.0,,,,,,,,,,,,,,,,,,,,,,,,,,,,,,,,,,,,,,,,2.208,,,,,,,,,,,,,,1.0,,161159636,,,,,,,,
98,CTXS,MRT,1996-12-31,1996-12-31,1996-12-31,2021-08-25,0.0,149579536.0,,147497977.0,2081559.0,,0.939,-2155000.0,99135049.0,99135049.0,5099000.0,18701000.0,19.105,0.054,90651.0,82434.0,8217.0,90651.0,2074670.0,376000.0,0.0,0.0,0.0,22263000.0,22639000.0,0.508,22639000.0,22263000.0,22263000.0,0.125,0.115,0.125,141850984.0,,141850984.0,,,,20053000.0,0.133,1.0,39428000.0,0.885,0.0,0.0,42814803.0,,696336.0,38206495.0,38206495.0,0.0,7728552.0,7720335.0,8217.0,,55664000.0,0.0,73860000.0,-143000.0,0.0,73717000.0,-40261000.0,-38106000.0,22208000.0,0.0,18701000.0,18701000.0,18701000.0,0.0,0.0,0.42,21710000.0,17718000.0,755908.0,0.0,,,52.08,2081559.0,0.0,6.51,,22.089,5525315.0,6700849.0,44527000.0,44527000.0,3843000.0,,,,0.5,6328000.0,17867000.0,1.0,,151084000,163620000.0,0.295,149579536.0,3168964.0,3562000.0,0.0,0.99,139777642.0
99,CTXS,MRT,1995-12-31,1995-12-31,1995-12-31,2021-08-25,,,,,,,,-62282.0,,,1955838.0,1895015.0,,,,,,,,185157.0,,0.0,0.0,1988115.0,2173272.0,0.149,2173272.0,1988115.0,1988115.0,0.018,0.0,0.018,,,,,,,2736528.0,0.025,1.0,12612084.0,0.866,,0.0,,,,,,,,,,,41558710.0,0.0,38931825.0,-109643.0,0.0,38822182.0,-62282.0,0.0,2798810.0,0.0,1895015.0,1895015.0,1895015.0,0.0,0.0,0.13,10796884.0,1815200.0,,0.0,,,150.463,,0.0,2.708,,20.088,,,14567922.0,14567922.0,2343313.0,,,,0.136,0.0,8453571.0,1.0,,108054372,121478544.0,0.135,,,93100.0,,,
