None,ticker,dimension,calendardate,datekey,reportperiod,lastupdated,accoci,assets,assetsavg,assetsc,assetsnc,assetturnover,bvps,capex,cashneq,cashnequsd,cor,consolinc,currentratio,de,debt,debtc,debtnc,debtusd,deferredrev,depamor,deposits,divyield,dps,ebit,ebitda,ebitdamargin,ebitdausd,ebitusd,ebt,eps,epsdil,epsusd,equity,equityavg,equityusd,ev,evebit,evebitda,fcf,fcfps,fxusd,gp,grossmargin,intangibles,intexp,invcap,invcapavg,inventory,investments,investmentsc,investmentsnc,liabilities,liabilitiesc,liabilitiesnc,marketcap,ncf,ncfbus,ncfcommon,ncfdebt,ncfdiv,ncff,ncfi,ncfinv,ncfo,ncfx,netinc,netinccmn,netinccmnusd,netincdis,netincnci,netmargin,opex,opinc,payables,payoutratio,pb,pe,pe1,ppnenet,prefdivis,price,ps,ps1,receivables,retearn,revenue,revenueusd,rnd,roa,roe,roic,ros,sbcomp,sgna,sharefactor,sharesbas,shareswa,shareswadil,sps,tangibles,taxassets,taxexp,taxliabilities,tbvps,workingcapital
0,CTSH,MRY,2020-12-31,2020-12-31,2020-12-31,2021-07-29,110000000.0,16923000000.0,17838750000.0,6851000000.0,10072000000.0,0.933,20.067,-398000000.0,2680000000.0,2680000000.0,10671000000.0,1392000000.0,1.935,0.562,1758000000.0,249000000.0,1509000000.0,1758000000.0,419000000.0,559000000.0,0.0,0.011,0.88,2120000000.0,2679000000.0,0.161,2679000000.0,2120000000.0,2096000000.0,2.58,2.57,2.58,10836000000.0,10890250000.0,10836000000.0,42860832982.0,20.0,15.999,2901000000.0,5.372,1.0,5981000000.0,0.359,6077000000.0,24000000.0,6384000000.0,8146750000.0,0.0,484000000.0,44000000.0,440000000.0,6087000000.0,3540000000.0,2547000000.0,43813832982.0,35000000.0,-1123000000.0,-1479000000.0,-50000000.0,-480000000.0,-2009000000.0,-1238000000.0,283000000.0,3299000000.0,-17000000.0,1392000000.0,1392000000.0,1392000000.0,0.0,0.0,0.084,3867000000.0,2114000000.0,389000000.0,0.341,4.043,31.475,31.764,2264000000.0,0.0,81.95,2.631,2.658,3087000000.0,10689000000.0,16652000000.0,16652000000.0,0.0,0.078,0.128,0.26,0.127,232000000.0,3100000000.0,1.0,534641037.0,540000000,541000000.0,30.837,10846000000.0,445000000.0,704000000.0,634000000.0,20.085,3311000000.0
1,CTSH,MRY,2019-12-31,2019-12-31,2019-12-31,2021-07-29,-38000000.0,16204000000.0,15915250000.0,7611000000.0,8593000000.0,1.055,19.717,-392000000.0,2645000000.0,2645000000.0,10634000000.0,1842000000.0,2.551,0.47,1685000000.0,240000000.0,1445000000.0,1685000000.0,336000000.0,526000000.0,0.0,0.013,0.8,2511000000.0,3037000000.0,0.181,3037000000.0,2511000000.0,2485000000.0,3.3,3.29,3.3,11022000000.0,10854250000.0,11022000000.0,33293032280.0,13.0,10.962,2107000000.0,3.769,1.0,6149000000.0,0.366,5020000000.0,26000000.0,7241000000.0,7911000000.0,0.0,796000000.0,779000000.0,17000000.0,5182000000.0,2983000000.0,2199000000.0,33960032280.0,1484000000.0,-617000000.0,-2088000000.0,-28000000.0,-453000000.0,-2569000000.0,1588000000.0,2597000000.0,2499000000.0,-34000000.0,1842000000.0,1842000000.0,1842000000.0,0.0,0.0,0.11,3696000000.0,2453000000.0,239000000.0,0.242,3.081,18.436,18.794,2235000000.0,0.0,62.02,2.023,2.066,3256000000.0,11022000000.0,16783000000.0,16783000000.0,0.0,0.116,0.17,0.317,0.15,217000000.0,2972000000.0,1.0,547565822.0,559000000,560000000.0,30.023,11184000000.0,585000000.0,643000000.0,513000000.0,20.007,4628000000.0
2,CTSH,MRY,2018-12-31,2018-12-31,2018-12-31,2021-07-29,-114000000.0,15846000000.0,15242750000.0,8610000000.0,7236000000.0,1.058,19.629,-377000000.0,1161000000.0,1161000000.0,9838000000.0,2101000000.0,3.177,0.387,745000000.0,9000000.0,736000000.0,745000000.0,348000000.0,498000000.0,0.0,0.013,0.8,2826000000.0,3324000000.0,0.206,3324000000.0,2826000000.0,2799000000.0,3.61,3.6,3.61,11424000000.0,11009500000.0,11424000000.0,36141698011.0,13.0,10.873,2215000000.0,3.806,1.0,6287000000.0,0.39,4631000000.0,27000000.0,8089000000.0,8025000000.0,0.0,3430000000.0,3350000000.0,80000000.0,4422000000.0,2710000000.0,1712000000.0,36756698011.0,-764000000.0,-1111000000.0,-1080000000.0,-145000000.0,-468000000.0,-1693000000.0,-1627000000.0,-139000000.0,2592000000.0,-36000000.0,2101000000.0,2101000000.0,2101000000.0,0.0,0.0,0.13,3486000000.0,2801000000.0,215000000.0,0.222,3.217,17.495,17.584,1394000000.0,0.0,63.48,2.279,2.291,3190000000.0,11485000000.0,16125000000.0,16125000000.0,0.0,0.138,0.191,0.352,0.175,267000000.0,3007000000.0,1.0,579028009.0,582000000,584000000.0,27.706,11215000000.0,442000000.0,698000000.0,661000000.0,19.27,5900000000.0
3,CTSH,MRY,2017-12-31,2017-12-31,2017-12-31,2021-07-29,70000000.0,15221000000.0,14342000000.0,9111000000.0,6110000000.0,1.033,17.992,-284000000.0,1925000000.0,1925000000.0,9152000000.0,1504000000.0,3.209,0.427,873000000.0,175000000.0,698000000.0,873000000.0,487000000.0,443000000.0,0.0,0.006,0.45,2680000000.0,3123000000.0,0.211,3123000000.0,2680000000.0,2657000000.0,2.54,2.53,2.54,10669000000.0,10528500000.0,10669000000.0,41122633069.0,15.0,13.168,2123000000.0,3.58,1.0,5658000000.0,0.382,3685000000.0,23000000.0,7645000000.0,7663000000.0,0.0,3366000000.0,3131000000.0,235000000.0,4552000000.0,2839000000.0,1713000000.0,41876633069.0,-109000000.0,-216000000.0,-1700000000.0,-20000000.0,-265000000.0,-1985000000.0,-582000000.0,-82000000.0,2407000000.0,51000000.0,1504000000.0,1504000000.0,1504000000.0,0.0,0.0,0.102,3177000000.0,2481000000.0,210000000.0,0.177,3.925,27.844,27.961,1324000000.0,0.0,71.02,2.828,2.844,3222000000.0,10544000000.0,14810000000.0,14810000000.0,0.0,0.105,0.143,0.35,0.181,221000000.0,2697000000.0,1.0,589645636.0,593000000,595000000.0,24.975,11536000000.0,418000000.0,1153000000.0,730000000.0,19.454,6272000000.0
4,CTSH,MRY,2016-12-31,2016-12-31,2016-12-31,2021-07-29,-114000000.0,14262000000.0,13463675000.0,8600000000.0,5662000000.0,1.002,17.674,-300000000.0,2034000000.0,2034000000.0,8108000000.0,1553000000.0,3.557,0.329,878000000.0,81000000.0,797000000.0,878000000.0,457000000.0,379000000.0,0.0,0.0,0.0,2377000000.0,2756000000.0,0.204,2756000000.0,2377000000.0,2358000000.0,2.56,2.55,2.56,10728000000.0,10123875000.0,10728000000.0,33339957337.0,14.0,12.097,1345000000.0,2.216,1.0,5379000000.0,0.399,3505000000.0,19000000.0,7183000000.0,7052500000.0,0.0,3197000000.0,3135000000.0,62000000.0,3534000000.0,2418000000.0,1116000000.0,33993657337.0,-91000000.0,-334000000.0,-336000000.0,-407000000.0,0.0,-743000000.0,-963000000.0,-329000000.0,1645000000.0,-30000000.0,1553000000.0,1553000000.0,1553000000.0,0.0,0.0,0.115,3090000000.0,2289000000.0,175000000.0,0.0,3.169,21.889,21.887,1311000000.0,0.0,56.03,2.52,2.522,2905000000.0,10478000000.0,13487000000.0,13487000000.0,0.0,0.115,0.153,0.337,0.176,217000000.0,2731000000.0,1.0,606704575.0,607000000,610000000.0,22.219,10757000000.0,425000000.0,805000000.0,6000000.0,17.722,6182000000.0
5,CTSH,MRY,2015-12-31,2015-12-31,2015-12-31,2021-07-29,-106000000.0,13061000000.0,12127400000.0,7909000000.0,5152000000.0,1.024,15.235,-273000000.0,2125000000.0,2125000000.0,7440000000.0,1624000000.0,2.914,0.408,1283000000.0,406000000.0,877000000.0,1283000000.0,373000000.0,330000000.0,0.0,0.0,0.0,2182000000.0,2512000000.0,0.202,2512000000.0,2182000000.0,2164000000.0,2.67,2.65,2.67,9278000000.0,8706075000.0,9278000000.0,35969590937.0,16.0,14.319,1914000000.0,3.143,1.0,4976000000.0,0.401,3269000000.0,18000000.0,6236000000.0,6259325000.0,0.0,2824000000.0,2824000000.0,0.0,3783000000.0,2714000000.0,1069000000.0,36496290937.0,115000000.0,-2000000.0,-329000000.0,-353000000.0,0.0,-682000000.0,-1371000000.0,-1096000000.0,2187000000.0,-19000000.0,1624000000.0,1624000000.0,1624000000.0,0.0,0.0,0.131,2834000000.0,2142000000.0,165000000.0,0.0,3.934,22.473,22.479,1271000000.0,0.0,60.02,2.939,2.944,2622000000.0,8925000000.0,12416000000.0,12416000000.0,0.0,0.134,0.187,0.349,0.176,192000000.0,2509000000.0,1.0,608068826.0,609000000,613000000.0,20.388,9792000000.0,348000000.0,540000000.0,3000000.0,16.079,5195000000.0
6,CTSH,MRY,2014-12-31,2014-12-31,2014-12-31,2021-07-29,-123100000.0,11479000000.0,9418159000.0,6420600000.0,5058400000.0,1.09,12.731,-212000000.0,2010100000.0,2010100000.0,6141000000.0,1439000000.0,2.477,0.483,1637500000.0,700000000.0,937500000.0,1637500000.0,305100000.0,208000000.0,0.0,0.0,0.0,1927000000.0,2135000000.0,0.208,2135000000.0,1927000000.0,1924000000.0,2.37,2.35,2.37,7740200000.0,7183924000.0,7740200000.0,29447989188.0,15.0,13.793,1261000000.0,2.074,1.0,4122000000.0,0.402,3367300000.0,3000000.0,5147000000.0,4573678500.0,0.0,1764600000.0,1764600000.0,0.0,3738800000.0,2592100000.0,1146700000.0,32065608188.0,-203000000.0,-2691000000.0,-147000000.0,1626000000.0,0.0,1503000000.0,-3161000000.0,-258000000.0,1473000000.0,-18000000.0,1439000000.0,1439000000.0,1439000000.0,0.0,0.0,0.14,2237000000.0,1885000000.0,145700000.0,0.0,4.143,22.283,22.219,1247200000.0,0.0,52.66,3.124,3.12,2293300000.0,7301600000.0,10263000000.0,10263000000.0,0.0,0.153,0.2,0.421,0.188,111000000.0,2037000000.0,1.0,608917740.0,608000000,613000000.0,16.88,8111700000.0,234200000.0,485000000.0,11800000.0,13.342,3828500000.0
7,CTSH,MRY,2013-12-31,2013-12-31,2013-12-31,2021-07-29,-276259000.0,8134718000.0,7368372250.0,6147882000.0,1986836000.0,1.2,10.159,-261600000.0,2213006000.0,2213006000.0,5265500000.0,1228600000.0,3.465,0.326,0.0,0.0,0.0,0.0,182893000.0,179900000.0,0.0,0.0,0.0,1687900000.0,1867800000.0,0.211,1867800000.0,1687900000.0,1687900000.0,2.03,2.02,2.03,6135791000.0,5580937250.0,6135791000.0,28515037249.0,17.0,15.267,1162200000.0,1.924,1.0,3577700000.0,0.405,575510000.0,0.0,3571694000.0,3485128750.0,0.0,1534467000.0,1534467000.0,0.0,1998927000.0,1774508000.0,224419000.0,30546156249.0,642900000.0,-193800000.0,-61500000.0,0.0,0.0,-30900000.0,-730800000.0,-275400000.0,1423800000.0,-19200000.0,1228600000.0,1228600000.0,1228600000.0,0.0,0.0,0.139,1899800000.0,1677900000.0,113394000.0,0.0,4.978,24.863,24.872,1081164000.0,0.0,50.49,3.454,3.449,1875272000.0,5862367000.0,8843200000.0,8843200000.0,0.0,0.167,0.22,0.484,0.191,88200000.0,1727600000.0,1.0,604994182.0,604000000,609700000.0,14.641,7559208000.0,403379000.0,459300000.0,21170000.0,12.515,4373374000.0
8,CTSH,MRY,2012-12-31,2012-12-31,2012-12-31,2021-07-29,-239683000.0,6521571000.0,5987738500.0,4814294000.0,1707277000.0,1.227,8.056,-334465000.0,1570077000.0,1570077000.0,4278241000.0,1051263000.0,3.495,0.343,0.0,0.0,0.0,0.0,149696000.0,156588000.0,0.0,0.0,0.0,1387596000.0,1544184000.0,0.21,1544184000.0,1387596000.0,1387596000.0,1.74,1.72,1.74,4854383000.0,4471583750.0,4854383000.0,20854119778.0,15.0,13.505,838118000.0,1.391,1.0,3068231000.0,0.418,396660000.0,0.0,3177504000.0,3076847000.0,0.0,1293681000.0,1293681000.0,0.0,1667188000.0,1377330000.0,289858000.0,22178858778.0,259171000.0,-59894000.0,-391361000.0,0.0,0.0,-342988000.0,-570046000.0,-175687000.0,1172583000.0,-378000.0,1051263000.0,1051263000.0,1051263000.0,0.0,0.0,0.143,1706735000.0,1361496000.0,108707000.0,0.0,4.569,21.097,21.231,971486000.0,0.0,36.941,3.019,3.03,1528746000.0,4633789000.0,7346472000.0,7346472000.0,0.0,0.176,0.235,0.451,0.189,58982000.0,1557646000.0,1.0,600383550.0,602582000,611722000.0,12.192,6124911000.0,380718000.0,336333000.0,2777000.0,10.164,3436964000.0
9,CTSH,MRY,2011-12-31,2011-12-31,2011-12-31,2021-07-29,-325394000.0,5507933000.0,5041655750.0,4085506000.0,1422427000.0,1.214,6.517,-288221000.0,1310906000.0,1310906000.0,3538622000.0,883618000.0,3.377,0.393,0.0,0.0,0.0,0.0,105713000.0,124175000.0,0.0,0.0,0.0,1169149000.0,1293324000.0,0.211,1293324000.0,1169149000.0,1169149000.0,1.455,1.425,1.455,3952886000.0,3902111500.0,3952886000.0,18247907520.0,16.0,14.109,586931000.0,0.968,1.0,2582534000.0,0.422,386388000.0,0.0,2600934000.0,2463166000.0,0.0,1121358000.0,1121358000.0,0.0,1555047000.0,1209705000.0,345342000.0,19429126520.0,-230063000.0,-82800000.0,-294596000.0,0.0,0.0,-255455000.0,-850281000.0,-479260000.0,875152000.0,521000.0,883618000.0,883618000.0,883618000.0,0.0,0.0,0.144,1446066000.0,1136468000.0,72205000.0,0.0,4.915,21.988,22.1,758034000.0,0.0,32.155,3.174,3.186,1318670000.0,3582526000.0,6121156000.0,6121156000.0,0.0,0.175,0.226,0.475,0.191,51091000.0,1328665000.0,1.0,604233448.0,606554000,620702000.0,10.092,5121545000.0,273234000.0,285531000.0,3339000.0,8.444,2875801000.0
10,CTSH,MRY,2010-12-31,2010-12-31,2010-12-31,2021-07-29,35598000.0,4583074000.0,4025813500.0,3518234000.0,1064840000.0,1.141,5.959,-185512000.0,1540969000.0,1540969000.0,2654569000.0,733540000.0,3.78,0.279,0.0,0.0,0.0,0.0,84590000.0,110172000.0,0.0,0.0,0.0,878580000.0,988752000.0,0.215,988752000.0,878580000.0,878580000.0,1.22,1.185,1.22,3584431000.0,3219717750.0,3584431000.0,20925150734.0,24.0,21.163,579142000.0,0.963,1.0,1937820000.0,0.422,309099000.0,0.0,1802280000.0,1741512750.0,0.0,685419000.0,685419000.0,0.0,998643000.0,930726000.0,67917000.0,22242227734.0,440039000.0,-33863000.0,48084000.0,0.0,0.0,120003000.0,-446890000.0,-227515000.0,764654000.0,2272000.0,733540000.0,733540000.0,733540000.0,0.0,0.0,0.16,1075968000.0,861852000.0,75373000.0,0.0,6.205,30.322,30.037,570448000.0,0.0,36.645,4.843,4.8,1014268000.0,2698908000.0,4592389000.0,4592389000.0,0.0,0.182,0.228,0.504,0.191,-14935000.0,972093000.0,1.0,606964872.0,601562000,618274000.0,7.634,4273975000.0,205972000.0,145040000.0,4946000.0,7.105,2587508000.0
11,CTSH,MRY,2009-12-31,2009-12-31,2009-12-31,2021-07-29,20277000.0,3338240000.0,2854263500.0,2307568000.0,1030672000.0,1.149,4.523,-76639000.0,1100930000.0,1100930000.0,1849443000.0,534963000.0,3.569,0.258,0.0,0.0,0.0,0.0,51605000.0,89371000.0,0.0,0.0,0.0,636951000.0,726322000.0,0.222,726322000.0,636951000.0,636951000.0,0.91,0.89,0.91,2653177000.0,2357450750.0,2653177000.0,12366434507.0,19.0,17.026,595686000.0,1.015,1.0,1429220000.0,0.436,268129000.0,0.0,1322573000.0,1230578000.0,0.0,449533000.0,298402000.0,151131000.0,685063000.0,646608000.0,38455000.0,13359360507.0,365864000.0,-68613000.0,45392000.0,0.0,0.0,76948000.0,-394764000.0,-249512000.0,672325000.0,11355000.0,534963000.0,534963000.0,534963000.0,0.0,0.0,0.163,810730000.0,618490000.0,54640000.0,0.0,5.035,24.972,24.907,481516000.0,0.0,22.665,4.075,4.055,709240000.0,1965368000.0,3278663000.0,3278663000.0,0.0,0.187,0.227,0.518,0.194,13260000.0,721359000.0,1.0,589426892.0,586608000,602230000.0,5.589,3070111000.0,154409000.0,101988000.0,0.0,5.234,1660960000.0
12,CTSH,MRY,2008-12-31,2008-12-31,2008-12-31,2021-07-29,-9479000.0,2374560000.0,2159556500.0,1468119000.0,906441000.0,1.304,3.388,-169410000.0,735066000.0,735066000.0,1572816000.0,430845000.0,3.788,0.208,0.0,0.0,0.0,0.0,38123000.0,74797000.0,0.0,0.0,0.0,515210000.0,590007000.0,0.209,590007000.0,515210000.0,515210000.0,0.745,0.72,0.745,1965578000.0,1791001750.0,1965578000.0,4689581830.0,9.0,7.948,260295000.0,0.449,1.0,1243488000.0,0.442,201825000.0,0.0,1050092000.0,1046136000.0,0.0,189206000.0,27513000.0,161693000.0,408982000.0,387577000.0,21405000.0,5258843830.0,395221000.0,-20956000.0,27041000.0,0.0,0.0,44034000.0,-55006000.0,135360000.0,429705000.0,-23512000.0,430845000.0,430845000.0,430845000.0,0.0,0.0,0.153,726818000.0,516670000.0,39970000.0,0.0,2.675,12.206,12.121,455254000.0,0.0,9.03,1.867,1.86,579639000.0,1430405000.0,2816304000.0,2816304000.0,0.0,0.2,0.241,0.492,0.183,26907000.0,652021000.0,1.0,582374732.0,580242000,597880000.0,4.854,2172735000.0,101131000.0,84365000.0,7294000.0,3.745,1080542000.0
13,CTSH,MRY,2007-12-31,2007-12-31,2007-12-31,2021-07-29,15203000.0,1838306000.0,1651590750.0,1242179000.0,596127000.0,1.293,2.548,-182467000.0,339845000.0,339845000.0,1206035000.0,350133000.0,3.646,0.252,0.0,0.0,0.0,0.0,29020000.0,53918000.0,0.0,0.0,0.0,414356000.0,468274000.0,0.219,468274000.0,414356000.0,414356000.0,0.61,0.575,0.61,1468210000.0,1356572250.0,1468210000.0,9558358163.0,23.0,20.412,161853000.0,0.281,1.0,929542000.0,0.435,194354000.0,0.0,963423000.0,986418750.0,0.0,330580000.0,330580000.0,0.0,370096000.0,340684000.0,29412000.0,9854846163.0,73908000.0,-146820000.0,-38257000.0,0.0,0.0,4008000.0,-277339000.0,51948000.0,344320000.0,2919000.0,350133000.0,350133000.0,350133000.0,0.0,0.0,0.164,548020000.0,381522000.0,36176000.0,0.0,6.712,28.146,27.82,356047000.0,0.0,16.97,4.615,4.58,436456000.0,999560000.0,2135577000.0,2135577000.0,0.0,0.212,0.258,0.42,0.194,-6349000.0,494102000.0,1.0,580721636.0,576310000,607186000.0,3.706,1643952000.0,87419000.0,64223000.0,15145000.0,2.853,901495000.0
14,CTSH,MRY,2006-12-31,2006-12-31,2006-12-31,2021-07-29,11778000.0,1325981000.0,1122221500.0,1040391000.0,285590000.0,1.269,1.905,-104734000.0,265937000.0,265937000.0,787923000.0,232795000.0,4.17,0.235,0.0,0.0,0.0,0.0,19401000.0,34163000.0,0.0,0.0,0.0,277811000.0,311974000.0,0.219,311974000.0,277811000.0,277811000.0,0.415,0.385,0.415,1073499000.0,926850250.0,1073499000.0,10743027124.0,39.0,34.436,148142000.0,0.263,1.0,636344000.0,0.447,47653000.0,0.0,762888000.0,680498000.0,0.0,382222000.0,382222000.0,0.0,252482000.0,249503000.0,2979000.0,10940727124.0,68999000.0,-14773000.0,51400000.0,-1754000.0,0.0,82895000.0,-272338000.0,-152831000.0,252876000.0,5566000.0,232795000.0,232795000.0,232795000.0,0.0,0.0,0.163,377401000.0,258943000.0,27839000.0,0.0,10.192,46.997,46.482,220154000.0,0.0,19.29,7.682,7.631,298475000.0,650277000.0,1424267000.0,1424267000.0,0.0,0.207,0.251,0.408,0.195,-3315000.0,343238000.0,1.0,567170924.0,563430000,602248000.0,2.528,1278328000.0,62281000.0,45016000.0,0.0,2.269,790888000.0
15,CTSH,MRY,2005-12-31,2005-12-31,2005-12-31,2021-07-29,2121000.0,869893000.0,732421000.0,663423000.0,206470000.0,1.209,1.308,-71770000.0,196938000.0,196938000.0,479915000.0,166266000.0,4.314,0.218,0.0,0.0,0.0,0.0,14707000.0,21400000.0,0.0,0.0,0.0,185272000.0,206672000.0,0.233,206672000.0,185272000.0,185272000.0,0.305,0.285,0.305,714145000.0,607016500.0,714145000.0,6732781120.0,36.0,32.577,87990000.0,0.161,1.0,405915000.0,0.458,34500000.0,0.0,484660000.0,384576500.0,0.0,227063000.0,227063000.0,0.0,155748000.0,153795000.0,1953000.0,6947690120.0,-2358000.0,-19811000.0,47451000.0,0.0,0.0,47451000.0,-204546000.0,-112965000.0,159760000.0,-5023000.0,166266000.0,166266000.0,166266000.0,0.0,0.0,0.188,228299000.0,177616000.0,16420000.0,0.0,9.729,41.787,41.205,146982000.0,0.0,12.568,7.843,7.746,176696000.0,417482000.0,885830000.0,885830000.0,0.0,0.227,0.274,0.482,0.209,0.0,206899000.0,1.0,552829928.0,545976000,587580000.0,1.622,835393000.0,59999000.0,19006000.0,0.0,1.53,509628000.0
16,CTSH,MRY,2004-12-31,2004-12-31,2004-12-31,2021-07-29,9649000.0,572745000.0,477905000.0,453997000.0,118748000.0,1.228,0.866,-46581000.0,199296000.0,199296000.0,319810000.0,100243000.0,3.946,0.263,0.0,0.0,0.0,0.0,0.0,16447000.0,0.0,0.0,0.0,122095000.0,138542000.0,0.236,138542000.0,122095000.0,122095000.0,0.193,0.175,0.193,453529000.0,375350000.0,453529000.0,5357948875.0,44.0,38.674,80752000.0,0.154,1.0,266863000.0,0.455,21827000.0,0.0,236562000.0,144745250.0,0.0,115465000.0,115465000.0,0.0,119216000.0,115060000.0,4156000.0,5628339875.0,54925000.0,-1495000.0,36768000.0,0.0,0.0,36768000.0,-112694000.0,-64618000.0,127333000.0,3518000.0,100243000.0,100243000.0,100243000.0,0.0,0.0,0.171,149243000.0,117620000.0,11190000.0,0.0,12.41,56.147,54.832,90705000.0,0.0,10.582,9.594,9.451,110517000.0,251216000.0,586673000.0,586673000.0,0.0,0.21,0.267,0.844,0.208,36799000.0,132796000.0,1.0,531853520.0,523960000,570224000.0,1.12,550918000.0,16815000.0,21852000.0,4156000.0,1.051,338937000.0
17,CTSH,MRY,2003-12-31,2003-12-31,2003-12-31,2021-07-29,4000000.0,365300000.0,298099250.0,283208000.0,82092000.0,1.235,0.548,-29991000.0,194221000.0,194221000.0,199724000.0,57365000.0,4.521,0.333,0.0,0.0,0.0,0.0,0.0,11936000.0,0.0,0.0,0.0,72231000.0,84167000.0,0.229,84167000.0,72231000.0,72231000.0,0.115,0.105,0.115,274070000.0,223516500.0,274070000.0,2756205707.0,38.0,32.747,49871000.0,0.1,1.0,168507000.0,0.458,20913000.0,0.0,87530000.0,78798000.0,0.0,0.0,0.0,0.0,91230000.0,62636000.0,28594000.0,2915954707.0,75260000.0,-7823000.0,24740000.0,0.0,0.0,21777000.0,-30564000.0,7250000.0,79862000.0,4185000.0,57365000.0,57365000.0,57365000.0,0.0,0.0,0.156,96195000.0,72312000.0,9423000.0,0.0,10.639,50.832,49.609,58438000.0,0.0,5.705,7.919,7.747,61796000.0,150973000.0,368231000.0,368231000.0,0.0,0.192,0.257,0.917,0.196,22299000.0,84259000.0,1.0,511122648.0,500044000,543256000.0,0.736,344387000.0,18777000.0,14866000.0,28594000.0,0.689,220572000.0
18,CTSH,MRY,2002-12-31,2002-12-31,2002-12-31,2021-07-29,-185000.0,231473000.0,191840500.0,175834000.0,55639000.0,1.194,0.349,-22268000.0,126211000.0,126211000.0,122701000.0,34562000.0,4.238,0.399,0.0,0.0,0.0,0.0,0.0,7842000.0,0.0,0.0,0.0,45091000.0,52933000.0,0.231,52933000.0,45091000.0,45091000.0,0.072,0.068,0.072,165481000.0,134537250.0,165481000.0,1331715142.0,30.0,25.159,34414000.0,0.073,1.0,106385000.0,0.464,13748000.0,0.0,50027000.0,44504250.0,0.0,0.0,0.0,0.0,65992000.0,41487000.0,24505000.0,1454797142.0,41234000.0,-13196000.0,20043000.0,0.0,0.0,20043000.0,-35464000.0,0.0,56682000.0,-27000.0,34562000.0,34562000.0,34562000.0,0.0,0.0,0.151,61187000.0,45198000.0,6948000.0,0.0,8.791,42.092,41.8,39090000.0,0.0,3.01,6.35,6.226,41005000.0,93608000.0,229086000.0,229086000.0,0.0,0.18,0.257,1.013,0.197,12111000.0,53345000.0,1.0,483388224.0,473916000,509548000.0,0.483,217725000.0,3711000.0,10529000.0,24505000.0,0.459,134347000.0
19,CTSH,MRY,2001-12-31,2001-12-31,2001-12-31,2021-07-29,-158000.0,144983000.0,129658500.0,117335000.0,27648000.0,1.371,0.216,-14953000.0,84977000.0,84977000.0,90848000.0,22160000.0,5.408,0.468,0.0,0.0,0.0,0.0,0.0,6367000.0,0.0,0.0,0.0,35399000.0,41766000.0,0.235,41766000.0,35399000.0,35399000.0,0.049,0.045,0.049,98792000.0,86771250.0,98792000.0,709364944.0,20.0,16.984,17126000.0,0.038,1.0,86930000.0,0.489,878000.0,0.0,37430000.0,33788250.0,0.0,0.0,0.0,0.0,46191000.0,21698000.0,24493000.0,789131944.0,23001000.0,0.0,5991000.0,0.0,0.0,5983000.0,-14953000.0,0.0,32079000.0,-108000.0,22160000.0,22160000.0,22160000.0,0.0,0.0,0.125,51310000.0,35620000.0,3652000.0,0.0,7.988,35.611,34.847,24339000.0,0.0,1.708,4.439,4.384,27966000.0,59046000.0,177778000.0,177778000.0,0.0,0.171,0.255,1.048,0.199,4633000.0,44942000.0,1.0,462156336.0,456408000,488904000.0,0.39,144105000.0,1451000.0,13239000.0,24493000.0,0.316,95637000.0
20,CTSH,MRY,2000-12-31,2000-12-31,2000-12-31,2021-07-29,-50000.0,109540000.0,90193750.0,88223000.0,21317000.0,1.519,0.148,-10652000.0,61976000.0,61976000.0,70437000.0,17683000.0,3.302,0.657,0.0,0.0,0.0,0.0,0.0,4507000.0,0.0,0.0,0.0,28247000.0,32754000.0,0.239,32754000.0,28247000.0,28247000.0,0.04,0.036,0.04,66116000.0,57545250.0,66116000.0,623487821.0,22.0,19.035,19568000.0,0.044,1.0,66594000.0,0.486,1195000.0,0.0,19647000.0,20634000.0,0.0,1955000.0,0.0,1955000.0,43424000.0,26722000.0,16702000.0,676323821.0,19335000.0,0.0,0.0,0.0,0.0,1763000.0,-12607000.0,-1955000.0,30220000.0,-41000.0,17683000.0,17683000.0,17683000.0,0.0,0.0,0.129,40466000.0,26128000.0,2857000.0,0.0,10.229,38.247,37.823,15937000.0,0.0,1.513,4.936,4.919,22489000.0,36886000.0,137031000.0,137031000.0,0.0,0.196,0.307,1.369,0.206,1258000.0,35959000.0,1.0,447033096.0,445560000,486144000.0,0.308,108345000.0,0.0,10564000.0,16702000.0,0.243,61501000.0
21,CTSH,MRY,1999-12-31,1999-12-31,1999-12-31,2021-07-29,-9000.0,69026000.0,60074250.0,56711000.0,12315000.0,1.48,0.103,-5924000.0,42641000.0,42641000.0,46161000.0,11234000.0,4.295,0.518,0.0,0.0,0.0,0.0,0.0,3037000.0,0.0,0.0,0.0,17945000.0,20982000.0,0.236,20982000.0,17945000.0,17945000.0,0.025,0.024,0.025,45461000.0,40032000.0,45461000.0,971247727.0,54.0,46.29,13522000.0,0.031,1.0,42743000.0,0.481,1513000.0,0.0,11668000.0,14338500.0,0.0,0.0,0.0,0.0,23565000.0,13204000.0,10361000.0,1004932727.0,14223000.0,0.0,0.0,0.0,0.0,699000.0,-5924000.0,0.0,19446000.0,2000.0,11234000.0,11234000.0,11234000.0,0.0,0.0,0.126,26098000.0,16645000.0,1435000.0,0.0,22.105,89.455,91.083,9474000.0,0.0,2.277,11.304,11.275,11158000.0,19203000.0,88904000.0,88904000.0,0.0,0.187,0.281,1.252,0.202,886000.0,23061000.0,1.0,441324528.0,440208000,465984000.0,0.202,67513000.0,0.0,6711000.0,10361000.0,0.153,43507000.0
22,CTSH,MRY,1998-12-31,1998-12-31,1998-12-31,2021-07-29,-11000.0,51679000.0,38971000.0,42367000.0,9312000.0,1.504,0.086,-3743000.0,28418000.0,28418000.0,31919000.0,6033000.0,3.271,0.584,0.0,0.0,0.0,0.0,0.0,2222000.0,0.0,0.0,0.0,9639000.0,11861000.0,0.202,11861000.0,9639000.0,9639000.0,0.016,0.015,0.016,32616000.0,23699500.0,32616000.0,251950157.0,26.0,21.242,9615000.0,0.025,1.0,26687000.0,0.455,1830000.0,0.0,8480000.0,8423750.0,0.0,0.0,0.0,0.0,19063000.0,12951000.0,6112000.0,278003157.0,25703000.0,0.0,23250000.0,-6637000.0,0.0,16097000.0,-3743000.0,0.0,13358000.0,-9000.0,6033000.0,6033000.0,6033000.0,0.0,0.0,0.103,17769000.0,8918000.0,1753000.0,0.0,8.524,46.08,39.557,6270000.0,0.0,0.633,4.744,4.117,12195000.0,7969000.0,58606000.0,58606000.0,0.0,0.155,0.255,1.144,0.164,0.0,15547000.0,1.0,439241328.0,381264000,396912000.0,0.154,49849000.0,0.0,3606000.0,6103000.0,0.131,29416000.0
23,CTSH,MRY,1997-12-31,1997-12-31,1997-12-31,2021-07-29,-2000.0,18298000.0,13062500.0,10896000.0,7402000.0,1.894,0.011,-3025000.0,2715000.0,2715000.0,14359000.0,1028000.0,2.095,4.224,0.0,0.0,0.0,0.0,0.0,1358000.0,0.0,,0.0,1609000.0,2967000.0,0.12,2967000.0,1609000.0,1609000.0,0.003,0.003,0.003,3419000.0,3112500.0,3419000.0,,,,-1369000.0,-0.004,1.0,10385000.0,0.42,2147000.0,0.0,8234000.0,6163500.0,0.0,0.0,0.0,0.0,14441000.0,5202000.0,9239000.0,,905000.0,-3418000.0,0.0,0.0,0.0,5694000.0,-6443000.0,0.0,1656000.0,-2000.0,1028000.0,1028000.0,1028000.0,0.0,0.0,0.042,8256000.0,2129000.0,8189000.0,0.0,,,,4453000.0,0.0,,,,7613000.0,1936000.0,24744000.0,24744000.0,0.0,0.079,0.33,0.261,0.065,0.0,6898000.0,1.0,,314256000,317040000.0,0.079,16151000.0,0.0,581000.0,2593000.0,0.051,5694000.0
24,CTSH,MRY,1996-12-31,1996-12-31,1996-12-31,2021-07-29,0.0,7827000.0,,4705000.0,3122000.0,,0.009,-1329000.0,1810000.0,1810000.0,6020000.0,642000.0,2.445,1.789,0.0,0.0,0.0,0.0,0.0,819000.0,0.0,,0.0,983000.0,1802000.0,0.15,1802000.0,983000.0,983000.0,0.002,0.002,0.002,2806000.0,,2806000.0,,,,553000.0,0.002,1.0,6012000.0,0.5,0.0,0.0,4093000.0,,0.0,0.0,0.0,0.0,5021000.0,1924000.0,3097000.0,,1265000.0,0.0,0.0,0.0,0.0,712000.0,-1329000.0,0.0,1882000.0,0.0,642000.0,642000.0,642000.0,0.0,0.0,0.053,4546000.0,1466000.0,1677000.0,0.0,,,,2711000.0,0.0,,,,2709000.0,908000.0,12032000.0,12032000.0,0.0,,,,0.082,0.0,3727000.0,1.0,,312000000,312000000.0,0.039,7827000.0,0.0,341000.0,940000.0,0.025,2781000.0
25,CTSH,MRY,1995-12-31,1995-12-31,1995-12-31,2021-07-29,,,,,,,,-1737000.0,,,3567000.0,461000.0,,,,,,,,376000.0,,,0.0,708000.0,1084000.0,0.151,1084000.0,708000.0,708000.0,0.001,0.001,0.001,,,,,,,-689000.0,-0.002,1.0,3608000.0,0.503,,0.0,,,,,,,,,,,371000.0,0.0,0.0,0.0,0.0,1060000.0,-1737000.0,0.0,1048000.0,0.0,461000.0,461000.0,461000.0,0.0,0.0,0.064,2589000.0,1019000.0,,0.0,,,,,0.0,,,,,,7175000.0,7175000.0,0.0,,,,0.099,0.0,2213000.0,1.0,,312000000,312000000.0,0.023,,,247000.0,,,
0,CTSH,MRQ,2021-06-30,2021-06-30,2021-06-30,2021-07-29,82000000.0,16829000000.0,,6451000000.0,10378000000.0,,21.262,-75000000.0,1368000000.0,1368000000.0,2863000000.0,512000000.0,2.027,0.502,1729000000.0,242000000.0,1487000000.0,1729000000.0,389000000.0,145000000.0,0.0,0.013,0.24,698000000.0,843000000.0,0.184,843000000.0,698000000.0,696000000.0,0.97,0.97,0.97,11205000000.0,,11205000000.0,36270547086.0,15.0,11.939,466000000.0,0.884,1.0,1722000000.0,0.376,6676000000.0,2000000.0,7331000000.0,,0.0,915000000.0,482000000.0,433000000.0,5624000000.0,3183000000.0,2441000000.0,36528547086.0,-605000000.0,-348000000.0,-288000000.0,-13000000.0,-127000000.0,-428000000.0,-721000000.0,-298000000.0,541000000.0,3000000.0,512000000.0,512000000.0,512000000.0,0.0,0.0,0.112,1026000000.0,696000000.0,351000000.0,0.247,3.26,21.73,21.918,2229000000.0,0.0,69.26,2.098,2.096,3419000000.0,11086000000.0,4585000000.0,4585000000.0,0.0,,,,,67000000.0,881000000.0,1.0,527411884.0,527000000,528000000.0,8.7,10153000000.0,308000000.0,184000000.0,608000000.0,19.266,3268000000.0
1,CTSH,MRQ,2021-03-31,2021-03-31,2021-03-31,2021-07-29,81000000.0,16660000000.0,,6595000000.0,10065000000.0,,20.825,-88000000.0,1973000000.0,1973000000.0,2764000000.0,505000000.0,2.094,0.509,1715000000.0,240000000.0,1475000000.0,1715000000.0,435000000.0,141000000.0,0.0,0.012,0.24,667000000.0,808000000.0,0.184,808000000.0,667000000.0,665000000.0,0.95,0.95,0.95,11037000000.0,,11037000000.0,40529585835.0,18.0,14.291,93000000.0,0.175,1.0,1637000000.0,0.372,6329000000.0,2000000.0,6923000000.0,,0.0,624000000.0,185000000.0,439000000.0,5623000000.0,3150000000.0,2473000000.0,41451585835.0,-707000000.0,-310000000.0,-197000000.0,-15000000.0,-128000000.0,-340000000.0,-538000000.0,-140000000.0,181000000.0,-10000000.0,505000000.0,505000000.0,505000000.0,0.0,0.0,0.115,968000000.0,669000000.0,349000000.0,0.253,3.756,27.093,27.315,2230000000.0,0.0,78.12,2.463,2.46,3232000000.0,10907000000.0,4401000000.0,4401000000.0,0.0,,,,,62000000.0,827000000.0,1.0,530614258.0,530000000,531000000.0,8.304,10331000000.0,307000000.0,160000000.0,632000000.0,19.492,3445000000.0
2,CTSH,MRQ,2020-12-31,2020-12-31,2020-12-31,2021-07-29,110000000.0,16923000000.0,,6851000000.0,10072000000.0,,20.407,-89000000.0,2680000000.0,2680000000.0,2662000000.0,316000000.0,1.935,0.562,1758000000.0,249000000.0,1509000000.0,1758000000.0,419000000.0,148000000.0,0.0,0.011,0.22,471000000.0,619000000.0,0.148,619000000.0,471000000.0,468000000.0,0.6,0.59,0.6,10836000000.0,,10836000000.0,42860832982.0,20.0,15.999,809000000.0,1.524,1.0,1522000000.0,0.364,6077000000.0,3000000.0,6384000000.0,,0.0,484000000.0,44000000.0,440000000.0,6087000000.0,3540000000.0,2547000000.0,43813832982.0,-1756000000.0,-54000000.0,-755000000.0,-1753000000.0,-118000000.0,-2626000000.0,-49000000.0,94000000.0,898000000.0,21000000.0,316000000.0,316000000.0,316000000.0,0.0,0.0,0.076,1057000000.0,465000000.0,389000000.0,0.367,4.043,31.475,31.764,2264000000.0,0.0,81.95,2.631,2.658,3087000000.0,10689000000.0,4184000000.0,4184000000.0,0.0,,,,,54000000.0,874000000.0,1.0,534641037.0,531000000,535000000.0,7.879,10846000000.0,445000000.0,152000000.0,634000000.0,20.426,3311000000.0
3,CTSH,MRQ,2020-09-30,2020-09-30,2020-09-30,2021-07-29,-40000000.0,18787000000.0,,8619000000.0,10168000000.0,,20.554,-104000000.0,4436000000.0,4436000000.0,2647000000.0,348000000.0,2.615,0.686,3483000000.0,251000000.0,3232000000.0,3483000000.0,317000000.0,138000000.0,0.0,0.012,0.22,630000000.0,768000000.0,0.181,768000000.0,630000000.0,624000000.0,0.64,0.64,0.64,11140000000.0,,11140000000.0,36687352310.0,16.0,13.254,821000000.0,1.515,1.0,1596000000.0,0.376,6018000000.0,6000000.0,8520000000.0,,0.0,580000000.0,139000000.0,441000000.0,7647000000.0,3296000000.0,4351000000.0,37642352310.0,14000000.0,-580000000.0,-215000000.0,-12000000.0,-120000000.0,-347000000.0,-658000000.0,26000000.0,925000000.0,94000000.0,348000000.0,348000000.0,348000000.0,0.0,0.0,0.082,993000000.0,603000000.0,420000000.0,0.344,3.379,25.59,25.616,2317000000.0,0.0,69.42,2.247,2.246,3118000000.0,11142000000.0,4243000000.0,4243000000.0,0.0,,,,,58000000.0,804000000.0,1.0,542240742.0,542000000,543000000.0,7.828,12769000000.0,563000000.0,276000000.0,738000000.0,23.559,5323000000.0
4,CTSH,MRQ,2020-06-30,2020-06-30,2020-06-30,2021-07-29,-188000000.0,18216000000.0,,8531000000.0,9685000000.0,,20.281,-93000000.0,4422000000.0,4422000000.0,2615000000.0,361000000.0,2.656,0.66,3467000000.0,244000000.0,3223000000.0,3467000000.0,365000000.0,137000000.0,0.0,0.015,0.22,504000000.0,641000000.0,0.16,641000000.0,504000000.0,495000000.0,0.67,0.67,0.67,10972000000.0,,10972000000.0,30228758555.0,13.0,10.831,886000000.0,1.638,1.0,1385000000.0,0.346,5417000000.0,9000000.0,8632000000.0,,0.0,589000000.0,160000000.0,429000000.0,7244000000.0,3212000000.0,4032000000.0,30715758555.0,536000000.0,-403000000.0,-38000000.0,-12000000.0,-121000000.0,-171000000.0,-259000000.0,237000000.0,979000000.0,-13000000.0,361000000.0,361000000.0,361000000.0,0.0,0.0,0.09,918000000.0,467000000.0,359000000.0,0.328,2.799,18.96,19.131,2347000000.0,0.0,56.82,1.833,1.834,3208000000.0,11072000000.0,4000000000.0,4000000000.0,0.0,,,,,65000000.0,711000000.0,1.0,540580052.0,541000000,541000000.0,7.394,12799000000.0,669000000.0,134000000.0,456000000.0,23.658,5319000000.0
5,CTSH,MRQ,2020-03-31,2020-03-31,2020-03-31,2021-07-29,-264000000.0,17429000000.0,,8325000000.0,9104000000.0,,19.438,-112000000.0,3886000000.0,3886000000.0,2747000000.0,367000000.0,2.899,0.642,3399000000.0,235000000.0,3164000000.0,3399000000.0,396000000.0,136000000.0,0.0,0.018,0.22,515000000.0,651000000.0,0.154,651000000.0,515000000.0,509000000.0,0.67,0.67,0.67,10613000000.0,,10613000000.0,24535166316.0,10.0,8.275,385000000.0,0.705,1.0,1478000000.0,0.35,5019000000.0,6000000.0,9051000000.0,,0.0,829000000.0,396000000.0,433000000.0,6816000000.0,2872000000.0,3944000000.0,25495166316.0,1241000000.0,-86000000.0,-471000000.0,1727000000.0,-121000000.0,1135000000.0,-272000000.0,-74000000.0,497000000.0,-119000000.0,367000000.0,367000000.0,367000000.0,0.0,0.0,0.087,899000000.0,579000000.0,289000000.0,0.328,2.402,14.42,14.522,2249000000.0,0.0,46.47,1.509,1.502,3220000000.0,10831000000.0,4225000000.0,4225000000.0,0.0,,,,,55000000.0,711000000.0,1.0,548637106.0,546000000,546000000.0,7.738,12410000000.0,594000000.0,142000000.0,509000000.0,22.729,5453000000.0
6,CTSH,MRQ,2019-12-31,2019-12-31,2019-12-31,2021-07-29,-38000000.0,16204000000.0,,7611000000.0,8593000000.0,,20.15,-93000000.0,2645000000.0,2645000000.0,2749000000.0,395000000.0,2.551,0.47,1685000000.0,240000000.0,1445000000.0,1685000000.0,336000000.0,133000000.0,0.0,0.013,0.2,575000000.0,708000000.0,0.165,708000000.0,575000000.0,569000000.0,0.73,0.72,0.73,11022000000.0,,11022000000.0,33293032280.0,13.0,10.962,845000000.0,1.545,1.0,1535000000.0,0.358,5020000000.0,6000000.0,7241000000.0,,0.0,796000000.0,779000000.0,17000000.0,5182000000.0,2983000000.0,2199000000.0,33960032280.0,302000000.0,-239000000.0,-131000000.0,-12000000.0,-110000000.0,-253000000.0,-375000000.0,-43000000.0,938000000.0,-8000000.0,395000000.0,395000000.0,395000000.0,0.0,0.0,0.092,909000000.0,626000000.0,239000000.0,0.274,3.081,18.436,18.794,2235000000.0,0.0,62.02,2.023,2.066,3256000000.0,11022000000.0,4284000000.0,4284000000.0,0.0,,,,,45000000.0,676000000.0,1.0,547565822.0,547000000,551000000.0,7.832,11184000000.0,585000000.0,174000000.0,513000000.0,20.446,4628000000.0
7,CTSH,MRQ,2019-09-30,2019-09-30,2019-09-30,2021-07-29,-159000000.0,15844000000.0,,7391000000.0,8453000000.0,,19.423,-97000000.0,2343000000.0,2343000000.0,2681000000.0,497000000.0,2.532,0.48,1676000000.0,233000000.0,1443000000.0,1676000000.0,336000000.0,127000000.0,0.0,0.013,0.2,664000000.0,791000000.0,0.186,791000000.0,664000000.0,657000000.0,0.9,0.9,0.9,10702000000.0,,10702000000.0,33249820972.0,12.0,10.125,620000000.0,1.125,1.0,1567000000.0,0.369,4886000000.0,7000000.0,7372000000.0,,0.0,813000000.0,734000000.0,79000000.0,5142000000.0,2919000000.0,2223000000.0,33283820972.0,683000000.0,-146000000.0,-222000000.0,-7000000.0,-111000000.0,-340000000.0,340000000.0,583000000.0,717000000.0,-34000000.0,497000000.0,497000000.0,497000000.0,0.0,0.0,0.117,898000000.0,669000000.0,246000000.0,0.222,3.11,15.887,16.332,2223000000.0,0.0,60.265,2.002,1.997,3438000000.0,10820000000.0,4248000000.0,4248000000.0,0.0,,,,,52000000.0,706000000.0,1.0,552291064.0,551000000,551000000.0,7.71,10958000000.0,492000000.0,160000000.0,528000000.0,19.887,4472000000.0
8,CTSH,MRQ,2019-06-30,2019-06-30,2019-06-30,2021-07-29,-70000000.0,15517000000.0,,7206000000.0,8311000000.0,,18.718,-96000000.0,1660000000.0,1660000000.0,2629000000.0,509000000.0,2.552,0.47,1626000000.0,229000000.0,1397000000.0,1626000000.0,348000000.0,133000000.0,0.0,0.013,0.2,682000000.0,815000000.0,0.197,815000000.0,682000000.0,676000000.0,0.9,0.9,0.9,10557000000.0,,10557000000.0,36717845567.0,13.0,11.167,479000000.0,0.849,1.0,1512000000.0,0.365,4812000000.0,6000000.0,7847000000.0,,0.0,1423000000.0,1343000000.0,80000000.0,4960000000.0,2824000000.0,2136000000.0,36086845567.0,710000000.0,-35000000.0,-1014000000.0,-7000000.0,-116000000.0,-1137000000.0,1267000000.0,1398000000.0,575000000.0,5000000.0,509000000.0,509000000.0,509000000.0,0.0,0.0,0.123,893000000.0,619000000.0,254000000.0,0.222,3.418,17.391,17.56,2184000000.0,0.0,63.39,2.193,2.172,3386000000.0,10583000000.0,4141000000.0,4141000000.0,0.0,,,,,54000000.0,719000000.0,1.0,569282940.0,564000000,564000000.0,7.342,10705000000.0,468000000.0,167000000.0,515000000.0,18.98,4382000000.0
9,CTSH,MRQ,2019-03-31,2019-03-31,2019-03-31,2021-07-29,-74000000.0,16096000000.0,,7883000000.0,8213000000.0,,19.435,-106000000.0,950000000.0,950000000.0,2575000000.0,441000000.0,2.898,0.445,1581000000.0,203000000.0,1378000000.0,1581000000.0,404000000.0,133000000.0,0.0,0.011,0.2,590000000.0,723000000.0,0.176,723000000.0,590000000.0,583000000.0,0.77,0.77,0.77,11136000000.0,,11136000000.0,41249942474.0,15.0,12.783,163000000.0,0.284,1.0,1535000000.0,0.373,4823000000.0,7000000.0,9184000000.0,,0.0,2797000000.0,2718000000.0,79000000.0,4960000000.0,2720000000.0,2240000000.0,41665942474.0,-211000000.0,-197000000.0,-721000000.0,-2000000.0,-116000000.0,-839000000.0,356000000.0,659000000.0,269000000.0,3000000.0,441000000.0,441000000.0,441000000.0,0.0,0.0,0.107,996000000.0,539000000.0,262000000.0,0.26,3.742,20.606,20.759,2123000000.0,0.0,72.45,2.553,2.543,3377000000.0,11140000000.0,4110000000.0,4110000000.0,0.0,,,,,66000000.0,871000000.0,1.0,575099275.0,573000000,575000000.0,7.173,11273000000.0,464000000.0,142000000.0,648000000.0,19.674,5163000000.0
10,CTSH,MRQ,2018-12-31,2018-12-31,2018-12-31,2021-07-29,-114000000.0,15846000000.0,,8610000000.0,7236000000.0,,19.833,-96000000.0,1161000000.0,1161000000.0,2540000000.0,648000000.0,3.177,0.387,745000000.0,9000000.0,736000000.0,745000000.0,348000000.0,131000000.0,0.0,0.013,0.2,824000000.0,955000000.0,0.231,955000000.0,824000000.0,816000000.0,1.12,1.12,1.12,11424000000.0,,11424000000.0,36141698011.0,13.0,10.873,606000000.0,1.052,1.0,1589000000.0,0.385,4631000000.0,8000000.0,8089000000.0,,0.0,3430000000.0,3350000000.0,80000000.0,4422000000.0,2710000000.0,1712000000.0,36756698011.0,-178000000.0,-632000000.0,-228000000.0,19000000.0,-116000000.0,-325000000.0,-550000000.0,178000000.0,702000000.0,-5000000.0,648000000.0,648000000.0,648000000.0,0.0,0.0,0.157,896000000.0,693000000.0,215000000.0,0.179,3.217,17.495,17.584,1394000000.0,0.0,63.48,2.279,2.291,3190000000.0,11485000000.0,4129000000.0,4129000000.0,0.0,,,,,68000000.0,757000000.0,1.0,579028009.0,576000000,581000000.0,7.168,11215000000.0,442000000.0,168000000.0,661000000.0,19.47,5900000000.0
11,CTSH,MRQ,2018-09-30,2018-09-30,2018-09-30,2021-07-29,-188000000.0,15274000000.0,,8727000000.0,6547000000.0,,18.96,-94000000.0,1339000000.0,1339000000.0,2480000000.0,477000000.0,3.241,0.391,724000000.0,100000000.0,624000000.0,724000000.0,316000000.0,127000000.0,0.0,0.01,0.2,668000000.0,795000000.0,0.195,795000000.0,668000000.0,662000000.0,0.82,0.82,0.82,10978000000.0,,10978000000.0,44613040293.0,16.0,13.898,768000000.0,1.326,1.0,1598000000.0,0.392,4058000000.0,6000000.0,7908000000.0,,0.0,3517000000.0,3424000000.0,93000000.0,4296000000.0,2693000000.0,1603000000.0,44765040293.0,438000000.0,-1000000.0,-5000000.0,-25000000.0,-116000000.0,-146000000.0,-266000000.0,-171000000.0,862000000.0,-12000000.0,477000000.0,477000000.0,477000000.0,0.0,0.0,0.117,853000000.0,745000000.0,223000000.0,0.244,4.078,31.195,31.235,1362000000.0,0.0,77.15,2.829,2.823,3187000000.0,11041000000.0,4078000000.0,4078000000.0,0.0,,,,,69000000.0,734000000.0,1.0,580233834.0,579000000,580000000.0,7.043,11216000000.0,391000000.0,185000000.0,647000000.0,19.371,6034000000.0
12,CTSH,MRQ,2018-06-30,2018-06-30,2018-06-30,2021-07-29,-94000000.0,14806000000.0,,8303000000.0,6503000000.0,,18.202,-91000000.0,901000000.0,901000000.0,2417000000.0,456000000.0,3.273,0.39,749000000.0,100000000.0,649000000.0,749000000.0,385000000.0,123000000.0,0.0,0.009,0.2,631000000.0,754000000.0,0.188,754000000.0,631000000.0,624000000.0,0.78,0.78,0.78,10648000000.0,,10648000000.0,45454154348.0,17.0,14.231,549000000.0,0.938,1.0,1589000000.0,0.397,4096000000.0,7000000.0,8021000000.0,,0.0,3426000000.0,3346000000.0,80000000.0,4158000000.0,2537000000.0,1621000000.0,46280154348.0,-698000000.0,-477000000.0,-591000000.0,-25000000.0,-118000000.0,-734000000.0,-584000000.0,-16000000.0,640000000.0,-20000000.0,456000000.0,456000000.0,456000000.0,0.0,0.0,0.114,919000000.0,670000000.0,217000000.0,0.256,4.346,31.851,31.723,1345000000.0,0.0,78.99,2.984,2.979,3204000000.0,10681000000.0,4006000000.0,4006000000.0,0.0,,,,,71000000.0,805000000.0,1.0,585898903.0,585000000,586000000.0,6.848,10710000000.0,367000000.0,168000000.0,653000000.0,18.308,5766000000.0
13,CTSH,MRQ,2018-03-31,2018-03-31,2018-03-31,2021-07-29,63000000.0,15045000000.0,,8990000000.0,6055000000.0,,18.719,-96000000.0,1599000000.0,1599000000.0,2401000000.0,520000000.0,3.641,0.369,773000000.0,100000000.0,673000000.0,773000000.0,430000000.0,117000000.0,0.0,0.008,0.2,703000000.0,820000000.0,0.21,820000000.0,703000000.0,697000000.0,0.89,0.88,0.89,10988000000.0,,10988000000.0,46286132306.0,17.0,14.537,292000000.0,0.497,1.0,1511000000.0,0.386,3668000000.0,6000000.0,8082000000.0,,0.0,3473000000.0,3390000000.0,83000000.0,4057000000.0,2469000000.0,1588000000.0,47338132306.0,-326000000.0,-1000000.0,-256000000.0,-114000000.0,-118000000.0,-488000000.0,-227000000.0,-130000000.0,388000000.0,1000000.0,520000000.0,520000000.0,520000000.0,0.0,0.0,0.133,818000000.0,693000000.0,293000000.0,0.225,4.308,32.269,32.072,1333000000.0,0.0,80.5,3.119,3.114,3145000000.0,10856000000.0,3912000000.0,3912000000.0,0.0,,,,,59000000.0,711000000.0,1.0,588051333.0,587000000,589000000.0,6.664,11377000000.0,394000000.0,177000000.0,646000000.0,19.382,6521000000.0
14,CTSH,MRQ,2017-12-31,2017-12-31,2017-12-31,2021-07-29,70000000.0,15221000000.0,,9111000000.0,6110000000.0,,18.083,-80000000.0,1925000000.0,1925000000.0,2360000000.0,-18000000.0,3.209,0.427,873000000.0,175000000.0,698000000.0,873000000.0,487000000.0,122000000.0,0.0,0.006,0.15,719000000.0,841000000.0,0.22,841000000.0,719000000.0,714000000.0,-0.02,-0.02,-0.02,10669000000.0,,10669000000.0,41122633069.0,15.0,13.168,756000000.0,1.281,1.0,1468000000.0,0.383,3685000000.0,5000000.0,7645000000.0,,0.0,3366000000.0,3131000000.0,235000000.0,4552000000.0,2839000000.0,1713000000.0,41876633069.0,348000000.0,-144000000.0,-289000000.0,42000000.0,-86000000.0,-333000000.0,-160000000.0,64000000.0,836000000.0,5000000.0,-18000000.0,-18000000.0,-18000000.0,0.0,0.0,-0.005,811000000.0,657000000.0,210000000.0,-7.5,3.925,27.844,27.961,1324000000.0,0.0,71.02,2.828,2.844,3222000000.0,10544000000.0,3828000000.0,3828000000.0,0.0,,,,,60000000.0,628000000.0,1.0,589645636.0,590000000,592000000.0,6.488,11536000000.0,418000000.0,732000000.0,730000000.0,19.553,6272000000.0
15,CTSH,MRQ,2017-09-30,2017-09-30,2017-09-30,2021-07-29,44000000.0,14580000000.0,,8557000000.0,6023000000.0,,18.608,-78000000.0,1577000000.0,1577000000.0,2337000000.0,495000000.0,3.291,0.328,823000000.0,100000000.0,723000000.0,823000000.0,447000000.0,114000000.0,0.0,0.004,0.15,665000000.0,779000000.0,0.207,779000000.0,665000000.0,659000000.0,0.84,0.84,0.84,10979000000.0,,10979000000.0,42677770005.0,17.0,14.482,695000000.0,1.178,1.0,1429000000.0,0.379,3565000000.0,6000000.0,7661000000.0,,0.0,3398000000.0,3136000000.0,262000000.0,3601000000.0,2600000000.0,1001000000.0,42843770005.0,420000000.0,-66000000.0,29000000.0,-170000000.0,-90000000.0,-231000000.0,-124000000.0,20000000.0,773000000.0,2000000.0,495000000.0,495000000.0,495000000.0,0.0,0.0,0.131,781000000.0,648000000.0,186000000.0,0.179,3.902,22.107,22.389,1304000000.0,0.0,72.54,2.966,2.963,3292000000.0,10721000000.0,3766000000.0,3766000000.0,0.0,,,,,52000000.0,674000000.0,1.0,590622691.0,590000000,592000000.0,6.383,11015000000.0,464000000.0,164000000.0,5000000.0,18.669,5957000000.0
16,CTSH,MRQ,2017-06-30,2017-06-30,2017-06-30,2021-07-29,33000000.0,13938000000.0,,8099000000.0,5839000000.0,,17.798,-60000000.0,1157000000.0,1157000000.0,2261000000.0,470000000.0,3.354,0.33,991000000.0,244000000.0,747000000.0,991000000.0,470000000.0,103000000.0,0.0,0.002,0.15,641000000.0,744000000.0,0.203,744000000.0,641000000.0,635000000.0,0.8,0.8,0.8,10483000000.0,,10483000000.0,39010392367.0,16.0,13.526,461000000.0,0.783,1.0,1409000000.0,0.384,3470000000.0,6000000.0,7887000000.0,,0.0,3419000000.0,3221000000.0,198000000.0,3455000000.0,2415000000.0,1040000000.0,39109392367.0,-151000000.0,0.0,13000000.0,-221000000.0,-89000000.0,-297000000.0,-389000000.0,-329000000.0,521000000.0,14000000.0,470000000.0,470000000.0,470000000.0,0.0,0.0,0.128,803000000.0,606000000.0,179000000.0,0.188,3.731,20.726,21.214,1284000000.0,0.0,66.4,2.768,2.768,3089000000.0,10316000000.0,3670000000.0,3670000000.0,0.0,,,,,55000000.0,709000000.0,1.0,588996873.0,589000000,591000000.0,6.231,10468000000.0,457000000.0,165000000.0,5000000.0,17.772,5684000000.0
17,CTSH,MRQ,2017-03-31,2017-03-31,2017-03-31,2021-07-29,-17000000.0,13629000000.0,,7842000000.0,5787000000.0,,16.501,-66000000.0,1308000000.0,1308000000.0,2194000000.0,557000000.0,3.034,0.365,1209000000.0,437000000.0,772000000.0,1209000000.0,525000000.0,104000000.0,0.0,0.0,0.0,655000000.0,759000000.0,0.214,759000000.0,655000000.0,649000000.0,0.92,0.92,0.92,9983000000.0,,9983000000.0,35070082751.0,14.0,12.379,211000000.0,0.349,1.0,1352000000.0,0.381,3486000000.0,6000000.0,7459000000.0,,0.0,3076000000.0,2966000000.0,110000000.0,3646000000.0,2585000000.0,1061000000.0,36226082751.0,-726000000.0,-6000000.0,-1453000000.0,329000000.0,0.0,-1124000000.0,91000000.0,163000000.0,277000000.0,30000000.0,557000000.0,557000000.0,557000000.0,0.0,0.0,0.157,782000000.0,570000000.0,189000000.0,0.0,3.629,21.705,21.644,1306000000.0,0.0,59.52,2.619,2.604,3039000000.0,9935000000.0,3546000000.0,3546000000.0,0.0,,,,,54000000.0,686000000.0,1.0,608637143.0,605000000,607000000.0,5.861,10143000000.0,458000000.0,92000000.0,6000000.0,16.765,5257000000.0
18,CTSH,MRQ,2016-12-31,2016-12-31,2016-12-31,2021-07-29,-114000000.0,14262000000.0,,8600000000.0,5662000000.0,,17.674,-87000000.0,2034000000.0,2034000000.0,2078000000.0,416000000.0,3.557,0.329,878000000.0,81000000.0,797000000.0,878000000.0,457000000.0,101000000.0,0.0,0.0,0.0,564000000.0,665000000.0,0.192,665000000.0,564000000.0,560000000.0,0.68,0.68,0.68,10728000000.0,,10728000000.0,33339957337.0,14.0,12.097,517000000.0,0.852,1.0,1384000000.0,0.4,3505000000.0,4000000.0,7183000000.0,,0.0,3197000000.0,3135000000.0,62000000.0,3534000000.0,2418000000.0,1116000000.0,33993657337.0,484000000.0,-149000000.0,21000000.0,-16000000.0,0.0,5000000.0,-90000000.0,146000000.0,604000000.0,-35000000.0,416000000.0,416000000.0,416000000.0,0.0,0.0,0.12,823000000.0,561000000.0,175000000.0,0.0,3.169,21.889,21.887,1311000000.0,0.0,56.03,2.52,2.522,2905000000.0,10478000000.0,3462000000.0,3462000000.0,0.0,,,,,52000000.0,730000000.0,1.0,606704575.0,607000000,610000000.0,5.703,10757000000.0,425000000.0,144000000.0,6000000.0,17.722,6182000000.0
19,CTSH,MRQ,2016-09-30,2016-09-30,2016-09-30,2021-07-29,-56200000.0,13716700000.0,,8199800000.0,5516900000.0,,16.984,-74000000.0,1550300000.0,1550300000.0,2077000000.0,444000000.0,3.564,0.333,896600000.0,75000000.0,821600000.0,896600000.0,440000000.0,97000000.0,0.0,0.0,0.0,619000000.0,716000000.0,0.207,716000000.0,619000000.0,614000000.0,0.73,0.73,0.73,10292300000.0,,10292300000.0,28181542896.0,12.0,10.266,529000000.0,0.873,1.0,1376000000.0,0.398,3418900000.0,5000000.0,7343400000.0,,0.0,3368900000.0,3308300000.0,60600000.0,3424400000.0,2300700000.0,1123700000.0,28957242896.0,-134000000.0,-34000000.0,-113000000.0,-14000000.0,0.0,-127000000.0,-613000000.0,-505000000.0,603000000.0,3000000.0,444000000.0,444000000.0,444000000.0,0.0,0.0,0.129,793000000.0,583000000.0,171500000.0,0.0,2.813,18.553,18.492,1323300000.0,0.0,47.71,2.184,2.181,2915700000.0,10063200000.0,3453000000.0,3453000000.0,0.0,,,,,49000000.0,701000000.0,1.0,606942840.0,606000000,609000000.0,5.698,10297800000.0,385300000.0,170000000.0,3700000.0,16.993,5899100000.0
20,CTSH,MRQ,2016-06-30,2016-06-30,2016-06-30,2021-07-29,-95700000.0,13140100000.0,,7758900000.0,5381200000.0,,16.275,-75000000.0,1684500000.0,1684500000.0,2038000000.0,252000000.0,3.66,0.332,908800000.0,68800000.0,840000000.0,908800000.0,497300000.0,93000000.0,0.0,0.0,0.0,600000000.0,693000000.0,0.206,693000000.0,600000000.0,595000000.0,0.42,0.41,0.42,9862900000.0,,9862900000.0,34177072412.0,15.0,12.854,291000000.0,0.48,1.0,1332000000.0,0.395,3419300000.0,5000000.0,6825100000.0,,0.0,2856300000.0,2796700000.0,59600000.0,3277200000.0,2120000000.0,1157200000.0,34679972412.0,160000000.0,-81000000.0,-36000000.0,-114000000.0,0.0,-150000000.0,-32000000.0,124000000.0,366000000.0,-24000000.0,252000000.0,252000000.0,252000000.0,0.0,0.0,0.075,741000000.0,591000000.0,164500000.0,0.0,3.516,22.906,22.896,1287400000.0,0.0,57.24,2.669,2.67,2878500000.0,9618800000.0,3370000000.0,3370000000.0,0.0,,,,,62000000.0,654000000.0,1.0,605869539.0,606000000,609000000.0,5.561,9720800000.0,328700000.0,343000000.0,3000000.0,16.041,5638900000.0
21,CTSH,MRQ,2016-03-31,2016-03-31,2016-03-31,2021-07-29,-61600000.0,12735900000.0,,7570900000.0,5165000000.0,,15.81,-64000000.0,1523800000.0,1523800000.0,1915000000.0,441000000.0,3.692,0.325,1020900000.0,162500000.0,858400000.0,1020900000.0,417200000.0,88000000.0,0.0,0.0,0.0,594000000.0,682000000.0,0.213,682000000.0,594000000.0,589000000.0,0.73,0.72,0.73,9612300000.0,,9612300000.0,37354151964.0,17.0,14.352,8000000.0,0.013,1.0,1287000000.0,0.402,3324100000.0,5000000.0,6858500000.0,,0.0,2927900000.0,2927900000.0,0.0,3123600000.0,2050400000.0,1073200000.0,38191851964.0,-601000000.0,-70000000.0,-208000000.0,-263000000.0,0.0,-471000000.0,-228000000.0,-94000000.0,72000000.0,26000000.0,441000000.0,441000000.0,441000000.0,0.0,0.0,0.138,733000000.0,554000000.0,213200000.0,0.0,3.973,22.705,22.635,1270000000.0,0.0,62.7,3.006,3.0,2751300000.0,9366400000.0,3202000000.0,3202000000.0,0.0,,,,,54000000.0,646000000.0,1.0,609120446.0,608000000,612000000.0,5.266,9411800000.0,295000000.0,148000000.0,9100000.0,15.48,5520500000.0
22,CTSH,MRQ,2015-12-31,2015-12-31,2015-12-31,2021-07-29,-106000000.0,13061000000.0,,7909000000.0,5152000000.0,,15.265,-74300000.0,2125000000.0,2125000000.0,1933400000.0,423800000.0,2.914,0.408,1283000000.0,406000000.0,877000000.0,1283000000.0,373000000.0,88000000.0,0.0,0.0,0.0,566200000.0,654200000.0,0.202,654200000.0,566200000.0,561600000.0,0.7,0.69,0.7,9278000000.0,,9278000000.0,35969590937.0,16.0,14.319,649400000.0,1.068,1.0,1299100000.0,0.402,3269000000.0,4600000.0,6236000000.0,,0.0,2824000000.0,2824000000.0,0.0,3783000000.0,2714000000.0,1069000000.0,36496290937.0,648400000.0,-2000000.0,-44700000.0,336600000.0,0.0,272900000.0,-340600000.0,-264300000.0,723700000.0,-7600000.0,423800000.0,423800000.0,423800000.0,0.0,0.0,0.131,745700000.0,553400000.0,165000000.0,0.0,3.934,22.473,22.479,1271000000.0,0.0,60.02,2.939,2.944,2622000000.0,8925000000.0,3232500000.0,3232500000.0,0.0,,,,,69400000.0,659100000.0,1.0,608068826.0,607800000,611500000.0,5.318,9792000000.0,348000000.0,137800000.0,3000000.0,16.111,5195000000.0
23,CTSH,MRQ,2015-09-30,2015-09-30,2015-09-30,2021-07-29,-113300000.0,12267600000.0,,7237900000.0,5029700000.0,,14.499,-65100000.0,1476700000.0,1476700000.0,1934600000.0,397200000.0,3.401,0.39,950000000.0,50000000.0,900000000.0,950000000.0,315700000.0,82400000.0,0.0,0.0,0.0,547300000.0,629700000.0,0.198,629700000.0,547300000.0,543000000.0,0.65,0.65,0.65,8827000000.0,,8827000000.0,38117541591.0,18.0,15.826,752800000.0,1.237,1.0,1252400000.0,0.393,3285000000.0,4300000.0,6327500000.0,,0.0,2574000000.0,2574000000.0,0.0,3440600000.0,2128400000.0,1312200000.0,38144341591.0,387400000.0,0.0,-138800000.0,-113400000.0,0.0,-248500000.0,-176900000.0,-111800000.0,817900000.0,-5100000.0,397200000.0,397200000.0,397200000.0,0.0,0.0,0.125,709600000.0,542800000.0,160100000.0,0.0,4.321,24.408,24.35,1278900000.0,0.0,62.58,3.198,3.195,2556600000.0,8501800000.0,3187000000.0,3187000000.0,0.0,,,,,42700000.0,627100000.0,1.0,609529268.0,608800000,612700000.0,5.235,8982600000.0,569600000.0,145800000.0,230000000.0,14.755,5109500000.0
24,CTSH,MRQ,2015-06-30,2015-06-30,2015-06-30,2021-07-29,-90500000.0,11797600000.0,,6771400000.0,5026200000.0,,14.004,-75600000.0,1089300000.0,1089300000.0,1844800000.0,420100000.0,3.461,0.381,1062500000.0,150000000.0,912500000.0,1062500000.0,339100000.0,84000000.0,0.0,0.0,0.0,552900000.0,636900000.0,0.206,636900000.0,552900000.0,548800000.0,0.69,0.68,0.69,8540800000.0,,8540800000.0,37100119756.0,18.0,16.183,380500000.0,0.624,1.0,1240300000.0,0.402,3311400000.0,4100000.0,6502900000.0,,0.0,2477200000.0,2477200000.0,0.0,3256800000.0,1956500000.0,1300300000.0,37296519756.0,-182100000.0,0.0,-143800000.0,-13100000.0,0.0,-149100000.0,-489500000.0,-413900000.0,456100000.0,400000.0,420100000.0,420100000.0,420100000.0,0.0,0.0,0.136,694800000.0,545500000.0,169000000.0,0.0,4.367,24.518,24.436,1277300000.0,0.0,61.09,3.295,3.291,2548700000.0,8104600000.0,3085100000.0,3085100000.0,0.0,,,,,41600000.0,612000000.0,1.0,610517593.0,609900000,613900000.0,5.058,8486200000.0,493300000.0,128700000.0,233600000.0,13.914,4814900000.0
25,CTSH,MRQ,2015-03-31,2015-03-31,2015-03-31,2021-07-29,-119300000.0,11383400000.0,,6406500000.0,4976900000.0,,13.416,-58000000.0,1271400000.0,1271400000.0,1727200000.0,382900000.0,3.4,0.392,1075000000.0,150000000.0,925000000.0,1075000000.0,378200000.0,75600000.0,0.0,0.0,0.0,515600000.0,591200000.0,0.203,591200000.0,515600000.0,510600000.0,0.63,0.62,0.63,8178500000.0,,8178500000.0,37661331114.0,19.0,17.071,131300000.0,0.215,1.0,1184200000.0,0.407,3332000000.0,5000000.0,5970900000.0,,0.0,2078400000.0,2078400000.0,0.0,3204900000.0,1884100000.0,1320800000.0,38033978114.0,-738700000.0,0.0,-1700000.0,-563100000.0,0.0,-557300000.0,-364000000.0,-306000000.0,189300000.0,-6700000.0,382900000.0,382900000.0,382900000.0,0.0,0.0,0.132,683900000.0,500300000.0,181400000.0,0.0,4.65,25.821,25.781,1268000000.0,0.0,62.39,3.537,3.537,2448100000.0,7684500000.0,2911400000.0,2911400000.0,0.0,,,,,38300000.0,610800000.0,1.0,609616575.0,609600000,613900000.0,4.776,8051400000.0,425000000.0,127700000.0,237300000.0,13.208,4522400000.0
26,CTSH,MRQ,2014-12-31,2014-12-31,2014-12-31,2021-07-29,-123100000.0,11479000000.0,,6420600000.0,5058400000.0,,12.724,-74500000.0,2010100000.0,2010100000.0,1639300000.0,362600000.0,2.477,0.483,1637500000.0,700000000.0,937500000.0,1637500000.0,305100000.0,62800000.0,0.0,0.0,0.0,487900000.0,550700000.0,0.201,550700000.0,487900000.0,485200000.0,0.6,0.59,0.6,7740200000.0,,7740200000.0,29447989188.0,15.0,13.793,249700000.0,0.41,1.0,1103200000.0,0.402,3367300000.0,2700000.0,5147000000.0,,0.0,1764600000.0,1764600000.0,0.0,3738800000.0,2592100000.0,1146700000.0,32065608188.0,-607600000.0,-2679500000.0,-25600000.0,1627500000.0,0.0,1611400000.0,-2534400000.0,219600000.0,324200000.0,-8800000.0,362600000.0,362600000.0,362600000.0,0.0,0.0,0.132,623700000.0,479500000.0,145700000.0,0.0,4.143,22.283,22.219,1247200000.0,0.0,52.66,3.124,3.12,2293300000.0,7301600000.0,2742500000.0,2742500000.0,0.0,,,,,24900000.0,562600000.0,1.0,608917740.0,608300000,614800000.0,4.508,8111700000.0,234200000.0,122600000.0,11800000.0,13.335,3828500000.0
27,CTSH,MRQ,2014-09-30,2014-09-30,2014-09-30,2021-07-29,-123658000.0,9227043000.0,,7260026000.0,1967017000.0,,12.139,-55500000.0,2617619000.0,2617619000.0,1569800000.0,355600000.0,4.169,0.25,0.0,0.0,0.0,0.0,169385000.0,49700000.0,0.0,0.0,0.0,464000000.0,513700000.0,0.199,513700000.0,464000000.0,463700000.0,0.58,0.58,0.58,7381710000.0,,7381710000.0,25224329538.0,13.0,12.108,527700000.0,0.868,1.0,1011200000.0,0.392,547468000.0,300000.0,4320492000.0,,0.0,2000860000.0,2000860000.0,0.0,1845333000.0,1741464000.0,103869000.0,27216771538.0,625200000.0,0.0,-9400000.0,-1500000.0,0.0,-8400000.0,64600000.0,120100000.0,583200000.0,-14200000.0,355600000.0,355600000.0,355600000.0,0.0,0.0,0.138,553700000.0,457500000.0,130040000.0,0.0,3.687,19.43,19.55,1101468000.0,0.0,44.77,2.756,2.757,2147131000.0,6938777000.0,2581000000.0,2581000000.0,0.0,,,,,28700000.0,506000000.0,1.0,607924314.0,608100000,612100000.0,4.244,8679575000.0,402207000.0,108100000.0,18041000.0,14.273,5518562000.0
28,CTSH,MRQ,2014-06-30,2014-06-30,2014-06-30,2021-07-29,-111460000.0,8687294000.0,,6740690000.0,1946604000.0,,11.5,-38700000.0,1992442000.0,1992442000.0,1499500000.0,371900000.0,4.3,0.243,0.0,0.0,0.0,0.0,179660000.0,48800000.0,0.0,0.0,0.0,501800000.0,550600000.0,0.219,550600000.0,501800000.0,501800000.0,0.61,0.61,0.61,6990829000.0,,6990829000.0,27823489494.0,15.0,13.551,369600000.0,0.608,1.0,1017600000.0,0.404,570493000.0,0.0,4556697000.0,,0.0,2136779000.0,2136779000.0,0.0,1696465000.0,1567662000.0,128803000.0,29759480494.0,56400000.0,-9900000.0,-99600000.0,0.0,0.0,-93500000.0,-257500000.0,-208900000.0,408300000.0,-900000.0,371900000.0,371900000.0,371900000.0,0.0,0.0,0.148,529600000.0,488000000.0,119145000.0,0.0,4.257,21.805,21.835,1086116000.0,0.0,48.91,3.1,3.097,2120580000.0,6583153000.0,2517100000.0,2517100000.0,0.0,,,,,27500000.0,482900000.0,1.0,608453905.0,607900000,612200000.0,4.141,8116801000.0,357136000.0,129900000.0,19862000.0,13.352,5173028000.0
29,CTSH,MRQ,2014-03-31,2014-03-31,2014-03-31,2021-07-29,-167285000.0,8279299000.0,,6290740000.0,1988559000.0,,10.898,-43300000.0,1935991000.0,1935991000.0,1432400000.0,348900000.0,4.186,0.25,0.0,0.0,0.0,0.0,166504000.0,46700000.0,0.0,0.0,0.0,473200000.0,519900000.0,0.215,519900000.0,473200000.0,473200000.0,0.57,0.57,0.57,6622957000.0,,6622957000.0,28522647084.0,16.0,14.501,114000000.0,0.188,1.0,989900000.0,0.409,569917000.0,0.0,4270525000.0,,0.0,1928993000.0,1928993000.0,0.0,1656342000.0,1502866000.0,153476000.0,30735653084.0,-277000000.0,-1600000.0,-12400000.0,0.0,0.0,-6500000.0,-433700000.0,-388800000.0,157300000.0,5900000.0,348900000.0,348900000.0,348900000.0,0.0,0.0,0.144,529900000.0,460000000.0,176374000.0,0.0,4.641,23.765,23.756,1090885000.0,0.0,50.6,3.325,3.326,1970954000.0,6211245000.0,2422300000.0,2422300000.0,0.0,,,,,29900000.0,485400000.0,1.0,607423974.0,607700000,612900000.0,3.986,7709382000.0,340998000.0,124300000.0,20275000.0,12.686,4787874000.0
30,CTSH,MRQ,2013-12-31,2013-12-31,2013-12-31,2021-07-29,-276259000.0,8134718000.0,,6147882000.0,1986836000.0,,10.13,-107254000.0,2213006000.0,2213006000.0,1411186000.0,324354000.0,3.465,0.326,0.0,0.0,0.0,0.0,182893000.0,47887000.0,0.0,0.0,0.0,451122000.0,499009000.0,0.212,499009000.0,451122000.0,451122000.0,0.53,0.54,0.53,6135791000.0,,6135791000.0,28515037249.0,17.0,15.267,398643000.0,0.658,1.0,944313000.0,0.401,575510000.0,0.0,3571694000.0,,0.0,1534467000.0,1534467000.0,0.0,1998927000.0,1774508000.0,224419000.0,30546156249.0,181858000.0,-41324000.0,15999000.0,0.0,0.0,30149000.0,-352424000.0,-203846000.0,505897000.0,-1764000.0,324354000.0,324354000.0,324354000.0,0.0,0.0,0.138,496482000.0,447831000.0,113394000.0,0.0,4.978,24.863,24.872,1081164000.0,0.0,50.49,3.454,3.449,1875272000.0,5862367000.0,2355499000.0,2355499000.0,0.0,,,,,18297000.0,450494000.0,1.0,604994182.0,605689000,611008000.0,3.889,7559208000.0,403379000.0,126768000.0,21170000.0,12.48,4373374000.0
31,CTSH,MRQ,2013-09-30,2013-09-30,2013-09-30,2021-07-29,-375089000.0,7617149000.0,,5739205000.0,1877944000.0,,9.363,-31836000.0,2031119000.0,2031119000.0,1382336000.0,319627000.0,3.582,0.349,0.0,0.0,0.0,0.0,141937000.0,44578000.0,0.0,0.0,0.0,439198000.0,483776000.0,0.21,483776000.0,439198000.0,439198000.0,0.53,0.53,0.53,5648276000.0,,5648276000.0,23070191412.0,14.0,12.991,447042000.0,0.741,1.0,923387000.0,0.4,536100000.0,0.0,3447892000.0,,0.0,1329480000.0,1329480000.0,0.0,1968873000.0,1602038000.0,366835000.0,24748396412.0,352914000.0,-1339000.0,21364000.0,0.0,0.0,28332000.0,-152602000.0,-119427000.0,478878000.0,-1694000.0,319627000.0,319627000.0,319627000.0,0.0,0.0,0.139,486028000.0,437359000.0,114825000.0,0.0,4.382,20.92,20.949,1011803000.0,0.0,41.06,2.934,2.936,1891186000.0,5538035000.0,2305723000.0,2305723000.0,0.0,,,,,20055000.0,443376000.0,1.0,602737370.0,603265000,608549000.0,3.822,7081049000.0,429381000.0,119571000.0,14794000.0,11.738,4137167000.0
32,CTSH,MRQ,2013-06-30,2013-06-30,2013-06-30,2021-07-29,-324602000.0,7012320000.0,,5133961000.0,1878359000.0,,8.824,-50325000.0,1678205000.0,1678205000.0,1272013000.0,300410000.0,3.782,0.317,0.0,0.0,0.0,0.0,134192000.0,43834000.0,0.0,0.0,0.0,420397000.0,464231000.0,0.215,464231000.0,420397000.0,420397000.0,0.5,0.49,0.5,5323748000.0,,5323748000.0,17418340432.0,11.0,10.26,315232000.0,0.522,1.0,889227000.0,0.411,534638000.0,0.0,3442180000.0,,0.0,1222364000.0,1222364000.0,0.0,1688572000.0,1357297000.0,331275000.0,18893200432.0,203345000.0,-11861000.0,-108305000.0,0.0,0.0,-106313000.0,-39900000.0,22286000.0,365557000.0,-15999000.0,300410000.0,300410000.0,300410000.0,0.0,0.0,0.139,462424000.0,426803000.0,94069000.0,0.0,3.549,16.569,16.528,1017705000.0,0.0,31.32,2.355,2.356,1785227000.0,5218408000.0,2161240000.0,2161240000.0,0.0,,,,,28245000.0,420526000.0,1.0,603231176.0,603340000,608892000.0,3.582,6477682000.0,394073000.0,119987000.0,14548000.0,10.736,3776664000.0
33,CTSH,MRQ,2013-03-31,2013-03-31,2013-03-31,2021-07-29,-208431000.0,6709302000.0,,4836640000.0,1872662000.0,,8.64,-72185000.0,1474860000.0,1474860000.0,1199965000.0,284209000.0,3.946,0.286,0.0,0.0,0.0,0.0,138204000.0,43601000.0,0.0,0.0,0.0,377183000.0,420784000.0,0.208,420784000.0,377183000.0,377183000.0,0.47,0.47,0.47,5215934000.0,,5215934000.0,21552754113.0,15.0,13.42,1283000.0,0.002,1.0,820773000.0,0.406,529850000.0,0.0,3478749000.0,,0.0,1269586000.0,1269586000.0,0.0,1493368000.0,1225843000.0,267525000.0,23122831113.0,-95217000.0,-139276000.0,9442000.0,0.0,0.0,16932000.0,-185874000.0,25587000.0,73468000.0,257000.0,284209000.0,284209000.0,284209000.0,0.0,0.0,0.141,454866000.0,365907000.0,132501000.0,0.0,4.433,21.178,21.166,1008198000.0,0.0,38.31,3.02,3.021,1702334000.0,4917998000.0,2020738000.0,2020738000.0,0.0,,,,,21603000.0,413204000.0,1.0,603563804.0,603708000,610353000.0,3.347,6179452000.0,348463000.0,92974000.0,14841000.0,10.236,3610797000.0
34,CTSH,MRQ,2012-12-31,2012-12-31,2012-12-31,2021-07-29,-239683000.0,6521571000.0,,4814294000.0,1707277000.0,,8.078,-125749000.0,1570077000.0,1570077000.0,1150934000.0,278779000.0,3.495,0.343,0.0,0.0,0.0,0.0,149696000.0,41164000.0,0.0,0.0,0.0,365844000.0,407008000.0,0.209,407008000.0,365844000.0,365844000.0,0.46,0.46,0.46,4854383000.0,,4854383000.0,20854119778.0,15.0,13.505,236111000.0,0.393,1.0,797281000.0,0.409,396660000.0,0.0,3177504000.0,,0.0,1293681000.0,1293681000.0,0.0,1667188000.0,1377330000.0,289858000.0,22178858778.0,245338000.0,-15998000.0,651000.0,0.0,0.0,24064000.0,-140712000.0,1035000.0,361860000.0,126000.0,278779000.0,278779000.0,278779000.0,0.0,0.0,0.143,441028000.0,356253000.0,108707000.0,0.0,4.569,21.097,21.231,971486000.0,0.0,36.941,3.019,3.03,1528746000.0,4633789000.0,1948215000.0,1948215000.0,0.0,,,,,4031000.0,401746000.0,1.0,600383550.0,600902000,607558000.0,3.242,6124911000.0,380718000.0,87065000.0,2777000.0,10.193,3436964000.0
35,CTSH,MRQ,2012-09-30,2012-09-30,2012-09-30,2021-07-29,-190043000.0,6107039000.0,,4541531000.0,1565508000.0,,7.645,-69944000.0,1324739000.0,1324739000.0,1111898000.0,276901000.0,3.56,0.336,0.0,0.0,0.0,0.0,116427000.0,41366000.0,0.0,0.0,0.0,364383000.0,405749000.0,0.214,405749000.0,364383000.0,364383000.0,0.465,0.455,0.465,4572370000.0,,4572370000.0,19816475360.0,15.0,13.259,314916000.0,0.527,1.0,779790000.0,0.412,388986000.0,0.0,3117726000.0,,0.0,1307009000.0,1307009000.0,0.0,1534669000.0,1275588000.0,259081000.0,20866720360.0,274494000.0,-19019000.0,-34756000.0,0.0,0.0,-25649000.0,-86531000.0,2432000.0,384860000.0,1814000.0,276901000.0,276901000.0,276901000.0,0.0,0.0,0.146,424404000.0,355386000.0,111420000.0,0.0,4.564,20.607,20.863,878561000.0,0.0,34.945,2.955,2.96,1577195000.0,4355010000.0,1891688000.0,1891688000.0,0.0,,,,,13154000.0,384951000.0,1.0,597130358.0,598116000,606264000.0,3.163,5718053000.0,321091000.0,87482000.0,4593000.0,9.56,3265943000.0
36,CTSH,MRQ,2012-06-30,2012-06-30,2012-06-30,2021-07-29,-396741000.0,5654219000.0,,4152352000.0,1501867000.0,,6.77,-78321000.0,1050245000.0,1050245000.0,1030889000.0,251932000.0,3.607,0.382,0.0,0.0,0.0,0.0,106625000.0,37433000.0,0.0,0.0,0.0,335092000.0,372525000.0,0.208,372525000.0,335092000.0,335092000.0,0.415,0.41,0.415,4092333000.0,,4092333000.0,16940881620.0,13.0,12.028,245779000.0,0.407,1.0,764331000.0,0.426,375741000.0,0.0,3077138000.0,,0.0,1295897000.0,1295897000.0,0.0,1561886000.0,1151095000.0,410791000.0,18269416620.0,-278290000.0,-17003000.0,-351627000.0,0.0,0.0,-348520000.0,-247316000.0,-151992000.0,324100000.0,-6554000.0,251932000.0,251932000.0,251932000.0,0.0,0.0,0.14,432373000.0,331958000.0,104411000.0,0.0,4.464,18.975,18.927,837683000.0,0.0,30.0,2.698,2.678,1503887000.0,4078109000.0,1795220000.0,1795220000.0,0.0,,,,,23164000.0,396771000.0,1.0,608980554.0,604450000,614652000.0,2.97,5278478000.0,271613000.0,83160000.0,3073000.0,8.733,3001257000.0
37,CTSH,MRQ,2012-03-31,2012-03-31,2012-03-31,2021-07-29,-193331000.0,5668125000.0,,4196742000.0,1471383000.0,,7.197,-60451000.0,1328535000.0,1328535000.0,984520000.0,243651000.0,4.109,0.298,0.0,0.0,0.0,0.0,107817000.0,36625000.0,0.0,0.0,0.0,322277000.0,358902000.0,0.21,358902000.0,322277000.0,322277000.0,0.4,0.395,0.4,4367249000.0,,4367249000.0,22033887511.0,18.0,16.409,41312000.0,0.068,1.0,726829000.0,0.425,383325000.0,0.0,2935020000.0,,0.0,1162660000.0,1162660000.0,0.0,1300876000.0,1021245000.0,279631000.0,23344793511.0,17629000.0,-7874000.0,-5629000.0,0.0,0.0,7117000.0,-95487000.0,-27162000.0,101763000.0,4236000.0,243651000.0,243651000.0,243651000.0,0.0,0.0,0.142,408930000.0,317899000.0,109983000.0,0.0,5.345,25.404,25.48,784975000.0,0.0,38.475,3.613,3.614,1421258000.0,3826177000.0,1711349000.0,1711349000.0,0.0,,,,,18633000.0,374178000.0,1.0,606752268.0,606856000,618416000.0,2.82,5284800000.0,258715000.0,78626000.0,2978000.0,8.708,3175497000.0
38,CTSH,MRQ,2011-12-31,2011-12-31,2011-12-31,2021-07-29,-325394000.0,5507933000.0,,4085506000.0,1422427000.0,,6.537,-124561000.0,1310906000.0,1310906000.0,970689000.0,240127000.0,3.377,0.393,0.0,0.0,0.0,0.0,105713000.0,34299000.0,0.0,0.0,0.0,323080000.0,357379000.0,0.215,357379000.0,323080000.0,323080000.0,0.395,0.39,0.395,3952886000.0,,3952886000.0,18247907520.0,16.0,14.109,160505000.0,0.265,1.0,693018000.0,0.417,386388000.0,0.0,2600934000.0,,0.0,1121358000.0,1121358000.0,0.0,1555047000.0,1209705000.0,345342000.0,19429126520.0,129687000.0,-7760000.0,13101000.0,0.0,0.0,21276000.0,-173232000.0,-40911000.0,285066000.0,-3423000.0,240127000.0,240127000.0,240127000.0,0.0,0.0,0.144,384875000.0,308143000.0,72205000.0,0.0,4.915,21.988,22.1,758034000.0,0.0,32.155,3.174,3.186,1318670000.0,3582526000.0,1663707000.0,1663707000.0,0.0,,,,,17813000.0,352456000.0,1.0,604233448.0,604712000,617654000.0,2.751,5121545000.0,273234000.0,82953000.0,3339000.0,8.469,2875801000.0
39,CTSH,MRQ,2011-09-30,2011-09-30,2011-09-30,2021-07-29,-50681000.0,5104115000.0,,3812197000.0,1291918000.0,,6.507,-74110000.0,1181219000.0,1181219000.0,924886000.0,227119000.0,3.663,0.296,0.0,0.0,0.0,0.0,87893000.0,31639000.0,0.0,0.0,0.0,287964000.0,319603000.0,0.2,319603000.0,287964000.0,287964000.0,0.375,0.365,0.375,3939522000.0,,3939522000.0,17846149567.0,16.0,14.699,255234000.0,0.422,1.0,676068000.0,0.422,391623000.0,0.0,2490543000.0,,0.0,1110057000.0,1110057000.0,0.0,1164593000.0,1040730000.0,123863000.0,19039189567.0,-11821000.0,-55719000.0,-155849000.0,0.0,0.0,-146924000.0,-180646000.0,-50817000.0,329344000.0,-13595000.0,227119000.0,227119000.0,227119000.0,0.0,0.0,0.142,383066000.0,293002000.0,78183000.0,0.0,4.833,22.408,22.393,664609000.0,0.0,31.35,3.301,3.291,1268076000.0,3342399000.0,1600954000.0,1600954000.0,0.0,,,,,15575000.0,353161000.0,1.0,607310672.0,605446000,618594000.0,2.644,4712492000.0,243645000.0,60845000.0,3605000.0,7.784,2771467000.0
40,CTSH,MRQ,2011-06-30,2011-06-30,2011-06-30,2021-07-29,76637000.0,4916702000.0,,3757897000.0,1158805000.0,,6.5,-33735000.0,1193040000.0,1193040000.0,860871000.0,208045000.0,4.235,0.244,0.0,0.0,0.0,0.0,84629000.0,29273000.0,0.0,0.0,0.0,277605000.0,306878000.0,0.207,306878000.0,277605000.0,277605000.0,0.34,0.335,0.34,3951849000.0,,3951849000.0,21020184926.0,20.0,18.032,181378000.0,0.298,1.0,624371000.0,0.42,311986000.0,0.0,2524325000.0,,0.0,1076371000.0,1076371000.0,0.0,964853000.0,887351000.0,77502000.0,22313683926.0,-100459000.0,-11426000.0,-87012000.0,0.0,0.0,-80763000.0,-243746000.0,-198585000.0,215113000.0,8937000.0,208045000.0,208045000.0,208045000.0,0.0,0.0,0.14,354413000.0,269958000.0,89057000.0,0.0,5.646,27.006,26.864,614494000.0,0.0,36.67,4.144,4.141,1227592000.0,3115280000.0,1485242000.0,1485242000.0,0.0,,,,,17430000.0,326718000.0,1.0,608499698.0,607978000,622954000.0,2.443,4604716000.0,193602000.0,69560000.0,3558000.0,7.574,2870546000.0
41,CTSH,MRQ,2011-03-31,2011-03-31,2011-03-31,2021-07-29,39950000.0,4637873000.0,,3535800000.0,1102073000.0,,6.19,-55815000.0,1293499000.0,1293499000.0,782176000.0,208327000.0,4.41,0.232,0.0,0.0,0.0,0.0,82021000.0,28964000.0,0.0,0.0,0.0,280500000.0,309464000.0,0.226,309464000.0,280500000.0,280500000.0,0.345,0.335,0.345,3764189000.0,,3764189000.0,23222114743.0,24.0,21.264,-10186000.0,-0.017,1.0,589077000.0,0.43,305799000.0,0.0,2236862000.0,,0.0,874616000.0,874616000.0,0.0,873684000.0,801713000.0,71971000.0,24763083743.0,-247470000.0,-7895000.0,-64836000.0,0.0,0.0,-49044000.0,-252657000.0,-188947000.0,45629000.0,8602000.0,208327000.0,208327000.0,208327000.0,0.0,0.0,0.152,323712000.0,265365000.0,117595000.0,0.0,6.579,31.331,31.069,601699000.0,0.0,40.7,4.949,4.946,1123150000.0,2907235000.0,1371253000.0,1371253000.0,0.0,,,,,273000.0,296330000.0,1.0,608429576.0,608082000,623606000.0,2.255,4332074000.0,180426000.0,72173000.0,3870000.0,7.124,2734087000.0
42,CTSH,MRQ,2010-12-31,2010-12-31,2010-12-31,2021-07-29,35598000.0,4583074000.0,,3518234000.0,1064840000.0,,5.903,-74551000.0,1540969000.0,1540969000.0,758023000.0,206166000.0,3.78,0.279,0.0,0.0,0.0,0.0,84590000.0,29614000.0,0.0,0.0,0.0,248544000.0,278158000.0,0.212,278158000.0,248544000.0,248544000.0,0.34,0.33,0.34,3584431000.0,,3584431000.0,20925150734.0,24.0,21.163,317743000.0,0.523,1.0,552579000.0,0.422,309099000.0,0.0,1802280000.0,,0.0,685419000.0,685419000.0,0.0,998643000.0,930726000.0,67917000.0,22242227734.0,223892000.0,-2158000.0,-26890000.0,0.0,0.0,-14468000.0,-154305000.0,-77596000.0,392294000.0,371000.0,206166000.0,206166000.0,206166000.0,0.0,0.0,0.157,307958000.0,244621000.0,75373000.0,0.0,6.205,30.322,30.037,570448000.0,0.0,36.645,4.843,4.8,1014268000.0,2698908000.0,1310602000.0,1310602000.0,0.0,,,,,2518000.0,279921000.0,1.0,606964872.0,607268000,623554000.0,2.158,4273975000.0,205972000.0,42378000.0,4946000.0,7.038,2587508000.0
43,CTSH,MRQ,2010-09-30,2010-09-30,2010-09-30,2021-07-29,25709000.0,4246279000.0,,3234680000.0,1011599000.0,,5.58,-44796000.0,1317077000.0,1317077000.0,699623000.0,203699000.0,4.022,0.261,0.0,0.0,0.0,0.0,57952000.0,27929000.0,0.0,0.0,0.0,243276000.0,271205000.0,0.223,271205000.0,243276000.0,243276000.0,0.34,0.33,0.34,3367184000.0,,3367184000.0,18358772759.0,23.0,20.319,189942000.0,0.315,1.0,517290000.0,0.425,312361000.0,0.0,1812672000.0,,0.0,611739000.0,611739000.0,0.0,879095000.0,804169000.0,74926000.0,19398458759.0,277391000.0,-2670000.0,29940000.0,0.0,0.0,61026000.0,-34600000.0,12866000.0,234738000.0,16227000.0,203699000.0,203699000.0,203699000.0,0.0,0.0,0.167,288991000.0,228299000.0,93945000.0,0.0,5.761,28.893,28.781,521497000.0,0.0,32.235,4.636,4.649,1065136000.0,2492742000.0,1216913000.0,1216913000.0,0.0,,,,,-16977000.0,262632000.0,1.0,601782496.0,603434000,619238000.0,2.017,3933918000.0,174481000.0,39577000.0,6076000.0,6.519,2430511000.0
44,CTSH,MRQ,2010-06-30,2010-06-30,2010-06-30,2021-07-29,-21080000.0,3764154000.0,,2804924000.0,959230000.0,,5.07,-41946000.0,1039686000.0,1039686000.0,641019000.0,172175000.0,4.345,0.238,0.0,0.0,0.0,0.0,56821000.0,25248000.0,0.0,0.0,0.0,208008000.0,233256000.0,0.211,233256000.0,208008000.0,208008000.0,0.285,0.28,0.285,3040887000.0,,3040887000.0,13907971588.0,19.0,16.996,93348000.0,0.156,1.0,464135000.0,0.42,307786000.0,0.0,1771084000.0,,0.0,612313000.0,612313000.0,0.0,723267000.0,645598000.0,77669000.0,14988913588.0,-41256000.0,-29035000.0,17246000.0,0.0,0.0,29904000.0,-200844000.0,-129863000.0,135294000.0,-5610000.0,172175000.0,172175000.0,172175000.0,0.0,0.0,0.156,258220000.0,205915000.0,80986000.0,0.0,4.929,24.806,24.66,504769000.0,0.0,25.03,3.923,3.929,933691000.0,2289043000.0,1105154000.0,1105154000.0,0.0,,,,,1332000.0,234547000.0,1.0,598837938.0,599778000,616974000.0,1.843,3456368000.0,146448000.0,35833000.0,6071000.0,5.763,2159326000.0
45,CTSH,MRQ,2010-03-31,2010-03-31,2010-03-31,2021-07-29,44043000.0,3509747000.0,,2469233000.0,1040514000.0,,4.845,-24219000.0,1080942000.0,1080942000.0,555904000.0,151500000.0,4.271,0.216,0.0,0.0,0.0,0.0,53576000.0,27381000.0,0.0,0.0,0.0,178752000.0,206133000.0,0.215,206133000.0,178752000.0,178752000.0,0.255,0.245,0.255,2886369000.0,,2886369000.0,14068740945.0,21.0,18.134,-21891000.0,-0.037,1.0,403816000.0,0.421,270643000.0,0.0,1580015000.0,,0.0,490386000.0,352939000.0,137447000.0,623378000.0,578147000.0,45231000.0,15169670945.0,-19988000.0,0.0,27788000.0,0.0,0.0,43541000.0,-57141000.0,-32922000.0,2328000.0,-8716000.0,151500000.0,151500000.0,151500000.0,0.0,0.0,0.158,220799000.0,183017000.0,85630000.0,0.0,5.256,26.459,26.278,478363000.0,0.0,25.49,4.343,4.348,812325000.0,2116868000.0,959720000.0,959720000.0,0.0,,,,,-1808000.0,194993000.0,1.0,595122438.0,595770000,613328000.0,1.611,3239104000.0,147391000.0,27252000.0,0.0,5.437,1891086000.0
46,CTSH,MRQ,2009-12-31,2009-12-31,2009-12-31,2021-07-29,20277000.0,3338240000.0,,2307568000.0,1030672000.0,,4.488,-14626000.0,1100930000.0,1100930000.0,520796000.0,144004000.0,3.569,0.258,0.0,0.0,0.0,0.0,51605000.0,24339000.0,0.0,0.0,0.0,168597000.0,192936000.0,0.214,192936000.0,168597000.0,168597000.0,0.24,0.24,0.24,2653177000.0,,2653177000.0,12366434507.0,19.0,17.026,222896000.0,0.377,1.0,381925000.0,0.423,268129000.0,0.0,1322573000.0,,0.0,449533000.0,298402000.0,151131000.0,685063000.0,646608000.0,38455000.0,13359360507.0,108004000.0,-62837000.0,26196000.0,0.0,0.0,45351000.0,-175085000.0,-97622000.0,237522000.0,216000.0,144004000.0,144004000.0,144004000.0,0.0,0.0,0.16,215017000.0,166908000.0,54640000.0,0.0,5.035,24.972,24.907,481516000.0,0.0,22.665,4.075,4.055,709240000.0,1965368000.0,902721000.0,902721000.0,0.0,,,,,-6344000.0,190678000.0,1.0,589426892.0,591204000,609226000.0,1.527,3070111000.0,154409000.0,24593000.0,0.0,5.193,1660960000.0
47,CTSH,MRQ,2009-09-30,2009-09-30,2009-09-30,2021-07-29,6364000.0,2976482000.0,,2016826000.0,959656000.0,,4.148,-31988000.0,992926000.0,992926000.0,475599000.0,136572000.0,3.967,0.222,0.0,0.0,0.0,0.0,36777000.0,22301000.0,0.0,0.0,0.0,163699000.0,186000000.0,0.218,186000000.0,163699000.0,163699000.0,0.235,0.225,0.235,2436218000.0,,2436218000.0,10475129873.0,17.0,15.165,176467000.0,0.3,1.0,377889000.0,0.443,226355000.0,0.0,1248827000.0,,0.0,346807000.0,189775000.0,157032000.0,540264000.0,508374000.0,31890000.0,11335506873.0,132549000.0,-4472000.0,14214000.0,0.0,0.0,21464000.0,-99245000.0,-62785000.0,208455000.0,1875000.0,136572000.0,136572000.0,136572000.0,0.0,0.0,0.16,216107000.0,161782000.0,53403000.0,0.0,4.653,22.525,22.347,460237000.0,0.0,19.33,3.623,3.628,684770000.0,1821364000.0,853488000.0,853488000.0,0.0,,,,,4606000.0,193806000.0,1.0,586420428.0,587328000,605164000.0,1.453,2750127000.0,123972000.0,27127000.0,0.0,4.682,1508452000.0
48,CTSH,MRQ,2009-06-30,2009-06-30,2009-06-30,2021-07-29,7894000.0,2673287000.0,,1763674000.0,909613000.0,,3.879,-9553000.0,860377000.0,860377000.0,433340000.0,141255000.0,4.524,0.179,0.0,0.0,0.0,0.0,32107000.0,21579000.0,0.0,0.0,0.0,169166000.0,190745000.0,0.246,190745000.0,169166000.0,169166000.0,0.24,0.235,0.24,2267697000.0,,2267697000.0,7041043876.0,12.0,10.71,141705000.0,0.242,1.0,343252000.0,0.442,200054000.0,0.0,1222998000.0,,0.0,283577000.0,122795000.0,160782000.0,405590000.0,389858000.0,15732000.0,7799611876.0,101809000.0,0.0,9100000.0,0.0,0.0,12432000.0,-76889000.0,-67336000.0,151258000.0,15008000.0,141255000.0,141255000.0,141255000.0,0.0,0.0,0.182,191582000.0,151670000.0,45739000.0,0.0,3.439,16.266,16.182,446926000.0,0.0,13.35,2.591,2.593,635916000.0,1684792000.0,776592000.0,776592000.0,0.0,,,,,5054000.0,170003000.0,1.0,584240590.0,584674000,598544000.0,1.328,2473233000.0,104281000.0,27911000.0,624000.0,4.23,1373816000.0
49,CTSH,MRQ,2009-03-31,2009-03-31,2009-03-31,2021-07-29,-24996000.0,2429045000.0,,1525656000.0,903389000.0,,3.554,-20472000.0,758568000.0,758568000.0,419708000.0,113132000.0,4.48,0.172,0.0,0.0,0.0,0.0,31706000.0,21152000.0,0.0,0.0,0.0,135489000.0,156641000.0,0.21,156641000.0,135489000.0,135489000.0,0.195,0.19,0.195,2072711000.0,,2072711000.0,5330613693.0,10.0,8.76,54618000.0,0.094,1.0,326154000.0,0.437,202043000.0,0.0,1127914000.0,,0.0,210554000.0,50072000.0,160482000.0,356334000.0,340520000.0,15814000.0,6065679693.0,23502000.0,-1304000.0,-4118000.0,0.0,0.0,-2299000.0,-43545000.0,-21769000.0,75090000.0,-5744000.0,113132000.0,113132000.0,113132000.0,0.0,0.0,0.152,188024000.0,138130000.0,55713000.0,0.0,2.926,13.72,13.588,456301000.0,0.0,10.395,2.078,2.077,600707000.0,1543533000.0,745862000.0,745862000.0,0.0,,,,,9944000.0,166872000.0,1.0,583518970.0,583226000,595986000.0,1.279,2227002000.0,93611000.0,22357000.0,1837000.0,3.818,1185136000.0
50,CTSH,MRQ,2008-12-31,2008-12-31,2008-12-31,2021-07-29,-9479000.0,2374560000.0,,1468119000.0,906441000.0,,3.374,-23085000.0,735066000.0,735066000.0,419748000.0,112288000.0,3.788,0.208,0.0,0.0,0.0,0.0,38123000.0,21253000.0,0.0,0.0,0.0,136086000.0,157339000.0,0.209,157339000.0,136086000.0,136086000.0,0.195,0.19,0.195,1965578000.0,,1965578000.0,4689581830.0,9.0,7.948,169828000.0,0.292,1.0,333297000.0,0.443,201825000.0,0.0,1050092000.0,,0.0,189206000.0,27513000.0,161693000.0,408982000.0,387577000.0,21405000.0,5258843830.0,165804000.0,0.0,6063000.0,0.0,0.0,6797000.0,-21553000.0,1532000.0,192913000.0,-12353000.0,112288000.0,112288000.0,112288000.0,0.0,0.0,0.149,190631000.0,142666000.0,39970000.0,0.0,2.675,12.206,12.121,455254000.0,0.0,9.03,1.867,1.86,579639000.0,1430405000.0,753045000.0,753045000.0,0.0,,,,,10209000.0,169378000.0,1.0,582374732.0,582528000,595144000.0,1.293,2172735000.0,101131000.0,23798000.0,7294000.0,3.73,1080542000.0
51,CTSH,MRQ,2008-09-30,2008-09-30,2008-09-30,2021-07-29,-1529000.0,2212228000.0,,1321208000.0,891020000.0,,3.163,-61115000.0,569262000.0,569262000.0,405936000.0,112828000.0,3.82,0.2,0.0,0.0,0.0,0.0,28572000.0,19474000.0,0.0,0.0,0.0,133198000.0,152672000.0,0.208,152672000.0,133198000.0,133198000.0,0.195,0.19,0.195,1843029000.0,,1843029000.0,6136613763.0,12.0,10.916,78651000.0,0.135,1.0,328790000.0,0.448,201153000.0,0.0,1095915000.0,,0.0,188268000.0,26134000.0,162134000.0,369199000.0,345898000.0,23301000.0,6657806763.0,48069000.0,0.0,-19314000.0,0.0,0.0,-18212000.0,-59143000.0,1972000.0,139766000.0,-14342000.0,112828000.0,112828000.0,112828000.0,0.0,0.0,0.154,186159000.0,142631000.0,45753000.0,0.0,3.612,16.05,15.854,453350000.0,0.0,11.415,2.5,2.497,599950000.0,1318117000.0,734726000.0,734726000.0,0.0,,,,,8407000.0,166685000.0,1.0,583250702.0,582682000,599610000.0,1.261,2011075000.0,89231000.0,20370000.0,8033000.0,3.451,975310000.0
52,CTSH,MRQ,2008-06-30,2008-06-30,2008-06-30,2021-07-29,13932000.0,2109781000.0,,1268620000.0,841161000.0,,3.028,-31787000.0,521193000.0,521193000.0,380867000.0,103856000.0,3.862,0.203,0.0,0.0,0.0,0.0,24249000.0,17777000.0,0.0,0.0,0.0,124057000.0,141834000.0,0.207,141834000.0,124057000.0,124057000.0,0.18,0.175,0.18,1754374000.0,,1754374000.0,8941853962.0,19.0,16.712,42978000.0,0.074,1.0,304560000.0,0.444,204902000.0,0.0,1055239000.0,,0.0,192096000.0,29979000.0,162117000.0,355407000.0,328447000.0,26960000.0,9391592962.0,71454000.0,-11707000.0,27458000.0,0.0,0.0,38573000.0,-40466000.0,3028000.0,74765000.0,-1418000.0,103856000.0,103856000.0,103856000.0,0.0,0.0,0.152,184882000.0,119678000.0,50809000.0,0.0,5.353,23.589,23.558,409810000.0,0.0,16.255,3.776,3.787,583132000.0,1205289000.0,685427000.0,685427000.0,0.0,,,,,-651000.0,167105000.0,1.0,577766408.0,579418000,598664000.0,1.183,1904879000.0,93481000.0,20201000.0,10453000.0,3.288,940173000.0
53,CTSH,MRQ,2008-03-31,2008-03-31,2008-03-31,2021-07-29,16057000.0,1941657000.0,,1116421000.0,825236000.0,,2.778,-53423000.0,449739000.0,449739000.0,366265000.0,101873000.0,3.571,0.213,0.0,0.0,0.0,0.0,26372000.0,16293000.0,0.0,0.0,0.0,121869000.0,138162000.0,0.215,138162000.0,121869000.0,121869000.0,0.175,0.17,0.175,1601026000.0,,1601026000.0,7973190909.0,18.0,15.822,-31162000.0,-0.054,1.0,276841000.0,0.43,195960000.0,0.0,983298000.0,,0.0,195629000.0,25208000.0,170421000.0,340631000.0,312660000.0,27971000.0,8313035909.0,109894000.0,-9249000.0,12834000.0,0.0,0.0,16876000.0,66156000.0,128828000.0,22261000.0,4601000.0,101873000.0,101873000.0,101873000.0,0.0,0.0,0.158,165146000.0,111695000.0,47450000.0,0.0,5.192,22.076,22.008,393251000.0,0.0,14.415,3.586,3.583,519396000.0,1101433000.0,643106000.0,643106000.0,0.0,,,,,8942000.0,148853000.0,1.0,576693438.0,576342000,598104000.0,1.116,1745697000.0,97943000.0,19996000.0,12502000.0,3.029,803761000.0
54,CTSH,MRQ,2007-12-31,2007-12-31,2007-12-31,2021-07-29,15203000.0,1838306000.0,,1242179000.0,596127000.0,,2.539,-72034000.0,339845000.0,339845000.0,341514000.0,96256000.0,3.646,0.252,0.0,0.0,0.0,0.0,29020000.0,14735000.0,0.0,0.0,0.0,114759000.0,129494000.0,0.216,129494000.0,114759000.0,114759000.0,0.17,0.16,0.17,1468210000.0,,1468210000.0,9558358163.0,23.0,20.412,77862000.0,0.135,1.0,258442000.0,0.431,194354000.0,0.0,963423000.0,,0.0,330580000.0,330580000.0,0.0,370096000.0,340684000.0,29412000.0,9854846163.0,43357000.0,-134865000.0,-86079000.0,0.0,0.0,-80317000.0,-26133000.0,180766000.0,149896000.0,-89000.0,96256000.0,96256000.0,96256000.0,0.0,0.0,0.16,152323000.0,106119000.0,36176000.0,0.0,6.712,28.146,27.82,356047000.0,0.0,16.97,4.615,4.58,436456000.0,999560000.0,599956000.0,599956000.0,0.0,,,,,4049000.0,137588000.0,1.0,580721636.0,578302000,604390000.0,1.037,1643952000.0,87419000.0,18503000.0,15145000.0,2.843,901495000.0
55,CTSH,MRQ,2007-09-30,2007-09-30,2007-09-30,2021-07-29,16754000.0,1739013000.0,,1353594000.0,385419000.0,,2.493,-39562000.0,296488000.0,296488000.0,317286000.0,96154000.0,4.727,0.205,0.0,0.0,0.0,0.0,19069000.0,13870000.0,0.0,0.0,0.0,111691000.0,125561000.0,0.225,125561000.0,111691000.0,111691000.0,0.165,0.16,0.165,1443507000.0,,1443507000.0,11273550579.0,30.0,26.124,90341000.0,0.156,1.0,241551000.0,0.432,57752000.0,0.0,1098419000.0,,0.0,512768000.0,512768000.0,0.0,295506000.0,286354000.0,9152000.0,11542535579.0,27503000.0,-11955000.0,11834000.0,0.0,0.0,17936000.0,-122312000.0,-70795000.0,129903000.0,1976000.0,96154000.0,96154000.0,96154000.0,0.0,0.0,0.172,140421000.0,101130000.0,29775000.0,0.0,7.996,35.69,35.305,291629000.0,0.0,19.948,5.889,5.894,428501000.0,903304000.0,558837000.0,558837000.0,0.0,,,,,3053000.0,126551000.0,1.0,578645724.0,579118000,609128000.0,0.965,1681261000.0,77807000.0,15537000.0,0.0,2.903,1067240000.0
56,CTSH,MRQ,2007-06-30,2007-06-30,2007-06-30,2021-07-29,14076000.0,1584354000.0,,1229570000.0,354784000.0,,2.286,-42196000.0,268985000.0,268985000.0,292326000.0,82277000.0,4.745,0.203,0.0,0.0,0.0,0.0,15004000.0,13053000.0,0.0,0.0,0.0,97650000.0,110703000.0,0.214,110703000.0,97650000.0,97650000.0,0.145,0.135,0.145,1317243000.0,,1317243000.0,10508676175.0,31.0,27.1,9842000.0,0.017,1.0,224188000.0,0.434,58106000.0,0.0,998144000.0,,0.0,441251000.0,441251000.0,0.0,267111000.0,259119000.0,7992000.0,10781714175.0,-4053000.0,0.0,15882000.0,0.0,0.0,25789000.0,-82549000.0,-40353000.0,52038000.0,669000.0,82277000.0,82277000.0,82277000.0,0.0,0.0,0.159,133517000.0,90671000.0,24619000.0,0.0,8.185,37.4,36.765,265749000.0,0.0,18.75,6.061,6.074,403599000.0,807150000.0,516514000.0,516514000.0,0.0,,,,,-395000.0,120464000.0,1.0,575024756.0,576210000,608194000.0,0.896,1526248000.0,85003000.0,15373000.0,0.0,2.649,970451000.0
57,CTSH,MRQ,2007-03-31,2007-03-31,2007-03-31,2021-07-29,12386000.0,1444690000.0,,1137593000.0,307097000.0,,2.095,-28675000.0,273038000.0,273038000.0,254909000.0,75446000.0,4.753,0.207,0.0,0.0,0.0,0.0,15638000.0,12260000.0,0.0,0.0,0.0,90256000.0,102516000.0,0.223,102516000.0,90256000.0,90256000.0,0.13,0.125,0.13,1197329000.0,,1197329000.0,12328858329.0,40.0,35.134,-16192000.0,-0.028,1.0,205361000.0,0.446,46629000.0,0.0,885689000.0,,0.0,400063000.0,400063000.0,0.0,247361000.0,239334000.0,8027000.0,12594795329.0,7101000.0,0.0,20106000.0,0.0,0.0,40600000.0,-46345000.0,-17670000.0,12483000.0,363000.0,75446000.0,75446000.0,75446000.0,0.0,0.0,0.164,121759000.0,83602000.0,36935000.0,0.0,10.519,48.242,47.662,235937000.0,0.0,22.067,7.876,7.888,347763000.0,724873000.0,460270000.0,460270000.0,0.0,,,,,-13056000.0,109499000.0,1.0,570739564.0,571608000,607032000.0,0.805,1398061000.0,79078000.0,14810000.0,0.0,2.446,898259000.0
58,CTSH,MRQ,2006-12-31,2006-12-31,2006-12-31,2021-07-29,11778000.0,1325981000.0,,1040391000.0,285590000.0,,1.89,-33522000.0,265937000.0,265937000.0,232588000.0,69533000.0,4.17,0.235,0.0,0.0,0.0,0.0,19401000.0,10471000.0,0.0,0.0,0.0,82287000.0,92758000.0,0.219,92758000.0,82287000.0,82287000.0,0.125,0.115,0.125,1073499000.0,,1073499000.0,10743027124.0,39.0,34.436,84936000.0,0.15,1.0,191842000.0,0.452,47653000.0,0.0,762888000.0,,0.0,382222000.0,382222000.0,0.0,252482000.0,249503000.0,2979000.0,10940727124.0,68237000.0,0.0,13964000.0,-29000.0,0.0,24500000.0,-76102000.0,-42580000.0,118458000.0,1381000.0,69533000.0,69533000.0,69533000.0,0.0,0.0,0.164,115490000.0,76352000.0,27839000.0,0.0,10.192,46.997,46.482,220154000.0,0.0,19.29,7.682,7.631,298475000.0,650277000.0,424430000.0,424430000.0,0.0,,,,,-26888000.0,105019000.0,1.0,567170924.0,568086000,606262000.0,0.747,1278328000.0,62281000.0,12754000.0,0.0,2.25,790888000.0
59,CTSH,MRQ,2006-09-30,2006-09-30,2006-09-30,2021-07-29,7862000.0,1182512000.0,,921217000.0,261295000.0,,1.711,-26223000.0,197700000.0,197700000.0,208427000.0,61027000.0,4.319,0.223,0.0,0.0,0.0,0.0,0.0,8861000.0,0.0,0.0,0.0,72940000.0,81801000.0,0.217,81801000.0,72940000.0,72940000.0,0.11,0.1,0.11,966558000.0,,966558000.0,10224965650.0,41.0,36.826,60523000.0,0.107,1.0,169095000.0,0.448,48242000.0,0.0,723289000.0,,0.0,337898000.0,337898000.0,0.0,215954000.0,213281000.0,2673000.0,10428070650.0,-5405000.0,-14773000.0,14564000.0,-1725000.0,0.0,20960000.0,-113215000.0,-72219000.0,86746000.0,104000.0,61027000.0,61027000.0,61027000.0,0.0,0.0,0.162,100331000.0,68764000.0,27648000.0,0.0,10.789,47.2,46.489,198108000.0,0.0,18.503,8.298,8.315,296722000.0,580744000.0,377522000.0,377522000.0,0.0,,,,,8014000.0,91470000.0,1.0,563603332.0,564810000,603342000.0,0.668,1134270000.0,59993000.0,11913000.0,0.0,2.008,707936000.0
60,CTSH,MRQ,2006-06-30,2006-06-30,2006-06-30,2021-07-29,7061000.0,1046066000.0,,811590000.0,234476000.0,,1.555,-24402000.0,203105000.0,203105000.0,188320000.0,55071000.0,4.793,0.197,0.0,0.0,0.0,0.0,0.0,7801000.0,0.0,0.0,0.0,66032000.0,73833000.0,0.219,73833000.0,66032000.0,66032000.0,0.098,0.092,0.098,874193000.0,,874193000.0,9293160782.0,41.0,37.052,27197000.0,0.048,1.0,148516000.0,0.441,33844000.0,0.0,639797000.0,,0.0,265095000.0,265095000.0,0.0,171873000.0,169320000.0,2553000.0,9458522782.0,37743000.0,0.0,9285000.0,0.0,0.0,14768000.0,-32312000.0,-7910000.0,51599000.0,3688000.0,55071000.0,55071000.0,55071000.0,0.0,0.0,0.163,87845000.0,60671000.0,24871000.0,0.0,10.82,47.177,46.526,179277000.0,0.0,16.843,8.485,8.494,266259000.0,519717000.0,336836000.0,336836000.0,0.0,,,,,7106000.0,80044000.0,1.0,561586628.0,562168000,601972000.0,0.599,1012222000.0,61612000.0,10961000.0,0.0,1.801,642270000.0
61,CTSH,MRQ,2006-03-31,2006-03-31,2006-03-31,2021-07-29,2843000.0,934327000.0,,709133000.0,225194000.0,,1.42,-20587000.0,165362000.0,165362000.0,158588000.0,47164000.0,5.106,0.178,0.0,0.0,0.0,0.0,0.0,7030000.0,0.0,0.0,0.0,56552000.0,63582000.0,0.223,63582000.0,56552000.0,56552000.0,0.085,0.08,0.085,793151000.0,,793151000.0,8138993905.0,40.0,35.972,-24514000.0,-0.044,1.0,126891000.0,0.444,34073000.0,0.0,596018000.0,,0.0,257186000.0,257186000.0,0.0,141176000.0,138874000.0,2302000.0,8335931905.0,-31576000.0,0.0,13587000.0,0.0,0.0,22667000.0,-50709000.0,-30122000.0,-3927000.0,393000.0,47164000.0,47164000.0,47164000.0,0.0,0.0,0.165,73735000.0,53156000.0,21439000.0,0.0,10.51,45.94,44.662,161577000.0,0.0,14.873,8.423,8.396,217683000.0,464646000.0,285479000.0,285479000.0,0.0,,,,,8453000.0,66705000.0,1.0,560492984.0,558660000,597416000.0,0.511,900254000.0,63488000.0,9388000.0,0.0,1.611,570259000.0
62,CTSH,MRQ,2005-12-31,2005-12-31,2005-12-31,2021-07-29,2121000.0,869893000.0,,663423000.0,206470000.0,,1.288,-22197000.0,196938000.0,196938000.0,135978000.0,57673000.0,4.314,0.218,0.0,0.0,0.0,0.0,14707000.0,5280000.0,0.0,0.0,0.0,53163000.0,58443000.0,0.227,58443000.0,53163000.0,53163000.0,0.105,0.1,0.105,714145000.0,,714145000.0,6732781120.0,36.0,32.577,44003000.0,0.079,1.0,120924000.0,0.471,34500000.0,0.0,484660000.0,,0.0,227063000.0,227063000.0,0.0,155748000.0,153795000.0,1953000.0,6947690120.0,-17971000.0,0.0,12964000.0,0.0,0.0,12964000.0,-95673000.0,-73476000.0,66200000.0,-1462000.0,57673000.0,57673000.0,57673000.0,0.0,0.0,0.224,69884000.0,51040000.0,16420000.0,0.0,9.729,41.787,41.205,146982000.0,0.0,12.568,7.843,7.746,176696000.0,417482000.0,256902000.0,256902000.0,0.0,,,,,-45429000.0,64604000.0,1.0,552829928.0,554472000,591696000.0,0.463,835393000.0,59999000.0,-4510000.0,0.0,1.507,509628000.0
63,CTSH,MRQ,2005-09-30,2005-09-30,2005-09-30,2021-07-29,3655000.0,771736000.0,,591860000.0,179876000.0,,1.169,-27221000.0,214909000.0,214909000.0,128175000.0,40583000.0,4.55,0.203,0.0,0.0,0.0,0.0,0.0,5581000.0,0.0,0.0,0.0,49372000.0,54953000.0,0.233,54953000.0,49372000.0,49372000.0,0.075,0.07,0.075,641647000.0,,641647000.0,6184671033.0,37.0,32.593,35678000.0,0.065,1.0,107361000.0,0.456,35166000.0,0.0,391572000.0,,0.0,153587000.0,153587000.0,0.0,130089000.0,130089000.0,0.0,6364794033.0,34786000.0,-4521000.0,11476000.0,0.0,0.0,11476000.0,-38564000.0,-6822000.0,62899000.0,-1025000.0,40583000.0,40583000.0,40583000.0,0.0,0.0,0.172,60340000.0,47021000.0,15004000.0,0.0,9.919,45.726,44.287,126515000.0,0.0,11.648,7.939,7.972,171588000.0,359809000.0,235536000.0,235536000.0,0.0,,,,,24404000.0,54759000.0,1.0,546451516.0,548744000,589124000.0,0.429,736570000.0,40849000.0,8789000.0,0.0,1.342,461771000.0
64,CTSH,MRQ,2005-06-30,2005-06-30,2005-06-30,2021-07-29,4540000.0,683208000.0,,531858000.0,151350000.0,,1.041,-13712000.0,180123000.0,180123000.0,117768000.0,36032000.0,4.507,0.209,0.0,0.0,0.0,0.0,0.0,5449000.0,0.0,0.0,0.0,43834000.0,49283000.0,0.233,49283000.0,43834000.0,43834000.0,0.068,0.062,0.068,565188000.0,,565188000.0,6206440110.0,41.0,36.343,17343000.0,0.032,1.0,93943000.0,0.444,35112000.0,0.0,349953000.0,,0.0,146679000.0,146679000.0,0.0,118020000.0,118020000.0,0.0,6381428110.0,5135000.0,-14107000.0,11829000.0,0.0,0.0,11829000.0,-35783000.0,-7964000.0,31055000.0,-1966000.0,36032000.0,36032000.0,36032000.0,0.0,0.0,0.17,51575000.0,42368000.0,16363000.0,0.0,11.291,51.189,49.715,108522000.0,0.0,11.783,8.843,8.862,165678000.0,319226000.0,211711000.0,211711000.0,0.0,,,,,9047000.0,46126000.0,1.0,541602216.0,542748000,586216000.0,0.39,648096000.0,24143000.0,7802000.0,0.0,1.194,413838000.0
65,CTSH,MRQ,2005-03-31,2005-03-31,2005-03-31,2021-07-29,8068000.0,604847000.0,,482379000.0,122468000.0,,0.943,-8640000.0,174988000.0,174988000.0,97994000.0,31978000.0,4.997,0.193,0.0,0.0,0.0,0.0,0.0,5090000.0,0.0,0.0,0.0,38903000.0,43993000.0,0.242,43993000.0,38903000.0,38903000.0,0.06,0.055,0.06,507086000.0,,507086000.0,5918928585.0,43.0,38.474,-9034000.0,-0.017,1.0,83687000.0,0.461,21204000.0,0.0,312121000.0,,0.0,139406000.0,139406000.0,0.0,97761000.0,96534000.0,1227000.0,6233689585.0,-24308000.0,-1183000.0,11182000.0,0.0,0.0,11182000.0,-34526000.0,-24703000.0,-394000.0,-570000.0,31978000.0,31978000.0,31978000.0,0.0,0.0,0.176,46500000.0,37187000.0,13107000.0,0.0,12.293,55.444,53.721,94638000.0,0.0,11.55,9.611,9.579,131194000.0,283194000.0,181681000.0,181681000.0,0.0,,,,,11978000.0,41410000.0,1.0,539713384.0,537940000,583284000.0,0.338,583643000.0,21528000.0,6925000.0,1227000.0,1.085,385845000.0
66,CTSH,MRQ,2004-12-31,2004-12-31,2004-12-31,2021-07-29,9649000.0,572745000.0,,453997000.0,118748000.0,,0.851,-24790000.0,199296000.0,199296000.0,94657000.0,30602000.0,3.946,0.263,0.0,0.0,0.0,0.0,0.0,4671000.0,0.0,0.0,0.0,36855000.0,41526000.0,0.24,41526000.0,36855000.0,36855000.0,0.06,0.052,0.06,453529000.0,,453529000.0,5357948875.0,44.0,38.674,27007000.0,0.051,1.0,78124000.0,0.452,21827000.0,0.0,236562000.0,,0.0,115465000.0,115465000.0,0.0,119216000.0,115060000.0,4156000.0,5628339875.0,23151000.0,0.0,36768000.0,0.0,0.0,13069000.0,-44715000.0,-19925000.0,51797000.0,3000000.0,30602000.0,30602000.0,30602000.0,0.0,0.0,0.177,42853000.0,35271000.0,11190000.0,0.0,12.41,56.147,54.832,90705000.0,0.0,10.582,9.594,9.451,110517000.0,251216000.0,172781000.0,172781000.0,0.0,,,,,10277000.0,38182000.0,1.0,531853520.0,532864000,578756000.0,0.324,550918000.0,16815000.0,6253000.0,4156000.0,1.034,338937000.0
67,CTSH,MRQ,2004-09-30,2004-09-30,2004-09-30,2021-07-29,4177000.0,506842000.0,,412004000.0,94838000.0,,0.748,-15474000.0,270391000.0,270391000.0,84585000.0,26052000.0,4.279,0.286,0.0,0.0,0.0,0.0,0.0,4083000.0,0.0,0.0,0.0,31887000.0,35970000.0,0.231,35970000.0,31887000.0,31887000.0,0.05,0.045,0.05,394109000.0,,394109000.0,3775354366.0,35.0,30.786,26498000.0,0.05,1.0,70844000.0,0.456,20230000.0,0.0,119937000.0,,0.0,0.0,0.0,0.0,112733000.0,96284000.0,16449000.0,4008527366.0,53143000.0,0.0,0.0,0.0,0.0,10804000.0,882000.0,16356000.0,41972000.0,-515000.0,26052000.0,26052000.0,26052000.0,0.0,0.0,0.168,39972000.0,30872000.0,11739000.0,0.0,10.171,45.882,45.402,70075000.0,0.0,7.628,7.678,7.7,103733000.0,220614000.0,155429000.0,155429000.0,0.0,,,,,7832000.0,35889000.0,1.0,525536200.0,526988000,570884000.0,0.295,486612000.0,23609000.0,5835000.0,16449000.0,0.923,315720000.0
68,CTSH,MRQ,2004-06-30,2004-06-30,2004-06-30,2021-07-29,4305000.0,442683000.0,,360205000.0,82478000.0,,0.672,-3626000.0,233173000.0,233173000.0,75558000.0,23801000.0,4.96,0.266,0.0,0.0,0.0,0.0,0.0,3828000.0,0.0,0.0,0.0,28525000.0,32353000.0,0.233,32353000.0,28525000.0,28525000.0,0.045,0.043,0.045,349549000.0,,349549000.0,3095231095.0,32.0,28.257,27179000.0,0.052,1.0,63161000.0,0.455,20712000.0,0.0,116173000.0,,0.0,0.0,0.0,0.0,93134000.0,72625000.0,20509000.0,3294090095.0,33917000.0,0.0,0.0,0.0,0.0,8352000.0,-4751000.0,-1125000.0,30805000.0,-489000.0,23801000.0,23801000.0,23801000.0,0.0,0.0,0.172,35371000.0,27790000.0,9169000.0,0.0,9.424,42.629,42.35,58110000.0,0.0,6.353,7.088,7.114,90038000.0,194562000.0,138719000.0,138719000.0,0.0,,,,,14400000.0,31543000.0,1.0,518550192.0,520468000,564656000.0,0.267,421971000.0,23208000.0,4724000.0,20509000.0,0.811,287580000.0
69,CTSH,MRQ,2004-03-31,2004-03-31,2004-03-31,2021-07-29,5522000.0,389350000.0,,307041000.0,82309000.0,,0.59,-2691000.0,198859000.0,198859000.0,65010000.0,19788000.0,4.886,0.28,0.0,0.0,0.0,0.0,0.0,3865000.0,0.0,0.0,0.0,24828000.0,28693000.0,0.24,28693000.0,24828000.0,24828000.0,0.037,0.035,0.037,304213000.0,,304213000.0,2728025855.0,32.0,27.98,68000.0,0.0,1.0,54734000.0,0.457,21343000.0,0.0,106309000.0,,0.0,0.0,0.0,0.0,85137000.0,62839000.0,22298000.0,2922246855.0,-55286000.0,-1495000.0,0.0,0.0,0.0,4543000.0,-64110000.0,-59924000.0,2759000.0,1522000.0,19788000.0,19788000.0,19788000.0,0.0,0.0,0.165,31047000.0,23687000.0,8468000.0,0.0,9.606,43.632,42.528,57813000.0,0.0,5.656,7.068,7.053,84232000.0,170761000.0,119744000.0,119744000.0,0.0,,,,,4290000.0,27182000.0,1.0,516640328.0,515524000,566604000.0,0.232,368007000.0,12374000.0,5040000.0,22298000.0,0.714,244202000.0
70,CTSH,MRQ,2003-12-31,2003-12-31,2003-12-31,2021-07-29,4000000.0,365300000.0,,283208000.0,82092000.0,,0.536,-9729000.0,194221000.0,194221000.0,58598000.0,17725000.0,4.521,0.333,0.0,0.0,0.0,0.0,0.0,3539000.0,0.0,0.0,0.0,22077000.0,25616000.0,0.237,25616000.0,22077000.0,22077000.0,0.035,0.03,0.035,274070000.0,,274070000.0,2756205707.0,38.0,32.747,28173000.0,0.055,1.0,49560000.0,0.458,20913000.0,0.0,87530000.0,,0.0,0.0,0.0,0.0,91230000.0,62636000.0,28594000.0,2915954707.0,41722000.0,-4007000.0,6543000.0,0.0,0.0,6543000.0,-6486000.0,7250000.0,37902000.0,3763000.0,17725000.0,17725000.0,17725000.0,0.0,0.0,0.164,28174000.0,21386000.0,9423000.0,0.0,10.639,50.832,49.609,58438000.0,0.0,5.705,7.919,7.747,61796000.0,150973000.0,108158000.0,108158000.0,0.0,,,,,9071000.0,24635000.0,1.0,511122648.0,511420000,562480000.0,0.211,344387000.0,18777000.0,4352000.0,28594000.0,0.673,220572000.0
71,CTSH,MRQ,2003-09-30,2003-09-30,2003-09-30,2021-07-29,237000.0,313993000.0,,242870000.0,71123000.0,,0.471,-6562000.0,159749000.0,159749000.0,52968000.0,15960000.0,4.9,0.325,0.0,0.0,0.0,0.0,0.0,3008000.0,0.0,0.0,0.0,19870000.0,22878000.0,0.233,22878000.0,19870000.0,19870000.0,0.033,0.03,0.033,236969000.0,,236969000.0,2155991831.0,35.0,29.683,12400000.0,0.025,1.0,45143000.0,0.46,16436000.0,0.0,88238000.0,,0.0,0.0,0.0,0.0,77024000.0,49570000.0,27454000.0,2293730831.0,22010000.0,0.0,9318000.0,0.0,0.0,9318000.0,-6562000.0,0.0,18962000.0,292000.0,15960000.0,15960000.0,15960000.0,0.0,0.0,0.163,25869000.0,19274000.0,6289000.0,0.0,9.679,47.023,45.575,51656000.0,0.0,4.558,7.013,7.012,61734000.0,133248000.0,98111000.0,98111000.0,0.0,,,,,8002000.0,22861000.0,1.0,503287072.0,503212000,552656000.0,0.195,297557000.0,13248000.0,3910000.0,27454000.0,0.591,193300000.0
72,CTSH,MRQ,2003-06-30,2003-06-30,2003-06-30,2021-07-29,-55000.0,271412000.0,,203859000.0,67553000.0,,0.411,-7646000.0,137739000.0,137739000.0,47199000.0,13502000.0,4.902,0.334,0.0,0.0,0.0,0.0,0.0,2767000.0,0.0,0.0,0.0,17546000.0,20313000.0,0.232,20313000.0,17546000.0,17546000.0,0.028,0.025,0.028,203397000.0,,203397000.0,1374644719.0,25.0,21.358,8625000.0,0.017,1.0,40247000.0,0.46,16770000.0,0.0,75312000.0,,0.0,0.0,0.0,0.0,68015000.0,41591000.0,26424000.0,1501291719.0,11092000.0,-3816000.0,6056000.0,0.0,0.0,6143000.0,-11462000.0,0.0,16271000.0,140000.0,13502000.0,13502000.0,13502000.0,0.0,0.0,0.154,23119000.0,17128000.0,6839000.0,0.0,7.381,35.336,34.645,47765000.0,0.0,3.049,5.173,5.201,52234000.0,117288000.0,87446000.0,87446000.0,0.0,,,,,4070000.0,20352000.0,1.0,492428608.0,495084000,529912000.0,0.177,254642000.0,5916000.0,4044000.0,26424000.0,0.514,162268000.0
73,CTSH,MRQ,2003-03-31,2003-03-31,2003-03-31,2021-07-29,-195000.0,241692000.0,,182542000.0,59150000.0,,0.366,-6054000.0,126647000.0,126647000.0,40959000.0,10178000.0,4.865,0.345,0.0,0.0,0.0,0.0,0.0,2622000.0,0.0,0.0,0.0,12738000.0,15360000.0,0.206,15360000.0,12738000.0,12738000.0,0.021,0.019,0.021,179630000.0,,179630000.0,1251640720.0,26.0,21.978,673000.0,0.001,1.0,33557000.0,0.45,13408000.0,0.0,64112000.0,,0.0,0.0,0.0,0.0,62062000.0,37525000.0,24537000.0,1377851720.0,436000.0,0.0,2823000.0,0.0,0.0,-227000.0,-6054000.0,0.0,6727000.0,-10000.0,10178000.0,10178000.0,10178000.0,0.0,0.0,0.137,19033000.0,14524000.0,5643000.0,0.0,7.67,36.615,35.501,42766000.0,0.0,2.805,5.359,5.351,46833000.0,103786000.0,74516000.0,74516000.0,0.0,,,,,1156000.0,16411000.0,1.0,491285712.0,490552000,527944000.0,0.152,228284000.0,2639000.0,2560000.0,24537000.0,0.465,145017000.0
74,CTSH,MRQ,2002-12-31,2002-12-31,2002-12-31,2021-07-29,-185000.0,231473000.0,,175834000.0,55639000.0,,0.342,-14669000.0,126211000.0,126211000.0,36194000.0,9139000.0,4.238,0.399,0.0,0.0,0.0,0.0,0.0,2163000.0,0.0,0.0,0.0,11919000.0,14082000.0,0.21,14082000.0,11919000.0,11919000.0,0.019,0.018,0.019,165481000.0,,165481000.0,1331715142.0,30.0,25.159,6427000.0,0.013,1.0,30817000.0,0.46,13748000.0,0.0,50027000.0,,0.0,0.0,0.0,0.0,65992000.0,41487000.0,24505000.0,1454797142.0,3129000.0,-10452000.0,7083000.0,0.0,0.0,7083000.0,-25121000.0,0.0,21096000.0,71000.0,9139000.0,9139000.0,9139000.0,0.0,0.0,0.136,17575000.0,13242000.0,6948000.0,0.0,8.791,42.092,41.8,39090000.0,0.0,3.01,6.35,6.226,41005000.0,93608000.0,67011000.0,67011000.0,0.0,,,,,6566000.0,15412000.0,1.0,483388224.0,483192000,523312000.0,0.139,217725000.0,3711000.0,2780000.0,24505000.0,0.451,134347000.0
75,CTSH,MRQ,2002-09-30,2002-09-30,2002-09-30,2021-07-29,-256000.0,200776000.0,,169316000.0,31460000.0,,0.299,-2758000.0,123082000.0,123082000.0,32970000.0,9667000.0,5.181,0.408,0.0,0.0,0.0,0.0,0.0,2005000.0,0.0,0.0,0.0,12603000.0,14608000.0,0.239,14608000.0,12603000.0,12603000.0,0.02,0.019,0.02,142622000.0,,142622000.0,1036000314.0,26.0,21.555,12452000.0,0.026,1.0,28263000.0,0.462,878000.0,0.0,44134000.0,,0.0,0.0,0.0,0.0,58154000.0,32682000.0,25472000.0,1139843314.0,19239000.0,0.0,12960000.0,0.0,0.0,6981000.0,-2758000.0,0.0,15210000.0,-194000.0,9667000.0,9667000.0,9667000.0,0.0,0.0,0.158,16155000.0,12108000.0,4817000.0,0.0,7.992,37.915,37.415,25906000.0,0.0,2.395,5.546,5.554,39357000.0,84469000.0,61233000.0,61233000.0,0.0,,,,,3075000.0,14150000.0,1.0,476009040.0,476688000,514832000.0,0.128,199898000.0,0.0,2936000.0,25472000.0,0.419,136634000.0
76,CTSH,MRQ,2002-06-30,2002-06-30,2002-06-30,2021-07-29,-62000.0,180792000.0,,149944000.0,30848000.0,,0.262,-2897000.0,103843000.0,103843000.0,29348000.0,8647000.0,4.67,0.469,0.0,0.0,0.0,0.0,0.0,1747000.0,0.0,0.0,0.0,11153000.0,12900000.0,0.237,12900000.0,11153000.0,11153000.0,0.019,0.018,0.019,123093000.0,,123093000.0,956897666.0,25.0,21.34,9954000.0,0.021,1.0,25010000.0,0.46,878000.0,0.0,43963000.0,,0.0,0.0,0.0,0.0,57699000.0,32108000.0,25591000.0,1048083666.0,12657000.0,-2744000.0,0.0,0.0,0.0,5305000.0,-5641000.0,0.0,12851000.0,142000.0,8647000.0,8647000.0,8647000.0,0.0,0.0,0.159,14308000.0,10702000.0,4607000.0,0.0,8.515,39.544,39.291,25165000.0,0.0,2.24,5.522,5.545,38115000.0,74802000.0,54358000.0,54358000.0,0.0,,,,,2047000.0,12561000.0,1.0,467981544.0,469904000,505320000.0,0.116,179914000.0,0.0,2506000.0,25591000.0,0.383,117836000.0
77,CTSH,MRQ,2002-03-31,2002-03-31,2002-03-31,2021-07-29,-204000.0,154321000.0,,127072000.0,27249000.0,,0.23,-1944000.0,91186000.0,91186000.0,24189000.0,7109000.0,5.682,0.443,0.0,0.0,0.0,0.0,0.0,1927000.0,0.0,0.0,0.0,9416000.0,11343000.0,0.244,11343000.0,9416000.0,9416000.0,0.015,0.015,0.015,106953000.0,,106953000.0,730040984.0,20.0,17.065,5581000.0,0.012,1.0,22295000.0,0.48,878000.0,0.0,39893000.0,,0.0,0.0,0.0,0.0,47368000.0,22364000.0,25004000.0,815017984.0,6209000.0,0.0,0.0,0.0,0.0,674000.0,-1944000.0,0.0,7525000.0,-46000.0,7109000.0,7109000.0,7109000.0,0.0,0.0,0.153,13149000.0,9146000.0,3560000.0,0.0,7.62,34.383,34.395,24247000.0,0.0,1.754,4.506,4.508,29785000.0,66155000.0,46484000.0,46484000.0,0.0,,,,,423000.0,11222000.0,1.0,464618328.0,464760000,493608000.0,0.1,153443000.0,0.0,2307000.0,25004000.0,0.33,104708000.0
78,CTSH,MRQ,2001-12-31,2001-12-31,2001-12-31,2021-07-29,-158000.0,144983000.0,,117335000.0,27648000.0,,0.212,-4262000.0,84977000.0,84977000.0,21989000.0,4640000.0,5.408,0.468,0.0,0.0,0.0,0.0,0.0,1801000.0,0.0,0.0,0.0,7411000.0,9212000.0,0.212,9212000.0,7411000.0,7411000.0,0.01,0.009,0.01,98792000.0,,98792000.0,709364944.0,20.0,16.984,4102000.0,0.009,1.0,21472000.0,0.494,878000.0,0.0,37430000.0,,0.0,0.0,0.0,0.0,46191000.0,21698000.0,24493000.0,789131944.0,5210000.0,0.0,5991000.0,0.0,0.0,1157000.0,-4262000.0,0.0,8364000.0,-49000.0,4640000.0,4640000.0,4640000.0,0.0,0.0,0.107,12438000.0,9034000.0,3652000.0,0.0,7.988,35.611,34.847,24339000.0,0.0,1.708,4.439,4.384,27966000.0,59046000.0,43461000.0,43461000.0,0.0,,,,,532000.0,10636000.0,1.0,462156336.0,465120000,488112000.0,0.093,144105000.0,1451000.0,2771000.0,24493000.0,0.31,95637000.0
79,CTSH,MRQ,2001-09-30,2001-09-30,2001-09-30,2021-07-29,-109000.0,138573000.0,,111264000.0,27309000.0,,0.201,-5405000.0,79767000.0,79767000.0,23109000.0,6108000.0,4.695,0.498,0.0,0.0,0.0,0.0,0.0,1629000.0,0.0,0.0,0.0,9757000.0,11386000.0,0.25,11386000.0,9757000.0,9757000.0,0.013,0.013,0.013,92496000.0,,92496000.0,360528066.0,10.0,8.488,10367000.0,0.023,1.0,22393000.0,0.492,957000.0,0.0,34149000.0,,0.0,1955000.0,0.0,1955000.0,46077000.0,23700000.0,22377000.0,428187066.0,12108000.0,0.0,0.0,0.0,0.0,1691000.0,-5405000.0,0.0,15772000.0,50000.0,6108000.0,6108000.0,6108000.0,0.0,0.0,0.134,13070000.0,9323000.0,3011000.0,0.0,4.629,18.666,18.301,22197000.0,0.0,0.933,2.442,2.45,27206000.0,54406000.0,45502000.0,45502000.0,0.0,,,,,1680000.0,11441000.0,1.0,458771856.0,460416000,492360000.0,0.099,137616000.0,0.0,3649000.0,22377000.0,0.299,87564000.0
80,CTSH,MRQ,2001-06-30,2001-06-30,2001-06-30,2021-07-29,-159000.0,123283000.0,,99721000.0,23562000.0,,0.183,-2178000.0,67659000.0,67659000.0,23381000.0,5847000.0,4.939,0.486,0.0,0.0,0.0,0.0,0.0,1499000.0,0.0,0.0,0.0,9341000.0,10840000.0,0.239,10840000.0,9341000.0,9341000.0,0.013,0.012,0.013,82953000.0,,82953000.0,738729429.0,21.0,18.478,4307000.0,0.009,1.0,22030000.0,0.485,1036000.0,0.0,34397000.0,,0.0,1955000.0,0.0,1955000.0,40330000.0,20191000.0,20139000.0,799695429.0,6693000.0,0.0,0.0,0.0,0.0,2379000.0,-2178000.0,0.0,6485000.0,7000.0,5847000.0,5847000.0,5847000.0,0.0,0.0,0.129,13156000.0,8874000.0,2020000.0,0.0,9.64,36.996,36.849,18370000.0,0.0,1.769,4.789,4.808,27579000.0,48298000.0,45411000.0,45411000.0,0.0,,,,,1898000.0,11657000.0,1.0,452124624.0,453912000,491136000.0,0.1,122247000.0,0.0,3494000.0,20139000.0,0.269,79530000.0
81,CTSH,MRQ,2001-03-31,2001-03-31,2001-03-31,2021-07-29,-166000.0,111795000.0,,88773000.0,23022000.0,,0.162,-3108000.0,60966000.0,60966000.0,22369000.0,5565000.0,4.323,0.535,0.0,0.0,0.0,0.0,0.0,1438000.0,0.0,0.0,0.0,8890000.0,10328000.0,0.238,10328000.0,8890000.0,8890000.0,0.013,0.012,0.013,72844000.0,,72844000.0,500607000.0,16.0,13.685,-1650000.0,-0.004,1.0,21035000.0,0.485,1116000.0,0.0,29177000.0,,0.0,1955000.0,0.0,1955000.0,38951000.0,20536000.0,18415000.0,562583000.0,-1010000.0,0.0,0.0,0.0,0.0,756000.0,-3108000.0,0.0,1458000.0,-116000.0,5565000.0,5565000.0,5565000.0,0.0,0.0,0.128,12646000.0,8389000.0,2230000.0,0.0,7.723,28.433,27.833,17641000.0,0.0,1.252,3.668,3.665,23670000.0,42450000.0,43404000.0,43404000.0,0.0,,,,,523000.0,11208000.0,1.0,449168064.0,448752000,485568000.0,0.097,110679000.0,0.0,3325000.0,18415000.0,0.247,68237000.0
82,CTSH,MRQ,2000-12-31,2000-12-31,2000-12-31,2021-07-29,-50000.0,109540000.0,,88223000.0,21317000.0,,0.148,-4297000.0,61976000.0,61976000.0,21012000.0,5419000.0,3.302,0.657,0.0,0.0,0.0,0.0,0.0,1265000.0,0.0,0.0,0.0,8656000.0,9921000.0,0.242,9921000.0,8656000.0,8656000.0,0.012,0.011,0.012,66116000.0,,66116000.0,623487821.0,22.0,19.035,8730000.0,0.02,1.0,20041000.0,0.488,1195000.0,0.0,19647000.0,,0.0,1955000.0,0.0,1955000.0,43424000.0,26722000.0,16702000.0,676323821.0,9140000.0,0.0,0.0,0.0,0.0,406000.0,-4297000.0,0.0,13027000.0,4000.0,5419000.0,5419000.0,5419000.0,0.0,0.0,0.132,12156000.0,7885000.0,2857000.0,0.0,10.229,38.247,37.823,15937000.0,0.0,1.513,4.936,4.919,22489000.0,36886000.0,41053000.0,41053000.0,0.0,,,,,163000.0,10891000.0,1.0,447033096.0,447504000,488304000.0,0.092,108345000.0,0.0,3237000.0,16702000.0,0.242,61501000.0
83,CTSH,MRQ,2000-09-30,2000-09-30,2000-09-30,2021-07-29,-54000.0,95378000.0,,77522000.0,17856000.0,,0.135,-3481000.0,52836000.0,52836000.0,19110000.0,4785000.0,3.911,0.586,0.0,0.0,0.0,0.0,0.0,1245000.0,0.0,0.0,0.0,7644000.0,8889000.0,0.24,8889000.0,7644000.0,7644000.0,0.011,0.01,0.011,60132000.0,,60132000.0,679500661.0,28.0,23.752,7207000.0,0.016,1.0,17997000.0,0.485,1275000.0,0.0,21447000.0,,0.0,1955000.0,0.0,1955000.0,35246000.0,19820000.0,15426000.0,724709661.0,7627000.0,0.0,0.0,0.0,0.0,440000.0,-3481000.0,0.0,10688000.0,-20000.0,4785000.0,4785000.0,4785000.0,0.0,0.0,0.129,10918000.0,7079000.0,1903000.0,0.0,12.052,47.292,46.429,12859000.0,0.0,1.625,6.035,6.036,20056000.0,31467000.0,37107000.0,37107000.0,0.0,,,,,301000.0,9673000.0,1.0,445975176.0,446016000,482616000.0,0.083,94103000.0,0.0,2859000.0,15426000.0,0.211,57702000.0
84,CTSH,MRQ,2000-06-30,2000-06-30,2000-06-30,2021-07-29,-34000.0,83048000.0,,67465000.0,15583000.0,,0.123,-2081000.0,45209000.0,45209000.0,16376000.0,4017000.0,4.635,0.52,0.0,0.0,0.0,0.0,0.0,1026000.0,0.0,0.0,0.0,6417000.0,7443000.0,0.234,7443000.0,6417000.0,6417000.0,0.009,0.008,0.009,54626000.0,,54626000.0,574293410.0,27.0,22.884,6275000.0,0.014,1.0,15425000.0,0.485,1354000.0,0.0,21928000.0,,0.0,1955000.0,0.0,1955000.0,28422000.0,14557000.0,13865000.0,614653410.0,4849000.0,0.0,0.0,0.0,0.0,558000.0,-4036000.0,-1955000.0,8356000.0,-29000.0,4017000.0,4017000.0,4017000.0,0.0,0.0,0.126,9384000.0,6041000.0,1523000.0,0.0,11.252,45.873,46.097,10510000.0,0.0,1.383,5.807,5.812,17454000.0,26682000.0,31801000.0,31801000.0,0.0,,,,,764000.0,8358000.0,1.0,444461640.0,444840000,484200000.0,0.071,81694000.0,0.0,2400000.0,13865000.0,0.184,52908000.0
85,CTSH,MRQ,2000-03-31,2000-03-31,2000-03-31,2021-07-29,-5000.0,72809000.0,,60544000.0,12265000.0,,0.111,-793000.0,40360000.0,40360000.0,13939000.0,3461000.0,5.264,0.477,0.0,0.0,0.0,0.0,0.0,971000.0,0.0,0.0,0.0,5529000.0,6500000.0,0.24,6500000.0,5529000.0,5529000.0,0.008,0.007,0.008,49307000.0,,49307000.0,1113399000.0,58.0,49.608,-2644000.0,-0.006,1.0,13131000.0,0.485,1433000.0,0.0,19514000.0,,0.0,0.0,0.0,0.0,23502000.0,11502000.0,12000000.0,1156040000.0,-2281000.0,0.0,0.0,0.0,0.0,359000.0,-793000.0,0.0,-1851000.0,4000.0,3461000.0,3461000.0,3461000.0,0.0,0.0,0.128,8008000.0,5123000.0,1771000.0,0.0,23.446,96.845,96.451,9376000.0,0.0,2.604,12.099,12.101,16444000.0,22664000.0,27070000.0,27070000.0,0.0,,,,,30000.0,7037000.0,1.0,443919360.0,444000000,484488000.0,0.061,71376000.0,0.0,2068000.0,12000000.0,0.161,49042000.0
86,CTSH,MRQ,1999-12-31,1999-12-31,1999-12-31,2021-07-29,-9000.0,69026000.0,,56711000.0,12315000.0,,0.103,-1021000.0,42641000.0,42641000.0,12428000.0,3061000.0,4.295,0.518,0.0,0.0,0.0,0.0,0.0,887000.0,0.0,0.0,0.0,4889000.0,5776000.0,0.24,5776000.0,4889000.0,4889000.0,0.007,0.007,0.007,45461000.0,,45461000.0,971247727.0,54.0,46.29,8518000.0,0.019,1.0,11676000.0,0.484,1513000.0,0.0,11668000.0,,0.0,0.0,0.0,0.0,23565000.0,13204000.0,10361000.0,1004932727.0,8956000.0,0.0,0.0,0.0,0.0,451000.0,-1021000.0,0.0,9539000.0,-13000.0,3061000.0,3061000.0,3061000.0,0.0,0.0,0.127,7140000.0,4536000.0,1435000.0,0.0,22.105,89.455,91.083,9474000.0,0.0,2.277,11.304,11.275,11158000.0,19203000.0,24104000.0,24104000.0,0.0,,,,,886000.0,6252000.0,1.0,441324528.0,442296000,478512000.0,0.054,67513000.0,0.0,1828000.0,10361000.0,0.153,43507000.0
87,CTSH,MRQ,1999-09-30,1999-09-30,1999-09-30,2021-07-29,4000.0,61049000.0,,48745000.0,12304000.0,,0.093,-1656000.0,33685000.0,33685000.0,11873000.0,2860000.0,4.265,0.487,0.0,0.0,0.0,0.0,0.0,809000.0,0.0,0.0,0.0,4568000.0,5377000.0,0.235,5377000.0,4568000.0,4568000.0,0.007,0.006,0.007,41062000.0,,41062000.0,260373729.0,15.0,13.078,4266000.0,0.01,1.0,11003000.0,0.481,1592000.0,0.0,14343000.0,,0.0,0.0,0.0,0.0,19987000.0,11429000.0,8558000.0,289732729.0,4326000.0,0.0,0.0,0.0,0.0,32000.0,-1656000.0,0.0,5922000.0,28000.0,2860000.0,2860000.0,2860000.0,0.0,0.0,0.125,6827000.0,4176000.0,1181000.0,0.0,7.056,27.002,26.358,9262000.0,0.0,0.659,3.437,3.437,13224000.0,16143000.0,22876000.0,22876000.0,0.0,,,,,0.0,6019000.0,1.0,439682928.0,439752000,460248000.0,0.052,59457000.0,0.0,1708000.0,8558000.0,0.135,37316000.0
88,CTSH,MRQ,1999-06-30,1999-06-30,1999-06-30,2021-07-29,-24000.0,56373000.0,,45064000.0,11309000.0,,0.087,-2028000.0,29359000.0,29359000.0,11149000.0,2555000.0,4.363,0.478,0.0,0.0,0.0,0.0,0.0,710000.0,0.0,0.0,0.0,4081000.0,4791000.0,0.223,4791000.0,4081000.0,4081000.0,0.006,0.005,0.006,38139000.0,,38139000.0,213395498.0,14.0,11.966,4124000.0,0.009,1.0,10349000.0,0.481,1671000.0,0.0,15014000.0,,0.0,0.0,0.0,0.0,18234000.0,10329000.0,7905000.0,238497498.0,4257000.0,0.0,-96000.0,0.0,0.0,141000.0,-2028000.0,0.0,6152000.0,-8000.0,2555000.0,2555000.0,2555000.0,0.0,0.0,0.119,6486000.0,3863000.0,1079000.0,0.0,6.253,24.921,24.678,8334000.0,0.0,0.543,3.072,3.074,13557000.0,13283000.0,21498000.0,21498000.0,0.0,,,,,0.0,5776000.0,1.0,439289328.0,439512000,459096000.0,0.049,54702000.0,0.0,1526000.0,7903000.0,0.124,34735000.0
89,CTSH,MRQ,1999-03-31,1999-03-31,1999-03-31,2021-07-29,-16000.0,53849000.0,,43727000.0,10122000.0,,0.081,-1219000.0,25102000.0,25102000.0,10711000.0,2759000.0,4.099,0.518,0.0,0.0,0.0,0.0,0.0,631000.0,0.0,0.0,0.0,4408000.0,5039000.0,0.247,5039000.0,4408000.0,4408000.0,0.006,0.006,0.006,35466000.0,,35466000.0,225546143.0,17.0,14.759,-3386000.0,-0.008,1.0,9715000.0,0.476,1751000.0,0.0,16329000.0,,0.0,0.0,0.0,0.0,18383000.0,10667000.0,7716000.0,253964143.0,-3316000.0,0.0,96000.0,0.0,0.0,75000.0,-1219000.0,0.0,-2167000.0,-5000.0,2759000.0,2759000.0,2759000.0,0.0,0.0,0.135,5645000.0,4070000.0,1736000.0,0.0,7.161,31.427,28.906,6938000.0,0.0,0.578,3.692,3.691,16361000.0,10728000.0,20426000.0,20426000.0,0.0,,,,,0.0,5014000.0,1.0,439289328.0,439248000,461232000.0,0.047,52098000.0,0.0,1649000.0,7716000.0,0.119,33060000.0
90,CTSH,MRQ,1998-12-31,1998-12-31,1998-12-31,2021-07-29,-11000.0,51679000.0,,42367000.0,9312000.0,,0.075,-1343000.0,28418000.0,28418000.0,9739000.0,2556000.0,3.271,0.584,0.0,0.0,0.0,0.0,0.0,620000.0,0.0,0.0,0.0,4083000.0,4703000.0,0.241,4703000.0,4083000.0,4083000.0,0.006,0.006,0.006,32616000.0,,32616000.0,251950157.0,26.0,21.242,2177000.0,0.005,1.0,9761000.0,0.501,1830000.0,0.0,8480000.0,,0.0,0.0,0.0,0.0,19063000.0,12951000.0,6112000.0,278003157.0,2365000.0,0.0,704000.0,-6637000.0,0.0,197000.0,-1343000.0,0.0,3520000.0,-9000.0,2556000.0,2556000.0,2556000.0,0.0,0.0,0.131,5983000.0,3778000.0,1753000.0,0.0,8.524,46.08,39.557,6270000.0,0.0,0.633,4.744,4.117,12195000.0,7969000.0,19500000.0,19500000.0,0.0,,,,,0.0,5363000.0,1.0,439241328.0,435552000,461568000.0,0.045,49849000.0,0.0,1527000.0,6103000.0,0.114,29416000.0
91,CTSH,MRQ,1998-09-30,1998-09-30,1998-09-30,2021-07-29,-2000.0,44696000.0,,37144000.0,7552000.0,,0.068,-570000.0,26053000.0,26053000.0,8925000.0,1700000.0,3.771,0.496,0.0,0.0,0.0,0.0,0.0,587000.0,0.0,0.0,0.0,2714000.0,3301000.0,0.204,3301000.0,2714000.0,2714000.0,0.004,0.004,0.004,29881000.0,,29881000.0,119748125.0,18.0,13.826,4547000.0,0.01,1.0,7275000.0,0.449,1909000.0,0.0,6883000.0,,0.0,0.0,0.0,0.0,14815000.0,9851000.0,4964000.0,141263125.0,4538000.0,0.0,14000.0,0.0,0.0,-9000.0,-570000.0,0.0,5117000.0,0.0,1700000.0,1700000.0,1700000.0,0.0,0.0,0.105,4840000.0,2435000.0,1058000.0,0.0,4.728,34.113,29.356,5490000.0,0.0,0.323,2.997,3.0,8478000.0,5414000.0,16200000.0,16200000.0,0.0,,,,,0.0,4254000.0,1.0,437460000.0,437808000,452016000.0,0.037,42787000.0,0.0,1014000.0,4816000.0,0.098,27293000.0
92,CTSH,MRQ,1998-06-30,1998-06-30,1998-06-30,2021-07-29,0.0,40057000.0,,32471000.0,7586000.0,,0.084,-924000.0,21515000.0,21515000.0,7326000.0,1066000.0,4.017,0.425,0.0,0.0,0.0,0.0,0.0,535000.0,0.0,0.0,0.0,1704000.0,2239000.0,0.177,2239000.0,1704000.0,1704000.0,0.003,0.003,0.003,28105000.0,,28105000.0,107714825.0,25.0,17.955,3179000.0,0.01,1.0,5342000.0,0.422,1988000.0,0.0,8470000.0,,0.0,0.0,0.0,0.0,11952000.0,8084000.0,3868000.0,109911825.0,19318000.0,0.0,22590000.0,0.0,0.0,16139000.0,-924000.0,0.0,4103000.0,0.0,1066000.0,1066000.0,1066000.0,0.0,0.0,0.084,3760000.0,1582000.0,942000.0,0.0,3.911,41.398,31.406,5427000.0,0.0,0.251,2.887,2.199,8881000.0,3714000.0,12668000.0,12668000.0,0.0,,,,,0.0,3225000.0,1.0,437460000.0,333264000,344304000.0,0.038,38069000.0,0.0,638000.0,3845000.0,0.114,24387000.0
93,CTSH,MRQ,1998-03-31,1998-03-31,1998-03-31,2021-07-29,1000.0,19452000.0,,12247000.0,7205000.0,,0.013,-906000.0,2197000.0,2197000.0,5929000.0,712000.0,2.3,3.531,0.0,0.0,0.0,0.0,0.0,480000.0,0.0,,0.0,1138000.0,1618000.0,0.158,1618000.0,1138000.0,1138000.0,0.002,0.002,0.002,4196000.0,,4196000.0,,,,-288000.0,-0.001,1.0,4309000.0,0.421,2068000.0,0.0,9862000.0,,0.0,0.0,0.0,0.0,14818000.0,5325000.0,9493000.0,,-518000.0,0.0,-58000.0,0.0,0.0,-230000.0,-906000.0,0.0,618000.0,0.0,712000.0,712000.0,712000.0,0.0,0.0,0.07,3185000.0,1124000.0,7769000.0,0.0,,,,5080000.0,0.0,,,,7763000.0,2648000.0,10238000.0,10238000.0,0.0,,,,,0.0,2705000.0,1.0,437460000.0,317472000,327264000.0,0.032,17384000.0,0.0,426000.0,3019000.0,0.055,6922000.0
94,CTSH,MRQ,1997-12-31,1997-12-31,1997-12-31,2021-07-29,-2000.0,18298000.0,,10896000.0,7402000.0,,0.011,-953000.0,2715000.0,2715000.0,4662000.0,663000.0,2.095,4.224,0.0,0.0,0.0,0.0,0.0,442000.0,0.0,,0.0,1061000.0,1503000.0,0.187,1503000.0,1061000.0,1061000.0,0.002,0.002,0.002,3419000.0,,3419000.0,,,,-281000.0,-0.001,1.0,3360000.0,0.419,2147000.0,0.0,8234000.0,,0.0,0.0,0.0,0.0,14441000.0,5202000.0,9239000.0,,580000.0,-3418000.0,248000.0,0.0,0.0,4281000.0,-4371000.0,0.0,672000.0,-2000.0,663000.0,663000.0,663000.0,0.0,0.0,0.083,2319000.0,1041000.0,8189000.0,0.0,,,,4453000.0,0.0,,,,7613000.0,1936000.0,8022000.0,8022000.0,0.0,,,,,0.0,1877000.0,1.0,,316992000,325680000.0,0.025,16151000.0,0.0,398000.0,2593000.0,0.051,5694000.0
95,CTSH,MRQ,1997-09-30,1997-09-30,1997-09-30,2021-07-29,,,,,,,,-800000.0,,,4146000.0,214000.0,,,,,,,,315000.0,,,0.0,324000.0,639000.0,0.089,639000.0,324000.0,324000.0,0.001,0.001,0.001,,,,,,,886000.0,0.003,1.0,3000000.0,0.42,,0.0,,,,,,,,,,,1484000.0,0.0,-248000.0,0.0,0.0,598000.0,-800000.0,0.0,1686000.0,0.0,214000.0,214000.0,214000.0,0.0,0.0,0.03,2407000.0,593000.0,,0.0,,,,,0.0,,,,,,7146000.0,7146000.0,0.0,,,,,0.0,2093000.0,1.0,,314256000,317040000.0,0.023,,,110000.0,,,
96,CTSH,MRQ,1997-06-30,1997-06-30,1997-06-30,2021-07-29,,,,,,,,-1065000.0,,,3144000.0,107000.0,,,,,,,,320000.0,,,0.0,162000.0,482000.0,0.091,482000.0,162000.0,162000.0,0.0,0.0,0.0,,,,,,,-2593000.0,-0.008,1.0,2175000.0,0.409,,0.0,,,,,,,,,,,-1516000.0,0.0,0.0,0.0,0.0,1077000.0,-1065000.0,0.0,-1528000.0,0.0,107000.0,107000.0,107000.0,0.0,0.0,0.02,1845000.0,330000.0,,,,,,,0.0,,,,,,5319000.0,5319000.0,0.0,,,,,0.0,1525000.0,1.0,,312000000,312000000.0,0.017,,,55000.0,,,
97,CTSH,MRQ,1997-03-31,1997-03-31,1997-03-31,2021-07-29,,,,,,,,-207000.0,,,2407000.0,44000.0,,,,,,,,281000.0,,,0.0,63000.0,344000.0,0.081,344000.0,63000.0,63000.0,0.0,0.0,0.0,,,,,,,619000.0,0.002,1.0,1849000.0,0.434,,0.0,,,,,,,,,,,357000.0,0.0,0.0,0.0,0.0,-262000.0,-207000.0,0.0,826000.0,0.0,44000.0,44000.0,44000.0,0.0,0.0,0.01,1684000.0,165000.0,,,,,,,0.0,,,,,,4256000.0,4256000.0,0.0,,,,,0.0,1403000.0,1.0,,312000000,312000000.0,0.014,,,19000.0,,,
98,CTSH,MRQ,1996-12-31,1996-12-31,1996-12-31,2021-07-29,0.0,7827000.0,,4705000.0,3122000.0,,0.009,,1810000.0,1810000.0,,,2.445,1.789,0.0,0.0,0.0,0.0,0.0,,0.0,,0.0,,,,,,,,,,2806000.0,,2806000.0,,,,,,1.0,,,0.0,,4093000.0,,0.0,0.0,0.0,0.0,5021000.0,1924000.0,3097000.0,,,,,,,,,,,,,,,,,,,,1677000.0,,,,,2711000.0,,,,,2709000.0,908000.0,,,,,,,,,,1.0,,312000000,,,7827000.0,0.0,,940000.0,0.025,2781000.0
0,CTSH,MRT,2021-06-30,2021-06-30,2021-06-30,2021-07-29,82000000.0,16829000000.0,17299750000.0,6451000000.0,10378000000.0,1.007,21.262,-356000000.0,1368000000.0,1368000000.0,10936000000.0,1681000000.0,2.027,0.502,1729000000.0,242000000.0,1487000000.0,1729000000.0,389000000.0,572000000.0,0.0,0.013,0.92,2466000000.0,3038000000.0,0.174,3038000000.0,2466000000.0,2453000000.0,3.16,3.15,3.16,11205000000.0,11054500000.0,11205000000.0,36270547086.0,15.0,11.939,2189000000.0,4.154,1.0,6477000000.0,0.372,6676000000.0,13000000.0,7331000000.0,7289500000.0,0.0,915000000.0,482000000.0,433000000.0,5624000000.0,3183000000.0,2441000000.0,36528547086.0,-3054000000.0,-1292000000.0,-1455000000.0,-1793000000.0,-493000000.0,-3741000000.0,-1966000000.0,-318000000.0,2545000000.0,108000000.0,1681000000.0,1681000000.0,1681000000.0,0.0,0.0,0.097,4044000000.0,2433000000.0,351000000.0,0.291,3.26,21.73,21.918,2229000000.0,0.0,69.26,2.098,2.096,3419000000.0,11086000000.0,17413000000.0,17413000000.0,0.0,0.097,0.152,0.338,0.142,241000000.0,3386000000.0,1.0,527411884.0,527000000,528000000.0,33.042,10153000000.0,308000000.0,772000000.0,608000000.0,19.266,3268000000.0
1,CTSH,MRT,2021-03-31,2021-03-31,2021-03-31,2021-07-29,81000000.0,16660000000.0,17646500000.0,6595000000.0,10065000000.0,0.954,20.825,-374000000.0,1973000000.0,1973000000.0,10688000000.0,1530000000.0,2.094,0.509,1715000000.0,240000000.0,1475000000.0,1715000000.0,435000000.0,564000000.0,0.0,0.012,0.9,2272000000.0,2836000000.0,0.169,2836000000.0,2272000000.0,2252000000.0,2.86,2.85,2.86,11037000000.0,10996250000.0,11037000000.0,40529585835.0,18.0,14.291,2609000000.0,4.923,1.0,6140000000.0,0.365,6329000000.0,20000000.0,6923000000.0,7614750000.0,0.0,624000000.0,185000000.0,439000000.0,5623000000.0,3150000000.0,2473000000.0,41451585835.0,-1913000000.0,-1347000000.0,-1205000000.0,-1792000000.0,-487000000.0,-3484000000.0,-1504000000.0,217000000.0,2983000000.0,92000000.0,1530000000.0,1530000000.0,1530000000.0,0.0,0.0,0.091,3936000000.0,2204000000.0,349000000.0,0.315,3.756,27.093,27.315,2230000000.0,0.0,78.12,2.463,2.46,3232000000.0,10907000000.0,16828000000.0,16828000000.0,0.0,0.087,0.139,0.298,0.135,239000000.0,3216000000.0,1.0,530614258.0,530000000,531000000.0,31.751,10331000000.0,307000000.0,722000000.0,632000000.0,19.492,3445000000.0
2,CTSH,MRT,2020-12-31,2020-12-31,2020-12-31,2021-07-29,110000000.0,16923000000.0,17838750000.0,6851000000.0,10072000000.0,0.933,20.067,-398000000.0,2680000000.0,2680000000.0,10671000000.0,1392000000.0,1.935,0.562,1758000000.0,249000000.0,1509000000.0,1758000000.0,419000000.0,559000000.0,0.0,0.011,0.88,2120000000.0,2679000000.0,0.161,2679000000.0,2120000000.0,2096000000.0,2.58,2.57,2.58,10836000000.0,10890250000.0,10836000000.0,42860832982.0,20.0,15.999,2901000000.0,5.372,1.0,5981000000.0,0.359,6077000000.0,24000000.0,6384000000.0,8146750000.0,0.0,484000000.0,44000000.0,440000000.0,6087000000.0,3540000000.0,2547000000.0,43813832982.0,35000000.0,-1123000000.0,-1479000000.0,-50000000.0,-480000000.0,-2009000000.0,-1238000000.0,283000000.0,3299000000.0,-17000000.0,1392000000.0,1392000000.0,1392000000.0,0.0,0.0,0.084,3867000000.0,2114000000.0,389000000.0,0.341,4.043,31.475,31.764,2264000000.0,0.0,81.95,2.631,2.658,3087000000.0,10689000000.0,16652000000.0,16652000000.0,0.0,0.078,0.128,0.26,0.127,232000000.0,3100000000.0,1.0,534641037.0,540000000,541000000.0,30.837,10846000000.0,445000000.0,704000000.0,634000000.0,20.085,3311000000.0
3,CTSH,MRT,2020-09-30,2020-09-30,2020-09-30,2021-07-29,-40000000.0,18787000000.0,17659000000.0,8619000000.0,10168000000.0,0.949,20.554,-402000000.0,4436000000.0,4436000000.0,10758000000.0,1471000000.0,2.615,0.686,3483000000.0,251000000.0,3232000000.0,3483000000.0,317000000.0,544000000.0,0.0,0.012,0.86,2224000000.0,2768000000.0,0.165,2768000000.0,2224000000.0,2197000000.0,2.71,2.7,2.71,11140000000.0,10936750000.0,11140000000.0,36687352310.0,16.0,13.254,2937000000.0,5.419,1.0,5994000000.0,0.358,6018000000.0,27000000.0,8520000000.0,8361000000.0,0.0,580000000.0,139000000.0,441000000.0,7647000000.0,3296000000.0,4351000000.0,37642352310.0,2093000000.0,-1308000000.0,-855000000.0,1691000000.0,-472000000.0,364000000.0,-1564000000.0,146000000.0,3339000000.0,-46000000.0,1471000000.0,1471000000.0,1471000000.0,0.0,0.0,0.088,3719000000.0,2275000000.0,420000000.0,0.317,3.379,25.59,25.616,2317000000.0,0.0,69.42,2.247,2.246,3118000000.0,11142000000.0,16752000000.0,16752000000.0,0.0,0.083,0.135,0.266,0.133,223000000.0,2902000000.0,1.0,542240742.0,542000000,543000000.0,30.908,12769000000.0,563000000.0,726000000.0,738000000.0,23.559,5323000000.0
4,CTSH,MRT,2020-06-30,2020-06-30,2020-06-30,2021-07-29,-188000000.0,18216000000.0,16923250000.0,8531000000.0,9685000000.0,0.99,20.281,-395000000.0,4422000000.0,4422000000.0,10792000000.0,1620000000.0,2.656,0.66,3467000000.0,244000000.0,3223000000.0,3467000000.0,365000000.0,533000000.0,0.0,0.015,0.84,2258000000.0,2791000000.0,0.167,2791000000.0,2258000000.0,2230000000.0,2.97,2.96,2.97,10972000000.0,10827250000.0,10972000000.0,30228758555.0,13.0,10.831,2736000000.0,5.057,1.0,5965000000.0,0.356,5417000000.0,28000000.0,8632000000.0,8074000000.0,0.0,589000000.0,160000000.0,429000000.0,7244000000.0,3212000000.0,4032000000.0,30715758555.0,2762000000.0,-874000000.0,-862000000.0,1696000000.0,-463000000.0,371000000.0,-566000000.0,703000000.0,3131000000.0,-174000000.0,1620000000.0,1620000000.0,1620000000.0,0.0,0.0,0.097,3624000000.0,2341000000.0,359000000.0,0.283,2.799,18.96,19.131,2347000000.0,0.0,56.82,1.833,1.834,3208000000.0,11072000000.0,16757000000.0,16757000000.0,0.0,0.096,0.15,0.28,0.135,217000000.0,2804000000.0,1.0,540580052.0,541000000,541000000.0,30.974,12799000000.0,669000000.0,610000000.0,456000000.0,23.658,5319000000.0
5,CTSH,MRT,2020-03-31,2020-03-31,2020-03-31,2021-07-29,-264000000.0,17429000000.0,16248500000.0,8325000000.0,9104000000.0,1.04,19.438,-398000000.0,3886000000.0,3886000000.0,10806000000.0,1768000000.0,2.899,0.642,3399000000.0,235000000.0,3164000000.0,3399000000.0,396000000.0,529000000.0,0.0,0.018,0.82,2436000000.0,2965000000.0,0.175,2965000000.0,2436000000.0,2411000000.0,3.2,3.19,3.2,10613000000.0,10723500000.0,10613000000.0,24535166316.0,10.0,8.275,2329000000.0,4.266,1.0,6092000000.0,0.361,5019000000.0,25000000.0,9051000000.0,7877750000.0,0.0,829000000.0,396000000.0,433000000.0,6816000000.0,2872000000.0,3944000000.0,25495166316.0,2936000000.0,-506000000.0,-1838000000.0,1701000000.0,-458000000.0,-595000000.0,960000000.0,1864000000.0,2727000000.0,-156000000.0,1768000000.0,1768000000.0,1768000000.0,0.0,0.0,0.105,3599000000.0,2493000000.0,289000000.0,0.256,2.402,14.42,14.522,2249000000.0,0.0,46.47,1.509,1.502,3220000000.0,10831000000.0,16898000000.0,16898000000.0,0.0,0.109,0.165,0.309,0.144,206000000.0,2812000000.0,1.0,548637106.0,546000000,546000000.0,30.949,12410000000.0,594000000.0,643000000.0,509000000.0,22.729,5453000000.0
6,CTSH,MRT,2019-12-31,2019-12-31,2019-12-31,2021-07-29,-38000000.0,16204000000.0,15915250000.0,7611000000.0,8593000000.0,1.055,19.717,-392000000.0,2645000000.0,2645000000.0,10634000000.0,1842000000.0,2.551,0.47,1685000000.0,240000000.0,1445000000.0,1685000000.0,336000000.0,526000000.0,0.0,0.013,0.8,2511000000.0,3037000000.0,0.181,3037000000.0,2511000000.0,2485000000.0,3.3,3.29,3.3,11022000000.0,10854250000.0,11022000000.0,33293032280.0,13.0,10.962,2107000000.0,3.769,1.0,6149000000.0,0.366,5020000000.0,26000000.0,7241000000.0,7911000000.0,0.0,796000000.0,779000000.0,17000000.0,5182000000.0,2983000000.0,2199000000.0,33960032280.0,1484000000.0,-617000000.0,-2088000000.0,-28000000.0,-453000000.0,-2569000000.0,1588000000.0,2597000000.0,2499000000.0,-34000000.0,1842000000.0,1842000000.0,1842000000.0,0.0,0.0,0.11,3696000000.0,2453000000.0,239000000.0,0.242,3.081,18.436,18.794,2235000000.0,0.0,62.02,2.023,2.066,3256000000.0,11022000000.0,16783000000.0,16783000000.0,0.0,0.116,0.17,0.317,0.15,217000000.0,2972000000.0,1.0,547565822.0,559000000,560000000.0,30.023,11184000000.0,585000000.0,643000000.0,513000000.0,20.007,4628000000.0
7,CTSH,MRT,2019-09-30,2019-09-30,2019-09-30,2021-07-29,-159000000.0,15844000000.0,15825750000.0,7391000000.0,8453000000.0,1.051,19.423,-395000000.0,2343000000.0,2343000000.0,10425000000.0,2095000000.0,2.532,0.48,1676000000.0,233000000.0,1443000000.0,1676000000.0,336000000.0,524000000.0,0.0,0.013,0.8,2760000000.0,3284000000.0,0.197,3284000000.0,2760000000.0,2732000000.0,3.69,3.69,3.69,10702000000.0,10954750000.0,10702000000.0,33249820972.0,12.0,10.125,1868000000.0,3.39,1.0,6203000000.0,0.373,4886000000.0,28000000.0,7372000000.0,8123000000.0,0.0,813000000.0,734000000.0,79000000.0,5142000000.0,2919000000.0,2223000000.0,33283820972.0,1004000000.0,-1010000000.0,-2185000000.0,3000000.0,-459000000.0,-2641000000.0,1413000000.0,2818000000.0,2263000000.0,-31000000.0,2095000000.0,2095000000.0,2095000000.0,0.0,0.0,0.126,3683000000.0,2520000000.0,246000000.0,0.217,3.11,15.887,16.332,2223000000.0,0.0,60.265,2.002,1.997,3438000000.0,10820000000.0,16628000000.0,16628000000.0,0.0,0.132,0.191,0.34,0.166,240000000.0,3053000000.0,1.0,552291064.0,551000000,551000000.0,30.178,10958000000.0,492000000.0,637000000.0,528000000.0,19.887,4472000000.0
8,CTSH,MRT,2019-06-30,2019-06-30,2019-06-30,2021-07-29,-70000000.0,15517000000.0,15683250000.0,7206000000.0,8311000000.0,1.049,18.718,-392000000.0,1660000000.0,1660000000.0,10224000000.0,2075000000.0,2.552,0.47,1626000000.0,229000000.0,1397000000.0,1626000000.0,348000000.0,524000000.0,0.0,0.013,0.8,2764000000.0,3288000000.0,0.2,3288000000.0,2764000000.0,2737000000.0,3.61,3.61,3.61,10557000000.0,11023750000.0,10557000000.0,36717845567.0,13.0,11.167,2016000000.0,3.574,1.0,6234000000.0,0.379,4812000000.0,27000000.0,7847000000.0,8257000000.0,0.0,1423000000.0,1343000000.0,80000000.0,4960000000.0,2824000000.0,2136000000.0,36086845567.0,759000000.0,-865000000.0,-1968000000.0,-15000000.0,-464000000.0,-2447000000.0,807000000.0,2064000000.0,2408000000.0,-9000000.0,2075000000.0,2075000000.0,2075000000.0,0.0,0.0,0.126,3638000000.0,2596000000.0,254000000.0,0.222,3.418,17.391,17.56,2184000000.0,0.0,63.39,2.193,2.172,3386000000.0,10583000000.0,16458000000.0,16458000000.0,0.0,0.132,0.188,0.335,0.168,257000000.0,3081000000.0,1.0,569282940.0,564000000,564000000.0,29.181,10705000000.0,468000000.0,662000000.0,515000000.0,18.98,4382000000.0
9,CTSH,MRT,2019-03-31,2019-03-31,2019-03-31,2021-07-29,-74000000.0,16096000000.0,15505500000.0,7883000000.0,8213000000.0,1.053,19.435,-387000000.0,950000000.0,950000000.0,10012000000.0,2022000000.0,2.898,0.445,1581000000.0,203000000.0,1378000000.0,1581000000.0,404000000.0,514000000.0,0.0,0.011,0.8,2713000000.0,3227000000.0,0.198,3227000000.0,2713000000.0,2685000000.0,3.49,3.49,3.49,11136000000.0,11046500000.0,11136000000.0,41249942474.0,15.0,12.783,2086000000.0,3.64,1.0,6311000000.0,0.387,4823000000.0,28000000.0,9184000000.0,8300500000.0,0.0,2797000000.0,2718000000.0,79000000.0,4960000000.0,2720000000.0,2240000000.0,41665942474.0,-649000000.0,-1307000000.0,-1545000000.0,-33000000.0,-466000000.0,-2044000000.0,-1044000000.0,650000000.0,2473000000.0,-34000000.0,2022000000.0,2022000000.0,2022000000.0,0.0,0.0,0.124,3664000000.0,2647000000.0,262000000.0,0.229,3.742,20.606,20.759,2123000000.0,0.0,72.45,2.553,2.543,3377000000.0,11140000000.0,16323000000.0,16323000000.0,0.0,0.13,0.183,0.327,0.166,274000000.0,3167000000.0,1.0,575099275.0,573000000,575000000.0,28.487,11273000000.0,464000000.0,663000000.0,648000000.0,19.674,5163000000.0
10,CTSH,MRT,2018-12-31,2018-12-31,2018-12-31,2021-07-29,-114000000.0,15846000000.0,15242750000.0,8610000000.0,7236000000.0,1.058,19.629,-377000000.0,1161000000.0,1161000000.0,9838000000.0,2101000000.0,3.177,0.387,745000000.0,9000000.0,736000000.0,745000000.0,348000000.0,498000000.0,0.0,0.013,0.8,2826000000.0,3324000000.0,0.206,3324000000.0,2826000000.0,2799000000.0,3.61,3.6,3.61,11424000000.0,11009500000.0,11424000000.0,36141698011.0,13.0,10.873,2215000000.0,3.806,1.0,6287000000.0,0.39,4631000000.0,27000000.0,8089000000.0,8025000000.0,0.0,3430000000.0,3350000000.0,80000000.0,4422000000.0,2710000000.0,1712000000.0,36756698011.0,-764000000.0,-1111000000.0,-1080000000.0,-145000000.0,-468000000.0,-1693000000.0,-1627000000.0,-139000000.0,2592000000.0,-36000000.0,2101000000.0,2101000000.0,2101000000.0,0.0,0.0,0.13,3486000000.0,2801000000.0,215000000.0,0.222,3.217,17.495,17.584,1394000000.0,0.0,63.48,2.279,2.291,3190000000.0,11485000000.0,16125000000.0,16125000000.0,0.0,0.138,0.191,0.352,0.175,267000000.0,3007000000.0,1.0,579028009.0,582000000,584000000.0,27.706,11215000000.0,442000000.0,698000000.0,661000000.0,19.27,5900000000.0
11,CTSH,MRT,2018-09-30,2018-09-30,2018-09-30,2021-07-29,-188000000.0,15274000000.0,15086500000.0,8727000000.0,6547000000.0,1.049,18.96,-361000000.0,1339000000.0,1339000000.0,9658000000.0,1435000000.0,3.241,0.391,724000000.0,100000000.0,624000000.0,724000000.0,316000000.0,489000000.0,0.0,0.01,0.75,2721000000.0,3210000000.0,0.203,3210000000.0,2721000000.0,2697000000.0,2.47,2.46,2.47,10978000000.0,10820750000.0,10978000000.0,44613040293.0,16.0,13.898,2365000000.0,4.085,1.0,6166000000.0,0.39,4058000000.0,24000000.0,7908000000.0,7914000000.0,0.0,3517000000.0,3424000000.0,93000000.0,4296000000.0,2693000000.0,1603000000.0,44765040293.0,-238000000.0,-623000000.0,-1141000000.0,-122000000.0,-438000000.0,-1701000000.0,-1237000000.0,-253000000.0,2726000000.0,-26000000.0,1435000000.0,1435000000.0,1435000000.0,0.0,0.0,0.091,3401000000.0,2765000000.0,223000000.0,0.304,4.078,31.195,31.235,1362000000.0,0.0,77.15,2.829,2.823,3187000000.0,11041000000.0,15824000000.0,15824000000.0,0.0,0.095,0.133,0.344,0.172,259000000.0,2878000000.0,1.0,580233834.0,579000000,580000000.0,27.33,11216000000.0,391000000.0,1262000000.0,647000000.0,19.371,6034000000.0
12,CTSH,MRT,2018-06-30,2018-06-30,2018-06-30,2021-07-29,-94000000.0,14806000000.0,14913000000.0,8303000000.0,6503000000.0,1.04,18.202,-345000000.0,901000000.0,901000000.0,9515000000.0,1453000000.0,3.273,0.39,749000000.0,100000000.0,649000000.0,749000000.0,385000000.0,476000000.0,0.0,0.009,0.7,2718000000.0,3194000000.0,0.206,3194000000.0,2718000000.0,2694000000.0,2.49,2.48,2.49,10648000000.0,10821000000.0,10648000000.0,45454154348.0,17.0,14.231,2292000000.0,3.918,1.0,5997000000.0,0.387,4096000000.0,24000000.0,8021000000.0,7852250000.0,0.0,3426000000.0,3346000000.0,80000000.0,4158000000.0,2537000000.0,1621000000.0,46280154348.0,-256000000.0,-688000000.0,-1107000000.0,-267000000.0,-412000000.0,-1786000000.0,-1095000000.0,-62000000.0,2637000000.0,-12000000.0,1453000000.0,1453000000.0,1453000000.0,0.0,0.0,0.094,3329000000.0,2668000000.0,217000000.0,0.281,4.346,31.851,31.723,1345000000.0,0.0,78.99,2.984,2.979,3204000000.0,10681000000.0,15512000000.0,15512000000.0,0.0,0.097,0.134,0.346,0.175,242000000.0,2818000000.0,1.0,585898903.0,585000000,586000000.0,26.516,10710000000.0,367000000.0,1241000000.0,653000000.0,18.308,5766000000.0
13,CTSH,MRT,2018-03-31,2018-03-31,2018-03-31,2021-07-29,63000000.0,15045000000.0,14696000000.0,8990000000.0,6055000000.0,1.033,18.719,-314000000.0,1599000000.0,1599000000.0,9359000000.0,1467000000.0,3.641,0.369,773000000.0,100000000.0,673000000.0,773000000.0,430000000.0,456000000.0,0.0,0.008,0.65,2728000000.0,3184000000.0,0.21,3184000000.0,2728000000.0,2705000000.0,2.51,2.5,2.51,10988000000.0,10779750000.0,10988000000.0,46286132306.0,17.0,14.537,2204000000.0,3.755,1.0,5817000000.0,0.383,3668000000.0,23000000.0,8082000000.0,7818750000.0,0.0,3473000000.0,3390000000.0,83000000.0,4057000000.0,2469000000.0,1588000000.0,47338132306.0,291000000.0,-211000000.0,-503000000.0,-463000000.0,-383000000.0,-1349000000.0,-900000000.0,-375000000.0,2518000000.0,22000000.0,1467000000.0,1467000000.0,1467000000.0,0.0,0.0,0.097,3213000000.0,2604000000.0,293000000.0,0.259,4.308,32.269,32.072,1333000000.0,0.0,80.5,3.119,3.114,3145000000.0,10856000000.0,15176000000.0,15176000000.0,0.0,0.1,0.136,0.349,0.18,226000000.0,2722000000.0,1.0,588051333.0,587000000,589000000.0,25.853,11377000000.0,394000000.0,1238000000.0,646000000.0,19.382,6521000000.0
14,CTSH,MRT,2017-12-31,2017-12-31,2017-12-31,2021-07-29,70000000.0,15221000000.0,14342000000.0,9111000000.0,6110000000.0,1.033,17.992,-284000000.0,1925000000.0,1925000000.0,9152000000.0,1504000000.0,3.209,0.427,873000000.0,175000000.0,698000000.0,873000000.0,487000000.0,443000000.0,0.0,0.006,0.45,2680000000.0,3123000000.0,0.211,3123000000.0,2680000000.0,2657000000.0,2.54,2.53,2.54,10669000000.0,10528500000.0,10669000000.0,41122633069.0,15.0,13.168,2123000000.0,3.58,1.0,5658000000.0,0.382,3685000000.0,23000000.0,7645000000.0,7663000000.0,0.0,3366000000.0,3131000000.0,235000000.0,4552000000.0,2839000000.0,1713000000.0,41876633069.0,-109000000.0,-216000000.0,-1700000000.0,-20000000.0,-265000000.0,-1985000000.0,-582000000.0,-82000000.0,2407000000.0,51000000.0,1504000000.0,1504000000.0,1504000000.0,0.0,0.0,0.102,3177000000.0,2481000000.0,210000000.0,0.177,3.925,27.844,27.961,1324000000.0,0.0,71.02,2.828,2.844,3222000000.0,10544000000.0,14810000000.0,14810000000.0,0.0,0.105,0.143,0.35,0.181,221000000.0,2697000000.0,1.0,589645636.0,593000000,595000000.0,24.975,11536000000.0,418000000.0,1153000000.0,730000000.0,19.454,6272000000.0
15,CTSH,MRT,2017-09-30,2017-09-30,2017-09-30,2021-07-29,44000000.0,14580000000.0,14102250000.0,8557000000.0,6023000000.0,1.024,18.608,-291000000.0,1577000000.0,1577000000.0,8870000000.0,1938000000.0,3.291,0.328,823000000.0,100000000.0,723000000.0,823000000.0,447000000.0,422000000.0,0.0,0.004,0.3,2525000000.0,2947000000.0,0.204,2947000000.0,2525000000.0,2503000000.0,3.24,3.24,3.24,10979000000.0,10543250000.0,10979000000.0,42677770005.0,17.0,14.482,1884000000.0,3.193,1.0,5574000000.0,0.386,3565000000.0,22000000.0,7661000000.0,7547500000.0,0.0,3398000000.0,3136000000.0,262000000.0,3601000000.0,2600000000.0,1001000000.0,42843770005.0,27000000.0,-221000000.0,-1390000000.0,-78000000.0,-179000000.0,-1647000000.0,-512000000.0,0.0,2175000000.0,11000000.0,1938000000.0,1938000000.0,1938000000.0,0.0,0.0,0.134,3189000000.0,2385000000.0,186000000.0,0.093,3.902,22.107,22.389,1304000000.0,0.0,72.54,2.966,2.963,3292000000.0,10721000000.0,14444000000.0,14444000000.0,0.0,0.137,0.184,0.335,0.175,213000000.0,2799000000.0,1.0,590622691.0,590000000,592000000.0,24.481,11015000000.0,464000000.0,565000000.0,5000000.0,18.669,5957000000.0
16,CTSH,MRT,2017-06-30,2017-06-30,2017-06-30,2021-07-29,33000000.0,13938000000.0,13886425000.0,8099000000.0,5839000000.0,1.018,17.798,-287000000.0,1157000000.0,1157000000.0,8610000000.0,1887000000.0,3.354,0.33,991000000.0,244000000.0,747000000.0,991000000.0,470000000.0,405000000.0,0.0,0.002,0.15,2479000000.0,2884000000.0,0.204,2884000000.0,2479000000.0,2458000000.0,3.13,3.13,3.13,10483000000.0,10371575000.0,10483000000.0,39010392367.0,16.0,13.526,1718000000.0,2.917,1.0,5521000000.0,0.391,3470000000.0,21000000.0,7887000000.0,7468100000.0,0.0,3419000000.0,3221000000.0,198000000.0,3455000000.0,2415000000.0,1040000000.0,39109392367.0,-527000000.0,-189000000.0,-1532000000.0,78000000.0,-89000000.0,-1543000000.0,-1001000000.0,-525000000.0,2005000000.0,12000000.0,1887000000.0,1887000000.0,1887000000.0,0.0,0.0,0.134,3201000000.0,2320000000.0,179000000.0,0.048,3.731,20.726,21.214,1284000000.0,0.0,66.4,2.768,2.768,3089000000.0,10316000000.0,14131000000.0,14131000000.0,0.0,0.136,0.182,0.332,0.175,210000000.0,2826000000.0,1.0,588996873.0,589000000,591000000.0,23.992,10468000000.0,457000000.0,571000000.0,5000000.0,17.772,5684000000.0
17,CTSH,MRT,2017-03-31,2017-03-31,2017-03-31,2021-07-29,-17000000.0,13629000000.0,13686950000.0,7842000000.0,5787000000.0,1.011,16.501,-302000000.0,1308000000.0,1308000000.0,8387000000.0,1669000000.0,3.034,0.365,1209000000.0,437000000.0,772000000.0,1209000000.0,525000000.0,395000000.0,0.0,0.0,0.0,2438000000.0,2833000000.0,0.205,2833000000.0,2438000000.0,2418000000.0,2.75,2.74,2.75,9983000000.0,10216550000.0,9983000000.0,35070082751.0,14.0,12.379,1548000000.0,2.559,1.0,5444000000.0,0.394,3486000000.0,20000000.0,7459000000.0,7202625000.0,0.0,3076000000.0,2966000000.0,110000000.0,3646000000.0,2585000000.0,1061000000.0,36226082751.0,-216000000.0,-270000000.0,-1581000000.0,185000000.0,0.0,-1396000000.0,-644000000.0,-72000000.0,1850000000.0,-26000000.0,1669000000.0,1669000000.0,1669000000.0,0.0,0.0,0.121,3139000000.0,2305000000.0,189000000.0,0.0,3.629,21.705,21.644,1306000000.0,0.0,59.52,2.619,2.604,3039000000.0,9935000000.0,13831000000.0,13831000000.0,0.0,0.122,0.163,0.338,0.176,217000000.0,2771000000.0,1.0,608637143.0,605000000,607000000.0,22.861,10143000000.0,458000000.0,749000000.0,6000000.0,16.765,5257000000.0
18,CTSH,MRT,2016-12-31,2016-12-31,2016-12-31,2021-07-29,-114000000.0,14262000000.0,13463675000.0,8600000000.0,5662000000.0,1.002,17.674,-300000000.0,2034000000.0,2034000000.0,8108000000.0,1553000000.0,3.557,0.329,878000000.0,81000000.0,797000000.0,878000000.0,457000000.0,379000000.0,0.0,0.0,0.0,2377000000.0,2756000000.0,0.204,2756000000.0,2377000000.0,2358000000.0,2.56,2.55,2.56,10728000000.0,10123875000.0,10728000000.0,33339957337.0,14.0,12.097,1345000000.0,2.216,1.0,5379000000.0,0.399,3505000000.0,19000000.0,7183000000.0,7052500000.0,0.0,3197000000.0,3135000000.0,62000000.0,3534000000.0,2418000000.0,1116000000.0,33993657337.0,-91000000.0,-334000000.0,-336000000.0,-407000000.0,0.0,-743000000.0,-963000000.0,-329000000.0,1645000000.0,-30000000.0,1553000000.0,1553000000.0,1553000000.0,0.0,0.0,0.115,3090000000.0,2289000000.0,175000000.0,0.0,3.169,21.889,21.887,1311000000.0,0.0,56.03,2.52,2.522,2905000000.0,10478000000.0,13487000000.0,13487000000.0,0.0,0.115,0.153,0.337,0.176,217000000.0,2731000000.0,1.0,606704575.0,607000000,610000000.0,22.219,10757000000.0,425000000.0,805000000.0,6000000.0,17.722,6182000000.0
19,CTSH,MRT,2016-09-30,2016-09-30,2016-09-30,2021-07-29,-56200000.0,13716700000.0,13163425000.0,8199800000.0,5516900000.0,1.007,16.984,-287300000.0,1550300000.0,1550300000.0,7963400000.0,1560800000.0,3.564,0.333,896600000.0,75000000.0,821600000.0,896600000.0,440000000.0,366000000.0,0.0,0.0,0.0,2379200000.0,2745200000.0,0.207,2745200000.0,2379200000.0,2359600000.0,2.58,2.55,2.58,10292300000.0,9761375000.0,10292300000.0,28181542896.0,12.0,10.266,1477400000.0,2.438,1.0,5294100000.0,0.399,3418900000.0,19600000.0,7343400000.0,6815750000.0,0.0,3368900000.0,3308300000.0,60600000.0,3424400000.0,2300700000.0,1123700000.0,28957242896.0,73400000.0,-187000000.0,-401700000.0,-54400000.0,0.0,-475100000.0,-1213600000.0,-739300000.0,1764700000.0,-2600000.0,1560800000.0,1560800000.0,1560800000.0,0.0,0.0,0.118,3012700000.0,2281400000.0,171500000.0,0.0,2.813,18.553,18.492,1323300000.0,0.0,47.71,2.184,2.181,2915700000.0,10063200000.0,13257500000.0,13257500000.0,0.0,0.119,0.16,0.349,0.179,234400000.0,2660100000.0,1.0,606942840.0,606000000,609000000.0,21.877,10297800000.0,385300000.0,798800000.0,3700000.0,16.993,5899100000.0
20,CTSH,MRT,2016-06-30,2016-06-30,2016-06-30,2021-07-29,-95700000.0,13140100000.0,12801150000.0,7758900000.0,5381200000.0,1.015,16.275,-278400000.0,1684500000.0,1684500000.0,7821000000.0,1514000000.0,3.66,0.332,908800000.0,68800000.0,840000000.0,908800000.0,497300000.0,351400000.0,0.0,0.0,0.0,2307500000.0,2658900000.0,0.205,2658900000.0,2307500000.0,2288600000.0,2.5,2.47,2.5,9862900000.0,9395050000.0,9862900000.0,34177072412.0,15.0,12.854,1701200000.0,2.807,1.0,5170500000.0,0.398,3419300000.0,18900000.0,6825100000.0,6561775000.0,0.0,2856300000.0,2796700000.0,59600000.0,3277200000.0,2120000000.0,1157200000.0,34679972412.0,594800000.0,-153000000.0,-427500000.0,-153800000.0,0.0,-596600000.0,-777500000.0,-346100000.0,1979600000.0,-10700000.0,1514000000.0,1514000000.0,1514000000.0,0.0,0.0,0.117,2929300000.0,2241200000.0,164500000.0,0.0,3.516,22.906,22.896,1287400000.0,0.0,57.24,2.669,2.67,2878500000.0,9618800000.0,12991500000.0,12991500000.0,0.0,0.118,0.161,0.352,0.178,228100000.0,2586200000.0,1.0,605869539.0,606000000,609000000.0,21.438,9720800000.0,328700000.0,774600000.0,3000000.0,16.041,5638900000.0
21,CTSH,MRT,2016-03-31,2016-03-31,2016-03-31,2021-07-29,-61600000.0,12735900000.0,12465525000.0,7570900000.0,5165000000.0,1.019,15.81,-279000000.0,1523800000.0,1523800000.0,7627800000.0,1682100000.0,3.692,0.325,1020900000.0,162500000.0,858400000.0,1020900000.0,417200000.0,342400000.0,0.0,0.0,0.0,2260400000.0,2602800000.0,0.205,2602800000.0,2260400000.0,2242400000.0,2.77,2.74,2.77,9612300000.0,9064525000.0,9612300000.0,37354151964.0,17.0,14.352,1790700000.0,2.945,1.0,5078800000.0,0.4,3324100000.0,18000000.0,6858500000.0,6481225000.0,0.0,2927900000.0,2927900000.0,0.0,3123600000.0,2050400000.0,1073200000.0,38191851964.0,252700000.0,-72000000.0,-535300000.0,-52900000.0,0.0,-595700000.0,-1235000000.0,-884000000.0,2069700000.0,13700000.0,1682100000.0,1682100000.0,1682100000.0,0.0,0.0,0.132,2883100000.0,2195700000.0,213200000.0,0.0,3.973,22.705,22.635,1270000000.0,0.0,62.7,3.006,3.0,2751300000.0,9366400000.0,12706600000.0,12706600000.0,0.0,0.135,0.186,0.349,0.178,207700000.0,2544200000.0,1.0,609120446.0,608000000,612000000.0,20.899,9411800000.0,295000000.0,560300000.0,9100000.0,15.48,5520500000.0
22,CTSH,MRT,2015-12-31,2015-12-31,2015-12-31,2021-07-29,-106000000.0,13061000000.0,12127400000.0,7909000000.0,5152000000.0,1.024,15.235,-273000000.0,2125000000.0,2125000000.0,7440000000.0,1624000000.0,2.914,0.408,1283000000.0,406000000.0,877000000.0,1283000000.0,373000000.0,330000000.0,0.0,0.0,0.0,2182000000.0,2512000000.0,0.202,2512000000.0,2182000000.0,2164000000.0,2.67,2.65,2.67,9278000000.0,8706075000.0,9278000000.0,35969590937.0,16.0,14.319,1914000000.0,3.143,1.0,4976000000.0,0.401,3269000000.0,18000000.0,6236000000.0,6259325000.0,0.0,2824000000.0,2824000000.0,0.0,3783000000.0,2714000000.0,1069000000.0,36496290937.0,115000000.0,-2000000.0,-329000000.0,-353000000.0,0.0,-682000000.0,-1371000000.0,-1096000000.0,2187000000.0,-19000000.0,1624000000.0,1624000000.0,1624000000.0,0.0,0.0,0.131,2834000000.0,2142000000.0,165000000.0,0.0,3.934,22.473,22.479,1271000000.0,0.0,60.02,2.939,2.944,2622000000.0,8925000000.0,12416000000.0,12416000000.0,0.0,0.134,0.187,0.349,0.176,192000000.0,2509000000.0,1.0,608068826.0,609000000,613000000.0,20.388,9792000000.0,348000000.0,540000000.0,3000000.0,16.079,5195000000.0
23,CTSH,MRT,2015-09-30,2015-09-30,2015-09-30,2021-07-29,-113300000.0,12267600000.0,11731900000.0,7237900000.0,5029700000.0,1.017,14.499,-273200000.0,1476700000.0,1476700000.0,7145900000.0,1562800000.0,3.401,0.39,950000000.0,50000000.0,900000000.0,950000000.0,315700000.0,304800000.0,0.0,0.0,0.0,2103700000.0,2408500000.0,0.202,2408500000.0,2103700000.0,2087600000.0,2.57,2.54,2.57,8827000000.0,8321625000.0,8827000000.0,38117541591.0,18.0,15.826,1514300000.0,2.487,1.0,4780100000.0,0.401,3285000000.0,16100000.0,6327500000.0,5987075000.0,0.0,2574000000.0,2574000000.0,0.0,3440600000.0,2128400000.0,1312200000.0,38144341591.0,-1141000000.0,-2679500000.0,-309900000.0,937900000.0,0.0,656500000.0,-3564800000.0,-612100000.0,1787500000.0,-20200000.0,1562800000.0,1562800000.0,1562800000.0,0.0,0.0,0.131,2712000000.0,2068100000.0,160100000.0,0.0,4.321,24.408,24.35,1278900000.0,0.0,62.58,3.198,3.195,2556600000.0,8501800000.0,11926000000.0,11926000000.0,0.0,0.133,0.188,0.351,0.176,147500000.0,2412500000.0,1.0,609529268.0,608800000,612700000.0,19.589,8982600000.0,569600000.0,524800000.0,230000000.0,14.755,5109500000.0
24,CTSH,MRT,2015-06-30,2015-06-30,2015-06-30,2021-07-29,-90500000.0,11797600000.0,10971760750.0,6771400000.0,5026200000.0,1.032,14.004,-263600000.0,1089300000.0,1089300000.0,6781100000.0,1521200000.0,3.461,0.381,1062500000.0,150000000.0,912500000.0,1062500000.0,339100000.0,272100000.0,0.0,0.0,0.0,2020400000.0,2292500000.0,0.203,2292500000.0,2020400000.0,2008300000.0,2.5,2.47,2.5,8540800000.0,7960302500.0,8540800000.0,37100119756.0,18.0,16.183,1289200000.0,2.114,1.0,4538900000.0,0.401,3311400000.0,12100000.0,6502900000.0,5485323000.0,0.0,2477200000.0,2477200000.0,0.0,3256800000.0,1956500000.0,1300300000.0,37296519756.0,-903200000.0,-2679500000.0,-180500000.0,1049800000.0,0.0,896600000.0,-3323300000.0,-380200000.0,1552800000.0,-29300000.0,1521200000.0,1521200000.0,1521200000.0,0.0,0.0,0.134,2556100000.0,1982800000.0,169000000.0,0.0,4.367,24.518,24.436,1277300000.0,0.0,61.09,3.295,3.291,2548700000.0,8104600000.0,11320000000.0,11320000000.0,0.0,0.139,0.191,0.368,0.178,133500000.0,2291400000.0,1.0,610517593.0,609900000,613900000.0,18.56,8486200000.0,493300000.0,487100000.0,233600000.0,13.914,4814900000.0
25,CTSH,MRT,2015-03-31,2015-03-31,2015-03-31,2021-07-29,-119300000.0,11383400000.0,10194184250.0,6406500000.0,4976900000.0,1.055,13.416,-226700000.0,1271400000.0,1271400000.0,6435800000.0,1473000000.0,3.4,0.392,1075000000.0,150000000.0,925000000.0,1075000000.0,378200000.0,236900000.0,0.0,0.0,0.0,1969300000.0,2206200000.0,0.205,2206200000.0,1969300000.0,1961300000.0,2.42,2.4,2.42,8178500000.0,7572809750.0,8178500000.0,37661331114.0,19.0,17.071,1278300000.0,2.097,1.0,4316200000.0,0.401,3332000000.0,8000000.0,5970900000.0,4998772250.0,0.0,2078400000.0,2078400000.0,0.0,3204900000.0,1884100000.0,1320800000.0,38033978114.0,-664700000.0,-2689400000.0,-136300000.0,1062900000.0,0.0,952200000.0,-3091300000.0,-175200000.0,1505000000.0,-30600000.0,1473000000.0,1473000000.0,1473000000.0,0.0,0.0,0.137,2390900000.0,1925300000.0,181400000.0,0.0,4.65,25.821,25.781,1268000000.0,0.0,62.39,3.537,3.537,2448100000.0,7684500000.0,10752000000.0,10752000000.0,0.0,0.144,0.195,0.394,0.183,119400000.0,2162300000.0,1.0,609616575.0,609600000,613900000.0,17.638,8051400000.0,425000000.0,488300000.0,237300000.0,13.208,4522400000.0
26,CTSH,MRT,2014-12-31,2014-12-31,2014-12-31,2021-07-29,-123100000.0,11479000000.0,9418159000.0,6420600000.0,5058400000.0,1.09,12.731,-212000000.0,2010100000.0,2010100000.0,6141000000.0,1439000000.0,2.477,0.483,1637500000.0,700000000.0,937500000.0,1637500000.0,305100000.0,208000000.0,0.0,0.0,0.0,1927000000.0,2135000000.0,0.208,2135000000.0,1927000000.0,1924000000.0,2.37,2.35,2.37,7740200000.0,7183924000.0,7740200000.0,29447989188.0,15.0,13.793,1261000000.0,2.074,1.0,4122000000.0,0.402,3367300000.0,3000000.0,5147000000.0,4573678500.0,0.0,1764600000.0,1764600000.0,0.0,3738800000.0,2592100000.0,1146700000.0,32065608188.0,-203000000.0,-2691000000.0,-147000000.0,1626000000.0,0.0,1503000000.0,-3161000000.0,-258000000.0,1473000000.0,-18000000.0,1439000000.0,1439000000.0,1439000000.0,0.0,0.0,0.14,2237000000.0,1885000000.0,145700000.0,0.0,4.143,22.283,22.219,1247200000.0,0.0,52.66,3.124,3.12,2293300000.0,7301600000.0,10263000000.0,10263000000.0,0.0,0.153,0.2,0.421,0.188,111000000.0,2037000000.0,1.0,608917740.0,608000000,613000000.0,16.88,8111700000.0,234200000.0,485000000.0,11800000.0,13.342,3828500000.0
27,CTSH,MRT,2014-09-30,2014-09-30,2014-09-30,2021-07-29,-123658000.0,9227043000.0,8582088500.0,7260026000.0,1967017000.0,1.151,12.139,-244754000.0,2617619000.0,2617619000.0,5912886000.0,1400754000.0,4.169,0.25,0.0,0.0,0.0,0.0,169385000.0,193087000.0,0.0,0.0,0.0,1890122000.0,2083209000.0,0.211,2083209000.0,1890122000.0,1889822000.0,2.29,2.3,2.29,7381710000.0,6782821750.0,7381710000.0,25224329538.0,13.0,12.108,1409943000.0,2.319,1.0,3963013000.0,0.401,547468000.0,300000.0,4320492000.0,4179852000.0,0.0,2000860000.0,2000860000.0,0.0,1845333000.0,1741464000.0,103869000.0,27216771538.0,586458000.0,-52824000.0,-105401000.0,-1500000.0,0.0,-78251000.0,-979024000.0,-681446000.0,1654697000.0,-10964000.0,1400754000.0,1400754000.0,1400754000.0,0.0,0.0,0.142,2109682000.0,1853331000.0,130040000.0,0.0,3.687,19.43,19.55,1101468000.0,0.0,44.77,2.756,2.757,2147131000.0,6938777000.0,9875899000.0,9875899000.0,0.0,0.163,0.207,0.452,0.191,104397000.0,1924794000.0,1.0,607924314.0,608100000,612100000.0,16.241,8679575000.0,402207000.0,489068000.0,18041000.0,14.273,5518562000.0
28,CTSH,MRT,2014-06-30,2014-06-30,2014-06-30,2021-07-29,-111460000.0,8687294000.0,8179615000.0,6740690000.0,1946604000.0,1.174,11.5,-221090000.0,1992442000.0,1992442000.0,5725422000.0,1364781000.0,4.3,0.243,0.0,0.0,0.0,0.0,179660000.0,187965000.0,0.0,0.0,0.0,1865320000.0,2053285000.0,0.214,2053285000.0,1865320000.0,1865320000.0,2.24,2.25,2.24,6990829000.0,6349463250.0,6990829000.0,27823489494.0,15.0,13.551,1329285000.0,2.187,1.0,3875200000.0,0.404,570493000.0,0.0,4556697000.0,3961702000.0,0.0,2136779000.0,2136779000.0,0.0,1696465000.0,1567662000.0,128803000.0,29759480494.0,314172000.0,-54163000.0,-74637000.0,0.0,0.0,-41519000.0,-1196226000.0,-920973000.0,1550375000.0,1542000.0,1364781000.0,1364781000.0,1364781000.0,0.0,0.0,0.142,2042010000.0,1833190000.0,119145000.0,0.0,4.257,21.805,21.835,1086116000.0,0.0,48.91,3.1,3.097,2120580000.0,6583153000.0,9600622000.0,9600622000.0,0.0,0.167,0.215,0.471,0.194,95752000.0,1862170000.0,1.0,608453905.0,607900000,612200000.0,15.793,8116801000.0,357136000.0,500539000.0,19862000.0,13.352,5173028000.0
29,CTSH,MRT,2014-03-31,2014-03-31,2014-03-31,2021-07-29,-167285000.0,8279299000.0,7760871500.0,6290740000.0,1988559000.0,1.191,10.898,-232715000.0,1935991000.0,1935991000.0,5497935000.0,1293291000.0,4.186,0.25,0.0,0.0,0.0,0.0,166504000.0,182999000.0,0.0,0.0,0.0,1783917000.0,1966916000.0,0.213,1966916000.0,1783917000.0,1783917000.0,2.13,2.13,2.13,6622957000.0,5932693000.0,6622957000.0,28522647084.0,16.0,14.501,1274917000.0,2.098,1.0,3746827000.0,0.405,569917000.0,0.0,4270525000.0,3683072750.0,0.0,1928993000.0,1928993000.0,0.0,1656342000.0,1502866000.0,153476000.0,30735653084.0,461117000.0,-56124000.0,-83342000.0,0.0,0.0,-54332000.0,-978626000.0,-689787000.0,1507632000.0,-13557000.0,1293291000.0,1293291000.0,1293291000.0,0.0,0.0,0.14,1974834000.0,1771993000.0,176374000.0,0.0,4.641,23.765,23.756,1090885000.0,0.0,50.6,3.325,3.326,1970954000.0,6211245000.0,9244762000.0,9244762000.0,0.0,0.167,0.218,0.484,0.193,96497000.0,1799796000.0,1.0,607423974.0,607700000,612900000.0,15.213,7709382000.0,340998000.0,490626000.0,20275000.0,12.686,4787874000.0
30,CTSH,MRT,2013-12-31,2013-12-31,2013-12-31,2021-07-29,-276259000.0,8134718000.0,7368372250.0,6147882000.0,1986836000.0,1.2,10.159,-261600000.0,2213006000.0,2213006000.0,5265500000.0,1228600000.0,3.465,0.326,0.0,0.0,0.0,0.0,182893000.0,179900000.0,0.0,0.0,0.0,1687900000.0,1867800000.0,0.211,1867800000.0,1687900000.0,1687900000.0,2.03,2.02,2.03,6135791000.0,5580937250.0,6135791000.0,28515037249.0,17.0,15.267,1162200000.0,1.924,1.0,3577700000.0,0.405,575510000.0,0.0,3571694000.0,3485128750.0,0.0,1534467000.0,1534467000.0,0.0,1998927000.0,1774508000.0,224419000.0,30546156249.0,642900000.0,-193800000.0,-61500000.0,0.0,0.0,-30900000.0,-730800000.0,-275400000.0,1423800000.0,-19200000.0,1228600000.0,1228600000.0,1228600000.0,0.0,0.0,0.139,1899800000.0,1677900000.0,113394000.0,0.0,4.978,24.863,24.872,1081164000.0,0.0,50.49,3.454,3.449,1875272000.0,5862367000.0,8843200000.0,8843200000.0,0.0,0.167,0.22,0.484,0.191,88200000.0,1727600000.0,1.0,604994182.0,604000000,609700000.0,14.641,7559208000.0,403379000.0,459300000.0,21170000.0,12.515,4373374000.0
31,CTSH,MRT,2013-09-30,2013-09-30,2013-09-30,2021-07-29,-375089000.0,7617149000.0,6965085500.0,5739205000.0,1877944000.0,1.211,9.363,-280095000.0,2031119000.0,2031119000.0,5005248000.0,1183025000.0,3.582,0.349,0.0,0.0,0.0,0.0,141937000.0,173177000.0,0.0,0.0,0.0,1602622000.0,1775799000.0,0.211,1775799000.0,1602622000.0,1602622000.0,1.96,1.95,1.96,5648276000.0,5260585250.0,5648276000.0,23070191412.0,14.0,12.991,999668000.0,1.657,1.0,3430668000.0,0.407,536100000.0,0.0,3447892000.0,3386581250.0,0.0,1329480000.0,1329480000.0,0.0,1968873000.0,1602038000.0,366835000.0,24748396412.0,706380000.0,-168474000.0,-76848000.0,0.0,0.0,-36985000.0,-519088000.0,-70519000.0,1279763000.0,-17310000.0,1183025000.0,1183025000.0,1183025000.0,0.0,0.0,0.14,1844346000.0,1586322000.0,114825000.0,0.0,4.382,20.92,20.949,1011803000.0,0.0,41.06,2.934,2.936,1891186000.0,5538035000.0,8435916000.0,8435916000.0,0.0,0.17,0.225,0.473,0.19,73934000.0,1678852000.0,1.0,602737370.0,603265000,608549000.0,13.984,7081049000.0,429381000.0,419597000.0,14794000.0,11.738,4137167000.0
32,CTSH,MRT,2013-06-30,2013-06-30,2013-06-30,2021-07-29,-324602000.0,7012320000.0,6587558000.0,5133961000.0,1878359000.0,1.218,8.824,-318203000.0,1678205000.0,1678205000.0,4734810000.0,1140299000.0,3.782,0.317,0.0,0.0,0.0,0.0,134192000.0,169965000.0,0.0,0.0,0.0,1527807000.0,1697772000.0,0.212,1697772000.0,1527807000.0,1527807000.0,1.895,1.875,1.895,5323748000.0,4991608750.0,5323748000.0,17418340432.0,11.0,10.26,867542000.0,1.438,1.0,3287071000.0,0.41,534638000.0,0.0,3442180000.0,3304039750.0,0.0,1222364000.0,1222364000.0,0.0,1688572000.0,1357297000.0,331275000.0,18893200432.0,627960000.0,-186154000.0,-132968000.0,0.0,0.0,-90966000.0,-453017000.0,51340000.0,1185745000.0,-13802000.0,1140299000.0,1140299000.0,1140299000.0,0.0,0.0,0.142,1782722000.0,1504349000.0,94069000.0,0.0,3.549,16.569,16.528,1017705000.0,0.0,31.32,2.355,2.356,1785227000.0,5218408000.0,8021881000.0,8021881000.0,0.0,0.173,0.228,0.462,0.19,67033000.0,1620427000.0,1.0,603231176.0,603340000,608892000.0,13.296,6477682000.0,394073000.0,387508000.0,14548000.0,10.736,3776664000.0
33,CTSH,MRT,2013-03-31,2013-03-31,2013-03-31,2021-07-29,-208431000.0,6709302000.0,6248032750.0,4836640000.0,1872662000.0,1.225,8.64,-346199000.0,1474860000.0,1474860000.0,4493686000.0,1091821000.0,3.946,0.286,0.0,0.0,0.0,0.0,138204000.0,163564000.0,0.0,0.0,0.0,1442502000.0,1606066000.0,0.21,1606066000.0,1442502000.0,1442502000.0,1.81,1.795,1.81,5215934000.0,4683755000.0,5215934000.0,21552754113.0,15.0,13.42,798089000.0,1.322,1.0,3162175000.0,0.413,529850000.0,0.0,3478749000.0,3212779250.0,0.0,1269586000.0,1269586000.0,0.0,1493368000.0,1225843000.0,267525000.0,23122831113.0,146325000.0,-191296000.0,-376290000.0,0.0,0.0,-333173000.0,-660433000.0,-122938000.0,1144288000.0,-4357000.0,1091821000.0,1091821000.0,1091821000.0,0.0,0.0,0.143,1752671000.0,1409504000.0,132501000.0,0.0,4.433,21.178,21.166,1008198000.0,0.0,38.31,3.02,3.021,1702334000.0,4917998000.0,7655861000.0,7655861000.0,0.0,0.175,0.233,0.449,0.188,61952000.0,1596672000.0,1.0,603563804.0,603708000,610353000.0,12.681,6179452000.0,348463000.0,350681000.0,14841000.0,10.236,3610797000.0
34,CTSH,MRT,2012-12-31,2012-12-31,2012-12-31,2021-07-29,-239683000.0,6521571000.0,5987738500.0,4814294000.0,1707277000.0,1.227,8.056,-334465000.0,1570077000.0,1570077000.0,4278241000.0,1051263000.0,3.495,0.343,0.0,0.0,0.0,0.0,149696000.0,156588000.0,0.0,0.0,0.0,1387596000.0,1544184000.0,0.21,1544184000.0,1387596000.0,1387596000.0,1.74,1.72,1.74,4854383000.0,4471583750.0,4854383000.0,20854119778.0,15.0,13.505,838118000.0,1.391,1.0,3068231000.0,0.418,396660000.0,0.0,3177504000.0,3076847000.0,0.0,1293681000.0,1293681000.0,0.0,1667188000.0,1377330000.0,289858000.0,22178858778.0,259171000.0,-59894000.0,-391361000.0,0.0,0.0,-342988000.0,-570046000.0,-175687000.0,1172583000.0,-378000.0,1051263000.0,1051263000.0,1051263000.0,0.0,0.0,0.143,1706735000.0,1361496000.0,108707000.0,0.0,4.569,21.097,21.231,971486000.0,0.0,36.941,3.019,3.03,1528746000.0,4633789000.0,7346472000.0,7346472000.0,0.0,0.176,0.235,0.451,0.189,58982000.0,1557646000.0,1.0,600383550.0,602582000,611722000.0,12.192,6124911000.0,380718000.0,336333000.0,2777000.0,10.164,3436964000.0
35,CTSH,MRT,2012-09-30,2012-09-30,2012-09-30,2021-07-29,-190043000.0,6107039000.0,5734329000.0,4541531000.0,1565508000.0,1.232,7.645,-333277000.0,1324739000.0,1324739000.0,4097996000.0,1012611000.0,3.56,0.336,0.0,0.0,0.0,0.0,116427000.0,149723000.0,0.0,0.0,0.0,1344832000.0,1494555000.0,0.212,1494555000.0,1344832000.0,1344832000.0,1.675,1.65,1.675,4572370000.0,4246209500.0,4572370000.0,19816475360.0,15.0,13.259,762512000.0,1.275,1.0,2963968000.0,0.42,388986000.0,0.0,3117726000.0,2932704500.0,0.0,1307009000.0,1307009000.0,0.0,1534669000.0,1275588000.0,259081000.0,20866720360.0,143520000.0,-51656000.0,-378911000.0,0.0,0.0,-345776000.0,-602566000.0,-217633000.0,1095789000.0,-3927000.0,1012611000.0,1012611000.0,1012611000.0,0.0,0.0,0.143,1650582000.0,1313386000.0,111420000.0,0.0,4.564,20.607,20.863,878561000.0,0.0,34.945,2.955,2.96,1577195000.0,4355010000.0,7061964000.0,7061964000.0,0.0,0.177,0.238,0.459,0.19,72764000.0,1508356000.0,1.0,597130358.0,598116000,606264000.0,11.807,5718053000.0,321091000.0,332221000.0,4593000.0,9.56,3265943000.0
36,CTSH,MRT,2012-06-30,2012-06-30,2012-06-30,2021-07-29,-396741000.0,5654219000.0,5483598000.0,4152352000.0,1501867000.0,1.235,6.77,-337443000.0,1050245000.0,1050245000.0,3910984000.0,962829000.0,3.607,0.382,0.0,0.0,0.0,0.0,106625000.0,139996000.0,0.0,0.0,0.0,1268413000.0,1408409000.0,0.208,1408409000.0,1268413000.0,1268413000.0,1.585,1.56,1.585,4092333000.0,4087997500.0,4092333000.0,16940881620.0,13.0,12.028,702830000.0,1.163,1.0,2860246000.0,0.422,375741000.0,0.0,3077138000.0,2775908750.0,0.0,1295897000.0,1295897000.0,0.0,1561886000.0,1151095000.0,410791000.0,18269416620.0,-142795000.0,-88356000.0,-500004000.0,0.0,0.0,-467051000.0,-696681000.0,-270882000.0,1040273000.0,-19336000.0,962829000.0,962829000.0,962829000.0,0.0,0.0,0.142,1609244000.0,1251002000.0,104411000.0,0.0,4.464,18.975,18.927,837683000.0,0.0,30.0,2.698,2.678,1503887000.0,4078109000.0,6771230000.0,6771230000.0,0.0,0.176,0.236,0.457,0.187,75185000.0,1476566000.0,1.0,608980554.0,604450000,614652000.0,11.202,5278478000.0,271613000.0,305584000.0,3073000.0,8.733,3001257000.0
37,CTSH,MRT,2012-03-31,2012-03-31,2012-03-31,2021-07-29,-193331000.0,5668125000.0,5299218750.0,4196742000.0,1471383000.0,1.219,7.197,-292857000.0,1328535000.0,1328535000.0,3740966000.0,918942000.0,4.109,0.298,0.0,0.0,0.0,0.0,107817000.0,131836000.0,0.0,0.0,0.0,1210926000.0,1342762000.0,0.208,1342762000.0,1210926000.0,1210926000.0,1.51,1.485,1.51,4367249000.0,4052876500.0,4367249000.0,22033887511.0,18.0,16.409,638429000.0,1.052,1.0,2720286000.0,0.421,383325000.0,0.0,2935020000.0,2637705500.0,0.0,1162660000.0,1162660000.0,0.0,1300876000.0,1021245000.0,279631000.0,23344793511.0,35036000.0,-82779000.0,-235389000.0,0.0,0.0,-199294000.0,-693111000.0,-317475000.0,931286000.0,-3845000.0,918942000.0,918942000.0,918942000.0,0.0,0.0,0.142,1531284000.0,1189002000.0,109983000.0,0.0,5.345,25.404,25.48,784975000.0,0.0,38.475,3.613,3.614,1421258000.0,3826177000.0,6461252000.0,6461252000.0,0.0,0.173,0.227,0.459,0.187,69451000.0,1406513000.0,1.0,606752268.0,606856000,618416000.0,10.647,5284800000.0,258715000.0,291984000.0,2978000.0,8.708,3175497000.0
38,CTSH,MRT,2011-12-31,2011-12-31,2011-12-31,2021-07-29,-325394000.0,5507933000.0,5041655750.0,4085506000.0,1422427000.0,1.214,6.517,-288221000.0,1310906000.0,1310906000.0,3538622000.0,883618000.0,3.377,0.393,0.0,0.0,0.0,0.0,105713000.0,124175000.0,0.0,0.0,0.0,1169149000.0,1293324000.0,0.211,1293324000.0,1169149000.0,1169149000.0,1.455,1.425,1.455,3952886000.0,3902111500.0,3952886000.0,18247907520.0,16.0,14.109,586931000.0,0.968,1.0,2582534000.0,0.422,386388000.0,0.0,2600934000.0,2463166000.0,0.0,1121358000.0,1121358000.0,0.0,1555047000.0,1209705000.0,345342000.0,19429126520.0,-230063000.0,-82800000.0,-294596000.0,0.0,0.0,-255455000.0,-850281000.0,-479260000.0,875152000.0,521000.0,883618000.0,883618000.0,883618000.0,0.0,0.0,0.144,1446066000.0,1136468000.0,72205000.0,0.0,4.915,21.988,22.1,758034000.0,0.0,32.155,3.174,3.186,1318670000.0,3582526000.0,6121156000.0,6121156000.0,0.0,0.175,0.226,0.475,0.191,51091000.0,1328665000.0,1.0,604233448.0,606554000,620702000.0,10.092,5121545000.0,273234000.0,285531000.0,3339000.0,8.444,2875801000.0
39,CTSH,MRT,2011-09-30,2011-09-30,2011-09-30,2021-07-29,-50681000.0,5104115000.0,4810441000.0,3812197000.0,1291918000.0,1.199,6.507,-238211000.0,1181219000.0,1181219000.0,3325956000.0,849657000.0,3.663,0.296,0.0,0.0,0.0,0.0,87893000.0,119490000.0,0.0,0.0,0.0,1094613000.0,1214103000.0,0.21,1214103000.0,1094613000.0,1094613000.0,1.4,1.365,1.4,3939522000.0,3809997750.0,3939522000.0,17846149567.0,16.0,14.699,744169000.0,1.229,1.0,2442095000.0,0.423,391623000.0,0.0,2490543000.0,2263502500.0,0.0,1110057000.0,1110057000.0,0.0,1164593000.0,1040730000.0,123863000.0,19039189567.0,-135858000.0,-77198000.0,-334587000.0,0.0,0.0,-291199000.0,-831354000.0,-515945000.0,982380000.0,4315000.0,849657000.0,849657000.0,849657000.0,0.0,0.0,0.147,1369149000.0,1072946000.0,78183000.0,0.0,4.833,22.408,22.393,664609000.0,0.0,31.35,3.301,3.291,1268076000.0,3342399000.0,5768051000.0,5768051000.0,0.0,0.177,0.223,0.484,0.19,35796000.0,1256130000.0,1.0,607310672.0,605446000,618594000.0,9.527,4712492000.0,243645000.0,244956000.0,3605000.0,7.784,2771467000.0
40,CTSH,MRT,2011-06-30,2011-06-30,2011-06-30,2021-07-29,76637000.0,4916702000.0,4595982000.0,3757897000.0,1158805000.0,1.171,6.5,-208897000.0,1193040000.0,1193040000.0,3100693000.0,826237000.0,4.235,0.244,0.0,0.0,0.0,0.0,84629000.0,115780000.0,0.0,0.0,0.0,1049925000.0,1165705000.0,0.217,1165705000.0,1049925000.0,1049925000.0,1.365,1.33,1.365,3951849000.0,3666913250.0,3951849000.0,21020184926.0,20.0,18.032,678877000.0,1.117,1.0,2283317000.0,0.424,311986000.0,0.0,2524325000.0,2094034750.0,0.0,1076371000.0,1076371000.0,0.0,964853000.0,887351000.0,77502000.0,22313683926.0,153354000.0,-24149000.0,-148798000.0,0.0,0.0,-83249000.0,-685308000.0,-452262000.0,887774000.0,34137000.0,826237000.0,826237000.0,826237000.0,0.0,0.0,0.153,1275074000.0,1008243000.0,89057000.0,0.0,5.646,27.006,26.864,614494000.0,0.0,36.67,4.144,4.141,1227592000.0,3115280000.0,5384010000.0,5384010000.0,0.0,0.18,0.225,0.501,0.195,3244000.0,1165601000.0,1.0,608499698.0,607978000,622954000.0,8.856,4604716000.0,193602000.0,223688000.0,3558000.0,7.574,2870546000.0
41,CTSH,MRT,2011-03-31,2011-03-31,2011-03-31,2021-07-29,39950000.0,4637873000.0,4307845000.0,3535800000.0,1102073000.0,1.162,6.19,-217108000.0,1293499000.0,1293499000.0,2880841000.0,790367000.0,4.41,0.232,0.0,0.0,0.0,0.0,82021000.0,111755000.0,0.0,0.0,0.0,980328000.0,1092083000.0,0.218,1092083000.0,980328000.0,980328000.0,1.31,1.275,1.31,3764189000.0,3439172750.0,3764189000.0,23222114743.0,24.0,21.264,590847000.0,0.972,1.0,2123081000.0,0.424,305799000.0,0.0,2236862000.0,1905724500.0,0.0,874616000.0,874616000.0,0.0,873684000.0,801713000.0,71971000.0,24763083743.0,212557000.0,-41758000.0,-44540000.0,0.0,0.0,27418000.0,-642406000.0,-383540000.0,807955000.0,19590000.0,790367000.0,790367000.0,790367000.0,0.0,0.0,0.158,1178881000.0,944200000.0,117595000.0,0.0,6.579,31.331,31.069,601699000.0,0.0,40.7,4.949,4.946,1123150000.0,2907235000.0,5003922000.0,5003922000.0,0.0,0.183,0.23,0.514,0.196,-12854000.0,1073430000.0,1.0,608429576.0,608082000,623606000.0,8.229,4332074000.0,180426000.0,189961000.0,3870000.0,7.124,2734087000.0
42,CTSH,MRT,2010-12-31,2010-12-31,2010-12-31,2021-07-29,35598000.0,4583074000.0,4025813500.0,3518234000.0,1064840000.0,1.141,5.959,-185512000.0,1540969000.0,1540969000.0,2654569000.0,733540000.0,3.78,0.279,0.0,0.0,0.0,0.0,84590000.0,110172000.0,0.0,0.0,0.0,878580000.0,988752000.0,0.215,988752000.0,878580000.0,878580000.0,1.22,1.185,1.22,3584431000.0,3219717750.0,3584431000.0,20925150734.0,24.0,21.163,579142000.0,0.963,1.0,1937820000.0,0.422,309099000.0,0.0,1802280000.0,1741512750.0,0.0,685419000.0,685419000.0,0.0,998643000.0,930726000.0,67917000.0,22242227734.0,440039000.0,-33863000.0,48084000.0,0.0,0.0,120003000.0,-446890000.0,-227515000.0,764654000.0,2272000.0,733540000.0,733540000.0,733540000.0,0.0,0.0,0.16,1075968000.0,861852000.0,75373000.0,0.0,6.205,30.322,30.037,570448000.0,0.0,36.645,4.843,4.8,1014268000.0,2698908000.0,4592389000.0,4592389000.0,0.0,0.182,0.228,0.504,0.191,-14935000.0,972093000.0,1.0,606964872.0,601562000,618274000.0,7.634,4273975000.0,205972000.0,145040000.0,4946000.0,7.105,2587508000.0
43,CTSH,MRT,2010-09-30,2010-09-30,2010-09-30,2021-07-29,25709000.0,4246279000.0,3714605000.0,3234680000.0,1011599000.0,1.127,5.58,-125587000.0,1317077000.0,1317077000.0,2417342000.0,671378000.0,4.022,0.261,0.0,0.0,0.0,0.0,57952000.0,104897000.0,0.0,0.0,0.0,798633000.0,903530000.0,0.216,903530000.0,798633000.0,798633000.0,1.12,1.095,1.12,3367184000.0,2986904250.0,3367184000.0,18358772759.0,23.0,20.319,484295000.0,0.803,1.0,1767166000.0,0.422,312361000.0,0.0,1812672000.0,1621586000.0,0.0,611739000.0,611739000.0,0.0,879095000.0,804169000.0,74926000.0,19398458759.0,324151000.0,-94542000.0,101170000.0,0.0,0.0,179822000.0,-467670000.0,-247541000.0,609882000.0,2117000.0,671378000.0,671378000.0,671378000.0,0.0,0.0,0.16,983027000.0,784139000.0,93945000.0,0.0,5.761,28.893,28.781,521497000.0,0.0,32.235,4.636,4.649,1065136000.0,2492742000.0,4184508000.0,4184508000.0,0.0,0.181,0.225,0.493,0.191,-23797000.0,882850000.0,1.0,601782496.0,603434000,619238000.0,6.934,3933918000.0,174481000.0,127255000.0,6076000.0,6.519,2430511000.0
44,CTSH,MRT,2010-06-30,2010-06-30,2010-06-30,2021-07-29,-21080000.0,3764154000.0,3397155750.0,2804924000.0,959230000.0,1.125,5.07,-112779000.0,1039686000.0,1039686000.0,2193318000.0,604251000.0,4.345,0.238,0.0,0.0,0.0,0.0,56821000.0,99269000.0,0.0,0.0,0.0,719056000.0,818325000.0,0.214,818325000.0,719056000.0,719056000.0,1.015,0.99,1.015,3040887000.0,2754162750.0,3040887000.0,13907971588.0,19.0,16.996,470820000.0,0.785,1.0,1627765000.0,0.426,307786000.0,0.0,1771084000.0,1480624750.0,0.0,612313000.0,612313000.0,0.0,723267000.0,645598000.0,77669000.0,14988913588.0,179309000.0,-96344000.0,85444000.0,0.0,0.0,140260000.0,-532315000.0,-323192000.0,583599000.0,-12235000.0,604251000.0,604251000.0,604251000.0,0.0,0.0,0.158,910143000.0,717622000.0,80986000.0,0.0,4.929,24.806,24.66,504769000.0,0.0,25.03,3.923,3.929,933691000.0,2289043000.0,3821083000.0,3821083000.0,0.0,0.178,0.219,0.486,0.188,-2214000.0,814024000.0,1.0,598837938.0,599778000,616974000.0,6.371,3456368000.0,146448000.0,114805000.0,6071000.0,5.763,2159326000.0
45,CTSH,MRT,2010-03-31,2010-03-31,2010-03-31,2021-07-29,44043000.0,3509747000.0,3124439000.0,2469233000.0,1040514000.0,1.118,4.845,-80386000.0,1080942000.0,1080942000.0,1985639000.0,573331000.0,4.271,0.216,0.0,0.0,0.0,0.0,53576000.0,95600000.0,0.0,0.0,0.0,680214000.0,775814000.0,0.222,775814000.0,680214000.0,680214000.0,0.97,0.945,0.97,2886369000.0,2560865250.0,2886369000.0,14068740945.0,21.0,18.134,519177000.0,0.871,1.0,1506882000.0,0.431,270643000.0,0.0,1580015000.0,1343603250.0,0.0,490386000.0,352939000.0,137447000.0,623378000.0,578147000.0,45231000.0,15169670945.0,322374000.0,-67309000.0,77298000.0,0.0,0.0,122788000.0,-408360000.0,-260665000.0,599563000.0,8383000.0,573331000.0,573331000.0,573331000.0,0.0,0.0,0.164,843505000.0,663377000.0,85630000.0,0.0,5.256,26.459,26.278,478363000.0,0.0,25.49,4.343,4.348,812325000.0,2116868000.0,3492521000.0,3492521000.0,0.0,0.183,0.224,0.506,0.195,1508000.0,749480000.0,1.0,595122438.0,595770000,613328000.0,5.862,3239104000.0,147391000.0,106883000.0,0.0,5.437,1891086000.0
46,CTSH,MRT,2009-12-31,2009-12-31,2009-12-31,2021-07-29,20277000.0,3338240000.0,2854263500.0,2307568000.0,1030672000.0,1.149,4.523,-76639000.0,1100930000.0,1100930000.0,1849443000.0,534963000.0,3.569,0.258,0.0,0.0,0.0,0.0,51605000.0,89371000.0,0.0,0.0,0.0,636951000.0,726322000.0,0.222,726322000.0,636951000.0,636951000.0,0.91,0.89,0.91,2653177000.0,2357450750.0,2653177000.0,12366434507.0,19.0,17.026,595686000.0,1.015,1.0,1429220000.0,0.436,268129000.0,0.0,1322573000.0,1230578000.0,0.0,449533000.0,298402000.0,151131000.0,685063000.0,646608000.0,38455000.0,13359360507.0,365864000.0,-68613000.0,45392000.0,0.0,0.0,76948000.0,-394764000.0,-249512000.0,672325000.0,11355000.0,534963000.0,534963000.0,534963000.0,0.0,0.0,0.163,810730000.0,618490000.0,54640000.0,0.0,5.035,24.972,24.907,481516000.0,0.0,22.665,4.075,4.055,709240000.0,1965368000.0,3278663000.0,3278663000.0,0.0,0.187,0.227,0.518,0.194,13260000.0,721359000.0,1.0,589426892.0,586608000,602230000.0,5.589,3070111000.0,154409000.0,101988000.0,0.0,5.234,1660960000.0
47,CTSH,MRT,2009-09-30,2009-09-30,2009-09-30,2021-07-29,6364000.0,2976482000.0,2613343500.0,2016826000.0,959656000.0,1.197,4.148,-85098000.0,992926000.0,992926000.0,1748395000.0,503247000.0,3.967,0.222,0.0,0.0,0.0,0.0,36777000.0,86285000.0,0.0,0.0,0.0,604440000.0,690725000.0,0.221,690725000.0,604440000.0,604440000.0,0.865,0.84,0.865,2436218000.0,2185551000.0,2436218000.0,10475129873.0,17.0,15.165,542618000.0,0.924,1.0,1380592000.0,0.441,226355000.0,0.0,1248827000.0,1162457750.0,0.0,346807000.0,189775000.0,157032000.0,540264000.0,508374000.0,31890000.0,11335506873.0,423664000.0,-5776000.0,25259000.0,0.0,0.0,38394000.0,-241232000.0,-150358000.0,627716000.0,-1214000.0,503247000.0,503247000.0,503247000.0,0.0,0.0,0.161,786344000.0,594248000.0,53403000.0,0.0,4.653,22.525,22.347,460237000.0,0.0,19.33,3.623,3.628,684770000.0,1821364000.0,3128987000.0,3128987000.0,0.0,0.193,0.23,0.52,0.193,29813000.0,700059000.0,1.0,586420428.0,587328000,605164000.0,5.327,2750127000.0,123972000.0,101193000.0,0.0,4.682,1508452000.0
48,CTSH,MRT,2009-06-30,2009-06-30,2009-06-30,2021-07-29,7894000.0,2673287000.0,2422280000.0,1763674000.0,909613000.0,1.243,3.879,-114225000.0,860377000.0,860377000.0,1678732000.0,479503000.0,4.524,0.179,0.0,0.0,0.0,0.0,32107000.0,83458000.0,0.0,0.0,0.0,573939000.0,657397000.0,0.218,657397000.0,573939000.0,573939000.0,0.825,0.805,0.825,2267697000.0,2037253750.0,2267697000.0,7041043876.0,12.0,10.71,444802000.0,0.761,1.0,1331493000.0,0.442,200054000.0,0.0,1222998000.0,1124229750.0,0.0,283577000.0,122795000.0,160782000.0,405590000.0,389858000.0,15732000.0,7799611876.0,339184000.0,-1304000.0,-8269000.0,0.0,0.0,-1282000.0,-201130000.0,-85601000.0,559027000.0,-17431000.0,479503000.0,479503000.0,479503000.0,0.0,0.0,0.159,756396000.0,575097000.0,45739000.0,0.0,3.439,16.266,16.182,446926000.0,0.0,13.35,2.591,2.593,635916000.0,1684792000.0,3010225000.0,3010225000.0,0.0,0.198,0.235,0.511,0.191,33614000.0,672938000.0,1.0,584240590.0,584674000,598544000.0,5.149,2473233000.0,104281000.0,94436000.0,624000.0,4.23,1373816000.0
49,CTSH,MRT,2009-03-31,2009-03-31,2009-03-31,2021-07-29,-24996000.0,2429045000.0,2281403500.0,1525656000.0,903389000.0,1.28,3.554,-136459000.0,758568000.0,758568000.0,1626259000.0,442104000.0,4.48,0.172,0.0,0.0,0.0,0.0,31706000.0,79656000.0,0.0,0.0,0.0,528830000.0,608486000.0,0.208,608486000.0,528830000.0,528830000.0,0.765,0.745,0.765,2072711000.0,1908923000.0,2072711000.0,5330613693.0,10.0,8.76,346075000.0,0.593,1.0,1292801000.0,0.443,202043000.0,0.0,1127914000.0,1082290000.0,0.0,210554000.0,50072000.0,160482000.0,356334000.0,340520000.0,15814000.0,6065679693.0,308829000.0,-13011000.0,10089000.0,0.0,0.0,24859000.0,-164707000.0,-15237000.0,482534000.0,-33857000.0,442104000.0,442104000.0,442104000.0,0.0,0.0,0.151,749696000.0,543105000.0,55713000.0,0.0,2.926,13.72,13.588,456301000.0,0.0,10.395,2.078,2.077,600707000.0,1543533000.0,2919060000.0,2919060000.0,0.0,0.194,0.232,0.489,0.181,27909000.0,670040000.0,1.0,583518970.0,583226000,595986000.0,5.005,2227002000.0,93611000.0,86726000.0,1837000.0,3.818,1185136000.0
50,CTSH,MRT,2008-12-31,2008-12-31,2008-12-31,2021-07-29,-9479000.0,2374560000.0,2159556500.0,1468119000.0,906441000.0,1.304,3.388,-169410000.0,735066000.0,735066000.0,1572816000.0,430845000.0,3.788,0.208,0.0,0.0,0.0,0.0,38123000.0,74797000.0,0.0,0.0,0.0,515210000.0,590007000.0,0.209,590007000.0,515210000.0,515210000.0,0.745,0.72,0.745,1965578000.0,1791001750.0,1965578000.0,4689581830.0,9.0,7.948,260295000.0,0.449,1.0,1243488000.0,0.442,201825000.0,0.0,1050092000.0,1046136000.0,0.0,189206000.0,27513000.0,161693000.0,408982000.0,387577000.0,21405000.0,5258843830.0,395221000.0,-20956000.0,27041000.0,0.0,0.0,44034000.0,-55006000.0,135360000.0,429705000.0,-23512000.0,430845000.0,430845000.0,430845000.0,0.0,0.0,0.153,726818000.0,516670000.0,39970000.0,0.0,2.675,12.206,12.121,455254000.0,0.0,9.03,1.867,1.86,579639000.0,1430405000.0,2816304000.0,2816304000.0,0.0,0.2,0.241,0.492,0.183,26907000.0,652021000.0,1.0,582374732.0,580242000,597880000.0,4.854,2172735000.0,101131000.0,84365000.0,7294000.0,3.745,1080542000.0
51,CTSH,MRT,2008-09-30,2008-09-30,2008-09-30,2021-07-29,-1529000.0,2212228000.0,2025493000.0,1321208000.0,891020000.0,1.315,3.163,-218359000.0,569262000.0,569262000.0,1494582000.0,414813000.0,3.82,0.2,0.0,0.0,0.0,0.0,28572000.0,68279000.0,0.0,0.0,0.0,493883000.0,562162000.0,0.211,562162000.0,493883000.0,493883000.0,0.72,0.695,0.72,1843029000.0,1666659750.0,1843029000.0,6136613763.0,12.0,10.916,168329000.0,0.289,1.0,1168633000.0,0.439,201153000.0,0.0,1095915000.0,1024468750.0,0.0,188268000.0,26134000.0,162134000.0,369199000.0,345898000.0,23301000.0,6657806763.0,272774000.0,-155821000.0,-65101000.0,0.0,0.0,-43080000.0,-59586000.0,314594000.0,386688000.0,-11248000.0,414813000.0,414813000.0,414813000.0,0.0,0.0,0.156,688510000.0,480123000.0,45753000.0,0.0,3.612,16.05,15.854,453350000.0,0.0,11.415,2.5,2.497,599950000.0,1318117000.0,2663215000.0,2663215000.0,0.0,0.205,0.249,0.482,0.185,20747000.0,620231000.0,1.0,583250702.0,582682000,599610000.0,4.571,2011075000.0,89231000.0,79070000.0,8033000.0,3.451,975310000.0
52,CTSH,MRT,2008-06-30,2008-06-30,2008-06-30,2021-07-29,13932000.0,2109781000.0,1907189250.0,1268620000.0,841161000.0,1.304,3.028,-196806000.0,521193000.0,521193000.0,1405932000.0,398139000.0,3.862,0.203,0.0,0.0,0.0,0.0,24249000.0,62675000.0,0.0,0.0,0.0,472376000.0,535051000.0,0.215,535051000.0,472376000.0,472376000.0,0.69,0.665,0.69,1754374000.0,1566779250.0,1754374000.0,8941853962.0,19.0,16.712,180019000.0,0.311,1.0,1081394000.0,0.435,204902000.0,0.0,1055239000.0,1025094750.0,0.0,192096000.0,29979000.0,162117000.0,355407000.0,328447000.0,26960000.0,9391592962.0,252208000.0,-167776000.0,-33953000.0,0.0,0.0,-6932000.0,-122755000.0,241827000.0,376825000.0,5070000.0,398139000.0,398139000.0,398139000.0,0.0,0.0,0.16,642772000.0,438622000.0,50809000.0,0.0,5.353,23.589,23.558,409810000.0,0.0,16.255,3.776,3.787,583132000.0,1205289000.0,2487326000.0,2487326000.0,0.0,0.209,0.254,0.461,0.19,15393000.0,580097000.0,1.0,577766408.0,579418000,598664000.0,4.293,1904879000.0,93481000.0,74237000.0,10453000.0,3.288,940173000.0
53,CTSH,MRT,2008-03-31,2008-03-31,2008-03-31,2021-07-29,16057000.0,1941657000.0,1775832500.0,1116421000.0,825236000.0,1.306,2.778,-207215000.0,449739000.0,449739000.0,1317391000.0,376560000.0,3.571,0.213,0.0,0.0,0.0,0.0,26372000.0,57951000.0,0.0,0.0,0.0,445969000.0,503920000.0,0.217,503920000.0,445969000.0,445969000.0,0.655,0.625,0.655,1601026000.0,1457496500.0,1601026000.0,7973190909.0,18.0,15.822,146883000.0,0.255,1.0,1001022000.0,0.432,195960000.0,0.0,983298000.0,1010821000.0,0.0,195629000.0,25208000.0,170421000.0,340631000.0,312660000.0,27971000.0,8313035909.0,176701000.0,-156069000.0,-45529000.0,0.0,0.0,-19716000.0,-164838000.0,198446000.0,354098000.0,7157000.0,376560000.0,376560000.0,376560000.0,0.0,0.0,0.162,591407000.0,409615000.0,47450000.0,0.0,5.192,22.076,22.008,393251000.0,0.0,14.415,3.586,3.583,519396000.0,1101433000.0,2318413000.0,2318413000.0,0.0,0.212,0.258,0.441,0.192,15649000.0,533456000.0,1.0,576693438.0,576342000,598104000.0,4.023,1745697000.0,97943000.0,69409000.0,12502000.0,3.029,803761000.0
54,CTSH,MRT,2007-12-31,2007-12-31,2007-12-31,2021-07-29,15203000.0,1838306000.0,1651590750.0,1242179000.0,596127000.0,1.293,2.548,-182467000.0,339845000.0,339845000.0,1206035000.0,350133000.0,3.646,0.252,0.0,0.0,0.0,0.0,29020000.0,53918000.0,0.0,0.0,0.0,414356000.0,468274000.0,0.219,468274000.0,414356000.0,414356000.0,0.61,0.575,0.61,1468210000.0,1356572250.0,1468210000.0,9558358163.0,23.0,20.412,161853000.0,0.281,1.0,929542000.0,0.435,194354000.0,0.0,963423000.0,986418750.0,0.0,330580000.0,330580000.0,0.0,370096000.0,340684000.0,29412000.0,9854846163.0,73908000.0,-146820000.0,-38257000.0,0.0,0.0,4008000.0,-277339000.0,51948000.0,344320000.0,2919000.0,350133000.0,350133000.0,350133000.0,0.0,0.0,0.164,548020000.0,381522000.0,36176000.0,0.0,6.712,28.146,27.82,356047000.0,0.0,16.97,4.615,4.58,436456000.0,999560000.0,2135577000.0,2135577000.0,0.0,0.212,0.258,0.42,0.194,-6349000.0,494102000.0,1.0,580721636.0,576310000,607186000.0,3.706,1643952000.0,87419000.0,64223000.0,15145000.0,2.853,901495000.0
55,CTSH,MRT,2007-09-30,2007-09-30,2007-09-30,2021-07-29,16754000.0,1739013000.0,1523509500.0,1353594000.0,385419000.0,1.287,2.493,-143955000.0,296488000.0,296488000.0,1097109000.0,323410000.0,4.727,0.205,0.0,0.0,0.0,0.0,19069000.0,49654000.0,0.0,0.0,0.0,381884000.0,431538000.0,0.22,431538000.0,381884000.0,381884000.0,0.565,0.535,0.565,1443507000.0,1257894500.0,1443507000.0,11273550579.0,30.0,26.124,168927000.0,0.292,1.0,862942000.0,0.44,57752000.0,0.0,1098419000.0,936285000.0,0.0,512768000.0,512768000.0,0.0,295506000.0,286354000.0,9152000.0,11542535579.0,98788000.0,-11955000.0,61786000.0,-29000.0,0.0,108825000.0,-327308000.0,-171398000.0,312882000.0,4389000.0,323410000.0,323410000.0,323410000.0,0.0,0.0,0.165,511187000.0,351755000.0,29775000.0,0.0,7.996,35.69,35.305,291629000.0,0.0,19.948,5.889,5.894,428501000.0,903304000.0,1960051000.0,1960051000.0,0.0,0.212,0.257,0.408,0.195,-37286000.0,461533000.0,1.0,578645724.0,579118000,609128000.0,3.385,1681261000.0,77807000.0,58474000.0,0.0,2.903,1067240000.0
56,CTSH,MRT,2007-06-30,2007-06-30,2007-06-30,2021-07-29,14076000.0,1584354000.0,1384384250.0,1229570000.0,354784000.0,1.285,2.286,-130616000.0,268985000.0,268985000.0,988250000.0,288283000.0,4.745,0.203,0.0,0.0,0.0,0.0,15004000.0,44645000.0,0.0,0.0,0.0,343133000.0,387778000.0,0.218,387778000.0,343133000.0,343133000.0,0.51,0.475,0.51,1317243000.0,1138657250.0,1317243000.0,10508676175.0,31.0,27.1,139109000.0,0.241,1.0,790486000.0,0.444,58106000.0,0.0,998144000.0,842502500.0,0.0,441251000.0,441251000.0,0.0,267111000.0,259119000.0,7992000.0,10781714175.0,65880000.0,-14773000.0,64516000.0,-1754000.0,0.0,111849000.0,-318211000.0,-172822000.0,269725000.0,2517000.0,288283000.0,288283000.0,288283000.0,0.0,0.0,0.162,471097000.0,319389000.0,24619000.0,0.0,8.185,37.4,36.765,265749000.0,0.0,18.75,6.061,6.074,403599000.0,807150000.0,1778736000.0,1778736000.0,0.0,0.208,0.253,0.407,0.193,-32325000.0,426452000.0,1.0,575024756.0,576210000,608194000.0,3.087,1526248000.0,85003000.0,54850000.0,0.0,2.649,970451000.0
57,CTSH,MRT,2007-03-31,2007-03-31,2007-03-31,2021-07-29,12386000.0,1444690000.0,1249812250.0,1137593000.0,307097000.0,1.279,2.095,-112822000.0,273038000.0,273038000.0,884244000.0,261077000.0,4.753,0.207,0.0,0.0,0.0,0.0,15638000.0,39393000.0,0.0,0.0,0.0,311515000.0,350908000.0,0.219,350908000.0,311515000.0,311515000.0,0.463,0.432,0.463,1197329000.0,1027894750.0,1197329000.0,12328858329.0,40.0,35.134,156464000.0,0.274,1.0,714814000.0,0.447,46629000.0,0.0,885689000.0,752915750.0,0.0,400063000.0,400063000.0,0.0,247361000.0,239334000.0,8027000.0,12594795329.0,107676000.0,-14773000.0,57919000.0,-1754000.0,0.0,100828000.0,-267974000.0,-140379000.0,269286000.0,5536000.0,261077000.0,261077000.0,261077000.0,0.0,0.0,0.163,425425000.0,289389000.0,36935000.0,0.0,10.519,48.242,47.662,235937000.0,0.0,22.067,7.876,7.888,347763000.0,724873000.0,1599058000.0,1599058000.0,0.0,0.209,0.254,0.414,0.195,-24824000.0,386032000.0,1.0,570739564.0,571608000,607032000.0,2.797,1398061000.0,79078000.0,50438000.0,0.0,2.446,898259000.0
58,CTSH,MRT,2006-12-31,2006-12-31,2006-12-31,2021-07-29,11778000.0,1325981000.0,1122221500.0,1040391000.0,285590000.0,1.269,1.905,-104734000.0,265937000.0,265937000.0,787923000.0,232795000.0,4.17,0.235,0.0,0.0,0.0,0.0,19401000.0,34163000.0,0.0,0.0,0.0,277811000.0,311974000.0,0.219,311974000.0,277811000.0,277811000.0,0.415,0.385,0.415,1073499000.0,926850250.0,1073499000.0,10743027124.0,39.0,34.436,148142000.0,0.263,1.0,636344000.0,0.447,47653000.0,0.0,762888000.0,680498000.0,0.0,382222000.0,382222000.0,0.0,252482000.0,249503000.0,2979000.0,10940727124.0,68999000.0,-14773000.0,51400000.0,-1754000.0,0.0,82895000.0,-272338000.0,-152831000.0,252876000.0,5566000.0,232795000.0,232795000.0,232795000.0,0.0,0.0,0.163,377401000.0,258943000.0,27839000.0,0.0,10.192,46.997,46.482,220154000.0,0.0,19.29,7.682,7.631,298475000.0,650277000.0,1424267000.0,1424267000.0,0.0,0.207,0.251,0.408,0.195,-3315000.0,343238000.0,1.0,567170924.0,563430000,602248000.0,2.528,1278328000.0,62281000.0,45016000.0,0.0,2.269,790888000.0
59,CTSH,MRT,2006-09-30,2006-09-30,2006-09-30,2021-07-29,7862000.0,1182512000.0,1008199500.0,921217000.0,261295000.0,1.247,1.711,-93409000.0,197700000.0,197700000.0,691313000.0,220935000.0,4.319,0.223,0.0,0.0,0.0,0.0,0.0,28972000.0,0.0,0.0,0.0,248687000.0,277659000.0,0.221,277659000.0,248687000.0,248687000.0,0.398,0.372,0.398,966558000.0,837011750.0,966558000.0,10224965650.0,41.0,36.826,107209000.0,0.19,1.0,565426000.0,0.45,48242000.0,0.0,723289000.0,610941000.0,0.0,337898000.0,337898000.0,0.0,215954000.0,213281000.0,2673000.0,10428070650.0,-17209000.0,-14773000.0,50400000.0,-1725000.0,0.0,71359000.0,-291909000.0,-183727000.0,200618000.0,2723000.0,220935000.0,220935000.0,220935000.0,0.0,0.0,0.176,331795000.0,233631000.0,27648000.0,0.0,10.789,47.2,46.489,198108000.0,0.0,18.503,8.298,8.315,296722000.0,580744000.0,1256739000.0,1256739000.0,0.0,0.219,0.264,0.407,0.198,-21856000.0,302823000.0,1.0,563603332.0,564810000,603342000.0,2.225,1134270000.0,59993000.0,27752000.0,0.0,2.008,707936000.0
60,CTSH,MRT,2006-06-30,2006-06-30,2006-06-30,2021-07-29,7061000.0,1046066000.0,905505500.0,811590000.0,234476000.0,1.231,1.555,-94407000.0,203105000.0,203105000.0,611061000.0,200491000.0,4.793,0.197,0.0,0.0,0.0,0.0,0.0,25692000.0,0.0,0.0,0.0,225119000.0,250811000.0,0.225,250811000.0,225119000.0,225119000.0,0.362,0.342,0.362,874193000.0,755784000.0,874193000.0,9293160782.0,41.0,37.052,82364000.0,0.147,1.0,503692000.0,0.452,33844000.0,0.0,639797000.0,528011750.0,0.0,265095000.0,265095000.0,0.0,171873000.0,169320000.0,2553000.0,9458522782.0,22982000.0,-4521000.0,47312000.0,0.0,0.0,61875000.0,-217258000.0,-118330000.0,176771000.0,1594000.0,200491000.0,200491000.0,200491000.0,0.0,0.0,0.18,291804000.0,211888000.0,24871000.0,0.0,10.82,47.177,46.526,179277000.0,0.0,16.843,8.485,8.494,266259000.0,519717000.0,1114753000.0,1114753000.0,0.0,0.221,0.265,0.426,0.202,-5466000.0,266112000.0,1.0,561586628.0,562168000,601972000.0,1.983,1012222000.0,61612000.0,24628000.0,0.0,1.801,642270000.0
61,CTSH,MRT,2006-03-31,2006-03-31,2006-03-31,2021-07-29,2843000.0,934327000.0,814791000.0,709133000.0,225194000.0,1.215,1.42,-83717000.0,165362000.0,165362000.0,540509000.0,181452000.0,5.106,0.178,0.0,0.0,0.0,0.0,0.0,23340000.0,0.0,0.0,0.0,202921000.0,226261000.0,0.229,226261000.0,202921000.0,202921000.0,0.333,0.312,0.333,793151000.0,678532750.0,793151000.0,8138993905.0,40.0,35.972,72510000.0,0.13,1.0,449119000.0,0.454,34073000.0,0.0,596018000.0,455550750.0,0.0,257186000.0,257186000.0,0.0,141176000.0,138874000.0,2302000.0,8335931905.0,-9626000.0,-18628000.0,49856000.0,0.0,0.0,58936000.0,-220729000.0,-118384000.0,156227000.0,-4060000.0,181452000.0,181452000.0,181452000.0,0.0,0.0,0.183,255534000.0,193585000.0,21439000.0,0.0,10.51,45.94,44.662,161577000.0,0.0,14.873,8.423,8.396,217683000.0,464646000.0,989628000.0,989628000.0,0.0,0.223,0.267,0.445,0.205,-3525000.0,232194000.0,1.0,560492984.0,558660000,597416000.0,1.771,900254000.0,63488000.0,21469000.0,0.0,1.611,570259000.0
62,CTSH,MRT,2005-12-31,2005-12-31,2005-12-31,2021-07-29,2121000.0,869893000.0,732421000.0,663423000.0,206470000.0,1.209,1.308,-71770000.0,196938000.0,196938000.0,479915000.0,166266000.0,4.314,0.218,0.0,0.0,0.0,0.0,14707000.0,21400000.0,0.0,0.0,0.0,185272000.0,206672000.0,0.233,206672000.0,185272000.0,185272000.0,0.305,0.285,0.305,714145000.0,607016500.0,714145000.0,6732781120.0,36.0,32.577,87990000.0,0.161,1.0,405915000.0,0.458,34500000.0,0.0,484660000.0,384576500.0,0.0,227063000.0,227063000.0,0.0,155748000.0,153795000.0,1953000.0,6947690120.0,-2358000.0,-19811000.0,47451000.0,0.0,0.0,47451000.0,-204546000.0,-112965000.0,159760000.0,-5023000.0,166266000.0,166266000.0,166266000.0,0.0,0.0,0.188,228299000.0,177616000.0,16420000.0,0.0,9.729,41.787,41.205,146982000.0,0.0,12.568,7.843,7.746,176696000.0,417482000.0,885830000.0,885830000.0,0.0,0.227,0.274,0.482,0.209,0.0,206899000.0,1.0,552829928.0,545976000,587580000.0,1.622,835393000.0,59999000.0,19006000.0,0.0,1.53,509628000.0
63,CTSH,MRT,2005-09-30,2005-09-30,2005-09-30,2021-07-29,3655000.0,771736000.0,658134000.0,591860000.0,179876000.0,1.218,1.169,-74363000.0,214909000.0,214909000.0,438594000.0,139195000.0,4.55,0.203,0.0,0.0,0.0,0.0,0.0,20791000.0,0.0,0.0,0.0,168964000.0,189755000.0,0.237,189755000.0,168964000.0,168964000.0,0.263,0.24,0.263,641647000.0,541862500.0,641647000.0,6184671033.0,37.0,32.593,70994000.0,0.129,1.0,363115000.0,0.453,35166000.0,0.0,391572000.0,322552000.0,0.0,153587000.0,153587000.0,0.0,130089000.0,130089000.0,0.0,6364794033.0,38764000.0,-19811000.0,71255000.0,0.0,0.0,47556000.0,-153588000.0,-59414000.0,145357000.0,-561000.0,139195000.0,139195000.0,139195000.0,0.0,0.0,0.174,201268000.0,161847000.0,15004000.0,0.0,9.919,45.726,44.287,126515000.0,0.0,11.648,7.939,7.972,171588000.0,359809000.0,801709000.0,801709000.0,0.0,0.211,0.257,0.524,0.211,55706000.0,180477000.0,1.0,546451516.0,548744000,589124000.0,1.461,736570000.0,40849000.0,29769000.0,0.0,1.342,461771000.0
64,CTSH,MRT,2005-06-30,2005-06-30,2005-06-30,2021-07-29,4540000.0,683208000.0,591910500.0,531858000.0,151350000.0,1.219,1.041,-62616000.0,180123000.0,180123000.0,395004000.0,124664000.0,4.507,0.209,0.0,0.0,0.0,0.0,0.0,19293000.0,0.0,0.0,0.0,151479000.0,170772000.0,0.237,170772000.0,151479000.0,151479000.0,0.237,0.215,0.237,565188000.0,479978000.0,565188000.0,6206440110.0,41.0,36.343,61814000.0,0.114,1.0,326598000.0,0.453,35112000.0,0.0,349953000.0,254643250.0,0.0,146679000.0,146679000.0,0.0,118020000.0,118020000.0,0.0,6381428110.0,57121000.0,-15290000.0,59779000.0,0.0,0.0,46884000.0,-114142000.0,-36236000.0,124430000.0,-51000.0,124664000.0,124664000.0,124664000.0,0.0,0.0,0.173,180900000.0,145698000.0,16363000.0,0.0,11.291,51.189,49.715,108522000.0,0.0,11.783,8.843,8.862,165678000.0,319226000.0,721602000.0,721602000.0,0.0,0.211,0.26,0.595,0.21,39134000.0,161607000.0,1.0,541602216.0,542748000,586216000.0,1.33,648096000.0,24143000.0,26815000.0,0.0,1.194,413838000.0
65,CTSH,MRT,2005-03-31,2005-03-31,2005-03-31,2021-07-29,8068000.0,604847000.0,531779250.0,482379000.0,122468000.0,1.22,0.943,-52530000.0,174988000.0,174988000.0,352794000.0,112433000.0,4.997,0.193,0.0,0.0,0.0,0.0,0.0,17672000.0,0.0,0.0,0.0,136170000.0,153842000.0,0.237,153842000.0,136170000.0,136170000.0,0.215,0.195,0.215,507086000.0,426068250.0,507086000.0,5918928585.0,43.0,38.474,71650000.0,0.133,1.0,295816000.0,0.456,21204000.0,0.0,312121000.0,196198250.0,0.0,139406000.0,139406000.0,0.0,97761000.0,96534000.0,1227000.0,6233689585.0,85903000.0,-1183000.0,47950000.0,0.0,0.0,43407000.0,-83110000.0,-29397000.0,124180000.0,1426000.0,112433000.0,112433000.0,112433000.0,0.0,0.0,0.173,164696000.0,131120000.0,13107000.0,0.0,12.293,55.444,53.721,94638000.0,0.0,11.55,9.611,9.579,131194000.0,283194000.0,648610000.0,648610000.0,0.0,0.211,0.264,0.694,0.21,44487000.0,147024000.0,1.0,539713384.0,537940000,583284000.0,1.206,583643000.0,21528000.0,23737000.0,1227000.0,1.085,385845000.0
66,CTSH,MRT,2004-12-31,2004-12-31,2004-12-31,2021-07-29,9649000.0,572745000.0,477905000.0,453997000.0,118748000.0,1.228,0.866,-46581000.0,199296000.0,199296000.0,319810000.0,100243000.0,3.946,0.263,0.0,0.0,0.0,0.0,0.0,16447000.0,0.0,0.0,0.0,122095000.0,138542000.0,0.236,138542000.0,122095000.0,122095000.0,0.193,0.175,0.193,453529000.0,375350000.0,453529000.0,5357948875.0,44.0,38.674,80752000.0,0.154,1.0,266863000.0,0.455,21827000.0,0.0,236562000.0,144745250.0,0.0,115465000.0,115465000.0,0.0,119216000.0,115060000.0,4156000.0,5628339875.0,54925000.0,-1495000.0,36768000.0,0.0,0.0,36768000.0,-112694000.0,-64618000.0,127333000.0,3518000.0,100243000.0,100243000.0,100243000.0,0.0,0.0,0.171,149243000.0,117620000.0,11190000.0,0.0,12.41,56.147,54.832,90705000.0,0.0,10.582,9.594,9.451,110517000.0,251216000.0,586673000.0,586673000.0,0.0,0.21,0.267,0.844,0.208,36799000.0,132796000.0,1.0,531853520.0,523960000,570224000.0,1.12,550918000.0,16815000.0,21852000.0,4156000.0,1.051,338937000.0
67,CTSH,MRT,2004-09-30,2004-09-30,2004-09-30,2021-07-29,4177000.0,506842000.0,426043750.0,412004000.0,94838000.0,1.225,0.748,-31520000.0,270391000.0,270391000.0,283751000.0,87366000.0,4.279,0.286,0.0,0.0,0.0,0.0,0.0,15315000.0,0.0,0.0,0.0,107317000.0,122632000.0,0.235,122632000.0,107317000.0,107317000.0,0.168,0.152,0.168,394109000.0,330485250.0,394109000.0,3775354366.0,35.0,30.786,81918000.0,0.155,1.0,238299000.0,0.456,20230000.0,0.0,119937000.0,107487250.0,0.0,0.0,0.0,0.0,112733000.0,96284000.0,16449000.0,4008527366.0,73496000.0,-5502000.0,6543000.0,0.0,0.0,30242000.0,-74465000.0,-37443000.0,113438000.0,4281000.0,87366000.0,87366000.0,87366000.0,0.0,0.0,0.167,134564000.0,103735000.0,11739000.0,0.0,10.171,45.882,45.402,70075000.0,0.0,7.628,7.678,7.7,103733000.0,220614000.0,522050000.0,522050000.0,0.0,0.205,0.264,0.998,0.206,35593000.0,119249000.0,1.0,525536200.0,526988000,570884000.0,0.991,486612000.0,23609000.0,19951000.0,16449000.0,0.923,315720000.0
68,CTSH,MRT,2004-06-30,2004-06-30,2004-06-30,2021-07-29,4305000.0,442683000.0,377831500.0,360205000.0,82478000.0,1.23,0.672,-22608000.0,233173000.0,233173000.0,252134000.0,77274000.0,4.96,0.266,0.0,0.0,0.0,0.0,0.0,14240000.0,0.0,0.0,0.0,95300000.0,109540000.0,0.236,109540000.0,95300000.0,95300000.0,0.15,0.138,0.15,349549000.0,291200250.0,349549000.0,3095231095.0,32.0,28.257,67820000.0,0.13,1.0,212598000.0,0.457,20712000.0,0.0,116173000.0,99562500.0,0.0,0.0,0.0,0.0,93134000.0,72625000.0,20509000.0,3294090095.0,42363000.0,-5502000.0,15861000.0,0.0,0.0,28756000.0,-81909000.0,-53799000.0,90428000.0,5088000.0,77274000.0,77274000.0,77274000.0,0.0,0.0,0.166,120461000.0,92137000.0,9169000.0,0.0,9.424,42.629,42.35,58110000.0,0.0,6.353,7.088,7.114,90038000.0,194562000.0,464732000.0,464732000.0,0.0,0.205,0.265,0.957,0.205,35763000.0,106221000.0,1.0,518550192.0,520468000,564656000.0,0.893,421971000.0,23208000.0,18026000.0,20509000.0,0.811,287580000.0
69,CTSH,MRT,2004-03-31,2004-03-31,2004-03-31,2021-07-29,5522000.0,389350000.0,335013750.0,307041000.0,82309000.0,1.234,0.59,-26628000.0,198859000.0,198859000.0,223775000.0,66975000.0,4.886,0.28,0.0,0.0,0.0,0.0,0.0,13179000.0,0.0,0.0,0.0,84321000.0,97500000.0,0.236,97500000.0,84321000.0,84321000.0,0.133,0.12,0.133,304213000.0,254662250.0,304213000.0,2728025855.0,32.0,27.98,49266000.0,0.096,1.0,189684000.0,0.459,21343000.0,0.0,106309000.0,89347250.0,0.0,0.0,0.0,0.0,85137000.0,62839000.0,22298000.0,2922246855.0,19538000.0,-9318000.0,21917000.0,0.0,0.0,26547000.0,-88620000.0,-52674000.0,75894000.0,5717000.0,66975000.0,66975000.0,66975000.0,0.0,0.0,0.162,108209000.0,81475000.0,8468000.0,0.0,9.606,43.632,42.528,57813000.0,0.0,5.656,7.068,7.053,84232000.0,170761000.0,413459000.0,413459000.0,0.0,0.2,0.263,0.944,0.204,25433000.0,95030000.0,1.0,516640328.0,515524000,566604000.0,0.802,368007000.0,12374000.0,17346000.0,22298000.0,0.714,244202000.0
70,CTSH,MRT,2003-12-31,2003-12-31,2003-12-31,2021-07-29,4000000.0,365300000.0,298099250.0,283208000.0,82092000.0,1.235,0.548,-29991000.0,194221000.0,194221000.0,199724000.0,57365000.0,4.521,0.333,0.0,0.0,0.0,0.0,0.0,11936000.0,0.0,0.0,0.0,72231000.0,84167000.0,0.229,84167000.0,72231000.0,72231000.0,0.115,0.105,0.115,274070000.0,223516500.0,274070000.0,2756205707.0,38.0,32.747,49871000.0,0.1,1.0,168507000.0,0.458,20913000.0,0.0,87530000.0,78798000.0,0.0,0.0,0.0,0.0,91230000.0,62636000.0,28594000.0,2915954707.0,75260000.0,-7823000.0,24740000.0,0.0,0.0,21777000.0,-30564000.0,7250000.0,79862000.0,4185000.0,57365000.0,57365000.0,57365000.0,0.0,0.0,0.156,96195000.0,72312000.0,9423000.0,0.0,10.639,50.832,49.609,58438000.0,0.0,5.705,7.919,7.747,61796000.0,150973000.0,368231000.0,368231000.0,0.0,0.192,0.257,0.917,0.196,22299000.0,84259000.0,1.0,511122648.0,500044000,543256000.0,0.736,344387000.0,18777000.0,14866000.0,28594000.0,0.689,220572000.0
71,CTSH,MRT,2003-09-30,2003-09-30,2003-09-30,2021-07-29,237000.0,313993000.0,264642500.0,242870000.0,71123000.0,1.236,0.471,-34931000.0,159749000.0,159749000.0,177320000.0,48779000.0,4.9,0.325,0.0,0.0,0.0,0.0,0.0,10560000.0,0.0,0.0,0.0,62073000.0,72633000.0,0.222,72633000.0,62073000.0,62073000.0,0.1,0.091,0.1,236969000.0,196369250.0,236969000.0,2155991831.0,35.0,29.683,28125000.0,0.056,1.0,149764000.0,0.458,16436000.0,0.0,88238000.0,69422250.0,0.0,0.0,0.0,0.0,77024000.0,49570000.0,27454000.0,2293730831.0,36667000.0,-14268000.0,25280000.0,0.0,0.0,22317000.0,-49199000.0,0.0,63056000.0,493000.0,48779000.0,48779000.0,48779000.0,0.0,0.0,0.149,85596000.0,64168000.0,6289000.0,0.0,9.679,47.023,45.575,51656000.0,0.0,4.558,7.013,7.012,61734000.0,133248000.0,327084000.0,327084000.0,0.0,0.184,0.248,0.894,0.19,19794000.0,75036000.0,1.0,503287072.0,503212000,552656000.0,0.65,297557000.0,13248000.0,13294000.0,27454000.0,0.591,193300000.0
72,CTSH,MRT,2003-06-30,2003-06-30,2003-06-30,2021-07-29,-55000.0,271412000.0,236338250.0,203859000.0,67553000.0,1.228,0.411,-31127000.0,137739000.0,137739000.0,157322000.0,42486000.0,4.902,0.334,0.0,0.0,0.0,0.0,0.0,9557000.0,0.0,0.0,0.0,54806000.0,64363000.0,0.222,64363000.0,54806000.0,54806000.0,0.088,0.08,0.088,203397000.0,172782500.0,203397000.0,1374644719.0,25.0,21.358,28177000.0,0.057,1.0,132884000.0,0.458,16770000.0,0.0,75312000.0,58396250.0,0.0,0.0,0.0,0.0,68015000.0,41591000.0,26424000.0,1501291719.0,33896000.0,-14268000.0,28922000.0,0.0,0.0,19980000.0,-45395000.0,0.0,59304000.0,7000.0,42486000.0,42486000.0,42486000.0,0.0,0.0,0.146,75882000.0,57002000.0,6839000.0,0.0,7.381,35.336,34.645,47765000.0,0.0,3.049,5.173,5.201,52234000.0,117288000.0,290206000.0,290206000.0,0.0,0.18,0.246,0.939,0.189,14867000.0,66325000.0,1.0,492428608.0,495084000,529912000.0,0.586,254642000.0,5916000.0,12320000.0,26424000.0,0.514,162268000.0
73,CTSH,MRT,2003-03-31,2003-03-31,2003-03-31,2021-07-29,-195000.0,241692000.0,213683250.0,182542000.0,59150000.0,1.203,0.366,-26378000.0,126647000.0,126647000.0,139471000.0,37631000.0,4.865,0.345,0.0,0.0,0.0,0.0,0.0,8537000.0,0.0,0.0,0.0,48413000.0,56950000.0,0.221,56950000.0,48413000.0,48413000.0,0.079,0.073,0.079,179630000.0,152706500.0,179630000.0,1251640720.0,26.0,21.978,29506000.0,0.06,1.0,117647000.0,0.458,13408000.0,0.0,64112000.0,50559000.0,0.0,0.0,0.0,0.0,62062000.0,37525000.0,24537000.0,1377851720.0,35461000.0,-13196000.0,22866000.0,0.0,0.0,19142000.0,-39574000.0,0.0,55884000.0,9000.0,37631000.0,37631000.0,37631000.0,0.0,0.0,0.146,67071000.0,50576000.0,5643000.0,0.0,7.67,36.615,35.501,42766000.0,0.0,2.805,5.359,5.351,46833000.0,103786000.0,257118000.0,257118000.0,0.0,0.176,0.246,0.958,0.188,12844000.0,58534000.0,1.0,491285712.0,490552000,527944000.0,0.524,228284000.0,2639000.0,10782000.0,24537000.0,0.465,145017000.0
74,CTSH,MRT,2002-12-31,2002-12-31,2002-12-31,2021-07-29,-185000.0,231473000.0,191840500.0,175834000.0,55639000.0,1.194,0.349,-22268000.0,126211000.0,126211000.0,122701000.0,34562000.0,4.238,0.399,0.0,0.0,0.0,0.0,0.0,7842000.0,0.0,0.0,0.0,45091000.0,52933000.0,0.231,52933000.0,45091000.0,45091000.0,0.072,0.068,0.072,165481000.0,134537250.0,165481000.0,1331715142.0,30.0,25.159,34414000.0,0.073,1.0,106385000.0,0.464,13748000.0,0.0,50027000.0,44504250.0,0.0,0.0,0.0,0.0,65992000.0,41487000.0,24505000.0,1454797142.0,41234000.0,-13196000.0,20043000.0,0.0,0.0,20043000.0,-35464000.0,0.0,56682000.0,-27000.0,34562000.0,34562000.0,34562000.0,0.0,0.0,0.151,61187000.0,45198000.0,6948000.0,0.0,8.791,42.092,41.8,39090000.0,0.0,3.01,6.35,6.226,41005000.0,93608000.0,229086000.0,229086000.0,0.0,0.18,0.257,1.013,0.197,12111000.0,53345000.0,1.0,483388224.0,473916000,509548000.0,0.483,217725000.0,3711000.0,10529000.0,24505000.0,0.459,134347000.0
75,CTSH,MRT,2002-09-30,2002-09-30,2002-09-30,2021-07-29,-256000.0,200776000.0,170218000.0,169316000.0,31460000.0,1.207,0.299,-11861000.0,123082000.0,123082000.0,108496000.0,30063000.0,5.181,0.408,0.0,0.0,0.0,0.0,0.0,7480000.0,0.0,0.0,0.0,40583000.0,48063000.0,0.234,48063000.0,40583000.0,40583000.0,0.064,0.06,0.064,142622000.0,117865000.0,142622000.0,1036000314.0,26.0,21.555,32089000.0,0.067,1.0,97040000.0,0.472,878000.0,0.0,44134000.0,41355000.0,0.0,0.0,0.0,0.0,58154000.0,32682000.0,25472000.0,1139843314.0,43315000.0,-2744000.0,18951000.0,0.0,0.0,14117000.0,-14605000.0,0.0,43950000.0,-147000.0,30063000.0,30063000.0,30063000.0,0.0,0.0,0.146,56050000.0,40990000.0,4817000.0,0.0,7.992,37.915,37.415,25906000.0,0.0,2.395,5.546,5.554,39357000.0,84469000.0,205536000.0,205536000.0,0.0,0.177,0.255,0.981,0.197,6077000.0,48569000.0,1.0,476009040.0,476688000,514832000.0,0.431,199898000.0,0.0,10520000.0,25472000.0,0.419,136634000.0
76,CTSH,MRT,2002-06-30,2002-06-30,2002-06-30,2021-07-29,-62000.0,180792000.0,154667250.0,149944000.0,30848000.0,1.227,0.262,-14508000.0,103843000.0,103843000.0,98635000.0,26504000.0,4.67,0.469,0.0,0.0,0.0,0.0,0.0,7104000.0,0.0,0.0,0.0,37737000.0,44841000.0,0.236,44841000.0,37737000.0,37737000.0,0.057,0.054,0.057,123093000.0,105333500.0,123093000.0,956897666.0,25.0,21.34,30004000.0,0.064,1.0,91170000.0,0.48,878000.0,0.0,43963000.0,38858750.0,0.0,0.0,0.0,0.0,57699000.0,32108000.0,25591000.0,1048083666.0,36184000.0,-2744000.0,5991000.0,0.0,0.0,8827000.0,-17252000.0,0.0,44512000.0,97000.0,26504000.0,26504000.0,26504000.0,0.0,0.0,0.14,52965000.0,38205000.0,4607000.0,0.0,8.515,39.544,39.291,25165000.0,0.0,2.24,5.522,5.545,38115000.0,74802000.0,189805000.0,189805000.0,0.0,0.171,0.252,0.971,0.199,4682000.0,45860000.0,1.0,467981544.0,469904000,505320000.0,0.404,179914000.0,0.0,11233000.0,25591000.0,0.383,117836000.0
77,CTSH,MRT,2002-03-31,2002-03-31,2002-03-31,2021-07-29,-204000.0,154321000.0,140290000.0,127072000.0,27249000.0,1.289,0.23,-13789000.0,91186000.0,91186000.0,92668000.0,23704000.0,5.682,0.443,0.0,0.0,0.0,0.0,0.0,6856000.0,0.0,0.0,0.0,35925000.0,42781000.0,0.237,42781000.0,35925000.0,35925000.0,0.051,0.049,0.051,106953000.0,95298500.0,106953000.0,730040984.0,20.0,17.065,24357000.0,0.052,1.0,88190000.0,0.488,878000.0,0.0,39893000.0,36467250.0,0.0,0.0,0.0,0.0,47368000.0,22364000.0,25004000.0,815017984.0,30220000.0,0.0,5991000.0,0.0,0.0,5901000.0,-13789000.0,0.0,38146000.0,-38000.0,23704000.0,23704000.0,23704000.0,0.0,0.0,0.131,51813000.0,36377000.0,3560000.0,0.0,7.62,34.383,34.395,24247000.0,0.0,1.754,4.506,4.508,29785000.0,66155000.0,180858000.0,180858000.0,0.0,0.169,0.249,0.985,0.199,4533000.0,44956000.0,1.0,464618328.0,464760000,493608000.0,0.389,153443000.0,0.0,12221000.0,25004000.0,0.33,104708000.0
78,CTSH,MRT,2001-12-31,2001-12-31,2001-12-31,2021-07-29,-158000.0,144983000.0,129658500.0,117335000.0,27648000.0,1.371,0.216,-14953000.0,84977000.0,84977000.0,90848000.0,22160000.0,5.408,0.468,0.0,0.0,0.0,0.0,0.0,6367000.0,0.0,0.0,0.0,35399000.0,41766000.0,0.235,41766000.0,35399000.0,35399000.0,0.049,0.045,0.049,98792000.0,86771250.0,98792000.0,709364944.0,20.0,16.984,17126000.0,0.038,1.0,86930000.0,0.489,878000.0,0.0,37430000.0,33788250.0,0.0,0.0,0.0,0.0,46191000.0,21698000.0,24493000.0,789131944.0,23001000.0,0.0,5991000.0,0.0,0.0,5983000.0,-14953000.0,0.0,32079000.0,-108000.0,22160000.0,22160000.0,22160000.0,0.0,0.0,0.125,51310000.0,35620000.0,3652000.0,0.0,7.988,35.611,34.847,24339000.0,0.0,1.708,4.439,4.384,27966000.0,59046000.0,177778000.0,177778000.0,0.0,0.171,0.255,1.048,0.199,4633000.0,44942000.0,1.0,462156336.0,456408000,488904000.0,0.39,144105000.0,1451000.0,13239000.0,24493000.0,0.316,95637000.0
79,CTSH,MRT,2001-09-30,2001-09-30,2001-09-30,2021-07-29,-109000.0,138573000.0,120797750.0,111264000.0,27309000.0,1.452,0.201,-14988000.0,79767000.0,79767000.0,89871000.0,22939000.0,4.695,0.498,0.0,0.0,0.0,0.0,0.0,5831000.0,0.0,0.0,0.0,36644000.0,42475000.0,0.242,42475000.0,36644000.0,36644000.0,0.051,0.047,0.051,92496000.0,78602250.0,92496000.0,360528066.0,10.0,8.488,21754000.0,0.047,1.0,85499000.0,0.488,957000.0,0.0,34149000.0,29342500.0,0.0,1955000.0,0.0,1955000.0,46077000.0,23700000.0,22377000.0,428187066.0,26931000.0,0.0,0.0,0.0,0.0,5232000.0,-14988000.0,0.0,36742000.0,-55000.0,22939000.0,22939000.0,22939000.0,0.0,0.0,0.131,51028000.0,34471000.0,3011000.0,0.0,4.629,18.666,18.301,22197000.0,0.0,0.933,2.442,2.45,27206000.0,54406000.0,175370000.0,175370000.0,0.0,0.19,0.292,1.249,0.209,4264000.0,45197000.0,1.0,458771856.0,460416000,492360000.0,0.381,137616000.0,0.0,13705000.0,22377000.0,0.299,87564000.0
80,CTSH,MRT,2001-06-30,2001-06-30,2001-06-30,2021-07-29,-159000.0,123283000.0,109999000.0,99721000.0,23562000.0,1.518,0.183,-13064000.0,67659000.0,67659000.0,85872000.0,21616000.0,4.939,0.486,0.0,0.0,0.0,0.0,0.0,5447000.0,0.0,0.0,0.0,34531000.0,39978000.0,0.239,39978000.0,34531000.0,34531000.0,0.048,0.045,0.048,82953000.0,70511250.0,82953000.0,738729429.0,21.0,18.478,18594000.0,0.041,1.0,81103000.0,0.486,1036000.0,0.0,34397000.0,26167000.0,0.0,1955000.0,0.0,1955000.0,40330000.0,20191000.0,20139000.0,799695429.0,22450000.0,0.0,0.0,0.0,0.0,3981000.0,-13064000.0,0.0,31658000.0,-125000.0,21616000.0,21616000.0,21616000.0,0.0,0.0,0.129,48876000.0,32227000.0,2020000.0,0.0,9.64,36.996,36.849,18370000.0,0.0,1.769,4.789,4.808,27579000.0,48298000.0,166975000.0,166975000.0,0.0,0.197,0.307,1.32,0.207,2885000.0,43429000.0,1.0,452124624.0,453912000,491136000.0,0.368,122247000.0,0.0,12915000.0,20139000.0,0.269,79530000.0
81,CTSH,MRT,2001-03-31,2001-03-31,2001-03-31,2021-07-29,-166000.0,111795000.0,99940250.0,88773000.0,23022000.0,1.535,0.162,-12967000.0,60966000.0,60966000.0,78867000.0,19786000.0,4.323,0.535,0.0,0.0,0.0,0.0,0.0,4974000.0,0.0,0.0,0.0,31607000.0,36581000.0,0.239,36581000.0,31607000.0,31607000.0,0.045,0.041,0.045,72844000.0,63429500.0,72844000.0,500607000.0,16.0,13.685,20562000.0,0.046,1.0,74498000.0,0.486,1116000.0,0.0,29177000.0,23049750.0,0.0,1955000.0,0.0,1955000.0,38951000.0,20536000.0,18415000.0,562583000.0,20606000.0,0.0,0.0,0.0,0.0,2160000.0,-14922000.0,-1955000.0,33529000.0,-161000.0,19786000.0,19786000.0,19786000.0,0.0,0.0,0.129,45104000.0,29394000.0,2230000.0,0.0,7.723,28.433,27.833,17641000.0,0.0,1.252,3.668,3.665,23670000.0,42450000.0,153365000.0,153365000.0,0.0,0.198,0.312,1.371,0.206,1751000.0,40130000.0,1.0,449168064.0,448752000,485568000.0,0.342,110679000.0,0.0,11821000.0,18415000.0,0.247,68237000.0
82,CTSH,MRT,2000-12-31,2000-12-31,2000-12-31,2021-07-29,-50000.0,109540000.0,90193750.0,88223000.0,21317000.0,1.519,0.148,-10652000.0,61976000.0,61976000.0,70437000.0,17683000.0,3.302,0.657,0.0,0.0,0.0,0.0,0.0,4507000.0,0.0,0.0,0.0,28247000.0,32754000.0,0.239,32754000.0,28247000.0,28247000.0,0.04,0.036,0.04,66116000.0,57545250.0,66116000.0,623487821.0,22.0,19.035,19568000.0,0.044,1.0,66594000.0,0.486,1195000.0,0.0,19647000.0,20634000.0,0.0,1955000.0,0.0,1955000.0,43424000.0,26722000.0,16702000.0,676323821.0,19335000.0,0.0,0.0,0.0,0.0,1763000.0,-12607000.0,-1955000.0,30220000.0,-41000.0,17683000.0,17683000.0,17683000.0,0.0,0.0,0.129,40466000.0,26128000.0,2857000.0,0.0,10.229,38.247,37.823,15937000.0,0.0,1.513,4.936,4.919,22489000.0,36886000.0,137031000.0,137031000.0,0.0,0.196,0.307,1.369,0.206,1258000.0,35959000.0,1.0,447033096.0,445560000,486144000.0,0.308,108345000.0,0.0,10564000.0,16702000.0,0.243,61501000.0
83,CTSH,MRT,2000-09-30,2000-09-30,2000-09-30,2021-07-29,-54000.0,95378000.0,80065250.0,77522000.0,17856000.0,1.5,0.135,-7376000.0,52836000.0,52836000.0,61853000.0,15324000.0,3.911,0.586,0.0,0.0,0.0,0.0,0.0,4129000.0,0.0,0.0,0.0,24479000.0,28608000.0,0.238,28608000.0,24479000.0,24479000.0,0.035,0.032,0.035,60132000.0,52381500.0,60132000.0,679500661.0,28.0,23.752,19356000.0,0.043,1.0,58229000.0,0.485,1275000.0,0.0,21447000.0,18639250.0,0.0,1955000.0,0.0,1955000.0,35246000.0,19820000.0,15426000.0,724709661.0,19151000.0,0.0,0.0,0.0,0.0,1808000.0,-9331000.0,-1955000.0,26732000.0,-58000.0,15324000.0,15324000.0,15324000.0,0.0,0.0,0.128,35450000.0,22779000.0,1903000.0,0.0,12.052,47.292,46.429,12859000.0,0.0,1.625,6.035,6.036,20056000.0,31467000.0,120082000.0,120082000.0,0.0,0.191,0.293,1.313,0.204,1981000.0,31320000.0,1.0,445975176.0,446016000,482616000.0,0.269,94103000.0,0.0,9155000.0,15426000.0,0.211,57702000.0
84,CTSH,MRT,2000-06-30,2000-06-30,2000-06-30,2021-07-29,-34000.0,83048000.0,71483000.0,67465000.0,15583000.0,1.481,0.123,-5551000.0,45209000.0,45209000.0,54616000.0,13399000.0,4.635,0.52,0.0,0.0,0.0,0.0,0.0,3693000.0,0.0,0.0,0.0,21403000.0,25096000.0,0.237,25096000.0,21403000.0,21403000.0,0.03,0.028,0.03,54626000.0,47614000.0,54626000.0,574293410.0,27.0,22.884,16415000.0,0.037,1.0,51235000.0,0.484,1354000.0,0.0,21928000.0,16863250.0,0.0,1955000.0,0.0,1955000.0,28422000.0,14557000.0,13865000.0,614653410.0,15850000.0,0.0,0.0,0.0,0.0,1400000.0,-7506000.0,-1955000.0,21966000.0,-10000.0,13399000.0,13399000.0,13399000.0,0.0,0.0,0.127,31359000.0,19876000.0,1523000.0,0.0,11.252,45.873,46.097,10510000.0,0.0,1.383,5.807,5.812,17454000.0,26682000.0,105851000.0,105851000.0,0.0,0.187,0.281,1.269,0.202,1680000.0,27666000.0,1.0,444461640.0,444840000,484200000.0,0.238,81694000.0,0.0,8004000.0,13865000.0,0.184,52908000.0
85,CTSH,MRT,2000-03-31,2000-03-31,2000-03-31,2021-07-29,-5000.0,72809000.0,64814250.0,60544000.0,12265000.0,1.474,0.111,-5498000.0,40360000.0,40360000.0,49389000.0,11937000.0,5.264,0.477,0.0,0.0,0.0,0.0,0.0,3377000.0,0.0,0.0,0.0,19067000.0,22444000.0,0.235,22444000.0,19067000.0,19067000.0,0.027,0.025,0.027,49307000.0,43492250.0,49307000.0,1113399000.0,58.0,49.608,14264000.0,0.032,1.0,46159000.0,0.483,1433000.0,0.0,19514000.0,15134750.0,0.0,0.0,0.0,0.0,23502000.0,11502000.0,12000000.0,1156040000.0,15258000.0,0.0,-96000.0,0.0,0.0,983000.0,-5498000.0,0.0,19762000.0,11000.0,11937000.0,11937000.0,11937000.0,0.0,0.0,0.125,28461000.0,17698000.0,1771000.0,0.0,23.446,96.845,96.451,9376000.0,0.0,2.604,12.099,12.101,16444000.0,22664000.0,95548000.0,95548000.0,0.0,0.184,0.274,1.26,0.2,916000.0,25084000.0,1.0,443919360.0,444000000,484488000.0,0.215,71376000.0,0.0,7130000.0,12000000.0,0.161,49042000.0
86,CTSH,MRT,1999-12-31,1999-12-31,1999-12-31,2021-07-29,-9000.0,69026000.0,60074250.0,56711000.0,12315000.0,1.48,0.103,-5924000.0,42641000.0,42641000.0,46161000.0,11234000.0,4.295,0.518,0.0,0.0,0.0,0.0,0.0,3037000.0,0.0,0.0,0.0,17945000.0,20982000.0,0.236,20982000.0,17945000.0,17945000.0,0.025,0.024,0.025,45461000.0,40032000.0,45461000.0,971247727.0,54.0,46.29,13522000.0,0.031,1.0,42743000.0,0.481,1513000.0,0.0,11668000.0,14338500.0,0.0,0.0,0.0,0.0,23565000.0,13204000.0,10361000.0,1004932727.0,14223000.0,0.0,0.0,0.0,0.0,699000.0,-5924000.0,0.0,19446000.0,2000.0,11234000.0,11234000.0,11234000.0,0.0,0.0,0.126,26098000.0,16645000.0,1435000.0,0.0,22.105,89.455,91.083,9474000.0,0.0,2.277,11.304,11.275,11158000.0,19203000.0,88904000.0,88904000.0,0.0,0.187,0.281,1.252,0.202,886000.0,23061000.0,1.0,441324528.0,440208000,465984000.0,0.202,67513000.0,0.0,6711000.0,10361000.0,0.153,43507000.0
87,CTSH,MRT,1999-09-30,1999-09-30,1999-09-30,2021-07-29,4000.0,61049000.0,55737500.0,48745000.0,12304000.0,1.512,0.093,-6246000.0,33685000.0,33685000.0,43472000.0,10730000.0,4.265,0.487,0.0,0.0,0.0,0.0,0.0,2770000.0,0.0,0.0,0.0,17140000.0,19910000.0,0.236,19910000.0,17140000.0,17140000.0,0.025,0.023,0.025,41062000.0,36820750.0,41062000.0,260373729.0,15.0,13.078,7181000.0,0.016,1.0,40828000.0,0.484,1592000.0,0.0,14343000.0,13541500.0,0.0,0.0,0.0,0.0,19987000.0,11429000.0,8558000.0,289732729.0,7632000.0,0.0,704000.0,-6637000.0,0.0,445000.0,-6246000.0,0.0,13427000.0,6000.0,10730000.0,10730000.0,10730000.0,0.0,0.0,0.127,24941000.0,15887000.0,1181000.0,0.0,7.056,27.002,26.358,9262000.0,0.0,0.659,3.437,3.437,13224000.0,16143000.0,84300000.0,84300000.0,0.0,0.193,0.291,1.266,0.203,0.0,22172000.0,1.0,439682928.0,439752000,460248000.0,0.192,59457000.0,0.0,6410000.0,8558000.0,0.135,37316000.0
88,CTSH,MRT,1999-06-30,1999-06-30,1999-06-30,2021-07-29,-24000.0,56373000.0,51649250.0,45064000.0,11309000.0,1.503,0.087,-5160000.0,29359000.0,29359000.0,40524000.0,9570000.0,4.363,0.478,0.0,0.0,0.0,0.0,0.0,2548000.0,0.0,0.0,0.0,15286000.0,17834000.0,0.23,17834000.0,15286000.0,15286000.0,0.022,0.021,0.022,38139000.0,34025500.0,38139000.0,213395498.0,14.0,11.966,7462000.0,0.017,1.0,37100000.0,0.478,1671000.0,0.0,15014000.0,11676500.0,0.0,0.0,0.0,0.0,18234000.0,10329000.0,7905000.0,238497498.0,7844000.0,0.0,718000.0,-6637000.0,0.0,404000.0,-5160000.0,0.0,12622000.0,-22000.0,9570000.0,9570000.0,9570000.0,0.0,0.0,0.123,22954000.0,14146000.0,1079000.0,0.0,6.253,24.921,24.678,8334000.0,0.0,0.543,3.072,3.074,13557000.0,13283000.0,77624000.0,77624000.0,0.0,0.185,0.281,1.309,0.197,0.0,20407000.0,1.0,439289328.0,439512000,459096000.0,0.177,54702000.0,0.0,5716000.0,7903000.0,0.124,34735000.0
89,CTSH,MRT,1999-03-31,1999-03-31,1999-03-31,2021-07-29,-16000.0,53849000.0,47570250.0,43727000.0,10122000.0,1.446,0.081,-4056000.0,25102000.0,25102000.0,36701000.0,8081000.0,4.099,0.518,0.0,0.0,0.0,0.0,0.0,2373000.0,0.0,0.0,0.0,12909000.0,15282000.0,0.222,15282000.0,12909000.0,12909000.0,0.02,0.019,0.02,35466000.0,31517000.0,35466000.0,225546143.0,17.0,14.759,6517000.0,0.015,1.0,32093000.0,0.467,1751000.0,0.0,16329000.0,10040500.0,0.0,0.0,0.0,0.0,18383000.0,10667000.0,7716000.0,253964143.0,22905000.0,0.0,23404000.0,-6637000.0,0.0,16402000.0,-4056000.0,0.0,10573000.0,-14000.0,8081000.0,8081000.0,8081000.0,0.0,0.0,0.117,20228000.0,11865000.0,1736000.0,0.0,7.161,31.427,28.906,6938000.0,0.0,0.578,3.692,3.691,16361000.0,10728000.0,68794000.0,68794000.0,0.0,0.17,0.256,1.286,0.188,0.0,17856000.0,1.0,439289328.0,439248000,461232000.0,0.157,52098000.0,0.0,4828000.0,7716000.0,0.119,33060000.0
90,CTSH,MRT,1998-12-31,1998-12-31,1998-12-31,2021-07-29,-11000.0,51679000.0,38971000.0,42367000.0,9312000.0,1.504,0.086,-3743000.0,28418000.0,28418000.0,31919000.0,6033000.0,3.271,0.584,0.0,0.0,0.0,0.0,0.0,2222000.0,0.0,0.0,0.0,9639000.0,11861000.0,0.202,11861000.0,9639000.0,9639000.0,0.016,0.015,0.016,32616000.0,23699500.0,32616000.0,251950157.0,26.0,21.242,9615000.0,0.025,1.0,26687000.0,0.455,1830000.0,0.0,8480000.0,8423750.0,0.0,0.0,0.0,0.0,19063000.0,12951000.0,6112000.0,278003157.0,25703000.0,0.0,23250000.0,-6637000.0,0.0,16097000.0,-3743000.0,0.0,13358000.0,-9000.0,6033000.0,6033000.0,6033000.0,0.0,0.0,0.103,17769000.0,8918000.0,1753000.0,0.0,8.524,46.08,39.557,6270000.0,0.0,0.633,4.744,4.117,12195000.0,7969000.0,58606000.0,58606000.0,0.0,0.155,0.255,1.144,0.164,0.0,15547000.0,1.0,439241328.0,381264000,396912000.0,0.154,49849000.0,0.0,3606000.0,6103000.0,0.131,29416000.0
91,CTSH,MRT,1998-09-30,1998-09-30,1998-09-30,2021-07-29,-2000.0,44696000.0,30625750.0,37144000.0,7552000.0,1.539,0.068,-3353000.0,26053000.0,26053000.0,26842000.0,4141000.0,3.771,0.496,0.0,0.0,0.0,0.0,0.0,2044000.0,0.0,0.0,0.0,6617000.0,8661000.0,0.184,8661000.0,6617000.0,6617000.0,0.011,0.011,0.011,29881000.0,16400250.0,29881000.0,119748125.0,18.0,13.826,7157000.0,0.016,1.0,20286000.0,0.43,1909000.0,0.0,6883000.0,8362250.0,0.0,0.0,0.0,0.0,14815000.0,9851000.0,4964000.0,141263125.0,23918000.0,-3418000.0,22794000.0,0.0,0.0,20181000.0,-6771000.0,0.0,10510000.0,-2000.0,4141000.0,4141000.0,4141000.0,0.0,0.0,0.088,14104000.0,6182000.0,1058000.0,0.0,4.728,34.113,29.356,5490000.0,0.0,0.323,2.997,3.0,8478000.0,5414000.0,47128000.0,47128000.0,0.0,0.135,0.252,0.791,0.14,0.0,12061000.0,1.0,437460000.0,437808000,452016000.0,0.108,42787000.0,0.0,2476000.0,4816000.0,0.098,27293000.0
92,CTSH,MRT,1998-06-30,1998-06-30,1998-06-30,2021-07-29,0.0,40057000.0,,32471000.0,7586000.0,,0.084,-3583000.0,21515000.0,21515000.0,22063000.0,2655000.0,4.017,0.425,0.0,0.0,0.0,0.0,0.0,1772000.0,0.0,0.0,0.0,4227000.0,5999000.0,0.158,5999000.0,4227000.0,4227000.0,0.008,0.008,0.008,28105000.0,,28105000.0,107714825.0,25.0,17.955,3496000.0,0.01,1.0,16011000.0,0.421,1988000.0,0.0,8470000.0,,0.0,0.0,0.0,0.0,11952000.0,8084000.0,3868000.0,109911825.0,20864000.0,-3418000.0,22532000.0,0.0,0.0,20788000.0,-7001000.0,0.0,7079000.0,-2000.0,2655000.0,2655000.0,2655000.0,0.0,0.0,0.07,11671000.0,4340000.0,942000.0,0.0,3.911,41.398,31.406,5427000.0,0.0,0.251,2.887,2.199,8881000.0,3714000.0,38074000.0,38074000.0,0.0,,,,0.111,0.0,9900000.0,1.0,437460000.0,333264000,344304000.0,0.114,38069000.0,0.0,1572000.0,3845000.0,0.114,24387000.0
93,CTSH,MRT,1998-03-31,1998-03-31,1998-03-31,2021-07-29,1000.0,19452000.0,,12247000.0,7205000.0,,0.013,-3724000.0,2197000.0,2197000.0,17881000.0,1696000.0,2.3,3.531,0.0,0.0,0.0,0.0,0.0,1557000.0,0.0,,0.0,2685000.0,4242000.0,0.138,4242000.0,2685000.0,2685000.0,0.005,0.005,0.005,4196000.0,,4196000.0,,,,-2276000.0,-0.007,1.0,12844000.0,0.418,2068000.0,0.0,9862000.0,,0.0,0.0,0.0,0.0,14818000.0,5325000.0,9493000.0,,30000.0,-3418000.0,-58000.0,0.0,0.0,5726000.0,-7142000.0,0.0,1448000.0,-2000.0,1696000.0,1696000.0,1696000.0,0.0,0.0,0.055,9756000.0,3088000.0,7769000.0,0.0,,,,5080000.0,0.0,,,,7763000.0,2648000.0,30725000.0,30725000.0,0.0,,,,0.087,0.0,8200000.0,1.0,437460000.0,317472000,327264000.0,0.097,17384000.0,0.0,989000.0,3019000.0,0.055,6922000.0
94,CTSH,MRT,1997-12-31,1997-12-31,1997-12-31,2021-07-29,-2000.0,18298000.0,13062500.0,10896000.0,7402000.0,1.894,0.011,-3025000.0,2715000.0,2715000.0,14359000.0,1028000.0,2.095,4.224,0.0,0.0,0.0,0.0,0.0,1358000.0,0.0,,0.0,1609000.0,2967000.0,0.12,2967000.0,1609000.0,1609000.0,0.003,0.003,0.003,3419000.0,3112500.0,3419000.0,,,,-1369000.0,-0.004,1.0,10385000.0,0.42,2147000.0,0.0,8234000.0,6163500.0,0.0,0.0,0.0,0.0,14441000.0,5202000.0,9239000.0,,905000.0,-3418000.0,0.0,0.0,0.0,5694000.0,-6443000.0,0.0,1656000.0,-2000.0,1028000.0,1028000.0,1028000.0,0.0,0.0,0.042,8256000.0,2129000.0,8189000.0,0.0,,,,4453000.0,0.0,,,,7613000.0,1936000.0,24744000.0,24744000.0,0.0,0.079,0.33,0.261,0.065,0.0,6898000.0,1.0,,314256000,317040000.0,0.079,16151000.0,0.0,581000.0,2593000.0,0.051,5694000.0
95,CTSH,MRT,1997-09-30,1997-09-30,1997-09-30,2021-07-29,,,,,,,,,,,,,,,,,,,,,,,0.0,,,,,,,,,,,,,,,,,,1.0,,,,,,,,,,,,,,,,,,,,,,,,,,,,,,,,,,,,,,,,,,,,,,,,,,,,,,1.0,,314256000,,,,,,,,
96,CTSH,MRT,1997-06-30,1997-06-30,1997-06-30,2021-07-29,,,,,,,,,,,,,,,,,,,,,,,0.0,,,,,,,,,,,,,,,,,,1.0,,,,,,,,,,,,,,,,,,,,,,,,,,,,,,,,,,,,,,,,,,,,,,,,,,,,,,1.0,,312000000,,,,,,,,
97,CTSH,MRT,1997-03-31,1997-03-31,1997-03-31,2021-07-29,,,,,,,,,,,,,,,,,,,,,,,0.0,,,,,,,,,,,,,,,,,,1.0,,,,,,,,,,,,,,,,,,,,,,,,,,,,,,,,,,,,,,,,,,,,,,,,,,,,,,1.0,,312000000,,,,,,,,
98,CTSH,MRT,1996-12-31,1996-12-31,1996-12-31,2021-07-29,0.0,7827000.0,,4705000.0,3122000.0,,0.009,-1329000.0,1810000.0,1810000.0,6020000.0,642000.0,2.445,1.789,0.0,0.0,0.0,0.0,0.0,819000.0,0.0,,0.0,983000.0,1802000.0,0.15,1802000.0,983000.0,983000.0,0.002,0.002,0.002,2806000.0,,2806000.0,,,,553000.0,0.002,1.0,6012000.0,0.5,0.0,0.0,4093000.0,,0.0,0.0,0.0,0.0,5021000.0,1924000.0,3097000.0,,1265000.0,0.0,0.0,0.0,0.0,712000.0,-1329000.0,0.0,1882000.0,0.0,642000.0,642000.0,642000.0,0.0,0.0,0.053,4546000.0,1466000.0,1677000.0,0.0,,,,2711000.0,0.0,,,,2709000.0,908000.0,12032000.0,12032000.0,0.0,,,,0.082,0.0,3727000.0,1.0,,312000000,312000000.0,0.039,7827000.0,0.0,341000.0,940000.0,0.025,2781000.0
99,CTSH,MRT,1995-12-31,1995-12-31,1995-12-31,2021-07-29,,,,,,,,-1737000.0,,,3567000.0,461000.0,,,,,,,,376000.0,,,0.0,708000.0,1084000.0,0.151,1084000.0,708000.0,708000.0,0.001,0.001,0.001,,,,,,,-689000.0,-0.002,1.0,3608000.0,0.503,,0.0,,,,,,,,,,,371000.0,0.0,0.0,0.0,0.0,1060000.0,-1737000.0,0.0,1048000.0,0.0,461000.0,461000.0,461000.0,0.0,0.0,0.064,2589000.0,1019000.0,,0.0,,,,,0.0,,,,,,7175000.0,7175000.0,0.0,,,,0.099,0.0,2213000.0,1.0,,312000000,312000000.0,0.023,,,247000.0,,,
