None,ticker,dimension,calendardate,datekey,reportperiod,lastupdated,accoci,assets,assetsavg,assetsc,assetsnc,assetturnover,bvps,capex,cashneq,cashnequsd,cor,consolinc,currentratio,de,debt,debtc,debtnc,debtusd,deferredrev,depamor,deposits,divyield,dps,ebit,ebitda,ebitdamargin,ebitdausd,ebitusd,ebt,eps,epsdil,epsusd,equity,equityavg,equityusd,ev,evebit,evebitda,fcf,fcfps,fxusd,gp,grossmargin,intangibles,intexp,invcap,invcapavg,inventory,investments,investmentsc,investmentsnc,liabilities,liabilitiesc,liabilitiesnc,marketcap,ncf,ncfbus,ncfcommon,ncfdebt,ncfdiv,ncff,ncfi,ncfinv,ncfo,ncfx,netinc,netinccmn,netinccmnusd,netincdis,netincnci,netmargin,opex,opinc,payables,payoutratio,pb,pe,pe1,ppnenet,prefdivis,price,ps,ps1,receivables,retearn,revenue,revenueusd,rnd,roa,roe,roic,ros,sbcomp,sgna,sharefactor,sharesbas,shareswa,shareswadil,sps,tangibles,taxassets,taxexp,taxliabilities,tbvps,workingcapital
0,KMI,MRY,2020-12-31,2020-12-31,2020-12-31,2021-10-22,-407000000.0,71973000000.0,72277000000.0,3203000000.0,68770000000.0,0.162,13.891,-638000000.0,1184000000.0,1184000000.0,5398000000.0,180000000.0,0.631,1.254,34689000000.0,2558000000.0,32131000000.0,34689000000.0,0.0,2164000000.0,0.0,0.076,1.038,2195000000.0,4359000000.0,0.373,4359000000.0,2195000000.0,600000000.0,0.05,0.05,0.05,31436000000.0,31963500000.0,31436000000.0,65031062927.0,30.0,14.919,3912000000.0,1.729,1.0,6302000000.0,0.539,22304000000.0,1595000000.0,78100000000.0,78598500000.0,348000000.0,7917000000.0,0.0,7917000000.0,39407000000.0,5074000000.0,34333000000.0,30946062927.0,1000000000.0,-16000000.0,-50000000.0,-133000000.0,-2362000000.0,-2638000000.0,-911000000.0,-232000000.0,4550000000.0,-1000000.0,119000000.0,119000000.0,119000000.0,0.0,61000000.0,0.01,4742000000.0,1560000000.0,837000000.0,20.76,0.984,260.051,273.4,35836000000.0,0.0,13.67,2.645,2.644,1293000000.0,-9936000000.0,11700000000.0,11700000000.0,0.0,0.002,0.004,0.028,0.188,0.0,648000000.0,1.0,2263793923.0,2263000000.0,2263000000.0,5.17,49669000000.0,536000000.0,481000000.0,267000000.0,21.948,-1871000000.0
1,KMI,MRY,2019-12-31,2019-12-31,2019-12-31,2021-10-22,-333000000.0,74157000000.0,76018750000.0,3238000000.0,70919000000.0,0.174,14.904,-2160000000.0,185000000.0,185000000.0,6280000000.0,2239000000.0,0.635,1.164,34392000000.0,2477000000.0,31915000000.0,34392000000.0,0.0,2411000000.0,0.0,0.045,0.95,4917000000.0,7328000000.0,0.555,7328000000.0,4917000000.0,3116000000.0,0.96,0.96,0.96,33742000000.0,33656250000.0,33742000000.0,84225318301.0,17.0,11.494,2588000000.0,1.143,1.0,6929000000.0,0.525,24127000000.0,1801000000.0,79137000000.0,81265500000.0,371000000.0,8684000000.0,925000000.0,7759000000.0,39268000000.0,5100000000.0,34168000000.0,47949318301.0,-3122000000.0,1420000000.0,-2000000.0,-3198000000.0,-2163000000.0,-6185000000.0,-1714000000.0,-966000000.0,4748000000.0,29000000.0,2190000000.0,2190000000.0,2190000000.0,0.0,49000000.0,0.166,2056000000.0,4873000000.0,914000000.0,0.99,1.421,21.895,22.052,36419000000.0,0.0,21.17,3.63,3.629,1379000000.0,-7693000000.0,13209000000.0,13209000000.0,0.0,0.029,0.065,0.061,0.372,0.0,590000000.0,1.0,2264965437.0,2264000000.0,2264000000.0,5.834,50030000000.0,857000000.0,926000000.0,364000000.0,22.098,-1862000000.0
2,KMI,MRY,2018-12-31,2018-12-31,2018-12-31,2021-10-22,-330000000.0,78866000000.0,78813750000.0,5722000000.0,73144000000.0,0.179,15.198,-2800000000.0,3280000000.0,3280000000.0,7288000000.0,1919000000.0,0.757,1.297,37324000000.0,3388000000.0,33936000000.0,37324000000.0,0.0,2297000000.0,0.0,0.047,0.725,4113000000.0,6410000000.0,0.453,6410000000.0,4113000000.0,2196000000.0,0.66,0.66,0.66,33678000000.0,33466750000.0,33678000000.0,68089941254.0,17.0,10.622,2243000000.0,1.012,1.0,6856000000.0,0.485,24845000000.0,1917000000.0,80508000000.0,83618250000.0,385000000.0,7481000000.0,0.0,7481000000.0,43669000000.0,7557000000.0,36112000000.0,33943941254.0,3005000000.0,2959000000.0,-273000000.0,118000000.0,-1618000000.0,-1824000000.0,-68000000.0,-196000000.0,5043000000.0,-146000000.0,1609000000.0,1481000000.0,1481000000.0,0.0,310000000.0,0.105,3062000000.0,3794000000.0,1337000000.0,1.098,1.008,22.92,23.303,37897000000.0,128000000.0,15.38,2.4,2.41,1498000000.0,-7716000000.0,14144000000.0,14144000000.0,0.0,0.019,0.044,0.049,0.291,0.0,601000000.0,1.0,2207018287.0,2216000000.0,2216000000.0,6.383,54021000000.0,1566000000.0,587000000.0,483000000.0,24.378,-1835000000.0
3,KMI,MRY,2017-12-31,2017-12-31,2017-12-31,2021-10-22,-541000000.0,79055000000.0,79850500000.0,2715000000.0,76340000000.0,0.172,15.083,-3070000000.0,264000000.0,264000000.0,7215000000.0,223000000.0,0.439,1.306,37843000000.0,2828000000.0,35015000000.0,37843000000.0,0.0,2261000000.0,0.0,0.028,0.5,3953000000.0,6214000000.0,0.453,6214000000.0,3953000000.0,2121000000.0,0.01,0.01,0.01,33636000000.0,34663750000.0,33636000000.0,78087639102.0,20.0,12.566,1531000000.0,0.687,1.0,6490000000.0,0.474,25261000000.0,1832000000.0,85192000000.0,86203250000.0,424000000.0,7298000000.0,0.0,7298000000.0,43931000000.0,6181000000.0,37750000000.0,40354639102.0,-461000000.0,-4000000.0,-250000000.0,-2266000000.0,-1120000000.0,-1681000000.0,-3403000000.0,-333000000.0,4601000000.0,22000000.0,183000000.0,27000000.0,27000000.0,0.0,40000000.0,0.002,2961000000.0,3529000000.0,1340000000.0,50.0,1.2,1494.616,1807.0,40155000000.0,156000000.0,18.07,2.945,2.94,1448000000.0,-7754000000.0,13705000000.0,13705000000.0,0.0,0.0,0.001,0.046,0.288,0.0,688000000.0,1.0,2233239574.0,2230000000.0,2230000000.0,6.146,53794000000.0,2209000000.0,1938000000.0,256000000.0,24.123,-3466000000.0
4,KMI,MRY,2016-12-31,2016-12-31,2016-12-31,2021-10-22,-661000000.0,80305000000.0,82613750000.0,3229000000.0,77076000000.0,0.158,15.44,-2552000000.0,684000000.0,684000000.0,6222000000.0,721000000.0,0.545,1.322,40050000000.0,2696000000.0,37354000000.0,40050000000.0,0.0,2209000000.0,0.0,0.024,0.5,3431000000.0,5640000000.0,0.432,5640000000.0,3431000000.0,1625000000.0,0.25,0.25,0.25,34431000000.0,34832000000.0,34431000000.0,87337264115.0,25.0,15.485,2206000000.0,0.989,1.0,6836000000.0,0.524,25470000000.0,1806000000.0,88277000000.0,92378000000.0,357000000.0,7027000000.0,0.0,7027000000.0,45503000000.0,5924000000.0,39579000000.0,46232264115.0,498000000.0,1103000000.0,0.0,-1450000000.0,-1118000000.0,-2637000000.0,-1625000000.0,-177000000.0,4758000000.0,2000000.0,708000000.0,552000000.0,552000000.0,0.0,13000000.0,0.042,3298000000.0,3538000000.0,1257000000.0,2.0,1.343,83.754,82.84,38705000000.0,156000000.0,20.71,3.541,3.537,1370000000.0,-6669000000.0,13058000000.0,13058000000.0,0.0,0.007,0.016,0.037,0.263,0.0,703000000.0,1.0,2232364274.0,2230000000.0,2230000000.0,5.856,54835000000.0,4532000000.0,917000000.0,0.0,24.59,-2695000000.0
5,KMI,MRY,2015-12-31,2015-12-31,2015-12-31,2021-10-22,-461000000.0,84104000000.0,85388750000.0,2824000000.0,81280000000.0,0.169,16.058,-3857000000.0,229000000.0,229000000.0,6891000000.0,208000000.0,0.695,1.387,43227000000.0,821000000.0,42406000000.0,43227000000.0,0.0,2309000000.0,0.0,0.129,1.93,2868000000.0,5177000000.0,0.359,5177000000.0,2868000000.0,817000000.0,0.1,0.1,0.1,35119000000.0,35208500000.0,35119000000.0,77748199249.0,27.0,15.018,1456000000.0,0.666,1.0,7512000000.0,0.522,27341000000.0,2051000000.0,95696000000.0,95408750000.0,407000000.0,6040000000.0,0.0,6040000000.0,48701000000.0,4065000000.0,44636000000.0,33294199249.0,-86000000.0,-2079000000.0,3858000000.0,-824000000.0,-4224000000.0,317000000.0,-5706000000.0,132000000.0,5313000000.0,-10000000.0,253000000.0,227000000.0,227000000.0,0.0,-45000000.0,0.016,5065000000.0,2447000000.0,1192000000.0,19.3,0.948,146.67,149.2,40547000000.0,26000000.0,14.92,2.312,2.266,1315000000.0,-6103000000.0,14403000000.0,14403000000.0,0.0,0.003,0.006,0.03,0.199,0.0,690000000.0,1.0,2231514695.0,2187000000.0,2193000000.0,6.586,56763000000.0,5363000000.0,564000000.0,0.0,25.955,-1241000000.0
6,KMI,MRY,2014-12-31,2014-12-31,2014-12-31,2021-10-22,-17000000.0,83049000000.0,78146250000.0,3752000000.0,79297000000.0,0.208,29.97,-3612000000.0,315000000.0,315000000.0,8853000000.0,2443000000.0,0.59,1.427,42814000000.0,2717000000.0,40097000000.0,42814000000.0,0.0,2040000000.0,0.0,0.04,1.7,3472000000.0,5512000000.0,0.34,5512000000.0,3472000000.0,1674000000.0,0.89,0.89,0.89,34076000000.0,18010250000.0,34076000000.0,80975390187.0,23.0,14.691,855000000.0,0.752,1.0,7373000000.0,0.454,26956000000.0,1798000000.0,92230000000.0,83277750000.0,459000000.0,6036000000.0,0.0,6036000000.0,48623000000.0,6362000000.0,42261000000.0,43504390187.0,-283000000.0,-1388000000.0,-192000000.0,6683000000.0,-1760000000.0,471000000.0,-5210000000.0,-207000000.0,4467000000.0,-11000000.0,1026000000.0,1026000000.0,1026000000.0,0.0,1417000000.0,0.063,2925000000.0,4448000000.0,1588000000.0,1.91,1.277,42.402,47.539,38564000000.0,0.0,42.31,2.681,2.965,1641000000.0,-2106000000.0,16226000000.0,16226000000.0,0.0,0.013,0.057,0.042,0.214,0.0,610000000.0,1.0,1028229501.0,1137000000.0,1137000000.0,14.271,56093000000.0,5707000000.0,648000000.0,0.0,49.334,-2610000000.0
7,KMI,MRY,2013-12-31,2013-12-31,2013-12-31,2021-10-22,-24000000.0,75185000000.0,73047000000.0,3868000000.0,71317000000.0,0.193,12.638,-3369000000.0,598000000.0,598000000.0,7760000000.0,2692000000.0,0.637,3.582,36193000000.0,2306000000.0,33887000000.0,36193000000.0,0.0,1806000000.0,0.0,0.043,1.56,3610000000.0,5416000000.0,0.385,5416000000.0,3610000000.0,1935000000.0,1.15,1.15,1.15,13093000000.0,13421750000.0,13093000000.0,72485591216.0,20.0,13.384,753000000.0,0.727,1.0,6310000000.0,0.448,26942000000.0,1675000000.0,77763000000.0,74944500000.0,430000000.0,5951000000.0,0.0,5951000000.0,46900000000.0,6075000000.0,40825000000.0,37290591216.0,-116000000.0,198000000.0,-637000000.0,1150000000.0,-1622000000.0,-1095000000.0,-3122000000.0,-32000000.0,4122000000.0,-21000000.0,1193000000.0,1193000000.0,1193000000.0,0.0,1499000000.0,0.085,2320000000.0,3990000000.0,1676000000.0,1.357,2.848,31.258,31.304,35847000000.0,0.0,36.0,2.65,2.651,1721000000.0,-1372000000.0,14070000000.0,14070000000.0,0.0,0.016,0.089,0.048,0.257,0.0,613000000.0,1.0,1035849756.0,1036000000.0,1036000000.0,13.581,48243000000.0,567000000.0,742000000.0,4651000000.0,46.567,-2207000000.0
8,KMI,MRY,2012-12-31,2012-12-31,2012-12-31,2021-10-22,-118000000.0,68245000000.0,59560750000.0,3674000000.0,64571000000.0,0.167,30.078,-1868000000.0,714000000.0,714000000.0,5045000000.0,427000000.0,0.703,3.184,34401000000.0,2401000000.0,32000000000.0,34401000000.0,0.0,1426000000.0,0.0,0.028,0.98,1853000000.0,3279000000.0,0.329,3279000000.0,1853000000.0,454000000.0,0.35,0.35,0.35,13866000000.0,11337000000.0,13866000000.0,74028686934.0,40.0,22.577,940000000.0,2.039,1.0,4928000000.0,0.494,24803000000.0,1399000000.0,71901000000.0,64740000000.0,374000000.0,5804000000.0,0.0,5804000000.0,44145000000.0,5228000000.0,38917000000.0,38313686934.0,303000000.0,-3262000000.0,-157000000.0,3282000000.0,-1184000000.0,2584000000.0,-5097000000.0,8000000.0,2808000000.0,8000000.0,315000000.0,315000000.0,315000000.0,777000000.0,112000000.0,0.032,2335000000.0,2593000000.0,1248000000.0,2.8,2.763,121.631,100.943,30996000000.0,0.0,35.33,3.842,1.633,1333000000.0,-943000000.0,9973000000.0,9973000000.0,0.0,0.005,0.028,0.029,0.186,87000000.0,929000000.0,1.0,1084451937.0,461000000.0,908000000.0,21.633,43442000000.0,539000000.0,139000000.0,4071000000.0,94.234,-1554000000.0
9,KMI,MRY,2011-12-31,2011-12-31,2011-12-31,2021-10-22,-115000000.0,30717000000.0,29562700000.0,1663000000.0,29054000000.0,0.269,28.144,-1177000000.0,411000000.0,411000000.0,4943000000.0,660000000.0,0.367,6.669,17278000000.0,2922000000.0,14356000000.0,17278000000.0,0.0,1092000000.0,0.0,0.023,0.74,1637000000.0,2729000000.0,0.344,2729000000.0,1637000000.0,955000000.0,0.74,0.74,0.74,3321000000.0,3375625000.0,3321000000.0,42720972868.0,26.0,15.654,1189000000.0,10.076,1.0,3000000000.0,0.378,6259000000.0,682000000.0,36796000000.0,36049325000.0,172000000.0,3909000000.0,0.0,3909000000.0,22149000000.0,4529000000.0,17620000000.0,26040472868.0,-91000000.0,-1179000000.0,0.0,703000000.0,-770000000.0,-57000000.0,-2392000000.0,-104000000.0,2366000000.0,-8000000.0,594000000.0,594000000.0,594000000.0,-211000000.0,66000000.0,0.075,1577000000.0,1423000000.0,728000000.0,1.0,7.841,43.839,43.473,17926000000.0,0.0,32.17,3.278,0.478,914000000.0,-3000000.0,7943000000.0,7943000000.0,0.0,0.02,0.176,0.045,0.206,0.0,515000000.0,1.0,809464497.0,118000000.0,708000000.0,67.314,24458000000.0,0.0,361000000.0,2199000000.0,207.271,-2866000000.0
10,KMI,MRY,2010-12-31,2010-12-31,2010-12-31,2021-10-22,-136500000.0,28908100000.0,28244550000.0,1786900000.0,27121200000.0,0.278,4.864,-957000000.0,502400000.0,502400000.0,5038000000.0,300000000.0,0.49,5.923,15860500000.0,2047600000.0,13812900000.0,15860500000.0,96700000.0,1079000000.0,0.0,,0.0,793000000.0,1872000000.0,0.238,1872000000.0,793000000.0,125000000.0,,,,3439100000.0,3804800000.0,3439100000.0,,,,956000000.0,1.352,1.0,2814000000.0,0.358,5170100000.0,668000000.0,35452000000.0,34795050000.0,94200000.0,4406100000.0,0.0,4406100000.0,20369100000.0,3644100000.0,16725000000.0,,337000000.0,-288000000.0,0.0,1501000000.0,-700000000.0,710000000.0,-2288000000.0,-997000000.0,1913000000.0,2000000.0,-41000000.0,-41000000.0,-41000000.0,-236000000.0,341000000.0,-0.005,1681000000.0,1133000000.0,647500000.0,,,,,17070700000.0,0.0,,,,971400000.0,0.0,7852000000.0,7852000000.0,0.0,-0.001,-0.011,0.023,0.101,0.0,631000000.0,1.0,707000000.0,707000000.0,,11.106,23738000000.0,0.0,166000000.0,2137400000.0,33.576,-1857200000.0
11,KMI,MRY,2009-12-31,2009-12-31,2009-12-31,2021-10-22,-167900000.0,27581000000.0,,1380300000.0,26200700000.0,,,-1276400000.0,165600000.0,165600000.0,4365400000.0,773100000.0,0.595,4.492,14046000000.0,805300000.0,13240700000.0,14046000000.0,76100000.0,1070200000.0,0.0,,0.0,1420700000.0,2490900000.0,0.347,2490900000.0,1420700000.0,821600000.0,,,,4170500000.0,,4170500000.0,,,,302600000.0,,1.0,2819800000.0,0.392,5004100000.0,599100000.0,34138100000.0,,115400000.0,3886200000.0,0.0,3886200000.0,18735900000.0,2319200000.0,16416700000.0,,47000000.0,-292900000.0,0.0,2175100000.0,-650000000.0,1935600000.0,-3473600000.0,-1958400000.0,1579000000.0,6000000.0,495000000.0,495000000.0,495000000.0,-300000.0,278100000.0,0.069,1412600000.0,1407200000.0,620800000.0,,,,,16803500000.0,0.0,,,,916300000.0,,7185200000.0,7185200000.0,0.0,,,,0.198,0.0,373000000.0,1.0,,,,,22576900000.0,0.0,326600000.0,2094200000.0,,-938900000.0
12,KMI,MRY,2008-12-31,2008-12-31,2008-12-31,2021-10-22,,,,,,,,-2434200000.0,,,9253400000.0,-3203200000.0,,,,,,,,918400000.0,,,0.0,-2619200000.0,-1700800000.0,-0.141,-1700800000.0,-2619200000.0,-3295000000.0,,,,,,,,,,-1037400000.0,,1.0,2841400000.0,0.235,,675800000.0,,,,,,,,,,,,5958100000.0,,,,,3210000000.0,-268100000.0,1396800000.0,,-3599300000.0,-3599300000.0,-3599300000.0,900000.0,396100000.0,-0.298,5313500000.0,-2472100000.0,,,,,,,0.0,,,,,,12094800000.0,12094800000.0,0.0,,,,-0.217,0.0,352500000.0,1.0,,,,,,,304300000.0,,,
0,KMI,MRQ,2021-09-30,2021-09-30,2021-09-30,2021-10-22,-642000000.0,69640000000.0,,2686000000.0,66954000000.0,,13.477,-349000000.0,102000000.0,102000000.0,2279000000.0,511000000.0,0.461,1.243,32824000000.0,2822000000.0,30002000000.0,32824000000.0,0.0,526000000.0,0.0,0.064,0.27,997000000.0,1523000000.0,0.398,1523000000.0,997000000.0,629000000.0,0.22,0.22,0.22,30552000000.0,,30552000000.0,69813892934.0,19.0,12.027,780000000.0,0.344,1.0,1545000000.0,0.404,21777000000.0,368000000.0,74760000000.0,,457000000.0,7620000000.0,0.0,7620000000.0,37987000000.0,5825000000.0,32162000000.0,37918892934.0,-1690000000.0,-1518000000.0,0.0,-354000000.0,-616000000.0,-1019000000.0,-1800000000.0,67000000.0,1129000000.0,0.0,495000000.0,495000000.0,495000000.0,0.0,16000000.0,0.129,701000000.0,844000000.0,1189000000.0,1.227,1.241,21.619,21.727,35576000000.0,0.0,16.73,2.478,2.479,1433000000.0,-10617000000.0,3824000000.0,3824000000.0,0.0,,,,,0.0,174000000.0,1.0,2266520797.0,2267000000.0,2267000000.0,1.687,47863000000.0,303000000.0,134000000.0,284000000.0,21.113,-3139000000.0
1,KMI,MRQ,2021-06-30,2021-06-30,2021-06-30,2021-10-22,-609000000.0,70175000000.0,,4283000000.0,65892000000.0,,13.559,-278000000.0,1365000000.0,1365000000.0,1626000000.0,-740000000.0,0.847,1.249,33260000000.0,2183000000.0,31077000000.0,33260000000.0,0.0,528000000.0,0.0,0.058,0.27,-617000000.0,-89000000.0,-0.028,-89000000.0,-617000000.0,-994000000.0,-0.34,-0.34,-0.34,30711000000.0,,30711000000.0,73140340488.0,20.0,12.613,1160000000.0,0.512,1.0,1524000000.0,0.484,21436000000.0,377000000.0,75575000000.0,,396000000.0,7650000000.0,0.0,7650000000.0,38352000000.0,5059000000.0,33293000000.0,41283340488.0,546000000.0,0.0,0.0,-7000000.0,-615000000.0,-651000000.0,-241000000.0,26000000.0,1438000000.0,0.0,-757000000.0,-757000000.0,-757000000.0,0.0,17000000.0,-0.24,2288000000.0,-764000000.0,949000000.0,-0.794,1.344,24.086,24.307,34570000000.0,0.0,18.23,2.868,2.868,1416000000.0,-10496000000.0,3150000000.0,3150000000.0,0.0,,,,,0.0,160000000.0,1.0,2264582583.0,2265000000.0,2265000000.0,1.391,48739000000.0,492000000.0,-237000000.0,217000000.0,21.518,-776000000.0
2,KMI,MRQ,2021-03-31,2021-03-31,2021-03-31,2021-10-22,-487000000.0,71208000000.0,,3734000000.0,67474000000.0,,14.217,-267000000.0,1377000000.0,1377000000.0,2633000000.0,1425000000.0,0.809,1.177,33234000000.0,2173000000.0,31061000000.0,33234000000.0,0.0,541000000.0,0.0,0.063,0.263,2137000000.0,2678000000.0,0.514,2678000000.0,2137000000.0,1760000000.0,0.62,0.62,0.62,32187000000.0,,32187000000.0,71208096163.0,17.0,11.335,1606000000.0,0.709,1.0,2578000000.0,0.495,22247000000.0,377000000.0,76200000000.0,,389000000.0,7693000000.0,0.0,7693000000.0,37900000000.0,4618000000.0,33282000000.0,37703096163.0,214000000.0,0.0,0.0,-1168000000.0,-597000000.0,-1789000000.0,130000000.0,409000000.0,1873000000.0,0.0,1409000000.0,1409000000.0,1409000000.0,0.0,16000000.0,0.27,692000000.0,1886000000.0,968000000.0,0.424,1.171,20.558,20.556,35605000000.0,0.0,16.65,2.731,2.731,1425000000.0,-9124000000.0,5211000000.0,5211000000.0,0.0,,,,,0.0,156000000.0,1.0,2264450220.0,2264000000.0,2264000000.0,2.302,48961000000.0,213000000.0,351000000.0,205000000.0,21.626,-884000000.0
3,KMI,MRQ,2020-12-31,2020-12-31,2020-12-31,2021-10-22,-407000000.0,71973000000.0,,3203000000.0,68770000000.0,,13.891,713000000.0,1184000000.0,1184000000.0,1475000000.0,623000000.0,0.631,1.254,34689000000.0,2558000000.0,32131000000.0,34689000000.0,0.0,528000000.0,0.0,0.076,0.263,1165000000.0,1693000000.0,0.543,1693000000.0,1165000000.0,784000000.0,0.27,0.27,0.27,31436000000.0,,31436000000.0,65031062927.0,30.0,14.919,1981000000.0,0.875,1.0,1640000000.0,0.526,22304000000.0,381000000.0,78100000000.0,,348000000.0,7917000000.0,0.0,7917000000.0,39407000000.0,5074000000.0,34333000000.0,30946062927.0,510000000.0,-923000000.0,0.0,-7000000.0,-598000000.0,-625000000.0,-135000000.0,28000000.0,1268000000.0,2000000.0,607000000.0,607000000.0,607000000.0,0.0,16000000.0,0.195,660000000.0,980000000.0,837000000.0,0.974,0.984,260.051,273.4,35836000000.0,0.0,13.67,2.645,2.644,1293000000.0,-9936000000.0,3115000000.0,3115000000.0,0.0,,,,,0.0,187000000.0,1.0,2263793923.0,2263000000.0,2263000000.0,1.376,49669000000.0,536000000.0,177000000.0,267000000.0,21.948,-1871000000.0
4,KMI,MRQ,2020-09-30,2020-09-30,2020-09-30,2021-10-22,-255000000.0,71821000000.0,,2672000000.0,69149000000.0,,13.946,-388000000.0,632000000.0,632000000.0,1398000000.0,472000000.0,0.611,1.24,34717000000.0,2057000000.0,32660000000.0,34717000000.0,0.0,539000000.0,0.0,0.083,0.263,978000000.0,1517000000.0,0.52,1517000000.0,978000000.0,595000000.0,0.2,0.2,0.2,31559000000.0,,31559000000.0,61830394996.0,24.0,12.791,662000000.0,0.293,1.0,1521000000.0,0.521,22361000000.0,383000000.0,79169000000.0,,317000000.0,8014000000.0,0.0,8014000000.0,39129000000.0,4376000000.0,34753000000.0,27909394996.0,153000000.0,-16000000.0,0.0,270000000.0,-598000000.0,-364000000.0,-535000000.0,-121000000.0,1050000000.0,2000000.0,455000000.0,455000000.0,455000000.0,0.0,17000000.0,0.156,702000000.0,819000000.0,774000000.0,1.315,0.884,228.766,246.6,35958000000.0,0.0,12.33,2.338,2.338,1142000000.0,-9945000000.0,2919000000.0,2919000000.0,0.0,,,,,0.0,153000000.0,1.0,2263535685.0,2263000000.0,2263000000.0,1.29,49460000000.0,671000000.0,140000000.0,335000000.0,21.856,-1704000000.0
5,KMI,MRQ,2020-06-30,2020-06-30,2020-06-30,2021-10-22,-199000000.0,71784000000.0,,2490000000.0,69294000000.0,,14.044,-523000000.0,526000000.0,526000000.0,1150000000.0,-624000000.0,0.479,1.225,34447000000.0,3006000000.0,31441000000.0,34447000000.0,0.0,532000000.0,0.0,0.067,0.263,-138000000.0,394000000.0,0.154,394000000.0,-138000000.0,-533000000.0,-0.28,-0.28,-0.28,31753000000.0,,31753000000.0,68891759155.0,26.0,13.781,816000000.0,0.361,1.0,1410000000.0,0.551,22418000000.0,395000000.0,78085000000.0,,336000000.0,7892000000.0,0.0,7892000000.0,38892000000.0,5202000000.0,33690000000.0,34306759155.0,-396000000.0,0.0,0.0,-545000000.0,-597000000.0,-1162000000.0,-576000000.0,-29000000.0,1339000000.0,3000000.0,-637000000.0,-637000000.0,-637000000.0,0.0,13000000.0,-0.249,1692000000.0,-282000000.0,698000000.0,-0.939,1.08,198.305,216.714,36027000000.0,0.0,15.17,2.805,2.804,1073000000.0,-9802000000.0,2560000000.0,2560000000.0,0.0,,,,,0.0,155000000.0,1.0,2261487090.0,2261000000.0,2261000000.0,1.132,49366000000.0,790000000.0,104000000.0,335000000.0,21.834,-2712000000.0
6,KMI,MRQ,2020-03-31,2020-03-31,2020-03-31,2021-10-22,-62000000.0,73530000000.0,,3096000000.0,70434000000.0,,14.623,-440000000.0,360000000.0,360000000.0,1375000000.0,-291000000.0,0.552,1.186,34945000000.0,3540000000.0,31405000000.0,34945000000.0,0.0,565000000.0,0.0,0.072,0.25,190000000.0,755000000.0,0.243,755000000.0,190000000.0,-246000000.0,-0.14,-0.14,-0.14,33106000000.0,,33106000000.0,65736683349.0,17.0,10.431,453000000.0,0.2,1.0,1731000000.0,0.557,23467000000.0,436000000.0,79040000000.0,,307000000.0,7886000000.0,0.0,7886000000.0,39273000000.0,5608000000.0,33665000000.0,31529683349.0,733000000.0,0.0,-50000000.0,149000000.0,-569000000.0,-487000000.0,335000000.0,797000000.0,893000000.0,-8000000.0,-306000000.0,-306000000.0,-306000000.0,0.0,15000000.0,-0.099,1688000000.0,43000000.0,752000000.0,-1.786,0.952,23.742,24.0,36041000000.0,0.0,13.92,2.447,2.446,1186000000.0,-8568000000.0,3106000000.0,3106000000.0,0.0,,,,,0.0,153000000.0,1.0,2265063459.0,2264000000.0,2264000000.0,1.372,50063000000.0,845000000.0,60000000.0,295000000.0,22.113,-2512000000.0
7,KMI,MRQ,2019-12-31,2019-12-31,2019-12-31,2021-10-22,-333000000.0,74157000000.0,,3238000000.0,70919000000.0,,14.884,-441000000.0,185000000.0,185000000.0,1557000000.0,627000000.0,0.635,1.164,34392000000.0,2477000000.0,31915000000.0,34392000000.0,0.0,661000000.0,0.0,0.045,0.25,1507000000.0,2168000000.0,0.647,2168000000.0,1507000000.0,1065000000.0,0.27,0.27,0.27,33742000000.0,,33742000000.0,84225318301.0,17.0,11.494,1186000000.0,0.523,1.0,1795000000.0,0.536,24127000000.0,442000000.0,79137000000.0,,371000000.0,8684000000.0,925000000.0,7759000000.0,39268000000.0,5100000000.0,34168000000.0,47949318301.0,-59000000.0,1340000000.0,0.0,-2004000000.0,-570000000.0,-2585000000.0,896000000.0,-25000000.0,1627000000.0,3000000.0,610000000.0,610000000.0,610000000.0,0.0,17000000.0,0.182,-136000000.0,1931000000.0,914000000.0,0.926,1.421,21.895,22.052,36419000000.0,0.0,21.17,3.63,3.629,1379000000.0,-7693000000.0,3352000000.0,3352000000.0,0.0,,,,,0.0,134000000.0,1.0,2264965437.0,2267000000.0,2267000000.0,1.479,50030000000.0,857000000.0,455000000.0,364000000.0,22.069,-1862000000.0
8,KMI,MRQ,2019-09-30,2019-09-30,2019-09-30,2021-10-22,-384000000.0,76931000000.0,,2365000000.0,74566000000.0,,14.856,-541000000.0,241000000.0,241000000.0,1533000000.0,517000000.0,0.346,1.239,36517000000.0,4406000000.0,32111000000.0,36517000000.0,0.0,578000000.0,0.0,0.044,0.25,1104000000.0,1682000000.0,0.523,1682000000.0,1104000000.0,657000000.0,0.22,0.22,0.22,33633000000.0,,33633000000.0,82503024059.0,18.0,11.828,482000000.0,0.213,1.0,1681000000.0,0.523,24693000000.0,447000000.0,81688000000.0,,405000000.0,8387000000.0,0.0,8387000000.0,41656000000.0,6826000000.0,34830000000.0,46657024059.0,19000000.0,0.0,0.0,392000000.0,-569000000.0,-187000000.0,-815000000.0,-260000000.0,1023000000.0,-2000000.0,506000000.0,506000000.0,506000000.0,0.0,11000000.0,0.157,730000000.0,951000000.0,916000000.0,1.136,1.387,22.616,22.9,37934000000.0,0.0,20.61,3.421,3.421,1273000000.0,-7733000000.0,3214000000.0,3214000000.0,0.0,,,,,0.0,154000000.0,1.0,2263805146.0,2264000000.0,2264000000.0,1.42,52238000000.0,1324000000.0,151000000.0,384000000.0,23.073,-4461000000.0
9,KMI,MRQ,2019-06-30,2019-06-30,2019-06-30,2021-10-22,-448000000.0,76695000000.0,,2300000000.0,74395000000.0,,14.871,-624000000.0,213000000.0,213000000.0,1526000000.0,528000000.0,0.406,1.232,36059000000.0,3054000000.0,33005000000.0,36059000000.0,0.0,579000000.0,0.0,0.041,0.25,1118000000.0,1697000000.0,0.528,1697000000.0,1118000000.0,666000000.0,0.23,0.23,0.23,33638000000.0,,33638000000.0,82875944903.0,17.0,11.411,839000000.0,0.371,1.0,1688000000.0,0.525,24746000000.0,452000000.0,82136000000.0,,450000000.0,8124000000.0,0.0,8124000000.0,41436000000.0,5659000000.0,35777000000.0,47266944903.0,-21000000.0,96000000.0,0.0,7000000.0,-569000000.0,-505000000.0,-981000000.0,-431000000.0,1463000000.0,2000000.0,518000000.0,518000000.0,518000000.0,0.0,10000000.0,0.161,715000000.0,973000000.0,900000000.0,1.087,1.405,21.008,21.091,37840000000.0,0.0,20.88,3.39,3.388,1227000000.0,-7671000000.0,3214000000.0,3214000000.0,0.0,,,,,0.0,148000000.0,1.0,2263742572.0,2262000000.0,2262000000.0,1.421,51949000000.0,1487000000.0,148000000.0,298000000.0,22.966,-3359000000.0
10,KMI,MRQ,2019-03-31,2019-03-31,2019-03-31,2021-10-22,-508000000.0,76292000000.0,,2262000000.0,74030000000.0,,14.859,-554000000.0,221000000.0,221000000.0,1664000000.0,567000000.0,0.452,1.224,35830000000.0,2502000000.0,33328000000.0,35830000000.0,0.0,593000000.0,0.0,0.04,0.2,1188000000.0,1781000000.0,0.519,1781000000.0,1188000000.0,728000000.0,0.24,0.24,0.24,33612000000.0,,33612000000.0,79339764944.0,19.0,12.27,81000000.0,0.036,1.0,1765000000.0,0.515,24791000000.0,460000000.0,82101000000.0,,429000000.0,7770000000.0,0.0,7770000000.0,41131000000.0,5009000000.0,36122000000.0,45295764944.0,-3061000000.0,-16000000.0,-2000000.0,-1593000000.0,-455000000.0,-2908000000.0,-814000000.0,-250000000.0,635000000.0,26000000.0,556000000.0,556000000.0,556000000.0,0.0,11000000.0,0.162,747000000.0,1018000000.0,1012000000.0,0.833,1.348,29.185,29.426,37782000000.0,0.0,20.01,3.2,3.198,1310000000.0,-7619000000.0,3429000000.0,3429000000.0,0.0,,,,,0.0,154000000.0,1.0,2263656419.0,2262000000.0,2262000000.0,1.516,51501000000.0,1647000000.0,172000000.0,289000000.0,22.768,-2747000000.0
11,KMI,MRQ,2018-12-31,2018-12-31,2018-12-31,2021-10-22,-330000000.0,78866000000.0,,5722000000.0,73144000000.0,,14.975,-594000000.0,3280000000.0,3280000000.0,1925000000.0,502000000.0,0.757,1.297,37324000000.0,3388000000.0,33936000000.0,37324000000.0,0.0,587000000.0,0.0,0.047,0.2,1228000000.0,1815000000.0,0.48,1815000000.0,1228000000.0,767000000.0,0.21,0.21,0.21,33678000000.0,,33678000000.0,68089941254.0,17.0,10.622,1074000000.0,0.478,1.0,1856000000.0,0.491,24845000000.0,461000000.0,80508000000.0,,385000000.0,7481000000.0,0.0,7481000000.0,43669000000.0,7557000000.0,36112000000.0,33943941254.0,-229000000.0,-24000000.0,-23000000.0,-467000000.0,-455000000.0,-971000000.0,-754000000.0,-109000000.0,1668000000.0,-172000000.0,494000000.0,483000000.0,483000000.0,0.0,8000000.0,0.128,798000000.0,1058000000.0,1337000000.0,0.952,1.008,22.92,23.303,37897000000.0,11000000.0,15.38,2.4,2.41,1498000000.0,-7716000000.0,3781000000.0,3781000000.0,0.0,,,,,0.0,110000000.0,1.0,2207018287.0,2249000000.0,2249000000.0,1.681,54021000000.0,1566000000.0,273000000.0,483000000.0,24.02,-1835000000.0
12,KMI,MRQ,2018-09-30,2018-09-30,2018-09-30,2021-10-22,-495000000.0,79063000000.0,,5766000000.0,73297000000.0,,15.187,-739000000.0,3459000000.0,3459000000.0,1867000000.0,1005000000.0,1.05,1.289,37605000000.0,2337000000.0,35268000000.0,37605000000.0,0.0,569000000.0,0.0,0.037,0.2,1401000000.0,1970000000.0,0.56,1970000000.0,1401000000.0,928000000.0,0.31,0.31,0.31,33487000000.0,,33487000000.0,76354077638.0,21.0,12.911,168000000.0,0.076,1.0,1650000000.0,0.469,24900000000.0,473000000.0,82820000000.0,,383000000.0,7432000000.0,0.0,7432000000.0,43164000000.0,5489000000.0,37675000000.0,39127077638.0,3213000000.0,2970000000.0,0.0,626000000.0,-444000000.0,157000000.0,2118000000.0,-109000000.0,907000000.0,31000000.0,732000000.0,693000000.0,693000000.0,0.0,273000000.0,0.197,135000000.0,1515000000.0,1307000000.0,0.645,1.168,-832.491,-886.5,37795000000.0,39000000.0,17.73,2.796,2.793,1384000000.0,-7744000000.0,3517000000.0,3517000000.0,0.0,,,,,0.0,154000000.0,1.0,2206828970.0,2205000000.0,2205000000.0,1.595,54163000000.0,2035000000.0,196000000.0,0.0,24.564,277000000.0
13,KMI,MRQ,2018-06-30,2018-06-30,2018-06-30,2021-10-22,-690000000.0,78315000000.0,,2634000000.0,75681000000.0,,14.989,-761000000.0,271000000.0,271000000.0,1770000000.0,-130000000.0,0.49,1.309,37498000000.0,2132000000.0,35366000000.0,37498000000.0,0.0,571000000.0,0.0,0.033,0.2,329000000.0,900000000.0,0.263,900000000.0,329000000.0,-187000000.0,-0.08,-0.08,-0.08,33035000000.0,,33035000000.0,76724282592.0,24.0,13.955,733000000.0,0.333,1.0,1658000000.0,0.484,25142000000.0,516000000.0,85021000000.0,,420000000.0,7293000000.0,0.0,7293000000.0,43240000000.0,5379000000.0,37861000000.0,38981282592.0,-16000000.0,0.0,0.0,-375000000.0,-442000000.0,-801000000.0,-707000000.0,54000000.0,1494000000.0,-2000000.0,-141000000.0,-180000000.0,-180000000.0,0.0,11000000.0,-0.053,1386000000.0,272000000.0,1269000000.0,-2.5,1.18,-96.013,-98.167,39905000000.0,39000000.0,17.67,2.833,2.83,1357000000.0,-7993000000.0,3428000000.0,3428000000.0,0.0,,,,,0.0,164000000.0,1.0,2206071454.0,2204000000.0,2204000000.0,1.555,53173000000.0,2116000000.0,-46000000.0,0.0,24.126,-2745000000.0
14,KMI,MRQ,2018-03-31,2018-03-31,2018-03-31,2021-10-22,-667000000.0,79011000000.0,,2628000000.0,76383000000.0,,15.255,-706000000.0,294000000.0,294000000.0,1726000000.0,542000000.0,0.484,1.288,38037000000.0,2494000000.0,35543000000.0,38037000000.0,0.0,570000000.0,0.0,0.033,0.125,1155000000.0,1725000000.0,0.505,1725000000.0,1155000000.0,688000000.0,0.22,0.22,0.22,33667000000.0,,33667000000.0,70802364261.0,18.0,11.365,268000000.0,0.121,1.0,1692000000.0,0.495,25201000000.0,467000000.0,86124000000.0,,442000000.0,7420000000.0,0.0,7420000000.0,43353000000.0,5429000000.0,37924000000.0,33223364261.0,37000000.0,13000000.0,-250000000.0,334000000.0,-277000000.0,-209000000.0,-725000000.0,-32000000.0,974000000.0,-3000000.0,524000000.0,485000000.0,485000000.0,0.0,18000000.0,0.142,743000000.0,949000000.0,1221000000.0,0.568,0.987,299.31,301.2,40333000000.0,39000000.0,15.06,2.425,2.426,1349000000.0,-7365000000.0,3418000000.0,3418000000.0,0.0,,,,,0.0,173000000.0,1.0,2206066684.0,2207000000.0,2207000000.0,1.549,53810000000.0,2049000000.0,164000000.0,0.0,24.382,-2801000000.0
15,KMI,MRQ,2017-12-31,2017-12-31,2017-12-31,2021-10-22,-541000000.0,79055000000.0,,2715000000.0,76340000000.0,,15.083,-957000000.0,264000000.0,264000000.0,2082000000.0,-992000000.0,0.439,1.306,37843000000.0,2828000000.0,35015000000.0,37843000000.0,0.0,564000000.0,0.0,0.028,0.125,755000000.0,1319000000.0,0.363,1319000000.0,755000000.0,310000000.0,-0.47,-0.47,-0.47,33636000000.0,,33636000000.0,78087639102.0,20.0,12.566,337000000.0,0.151,1.0,1550000000.0,0.427,25261000000.0,445000000.0,85192000000.0,,424000000.0,7298000000.0,0.0,7298000000.0,43931000000.0,6181000000.0,37750000000.0,40354639102.0,-294000000.0,0.0,-250000000.0,-333000000.0,-280000000.0,-687000000.0,-895000000.0,62000000.0,1294000000.0,-6000000.0,-1006000000.0,-1045000000.0,-1045000000.0,0.0,14000000.0,-0.288,742000000.0,808000000.0,1340000000.0,-0.266,1.2,1494.616,1807.0,40155000000.0,39000000.0,18.07,2.945,2.94,1448000000.0,-7754000000.0,3632000000.0,3632000000.0,0.0,,,,,0.0,179000000.0,1.0,2233239574.0,2230000000.0,2230000000.0,1.629,53794000000.0,2209000000.0,1316000000.0,256000000.0,24.123,-3466000000.0
16,KMI,MRQ,2017-09-30,2017-09-30,2017-09-30,2021-10-22,-469000000.0,80351000000.0,,2613000000.0,77738000000.0,,15.789,-848000000.0,539000000.0,539000000.0,1718000000.0,387000000.0,0.423,1.244,38272000000.0,3156000000.0,35116000000.0,38272000000.0,0.0,562000000.0,0.0,0.026,0.125,992000000.0,1554000000.0,0.474,1554000000.0,992000000.0,533000000.0,0.15,0.15,0.15,35225000000.0,,35225000000.0,80705299825.0,20.0,12.9,293000000.0,0.131,1.0,1563000000.0,0.476,25317000000.0,459000000.0,86593000000.0,,428000000.0,7484000000.0,0.0,7484000000.0,43827000000.0,6174000000.0,37653000000.0,42833299825.0,102000000.0,0.0,0.0,-79000000.0,-280000000.0,-159000000.0,-898000000.0,-54000000.0,1141000000.0,18000000.0,373000000.0,334000000.0,334000000.0,0.0,14000000.0,0.102,737000000.0,826000000.0,1358000000.0,0.833,1.216,34.487,34.25,39867000000.0,39000000.0,19.18,3.182,3.179,1194000000.0,-6429000000.0,3281000000.0,3281000000.0,0.0,,,,,0.0,168000000.0,1.0,2233227311.0,2231000000.0,2231000000.0,1.471,55034000000.0,3452000000.0,160000000.0,0.0,24.668,-3561000000.0
17,KMI,MRQ,2017-06-30,2017-06-30,2017-06-30,2021-10-22,-483000000.0,80203000000.0,,2726000000.0,77477000000.0,,15.762,-672000000.0,452000000.0,452000000.0,1717000000.0,383000000.0,0.428,1.252,38324000000.0,3224000000.0,35100000000.0,38324000000.0,0.0,577000000.0,0.0,0.026,0.125,1055000000.0,1632000000.0,0.485,1632000000.0,1055000000.0,592000000.0,0.15,0.15,0.15,35149000000.0,,35149000000.0,81769596307.0,22.0,13.831,608000000.0,0.273,1.0,1651000000.0,0.49,25367000000.0,463000000.0,86345000000.0,,438000000.0,7442000000.0,0.0,7442000000.0,43989000000.0,6363000000.0,37626000000.0,42773596307.0,32000000.0,0.0,0.0,-1248000000.0,-280000000.0,-297000000.0,-960000000.0,-288000000.0,1280000000.0,9000000.0,376000000.0,337000000.0,337000000.0,0.0,7000000.0,0.1,733000000.0,918000000.0,1353000000.0,0.833,1.217,62.81,61.806,39423000000.0,39000000.0,19.16,3.166,3.162,1184000000.0,-6482000000.0,3368000000.0,3368000000.0,0.0,,,,,0.0,157000000.0,1.0,2232442396.0,2230000000.0,2230000000.0,1.51,54836000000.0,3788000000.0,216000000.0,0.0,24.59,-3637000000.0
18,KMI,MRQ,2017-03-31,2017-03-31,2017-03-31,2021-10-22,-593000000.0,79793000000.0,,2675000000.0,77118000000.0,,15.536,-593000000.0,396000000.0,396000000.0,1698000000.0,445000000.0,0.4,1.293,39392000000.0,3928000000.0,35464000000.0,39392000000.0,0.0,558000000.0,0.0,0.023,0.125,1151000000.0,1709000000.0,0.499,1709000000.0,1151000000.0,686000000.0,0.18,0.18,0.18,34645000000.0,,34645000000.0,87899222621.0,24.0,14.929,293000000.0,0.131,1.0,1726000000.0,0.504,25417000000.0,465000000.0,86683000000.0,,380000000.0,7136000000.0,0.0,7136000000.0,44788000000.0,6689000000.0,38099000000.0,48533222621.0,-301000000.0,-4000000.0,0.0,-606000000.0,-280000000.0,-538000000.0,-650000000.0,-53000000.0,886000000.0,1000000.0,440000000.0,401000000.0,401000000.0,0.0,5000000.0,0.117,749000000.0,977000000.0,1214000000.0,0.694,1.401,71.689,70.129,39023000000.0,39000000.0,21.74,3.653,3.649,1263000000.0,-6540000000.0,3424000000.0,3424000000.0,0.0,,,,,0.0,184000000.0,1.0,2232438943.0,2230000000.0,2230000000.0,1.535,54376000000.0,4241000000.0,246000000.0,0.0,24.384,-4014000000.0
19,KMI,MRQ,2016-12-31,2016-12-31,2016-12-31,2021-10-22,-661000000.0,80305000000.0,,3229000000.0,77076000000.0,,15.419,-693000000.0,684000000.0,684000000.0,1700000000.0,215000000.0,0.545,1.322,40050000000.0,2696000000.0,37354000000.0,40050000000.0,0.0,557000000.0,0.0,0.024,0.125,804000000.0,1361000000.0,0.402,1361000000.0,804000000.0,382000000.0,0.08,0.08,0.08,34431000000.0,,34431000000.0,87337264115.0,25.0,15.485,562000000.0,0.252,1.0,1689000000.0,0.498,25470000000.0,422000000.0,88277000000.0,,357000000.0,7027000000.0,0.0,7027000000.0,45503000000.0,5924000000.0,39579000000.0,46232264115.0,370000000.0,34000000.0,0.0,-785000000.0,-279000000.0,-305000000.0,-578000000.0,54000000.0,1255000000.0,-2000000.0,209000000.0,170000000.0,170000000.0,0.0,6000000.0,0.05,789000000.0,900000000.0,1257000000.0,1.562,1.343,83.754,82.84,38705000000.0,39000000.0,20.71,3.541,3.537,1370000000.0,-6669000000.0,3389000000.0,3389000000.0,0.0,,,,,0.0,153000000.0,1.0,2232364274.0,2233000000.0,2233000000.0,1.518,54835000000.0,4532000000.0,173000000.0,0.0,24.557,-2695000000.0
20,KMI,MRQ,2016-09-30,2016-09-30,2016-09-30,2021-10-22,-557000000.0,81604000000.0,,3363000000.0,78241000000.0,,15.518,-609000000.0,357000000.0,357000000.0,1653000000.0,-183000000.0,0.556,1.348,41462000000.0,2944000000.0,38518000000.0,41462000000.0,0.0,549000000.0,0.0,0.038,0.125,661000000.0,1210000000.0,0.363,1210000000.0,661000000.0,189000000.0,-0.1,-0.1,-0.1,34606000000.0,,34606000000.0,95073639201.0,38.0,20.066,549000000.0,0.246,1.0,1677000000.0,0.504,25547000000.0,472000000.0,91118000000.0,,325000000.0,7358000000.0,0.0,7358000000.0,46636000000.0,6044000000.0,40592000000.0,51633639201.0,177000000.0,1402000000.0,0.0,-706000000.0,-280000000.0,-1813000000.0,833000000.0,51000000.0,1158000000.0,-1000000.0,-188000000.0,-227000000.0,-227000000.0,0.0,5000000.0,-0.068,795000000.0,882000000.0,1192000000.0,-1.25,1.492,-152.312,-144.562,38780000000.0,39000000.0,23.13,3.881,3.877,1282000000.0,-6560000000.0,3330000000.0,3330000000.0,0.0,,,,,0.0,171000000.0,1.0,2232323355.0,2230000000.0,2230000000.0,1.493,56057000000.0,4595000000.0,377000000.0,278000000.0,25.138,-2681000000.0
21,KMI,MRQ,2016-06-30,2016-06-30,2016-06-30,2021-10-22,-554000000.0,84317000000.0,,2470000000.0,81847000000.0,,15.752,-433000000.0,180000000.0,180000000.0,1465000000.0,375000000.0,0.376,1.391,43620000000.0,3419000000.0,40201000000.0,43620000000.0,0.0,552000000.0,0.0,0.067,0.125,1056000000.0,1608000000.0,0.511,1608000000.0,1056000000.0,585000000.0,0.15,0.15,0.15,35111000000.0,,35111000000.0,85406727871.0,32.0,17.153,862000000.0,0.387,1.0,1679000000.0,0.534,27242000000.0,471000000.0,93949000000.0,,361000000.0,6202000000.0,0.0,6202000000.0,48844000000.0,6566000000.0,42278000000.0,41774727871.0,5000000.0,-3000000.0,0.0,-227000000.0,-280000000.0,-554000000.0,-736000000.0,-281000000.0,1295000000.0,0.0,372000000.0,333000000.0,333000000.0,0.0,3000000.0,0.106,739000000.0,940000000.0,1087000000.0,0.833,1.19,564.523,936.0,41199000000.0,39000000.0,18.72,3.053,3.05,1278000000.0,-6053000000.0,3144000000.0,3144000000.0,0.0,,,,,0.0,189000000.0,1.0,2231555976.0,2229000000.0,2229000000.0,1.41,57075000000.0,4975000000.0,213000000.0,0.0,25.606,-4096000000.0
22,KMI,MRQ,2016-03-31,2016-03-31,2016-03-31,2021-10-22,-414000000.0,84229000000.0,,2481000000.0,81748000000.0,,15.783,-817000000.0,175000000.0,175000000.0,1404000000.0,314000000.0,0.564,1.384,43807000000.0,1702000000.0,42105000000.0,43807000000.0,0.0,551000000.0,0.0,0.09,0.125,910000000.0,1461000000.0,0.457,1461000000.0,910000000.0,469000000.0,0.12,0.12,0.12,35180000000.0,,35180000000.0,82853589731.0,32.0,16.789,233000000.0,0.105,1.0,1791000000.0,0.561,27297000000.0,441000000.0,96168000000.0,,364000000.0,6035000000.0,0.0,6035000000.0,48683000000.0,4396000000.0,44287000000.0,39855589731.0,-54000000.0,-330000000.0,0.0,268000000.0,-279000000.0,35000000.0,-1144000000.0,-1000000.0,1050000000.0,5000000.0,315000000.0,276000000.0,276000000.0,0.0,-1000000.0,0.086,975000000.0,816000000.0,1017000000.0,1.042,1.133,538.589,893.0,41042000000.0,39000000.0,17.86,2.847,2.843,1203000000.0,-6106000000.0,3195000000.0,3195000000.0,0.0,,,,,0.0,190000000.0,1.0,2231555976.0,2229000000.0,2229000000.0,1.433,56932000000.0,5103000000.0,154000000.0,0.0,25.541,-1915000000.0
23,KMI,MRQ,2015-12-31,2015-12-31,2015-12-31,2021-10-22,-461000000.0,84104000000.0,,2824000000.0,81280000000.0,,15.755,-903000000.0,229000000.0,229000000.0,1564000000.0,-736000000.0,0.695,1.387,43227000000.0,821000000.0,42406000000.0,43227000000.0,0.0,584000000.0,0.0,0.129,0.51,-125000000.0,459000000.0,0.126,459000000.0,-125000000.0,-652000000.0,-0.33,-0.33,-0.33,35119000000.0,,35119000000.0,77748199249.0,27.0,15.018,903000000.0,0.405,1.0,2072000000.0,0.57,27341000000.0,527000000.0,95696000000.0,,407000000.0,6040000000.0,0.0,6040000000.0,48701000000.0,4065000000.0,44636000000.0,33294199249.0,50000000.0,-160000000.0,25000000.0,-1192000000.0,-1140000000.0,-769000000.0,-984000000.0,20000000.0,1806000000.0,-3000000.0,-695000000.0,-721000000.0,-721000000.0,0.0,-41000000.0,-0.198,2316000000.0,-244000000.0,1192000000.0,-1.545,0.948,146.67,149.2,40547000000.0,26000000.0,14.92,2.312,2.266,1315000000.0,-6103000000.0,3636000000.0,3636000000.0,0.0,,,,,0.0,150000000.0,1.0,2231514695.0,2229000000.0,2229000000.0,1.631,56763000000.0,5363000000.0,43000000.0,0.0,25.466,-1241000000.0
24,KMI,MRQ,2015-09-30,2015-09-30,2015-09-30,2021-10-22,-328000000.0,85677000000.0,,3067000000.0,82610000000.0,,16.121,-1049000000.0,179000000.0,179000000.0,1826000000.0,183000000.0,0.495,1.403,44633000000.0,3003000000.0,41630000000.0,44633000000.0,0.0,617000000.0,0.0,0.067,0.49,834000000.0,1451000000.0,0.391,1451000000.0,834000000.0,294000000.0,0.08,0.08,0.08,35514000000.0,,35514000000.0,105062818125.0,29.0,17.904,-80000000.0,-0.036,1.0,1881000000.0,0.507,28571000000.0,540000000.0,95369000000.0,,445000000.0,5943000000.0,0.0,5943000000.0,49835000000.0,6191000000.0,43644000000.0,60672818125.0,16000000.0,0.0,1271000000.0,-156000000.0,-1078000000.0,28000000.0,-978000000.0,43000000.0,969000000.0,-3000000.0,186000000.0,186000000.0,186000000.0,0.0,-3000000.0,0.05,1160000000.0,721000000.0,1226000000.0,6.125,1.708,56.492,61.511,40608000000.0,0.0,27.68,4.122,4.143,1404000000.0,-4242000000.0,3707000000.0,3707000000.0,0.0,,,,,0.0,160000000.0,1.0,2191937071.0,2203000000.0,2203000000.0,1.683,57106000000.0,5377000000.0,108000000.0,0.0,25.922,-3124000000.0
25,KMI,MRQ,2015-06-30,2015-06-30,2015-06-30,2021-10-22,-291000000.0,85610000000.0,,2936000000.0,82674000000.0,,16.171,-1008000000.0,163000000.0,163000000.0,1791000000.0,342000000.0,0.452,1.425,44553000000.0,3154000000.0,41399000000.0,44553000000.0,0.0,570000000.0,0.0,0.047,0.48,994000000.0,1564000000.0,0.452,1564000000.0,994000000.0,522000000.0,0.15,0.15,0.15,35172000000.0,,35172000000.0,128235462772.0,34.0,21.574,274000000.0,0.126,1.0,1672000000.0,0.483,28642000000.0,472000000.0,94859000000.0,,474000000.0,6028000000.0,0.0,6028000000.0,50105000000.0,6499000000.0,43606000000.0,83235462772.0,-96000000.0,-55000000.0,936000000.0,-291000000.0,-1044000000.0,-410000000.0,-969000000.0,49000000.0,1282000000.0,1000000.0,333000000.0,333000000.0,333000000.0,0.0,9000000.0,0.096,780000000.0,892000000.0,1293000000.0,3.2,2.367,68.394,55.638,40586000000.0,0.0,38.39,5.44,5.457,1349000000.0,-3350000000.0,3463000000.0,3463000000.0,0.0,,,,,0.0,164000000.0,1.0,2168154800.0,2175000000.0,2187000000.0,1.592,56968000000.0,5465000000.0,189000000.0,0.0,26.192,-3563000000.0
26,KMI,MRQ,2015-03-31,2015-03-31,2015-03-31,2021-10-22,-193000000.0,86164000000.0,,3289000000.0,82875000000.0,,16.361,-897000000.0,259000000.0,259000000.0,1710000000.0,419000000.0,0.485,1.45,45259000000.0,3435000000.0,41824000000.0,45259000000.0,0.0,538000000.0,0.0,0.041,0.45,1165000000.0,1703000000.0,0.473,1703000000.0,1165000000.0,653000000.0,0.2,0.2,0.2,35029000000.0,,35029000000.0,132237988045.0,36.0,22.863,359000000.0,0.168,1.0,1887000000.0,0.525,28669000000.0,512000000.0,95711000000.0,,453000000.0,6011000000.0,0.0,6011000000.0,50805000000.0,6784000000.0,44021000000.0,89589988045.0,-56000000.0,-1864000000.0,1626000000.0,815000000.0,-962000000.0,1468000000.0,-2775000000.0,20000000.0,1256000000.0,-5000000.0,429000000.0,429000000.0,429000000.0,0.0,-10000000.0,0.119,809000000.0,1078000000.0,1393000000.0,2.25,2.558,76.704,51.926,40289000000.0,0.0,42.06,5.679,5.708,1420000000.0,-2639000000.0,3597000000.0,3597000000.0,0.0,,,,,0.0,216000000.0,1.0,2130052022.0,2141000000.0,2151000000.0,1.68,57495000000.0,5601000000.0,224000000.0,0.0,26.854,-3495000000.0
27,KMI,MRQ,2014-12-31,2014-12-31,2014-12-31,2021-10-22,-17000000.0,83049000000.0,,3752000000.0,79297000000.0,,29.97,-934000000.0,315000000.0,315000000.0,2052000000.0,566000000.0,0.59,1.427,42814000000.0,2717000000.0,40097000000.0,42814000000.0,0.0,522000000.0,0.0,0.04,0.44,628000000.0,1150000000.0,0.291,1150000000.0,628000000.0,150000000.0,0.02,0.02,0.02,34076000000.0,,34076000000.0,80975390187.0,23.0,14.691,41000000.0,0.036,1.0,1899000000.0,0.481,26956000000.0,478000000.0,92230000000.0,,459000000.0,6036000000.0,0.0,6036000000.0,48623000000.0,6362000000.0,42261000000.0,43504390187.0,-157000000.0,-427000000.0,0.0,4921000000.0,-456000000.0,60000000.0,-1190000000.0,-3000000.0,975000000.0,-2000000.0,126000000.0,126000000.0,126000000.0,0.0,440000000.0,0.032,943000000.0,956000000.0,1588000000.0,22.0,1.277,42.402,47.539,38564000000.0,0.0,42.31,2.681,2.965,1641000000.0,-2106000000.0,3951000000.0,3951000000.0,0.0,,,,,0.0,149000000.0,1.0,1028229501.0,1137000000.0,1137000000.0,3.475,56093000000.0,5707000000.0,24000000.0,0.0,49.334,-2610000000.0
28,KMI,MRQ,2014-09-30,2014-09-30,2014-09-30,2021-10-22,-50000000.0,77118000000.0,,3486000000.0,73632000000.0,,12.203,-961000000.0,472000000.0,472000000.0,2304000000.0,779000000.0,0.573,3.854,37943000000.0,2307000000.0,35636000000.0,37943000000.0,0.0,520000000.0,0.0,0.044,0.43,1007000000.0,1527000000.0,0.356,1527000000.0,1007000000.0,575000000.0,0.32,0.32,0.32,12545000000.0,,12545000000.0,76203070548.0,21.0,13.43,328000000.0,0.319,1.0,1987000000.0,0.463,26979000000.0,432000000.0,81525000000.0,,461000000.0,6041000000.0,0.0,6041000000.0,48349000000.0,6085000000.0,42264000000.0,39422070548.0,109000000.0,0.0,0.0,855000000.0,-444000000.0,138000000.0,-1313000000.0,-191000000.0,1289000000.0,-5000000.0,329000000.0,329000000.0,329000000.0,0.0,450000000.0,0.077,655000000.0,1332000000.0,1543000000.0,1.344,3.142,31.843,31.95,38100000000.0,0.0,38.34,2.441,2.441,1696000000.0,-1776000000.0,4291000000.0,4291000000.0,0.0,,,,,0.0,135000000.0,1.0,1028223019.0,1028000000.0,1028000000.0,4.174,50139000000.0,222000000.0,246000000.0,4605000000.0,48.773,-2599000000.0
29,KMI,MRQ,2014-06-30,2014-06-30,2014-06-30,2021-10-22,-68000000.0,76364000000.0,,3367000000.0,72997000000.0,,12.276,-872000000.0,363000000.0,363000000.0,2261000000.0,497000000.0,0.519,3.78,37144000000.0,2623000000.0,34521000000.0,37144000000.0,0.0,502000000.0,0.0,0.045,0.42,902000000.0,1404000000.0,0.357,1404000000.0,902000000.0,462000000.0,0.27,0.27,0.27,12620000000.0,,12620000000.0,73969872213.0,21.0,13.476,213000000.0,0.207,1.0,1676000000.0,0.426,27020000000.0,440000000.0,79638000000.0,,460000000.0,5862000000.0,0.0,5862000000.0,47709000000.0,6487000000.0,41222000000.0,37271872213.0,-150000000.0,-1000000.0,-43000000.0,-88000000.0,-435000000.0,-353000000.0,-888000000.0,-15000000.0,1085000000.0,6000000.0,284000000.0,284000000.0,284000000.0,0.0,213000000.0,0.072,663000000.0,1013000000.0,1501000000.0,1.556,2.953,31.19,31.53,37607000000.0,0.0,36.26,2.387,2.388,1633000000.0,-1661000000.0,3937000000.0,3937000000.0,0.0,,,,,0.0,154000000.0,1.0,1027906018.0,1028000000.0,1028000000.0,3.83,49344000000.0,329000000.0,178000000.0,4554000000.0,48.0,-3120000000.0
30,KMI,MRQ,2014-03-31,2014-03-31,2014-03-31,2021-10-22,-62000000.0,76054000000.0,,3662000000.0,72392000000.0,,12.439,-845000000.0,513000000.0,513000000.0,2236000000.0,601000000.0,0.603,3.72,37211000000.0,2412000000.0,34799000000.0,37211000000.0,0.0,496000000.0,0.0,0.049,0.41,935000000.0,1431000000.0,0.354,1431000000.0,935000000.0,487000000.0,0.28,0.28,0.28,12800000000.0,,12800000000.0,69081705152.0,19.0,12.655,273000000.0,0.265,1.0,1811000000.0,0.447,26966000000.0,448000000.0,79718000000.0,,417000000.0,5962000000.0,0.0,5962000000.0,47620000000.0,6068000000.0,41552000000.0,33486705152.0,-85000000.0,-960000000.0,-149000000.0,995000000.0,-425000000.0,626000000.0,-1819000000.0,2000000.0,1118000000.0,-10000000.0,287000000.0,287000000.0,287000000.0,0.0,314000000.0,0.071,664000000.0,1147000000.0,1575000000.0,1.464,2.616,28.187,28.252,36952000000.0,0.0,32.49,2.224,2.22,1838000000.0,-1510000000.0,4047000000.0,4047000000.0,0.0,,,,,0.0,172000000.0,1.0,1030677290.0,1029000000.0,1029000000.0,3.933,49088000000.0,448000000.0,200000000.0,4599000000.0,47.705,-2406000000.0
31,KMI,MRQ,2013-12-31,2013-12-31,2013-12-31,2021-10-22,-24000000.0,75185000000.0,,3868000000.0,71317000000.0,,12.638,-1173000000.0,598000000.0,598000000.0,2119000000.0,704000000.0,0.637,3.582,36193000000.0,2306000000.0,33887000000.0,36193000000.0,0.0,479000000.0,0.0,0.043,0.41,833000000.0,1312000000.0,0.339,1312000000.0,833000000.0,405000000.0,0.33,0.33,0.33,13093000000.0,,13093000000.0,72485591216.0,20.0,13.384,157000000.0,0.152,1.0,1753000000.0,0.453,26942000000.0,428000000.0,77763000000.0,,430000000.0,5951000000.0,0.0,5951000000.0,46900000000.0,6075000000.0,40825000000.0,37290591216.0,-218000000.0,490000000.0,-174000000.0,317000000.0,-426000000.0,-470000000.0,-1069000000.0,-468000000.0,1330000000.0,-9000000.0,338000000.0,338000000.0,338000000.0,-2000000.0,366000000.0,0.087,593000000.0,1160000000.0,1676000000.0,1.242,2.848,31.258,31.304,35847000000.0,0.0,36.0,2.65,2.651,1721000000.0,-1372000000.0,3872000000.0,3872000000.0,0.0,,,,,0.0,132000000.0,1.0,1035849756.0,1036000000.0,1036000000.0,3.737,48243000000.0,567000000.0,67000000.0,4651000000.0,46.567,-2207000000.0
32,KMI,MRQ,2013-09-30,2013-09-30,2013-09-30,2021-10-22,-97000000.0,74575000000.0,,3591000000.0,70984000000.0,,12.804,-874000000.0,816000000.0,816000000.0,2155000000.0,551000000.0,0.56,3.488,36011000000.0,2973000000.0,33038000000.0,36011000000.0,0.0,467000000.0,0.0,0.032,0.4,875000000.0,1342000000.0,0.357,1342000000.0,875000000.0,457000000.0,0.27,0.27,0.27,13265000000.0,,13265000000.0,71374045670.0,21.0,13.959,184000000.0,0.178,1.0,1601000000.0,0.426,26968000000.0,418000000.0,76387000000.0,,435000000.0,6044000000.0,0.0,6044000000.0,46273000000.0,6415000000.0,39858000000.0,36845045670.0,-201000000.0,-6000000.0,-332000000.0,534000000.0,-417000000.0,-331000000.0,-936000000.0,-40000000.0,1058000000.0,8000000.0,286000000.0,286000000.0,286000000.0,0.0,265000000.0,0.076,560000000.0,1041000000.0,1427000000.0,1.481,2.778,34.274,33.557,35275000000.0,0.0,35.57,2.775,2.776,1420000000.0,-1284000000.0,3756000000.0,3756000000.0,0.0,,,,,0.0,158000000.0,1.0,1035846097.0,1036000000.0,1036000000.0,3.625,47607000000.0,428000000.0,171000000.0,4314000000.0,45.953,-2824000000.0
33,KMI,MRQ,2013-06-30,2013-06-30,2013-06-30,2021-10-22,-148000000.0,74120000000.0,,3772000000.0,70348000000.0,,13.18,-721000000.0,1017000000.0,1017000000.0,1999000000.0,781000000.0,0.514,3.338,35546000000.0,3964000000.0,31582000000.0,35546000000.0,0.0,445000000.0,0.0,0.029,0.38,929000000.0,1374000000.0,0.406,1374000000.0,929000000.0,502000000.0,0.27,0.27,0.27,13654000000.0,,13654000000.0,72797803100.0,22.0,14.686,246000000.0,0.237,1.0,1383000000.0,0.409,26978000000.0,427000000.0,74338000000.0,,428000000.0,6085000000.0,0.0,6085000000.0,45581000000.0,7333000000.0,38248000000.0,39513803100.0,-89000000.0,-286000000.0,-51000000.0,178000000.0,-395000000.0,-41000000.0,-1001000000.0,-12000000.0,967000000.0,-14000000.0,277000000.0,277000000.0,277000000.0,0.0,504000000.0,0.082,611000000.0,772000000.0,1326000000.0,1.407,2.894,39.953,38.929,34599000000.0,0.0,38.15,3.189,3.19,1488000000.0,-1153000000.0,3382000000.0,3382000000.0,0.0,,,,,0.0,183000000.0,1.0,1035748443.0,1036000000.0,1038000000.0,3.264,47142000000.0,358000000.0,225000000.0,4113000000.0,45.504,-3561000000.0
34,KMI,MRQ,2013-03-31,2013-03-31,2013-03-31,2021-10-22,-157000000.0,68308000000.0,,3686000000.0,64622000000.0,,13.2,-601000000.0,1106000000.0,1106000000.0,1487000000.0,656000000.0,0.66,3.218,34390000000.0,2876000000.0,31514000000.0,34390000000.0,0.0,415000000.0,0.0,0.027,0.37,973000000.0,1388000000.0,0.454,1388000000.0,973000000.0,571000000.0,0.28,0.28,0.28,13675000000.0,,13675000000.0,73794678622.0,29.0,18.043,166000000.0,0.16,1.0,1573000000.0,0.514,24720000000.0,402000000.0,71290000000.0,,389000000.0,5773000000.0,0.0,5773000000.0,44000000000.0,5582000000.0,38418000000.0,40059678622.0,392000000.0,0.0,-80000000.0,121000000.0,-384000000.0,-253000000.0,-116000000.0,488000000.0,767000000.0,-6000000.0,292000000.0,292000000.0,292000000.0,2000000.0,364000000.0,0.095,556000000.0,1017000000.0,1111000000.0,1.321,2.929,68.361,69.071,31201000000.0,0.0,38.68,3.584,3.586,1290000000.0,-1035000000.0,3060000000.0,3060000000.0,0.0,,,,,0.0,140000000.0,1.0,1035669044.0,1036000000.0,1038000000.0,2.954,43588000000.0,522000000.0,279000000.0,4219000000.0,42.073,-1896000000.0
35,KMI,MRQ,2012-12-31,2012-12-31,2012-12-31,2021-10-22,-118000000.0,68245000000.0,,3674000000.0,64571000000.0,,30.078,-509000000.0,714000000.0,714000000.0,1583000000.0,488000000.0,0.703,3.184,34401000000.0,2401000000.0,32000000000.0,34401000000.0,0.0,409000000.0,0.0,0.028,0.0,600000000.0,1009000000.0,0.328,1009000000.0,600000000.0,194000000.0,0.24,0.24,0.24,13866000000.0,,13866000000.0,74028686934.0,40.0,22.577,372000000.0,0.807,1.0,1496000000.0,0.486,24803000000.0,406000000.0,71901000000.0,,374000000.0,5804000000.0,0.0,5804000000.0,44145000000.0,5228000000.0,38917000000.0,38313686934.0,-61000000.0,1780000000.0,-157000000.0,-1920000000.0,-374000000.0,-2205000000.0,1268000000.0,-41000000.0,881000000.0,-5000000.0,220000000.0,220000000.0,220000000.0,-12000000.0,268000000.0,0.071,531000000.0,965000000.0,1248000000.0,0.0,2.763,121.631,100.943,30996000000.0,0.0,35.33,3.842,1.633,1333000000.0,-943000000.0,3079000000.0,3079000000.0,0.0,,,,,0.0,113000000.0,1.0,1084451937.0,461000000.0,1040000000.0,6.679,43442000000.0,539000000.0,-26000000.0,4071000000.0,94.234,-1554000000.0
36,KMI,MRQ,2012-09-30,2012-09-30,2012-09-30,2021-10-22,-56000000.0,70053000000.0,,5122000000.0,64931000000.0,,23.382,-574000000.0,775000000.0,775000000.0,1433000000.0,255000000.0,0.747,3.263,36490000000.0,4015000000.0,32475000000.0,36490000000.0,98000000.0,403000000.0,0.0,0.036,0.35,783000000.0,1186000000.0,0.413,1186000000.0,783000000.0,260000000.0,0.19,0.19,0.19,14146000000.0,,14146000000.0,76704580754.0,46.0,25.74,340000000.0,0.562,1.0,1437000000.0,0.501,24749000000.0,523000000.0,74159000000.0,,379000000.0,6327000000.0,0.0,6327000000.0,46155000000.0,6860000000.0,39295000000.0,40247580754.0,100000000.0,-42000000.0,0.0,-629000000.0,-364000000.0,-254000000.0,-575000000.0,17000000.0,914000000.0,15000000.0,200000000.0,200000000.0,200000000.0,131000000.0,55000000.0,0.07,585000000.0,852000000.0,1066000000.0,1.842,2.845,160.99,122.483,30881000000.0,0.0,35.52,4.558,2.433,1296000000.0,-733000000.0,2870000000.0,2870000000.0,0.0,,,,,0.0,186000000.0,1.0,1133096305.0,605000000.0,1039000000.0,4.744,45304000000.0,0.0,60000000.0,4160000000.0,74.883,-1738000000.0
37,KMI,MRQ,2012-06-30,2012-06-30,2012-06-30,2021-10-22,-42000000.0,69575000000.0,,5331000000.0,64244000000.0,,44.438,-431000000.0,675000000.0,675000000.0,1093000000.0,-243000000.0,0.869,3.262,37132000000.0,3299000000.0,33833000000.0,37132000000.0,109000000.0,333000000.0,0.0,0.038,0.32,174000000.0,507000000.0,0.234,507000000.0,174000000.0,-117000000.0,-0.15,-0.15,-0.15,14220000000.0,,14220000000.0,42809803158.0,33.0,17.297,22000000.0,0.069,1.0,1074000000.0,0.496,24595000000.0,291000000.0,75305000000.0,,361000000.0,6301000000.0,0.0,6301000000.0,46385000000.0,6132000000.0,40253000000.0,25883803158.0,181000000.0,-4970000000.0,0.0,5603000000.0,-226000000.0,5162000000.0,-5425000000.0,33000000.0,453000000.0,-9000000.0,-126000000.0,-126000000.0,-126000000.0,280000000.0,-117000000.0,-0.058,814000000.0,260000000.0,947000000.0,-2.133,1.82,128.138,103.935,30613000000.0,0.0,32.22,3.202,1.276,1275000000.0,-556000000.0,2167000000.0,2167000000.0,0.0,,,,,87000000.0,501000000.0,1.0,803345846.0,320000000.0,843000000.0,6.772,44980000000.0,0.0,9000000.0,3809000000.0,140.562,-801000000.0
38,KMI,MRQ,2012-03-31,2012-03-31,2012-03-31,2021-10-22,-128000000.0,30370000000.0,,3902000000.0,26468000000.0,,18.222,-354000000.0,494000000.0,494000000.0,936000000.0,-73000000.0,1.052,7.14,17420000000.0,2190000000.0,15230000000.0,17420000000.0,108000000.0,281000000.0,0.0,0.027,0.31,296000000.0,577000000.0,0.311,577000000.0,296000000.0,117000000.0,0.03,0.03,0.03,3116000000.0,,3116000000.0,47915581622.0,32.0,18.254,206000000.0,1.205,1.0,921000000.0,0.496,5993000000.0,179000000.0,37595000000.0,,235000000.0,2347000000.0,0.0,2347000000.0,22248000000.0,3708000000.0,18540000000.0,31049281622.0,83000000.0,-30000000.0,0.0,228000000.0,-220000000.0,-119000000.0,-365000000.0,-1000000.0,560000000.0,7000000.0,21000000.0,21000000.0,21000000.0,378000000.0,-94000000.0,0.011,405000000.0,516000000.0,629000000.0,10.333,9.964,67.498,59.462,17304000000.0,0.0,38.65,3.946,0.84,761000000.0,-202000000.0,1857000000.0,1857000000.0,0.0,,,,,0.0,129000000.0,1.0,803344932.0,171000000.0,708000000.0,10.86,24377000000.0,0.0,96000000.0,2371000000.0,142.556,194000000.0
39,KMI,MRQ,2011-12-31,2011-12-31,2011-12-31,2021-10-22,-115000000.0,30717000000.0,,1663000000.0,29054000000.0,,23.892,-361000000.0,411000000.0,411000000.0,1095000000.0,293000000.0,0.367,6.669,17278000000.0,2922000000.0,14356000000.0,17278000000.0,0.0,285000000.0,0.0,0.023,0.3,425000000.0,710000000.0,0.367,710000000.0,425000000.0,267000000.0,0.22,0.22,0.22,3321000000.0,,3321000000.0,42720972868.0,26.0,15.654,409000000.0,2.942,1.0,842000000.0,0.435,6259000000.0,158000000.0,36796000000.0,,172000000.0,3909000000.0,0.0,3909000000.0,22149000000.0,4529000000.0,17620000000.0,26040472868.0,137000000.0,-234000000.0,0.0,279000000.0,-213000000.0,-34000000.0,-606000000.0,-21000000.0,770000000.0,7000000.0,155000000.0,155000000.0,155000000.0,-65000000.0,138000000.0,0.08,401000000.0,441000000.0,728000000.0,1.364,7.841,43.839,43.473,17926000000.0,0.0,32.17,3.278,0.478,914000000.0,-3000000.0,1937000000.0,1937000000.0,0.0,,,,,0.0,116000000.0,1.0,809464497.0,139000000.0,711000000.0,13.935,24458000000.0,0.0,112000000.0,2199000000.0,175.957,-2866000000.0
40,KMI,MRQ,2011-09-30,2011-09-30,2011-09-30,2021-10-22,-32400000.0,30157400000.0,,1478200000.0,28679200000.0,,31.131,-293000000.0,273900000.0,273900000.0,1350000000.0,84000000.0,0.336,6.196,16954400000.0,3102900000.0,13851500000.0,16954400000.0,92100000.0,287000000.0,0.0,0.017,0.3,394000000.0,681000000.0,0.321,681000000.0,394000000.0,218000000.0,0.21,0.21,0.21,3455500000.0,,3455500000.0,36013735827.0,22.0,13.255,349000000.0,3.144,1.0,772000000.0,0.364,6141900000.0,176000000.0,36301000000.0,,128500000.0,3832700000.0,0.0,3832700000.0,21409900000.0,4395000000.0,17014900000.0,20957035827.0,-80000000.0,-835000000.0,0.0,913000000.0,-212000000.0,563000000.0,-1267000000.0,-154000000.0,642000000.0,-18000000.0,152000000.0,152000000.0,152000000.0,-55000000.0,-68000000.0,0.072,391000000.0,381000000.0,640400000.0,1.429,6.065,41.722,,17715900000.0,0.0,25.89,2.75,0.377,830200000.0,56500000.0,2122000000.0,2122000000.0,0.0,,,,,0.0,109000000.0,1.0,809464497.0,111000000.0,708000000.0,19.117,24015500000.0,0.0,66000000.0,2328300000.0,216.356,-2916800000.0
41,KMI,MRQ,2011-06-30,2011-06-30,2011-06-30,2021-10-22,-113800000.0,28969900000.0,,1632600000.0,27337300000.0,,30.881,-254000000.0,354400000.0,354400000.0,1361000000.0,82000000.0,0.539,5.883,15411100000.0,1410400000.0,14000700000.0,15411100000.0,96400000.0,264000000.0,0.0,0.005,0.14,393000000.0,657000000.0,0.337,657000000.0,393000000.0,219000000.0,0.19,0.19,0.19,3427800000.0,,3427800000.0,38671469893.0,27.0,15.452,217000000.0,1.955,1.0,591000000.0,0.303,5168900000.0,174000000.0,35827100000.0,,149700000.0,4433900000.0,0.0,4433900000.0,20166500000.0,3030600000.0,17135900000.0,23255869893.0,164000000.0,-44000000.0,0.0,-314000000.0,-99000000.0,-16000000.0,-292000000.0,-37000000.0,471000000.0,1000000.0,132000000.0,132000000.0,132000000.0,-40000000.0,-50000000.0,0.068,355000000.0,236000000.0,663700000.0,0.737,6.784,64.439,,17227500000.0,0.0,28.73,3.065,0.42,919200000.0,117500000.0,1952000000.0,1952000000.0,0.0,,,,,0.0,110000000.0,1.0,809462927.0,111000000.0,707000000.0,17.586,23801000000.0,0.0,87000000.0,2219600000.0,214.423,-1398000000.0
42,KMI,MRQ,2011-03-31,2011-03-31,2011-03-31,2021-10-22,-192000000.0,28406500000.0,,1288800000.0,27117700000.0,,29.714,-269000000.0,189500000.0,189500000.0,1137000000.0,201000000.0,0.379,6.122,15605100000.0,1738300000.0,13866800000.0,15605100000.0,103800000.0,256000000.0,0.0,0.0,0.0,425000000.0,681000000.0,0.352,681000000.0,425000000.0,251000000.0,0.12,0.12,0.12,3298200000.0,,3298200000.0,39350581156.0,30.0,16.597,214000000.0,1.928,1.0,795000000.0,0.411,5151900000.0,174000000.0,35273200000.0,,120400000.0,4428300000.0,0.0,4428300000.0,20192700000.0,3397000000.0,16795700000.0,23992481156.0,-312000000.0,-66000000.0,0.0,-175000000.0,-246000000.0,-570000000.0,-227000000.0,108000000.0,483000000.0,2000000.0,155000000.0,155000000.0,155000000.0,-51000000.0,46000000.0,0.08,430000000.0,365000000.0,601100000.0,0.0,7.274,87.277,,17133700000.0,0.0,29.64,3.146,0.431,843800000.0,84400000.0,1932000000.0,1932000000.0,0.0,,,,,0.0,180000000.0,1.0,809462927.0,111000000.0,707000000.0,17.405,23254600000.0,0.0,96000000.0,2195300000.0,209.501,-2108200000.0
43,KMI,MRQ,2010-12-31,2010-12-31,2010-12-31,2021-10-22,-136500000.0,28908100000.0,,1786900000.0,27121200000.0,,4.864,-251700000.0,502400000.0,502400000.0,976800000.0,167000000.0,0.49,5.923,15860500000.0,2047600000.0,13812900000.0,15860500000.0,96700000.0,265300000.0,0.0,,0.0,432600000.0,697900000.0,0.432,697900000.0,432600000.0,258400000.0,,,,3439100000.0,,3439100000.0,,,,442800000.0,0.626,1.0,638500000.0,0.395,5170100000.0,174200000.0,35452000000.0,,94200000.0,4406100000.0,0.0,4406100000.0,20369100000.0,3644100000.0,16725000000.0,,306000000.0,-27400000.0,0.0,306200000.0,-200000000.0,-300000.0,-389200000.0,-64100000.0,694500000.0,1000000.0,63300000.0,63300000.0,63300000.0,-236400000.0,103700000.0,0.039,336400000.0,302100000.0,647500000.0,,,,,17070700000.0,0.0,,,,971400000.0,0.0,1615300000.0,1615300000.0,0.0,,,,,0.0,102300000.0,1.0,707000000.0,707000000.0,,2.285,23738000000.0,0.0,195100000.0,2137400000.0,33.576,-1857200000.0
44,KMI,MRQ,2010-09-30,2010-09-30,2010-09-30,2021-10-22,-104500000.0,28748800000.0,,1261900000.0,27486900000.0,,5.096,-269100000.0,196600000.0,196600000.0,1336800000.0,52600000.0,0.314,5.556,15920900000.0,2485400000.0,13435500000.0,15920900000.0,86500000.0,261700000.0,0.0,,0.0,205100000.0,466800000.0,0.224,466800000.0,205100000.0,31200000.0,,,,3603200000.0,,3603200000.0,,,,214100000.0,0.303,1.0,751400000.0,0.36,5168300000.0,173900000.0,35291900000.0,,130200000.0,4415900000.0,0.0,4415900000.0,20019500000.0,4012900000.0,16006600000.0,,51900000.0,-25000000.0,0.0,-27800000.0,-175000000.0,-216500000.0,-216600000.0,68300000.0,483200000.0,1800000.0,10600000.0,10600000.0,10600000.0,200000.0,42000000.0,0.005,570300000.0,181100000.0,599900000.0,,,,,16947900000.0,0.0,,,,779500000.0,,2088200000.0,2088200000.0,0.0,,,,,0.0,308200000.0,1.0,707000000.0,707000000.0,,2.954,23580500000.0,0.0,20600000.0,1956400000.0,33.353,-2751000000.0
45,KMI,MRQ,2010-06-30,2010-06-30,2010-06-30,2021-10-22,,,,,,,,-225800000.0,,,1207900000.0,260300000.0,,,,,,,,269700000.0,,,0.0,255500000.0,525200000.0,0.264,525200000.0,255500000.0,91800000.0,,,,,,,,,,70800000.0,,1.0,783000000.0,0.393,,163700000.0,,,,,,,,,,,7600000.0,8200000.0,0.0,837300000.0,-175000000.0,892300000.0,-1183900000.0,-957100000.0,296600000.0,2600000.0,46000000.0,46000000.0,46000000.0,0.0,214300000.0,0.023,377600000.0,405400000.0,,,,,,,0.0,,,,,,1990900000.0,1990900000.0,0.0,,,,,0.0,104800000.0,1.0,,,,,,,45800000.0,,,
46,KMI,MRQ,2010-03-31,2010-03-31,2010-03-31,2021-10-22,,,,,,,,-210400000.0,,,1516500000.0,-179900000.0,,,,,,,,282300000.0,,,0.0,-100200000.0,182100000.0,0.084,182100000.0,-100200000.0,-256400000.0,,,,,,,,,,228300000.0,,1.0,641100000.0,0.297,,156200000.0,,,,,,,,,,,-28500000.0,-243800000.0,0.0,385300000.0,-150000000.0,34500000.0,-498300000.0,-44100000.0,438700000.0,-3400000.0,-160900000.0,-160900000.0,-160900000.0,200000.0,-19000000.0,-0.075,396700000.0,244400000.0,,,,,,,0.0,,,,,,2157600000.0,2157600000.0,0.0,,,,,0.0,115700000.0,1.0,,,,,,,-95500000.0,,,
47,KMI,MRQ,2009-12-31,2009-12-31,2009-12-31,2021-10-22,-167900000.0,27581000000.0,,1380300000.0,26200700000.0,,,-209800000.0,165600000.0,165600000.0,1210900000.0,189700000.0,0.595,4.492,14046000000.0,805300000.0,13240700000.0,14046000000.0,76100000.0,293100000.0,0.0,,0.0,384200000.0,677300000.0,0.347,677300000.0,384200000.0,206500000.0,,,,4170500000.0,,4170500000.0,,,,450400000.0,,1.0,739800000.0,0.379,5004100000.0,177700000.0,34138100000.0,,115400000.0,3886200000.0,0.0,3886200000.0,18735900000.0,2319200000.0,16416700000.0,,-60500000.0,-265400000.0,0.0,317600000.0,-350000000.0,110600000.0,-832300000.0,-301600000.0,660200000.0,1000000.0,127100000.0,127100000.0,127100000.0,100000.0,62600000.0,0.065,380400000.0,359400000.0,620800000.0,,,,,16803500000.0,0.0,,,,916300000.0,,1950700000.0,1950700000.0,0.0,,,,,0.0,103800000.0,1.0,,,,,22576900000.0,0.0,79400000.0,2094200000.0,,-938900000.0
0,KMI,MRT,2021-09-30,2021-09-30,2021-09-30,2021-10-22,-642000000.0,69640000000.0,70749000000.0,2686000000.0,66954000000.0,0.216,13.477,-181000000.0,102000000.0,102000000.0,8013000000.0,1819000000.0,0.461,1.243,32824000000.0,2822000000.0,30002000000.0,32824000000.0,0.0,2123000000.0,0.0,0.064,1.065,3682000000.0,5805000000.0,0.379,5805000000.0,3682000000.0,2179000000.0,0.77,0.77,0.77,30552000000.0,31221500000.0,30552000000.0,69813892934.0,19.0,12.027,5527000000.0,2.438,1.0,7287000000.0,0.476,21777000000.0,1503000000.0,74760000000.0,76158750000.0,457000000.0,7620000000.0,0.0,7620000000.0,37987000000.0,5825000000.0,32162000000.0,37918892934.0,-420000000.0,-2441000000.0,0.0,-1536000000.0,-2426000000.0,-4084000000.0,-2046000000.0,530000000.0,5708000000.0,2000000.0,1754000000.0,1754000000.0,1754000000.0,0.0,65000000.0,0.115,4341000000.0,2946000000.0,1189000000.0,1.383,1.241,21.619,21.727,35576000000.0,0.0,16.73,2.478,2.479,1433000000.0,-10617000000.0,15300000000.0,15300000000.0,0.0,0.025,0.056,0.048,0.241,0.0,677000000.0,1.0,2266520797.0,2267000000.0,2267000000.0,6.749,47863000000.0,303000000.0,425000000.0,284000000.0,21.113,-3139000000.0
1,KMI,MRT,2021-06-30,2021-06-30,2021-06-30,2021-10-22,-609000000.0,70175000000.0,71294250000.0,4283000000.0,65892000000.0,0.202,13.559,-220000000.0,1365000000.0,1365000000.0,7132000000.0,1780000000.0,0.847,1.249,33260000000.0,2183000000.0,31077000000.0,33260000000.0,0.0,2136000000.0,0.0,0.058,1.057,3663000000.0,5799000000.0,0.403,5799000000.0,3663000000.0,2145000000.0,0.75,0.75,0.75,30711000000.0,31473250000.0,30711000000.0,73140340488.0,20.0,12.613,5409000000.0,2.388,1.0,7263000000.0,0.505,21436000000.0,1518000000.0,75575000000.0,77261000000.0,396000000.0,7650000000.0,0.0,7650000000.0,38352000000.0,5059000000.0,33293000000.0,41283340488.0,1423000000.0,-939000000.0,0.0,-912000000.0,-2408000000.0,-3429000000.0,-781000000.0,342000000.0,5629000000.0,4000000.0,1714000000.0,1714000000.0,1714000000.0,0.0,66000000.0,0.119,4342000000.0,2921000000.0,949000000.0,1.409,1.344,24.086,24.307,34570000000.0,0.0,18.23,2.868,2.868,1416000000.0,-10496000000.0,14395000000.0,14395000000.0,0.0,0.024,0.054,0.047,0.254,0.0,656000000.0,1.0,2264582583.0,2265000000.0,2265000000.0,6.355,48739000000.0,492000000.0,431000000.0,217000000.0,21.518,-776000000.0
2,KMI,MRT,2021-03-31,2021-03-31,2021-03-31,2021-10-22,-487000000.0,71208000000.0,71696500000.0,3734000000.0,67474000000.0,0.193,14.217,-465000000.0,1377000000.0,1377000000.0,6656000000.0,1896000000.0,0.809,1.177,33234000000.0,2173000000.0,31061000000.0,33234000000.0,0.0,2140000000.0,0.0,0.063,1.05,4142000000.0,6282000000.0,0.455,6282000000.0,4142000000.0,2606000000.0,0.81,0.81,0.81,32187000000.0,31733750000.0,32187000000.0,71208096163.0,17.0,11.335,5065000000.0,2.237,1.0,7149000000.0,0.518,22247000000.0,1536000000.0,76200000000.0,77888500000.0,389000000.0,7693000000.0,0.0,7693000000.0,37900000000.0,4618000000.0,33282000000.0,37703096163.0,481000000.0,-939000000.0,0.0,-1450000000.0,-2390000000.0,-3940000000.0,-1116000000.0,287000000.0,5530000000.0,7000000.0,1834000000.0,1834000000.0,1834000000.0,0.0,62000000.0,0.133,3746000000.0,3403000000.0,968000000.0,1.296,1.171,20.558,20.556,35605000000.0,0.0,16.65,2.731,2.731,1425000000.0,-9124000000.0,13805000000.0,13805000000.0,0.0,0.026,0.058,0.053,0.3,0.0,651000000.0,1.0,2264450220.0,2264000000.0,2264000000.0,6.098,48961000000.0,213000000.0,772000000.0,205000000.0,21.626,-884000000.0
3,KMI,MRT,2020-12-31,2020-12-31,2020-12-31,2021-10-22,-407000000.0,71973000000.0,72277000000.0,3203000000.0,68770000000.0,0.162,13.891,-638000000.0,1184000000.0,1184000000.0,5398000000.0,180000000.0,0.631,1.254,34689000000.0,2558000000.0,32131000000.0,34689000000.0,0.0,2164000000.0,0.0,0.076,1.038,2195000000.0,4359000000.0,0.373,4359000000.0,2195000000.0,600000000.0,0.05,0.05,0.05,31436000000.0,31963500000.0,31436000000.0,65031062927.0,30.0,14.919,3912000000.0,1.729,1.0,6302000000.0,0.539,22304000000.0,1595000000.0,78100000000.0,78598500000.0,348000000.0,7917000000.0,0.0,7917000000.0,39407000000.0,5074000000.0,34333000000.0,30946062927.0,1000000000.0,-16000000.0,-50000000.0,-133000000.0,-2362000000.0,-2638000000.0,-911000000.0,-232000000.0,4550000000.0,-1000000.0,119000000.0,119000000.0,119000000.0,0.0,61000000.0,0.01,4742000000.0,1560000000.0,837000000.0,20.76,0.984,260.051,273.4,35836000000.0,0.0,13.67,2.645,2.644,1293000000.0,-9936000000.0,11700000000.0,11700000000.0,0.0,0.002,0.004,0.028,0.188,0.0,648000000.0,1.0,2263793923.0,2263000000.0,2263000000.0,5.17,49669000000.0,536000000.0,481000000.0,267000000.0,21.948,-1871000000.0
4,KMI,MRT,2020-09-30,2020-09-30,2020-09-30,2021-10-22,-255000000.0,71821000000.0,72823000000.0,2672000000.0,69149000000.0,0.164,13.946,-1792000000.0,632000000.0,632000000.0,5480000000.0,184000000.0,0.611,1.24,34717000000.0,2057000000.0,32660000000.0,34717000000.0,0.0,2297000000.0,0.0,0.083,1.025,2537000000.0,4834000000.0,0.405,4834000000.0,2537000000.0,881000000.0,0.05,0.05,0.05,31559000000.0,32540000000.0,31559000000.0,61830394996.0,24.0,12.791,3117000000.0,1.377,1.0,6457000000.0,0.541,22361000000.0,1656000000.0,79169000000.0,78857750000.0,317000000.0,8014000000.0,0.0,8014000000.0,39129000000.0,4376000000.0,34753000000.0,27909394996.0,431000000.0,1324000000.0,-50000000.0,-2130000000.0,-2334000000.0,-4598000000.0,120000000.0,622000000.0,4909000000.0,0.0,122000000.0,122000000.0,122000000.0,0.0,62000000.0,0.01,3946000000.0,2511000000.0,774000000.0,20.5,0.884,228.766,246.6,35958000000.0,0.0,12.33,2.338,2.338,1142000000.0,-9945000000.0,11937000000.0,11937000000.0,0.0,0.002,0.004,0.032,0.213,0.0,595000000.0,1.0,2263535685.0,2263000000.0,2263000000.0,5.275,49460000000.0,671000000.0,759000000.0,335000000.0,21.856,-1704000000.0
5,KMI,MRT,2020-06-30,2020-06-30,2020-06-30,2021-10-22,-199000000.0,71784000000.0,74100500000.0,2490000000.0,69294000000.0,0.165,14.044,-1945000000.0,526000000.0,526000000.0,5615000000.0,229000000.0,0.479,1.225,34447000000.0,3006000000.0,31441000000.0,34447000000.0,0.0,2336000000.0,0.0,0.067,1.012,2663000000.0,4999000000.0,0.409,4999000000.0,2663000000.0,943000000.0,0.07,0.07,0.07,31753000000.0,33058500000.0,31753000000.0,68891759155.0,26.0,13.781,2937000000.0,1.299,1.0,6617000000.0,0.541,22418000000.0,1720000000.0,78085000000.0,79487500000.0,336000000.0,7892000000.0,0.0,7892000000.0,38892000000.0,5202000000.0,33690000000.0,34306759155.0,297000000.0,1340000000.0,-50000000.0,-2008000000.0,-2305000000.0,-4421000000.0,-160000000.0,483000000.0,4882000000.0,-4000000.0,173000000.0,173000000.0,173000000.0,0.0,56000000.0,0.014,3974000000.0,2643000000.0,698000000.0,14.457,1.08,198.305,216.714,36027000000.0,0.0,15.17,2.805,2.804,1073000000.0,-9802000000.0,12232000000.0,12232000000.0,0.0,0.002,0.005,0.034,0.218,0.0,596000000.0,1.0,2261487090.0,2261000000.0,2261000000.0,5.41,49366000000.0,790000000.0,770000000.0,335000000.0,21.834,-2712000000.0
6,KMI,MRT,2020-03-31,2020-03-31,2020-03-31,2021-10-22,-62000000.0,73530000000.0,75328250000.0,3096000000.0,70434000000.0,0.171,14.623,-2046000000.0,360000000.0,360000000.0,5991000000.0,1381000000.0,0.552,1.186,34945000000.0,3540000000.0,31405000000.0,34945000000.0,0.0,2383000000.0,0.0,0.072,1.0,3919000000.0,6302000000.0,0.489,6302000000.0,3919000000.0,2142000000.0,0.58,0.58,0.58,33106000000.0,33529750000.0,33106000000.0,65736683349.0,17.0,10.431,2960000000.0,1.307,1.0,6895000000.0,0.535,23467000000.0,1777000000.0,79040000000.0,80500250000.0,307000000.0,7886000000.0,0.0,7886000000.0,39273000000.0,5608000000.0,33665000000.0,31529683349.0,672000000.0,1436000000.0,-50000000.0,-1456000000.0,-2277000000.0,-3764000000.0,-565000000.0,81000000.0,5006000000.0,-5000000.0,1328000000.0,1328000000.0,1328000000.0,0.0,53000000.0,0.103,2997000000.0,3898000000.0,752000000.0,1.724,0.952,23.742,24.0,36041000000.0,0.0,13.92,2.447,2.446,1186000000.0,-8568000000.0,12886000000.0,12886000000.0,0.0,0.018,0.04,0.049,0.304,0.0,589000000.0,1.0,2265063459.0,2264000000.0,2264000000.0,5.692,50063000000.0,845000000.0,814000000.0,295000000.0,22.113,-2512000000.0
7,KMI,MRT,2019-12-31,2019-12-31,2019-12-31,2021-10-22,-333000000.0,74157000000.0,76018750000.0,3238000000.0,70919000000.0,0.174,14.904,-2160000000.0,185000000.0,185000000.0,6280000000.0,2239000000.0,0.635,1.164,34392000000.0,2477000000.0,31915000000.0,34392000000.0,0.0,2411000000.0,0.0,0.045,0.95,4917000000.0,7328000000.0,0.555,7328000000.0,4917000000.0,3116000000.0,0.96,0.96,0.96,33742000000.0,33656250000.0,33742000000.0,84225318301.0,17.0,11.494,2588000000.0,1.143,1.0,6929000000.0,0.525,24127000000.0,1801000000.0,79137000000.0,81265500000.0,371000000.0,8684000000.0,925000000.0,7759000000.0,39268000000.0,5100000000.0,34168000000.0,47949318301.0,-3122000000.0,1420000000.0,-2000000.0,-3198000000.0,-2163000000.0,-6185000000.0,-1714000000.0,-966000000.0,4748000000.0,29000000.0,2190000000.0,2190000000.0,2190000000.0,0.0,49000000.0,0.166,2056000000.0,4873000000.0,914000000.0,0.99,1.421,21.895,22.052,36419000000.0,0.0,21.17,3.63,3.629,1379000000.0,-7693000000.0,13209000000.0,13209000000.0,0.0,0.029,0.065,0.061,0.372,0.0,590000000.0,1.0,2264965437.0,2264000000.0,2264000000.0,5.834,50030000000.0,857000000.0,926000000.0,364000000.0,22.098,-1862000000.0
8,KMI,MRT,2019-09-30,2019-09-30,2019-09-30,2021-10-22,-384000000.0,76931000000.0,77196000000.0,2365000000.0,74566000000.0,0.177,14.856,-2313000000.0,241000000.0,241000000.0,6648000000.0,2114000000.0,0.346,1.239,36517000000.0,4406000000.0,32111000000.0,36517000000.0,0.0,2337000000.0,0.0,0.044,0.9,4638000000.0,6975000000.0,0.511,6975000000.0,4638000000.0,2818000000.0,0.9,0.9,0.9,33633000000.0,33640250000.0,33633000000.0,82503024059.0,18.0,11.828,2476000000.0,1.094,1.0,6990000000.0,0.513,24693000000.0,1820000000.0,81688000000.0,81608250000.0,405000000.0,8387000000.0,0.0,8387000000.0,41656000000.0,6826000000.0,34830000000.0,46657024059.0,-3292000000.0,56000000.0,-25000000.0,-1661000000.0,-2048000000.0,-4571000000.0,-3364000000.0,-1050000000.0,4789000000.0,-146000000.0,2074000000.0,2063000000.0,2063000000.0,0.0,40000000.0,0.151,2990000000.0,4000000000.0,916000000.0,1.0,1.387,22.616,22.9,37934000000.0,11000000.0,20.61,3.421,3.421,1273000000.0,-7733000000.0,13638000000.0,13638000000.0,0.0,0.027,0.061,0.057,0.34,0.0,566000000.0,1.0,2263805146.0,2264000000.0,2264000000.0,6.024,52238000000.0,1324000000.0,744000000.0,384000000.0,23.073,-4461000000.0
9,KMI,MRT,2019-06-30,2019-06-30,2019-06-30,2021-10-22,-448000000.0,76695000000.0,77729000000.0,2300000000.0,74395000000.0,0.179,14.871,-2511000000.0,213000000.0,213000000.0,6982000000.0,2602000000.0,0.406,1.232,36059000000.0,3054000000.0,33005000000.0,36059000000.0,0.0,2328000000.0,0.0,0.041,0.85,4935000000.0,7263000000.0,0.521,7263000000.0,4935000000.0,3089000000.0,0.99,0.99,0.99,33638000000.0,33603750000.0,33638000000.0,82875944903.0,17.0,11.411,2162000000.0,0.956,1.0,6959000000.0,0.499,24746000000.0,1846000000.0,82136000000.0,81891250000.0,450000000.0,8124000000.0,0.0,8124000000.0,41436000000.0,5659000000.0,35777000000.0,47266944903.0,-98000000.0,3026000000.0,-25000000.0,-1427000000.0,-1923000000.0,-4227000000.0,-431000000.0,-899000000.0,4673000000.0,-113000000.0,2300000000.0,2250000000.0,2250000000.0,0.0,302000000.0,0.161,2395000000.0,4564000000.0,900000000.0,0.859,1.405,21.008,21.091,37840000000.0,50000000.0,20.88,3.39,3.388,1227000000.0,-7671000000.0,13941000000.0,13941000000.0,0.0,0.029,0.067,0.06,0.354,0.0,566000000.0,1.0,2263742572.0,2262000000.0,2262000000.0,6.163,51949000000.0,1487000000.0,789000000.0,298000000.0,22.966,-3359000000.0
10,KMI,MRT,2019-03-31,2019-03-31,2019-03-31,2021-10-22,-508000000.0,76292000000.0,78134000000.0,2262000000.0,74030000000.0,0.181,14.859,-2648000000.0,221000000.0,221000000.0,7226000000.0,1944000000.0,0.452,1.224,35830000000.0,2502000000.0,33328000000.0,35830000000.0,0.0,2320000000.0,0.0,0.04,0.8,4146000000.0,6466000000.0,0.457,6466000000.0,4146000000.0,2236000000.0,0.68,0.68,0.68,33612000000.0,33453000000.0,33612000000.0,79339764944.0,19.0,12.27,2056000000.0,0.909,1.0,6929000000.0,0.49,24791000000.0,1910000000.0,82101000000.0,82612500000.0,429000000.0,7770000000.0,0.0,7770000000.0,41131000000.0,5009000000.0,36122000000.0,45295764944.0,-93000000.0,2930000000.0,-25000000.0,-1809000000.0,-1796000000.0,-4523000000.0,-157000000.0,-414000000.0,4704000000.0,-117000000.0,1641000000.0,1552000000.0,1552000000.0,0.0,303000000.0,0.11,3066000000.0,3863000000.0,1012000000.0,1.176,1.348,29.185,29.426,37782000000.0,89000000.0,20.01,3.2,3.198,1310000000.0,-7619000000.0,14155000000.0,14155000000.0,0.0,0.02,0.046,0.05,0.293,0.0,582000000.0,1.0,2263656419.0,2262000000.0,2262000000.0,6.258,51501000000.0,1647000000.0,595000000.0,289000000.0,22.768,-2747000000.0
11,KMI,MRT,2018-12-31,2018-12-31,2018-12-31,2021-10-22,-330000000.0,78866000000.0,78813750000.0,5722000000.0,73144000000.0,0.179,15.198,-2800000000.0,3280000000.0,3280000000.0,7288000000.0,1919000000.0,0.757,1.297,37324000000.0,3388000000.0,33936000000.0,37324000000.0,0.0,2297000000.0,0.0,0.047,0.725,4113000000.0,6410000000.0,0.453,6410000000.0,4113000000.0,2196000000.0,0.66,0.66,0.66,33678000000.0,33466750000.0,33678000000.0,68089941254.0,17.0,10.622,2243000000.0,1.012,1.0,6856000000.0,0.485,24845000000.0,1917000000.0,80508000000.0,83618250000.0,385000000.0,7481000000.0,0.0,7481000000.0,43669000000.0,7557000000.0,36112000000.0,33943941254.0,3005000000.0,2959000000.0,-273000000.0,118000000.0,-1618000000.0,-1824000000.0,-68000000.0,-196000000.0,5043000000.0,-146000000.0,1609000000.0,1481000000.0,1481000000.0,0.0,310000000.0,0.105,3062000000.0,3794000000.0,1337000000.0,1.098,1.008,22.92,23.303,37897000000.0,128000000.0,15.38,2.4,2.41,1498000000.0,-7716000000.0,14144000000.0,14144000000.0,0.0,0.019,0.044,0.049,0.291,0.0,601000000.0,1.0,2207018287.0,2216000000.0,2216000000.0,6.383,54021000000.0,1566000000.0,587000000.0,483000000.0,24.378,-1835000000.0
12,KMI,MRT,2018-09-30,2018-09-30,2018-09-30,2021-10-22,-495000000.0,79063000000.0,78861000000.0,5766000000.0,73297000000.0,0.177,15.187,-3163000000.0,3459000000.0,3459000000.0,7445000000.0,425000000.0,1.05,1.289,37605000000.0,2337000000.0,35268000000.0,37605000000.0,0.0,2274000000.0,0.0,0.037,0.65,3640000000.0,5914000000.0,0.423,5914000000.0,3640000000.0,1739000000.0,-0.02,-0.02,-0.02,33487000000.0,33456250000.0,33487000000.0,76354077638.0,21.0,12.911,1506000000.0,0.683,1.0,6550000000.0,0.468,24900000000.0,1901000000.0,82820000000.0,84789250000.0,383000000.0,7432000000.0,0.0,7432000000.0,43164000000.0,5489000000.0,37675000000.0,39127077638.0,2940000000.0,2983000000.0,-500000000.0,252000000.0,-1443000000.0,-1540000000.0,-209000000.0,-25000000.0,4669000000.0,20000000.0,109000000.0,-47000000.0,-47000000.0,0.0,316000000.0,-0.003,3006000000.0,3544000000.0,1307000000.0,-32.5,1.168,-832.491,-886.5,37795000000.0,156000000.0,17.73,2.796,2.793,1384000000.0,-7744000000.0,13995000000.0,13995000000.0,0.0,-0.001,-0.001,0.043,0.26,0.0,670000000.0,1.0,2206828970.0,2205000000.0,2205000000.0,6.347,54163000000.0,2035000000.0,1630000000.0,0.0,24.564,277000000.0
13,KMI,MRT,2018-06-30,2018-06-30,2018-06-30,2021-10-22,-690000000.0,78315000000.0,79183000000.0,2634000000.0,75681000000.0,0.174,14.989,-3272000000.0,271000000.0,271000000.0,7296000000.0,-193000000.0,0.49,1.309,37498000000.0,2132000000.0,35366000000.0,37498000000.0,0.0,2267000000.0,0.0,0.033,0.575,3231000000.0,5498000000.0,0.4,5498000000.0,3231000000.0,1344000000.0,-0.18,-0.18,-0.18,33035000000.0,33890750000.0,33035000000.0,76724282592.0,24.0,13.955,1631000000.0,0.74,1.0,6463000000.0,0.47,25142000000.0,1887000000.0,85021000000.0,85732500000.0,420000000.0,7293000000.0,0.0,7293000000.0,43240000000.0,5379000000.0,37861000000.0,38981282592.0,-171000000.0,13000000.0,-500000000.0,-453000000.0,-1279000000.0,-1856000000.0,-3225000000.0,30000000.0,4903000000.0,7000000.0,-250000000.0,-406000000.0,-406000000.0,0.0,57000000.0,-0.03,3608000000.0,2855000000.0,1269000000.0,-3.194,1.18,-96.013,-98.167,39905000000.0,156000000.0,17.67,2.833,2.83,1357000000.0,-7993000000.0,13759000000.0,13759000000.0,0.0,-0.005,-0.012,0.038,0.235,0.0,684000000.0,1.0,2206071454.0,2204000000.0,2204000000.0,6.243,53173000000.0,2116000000.0,1594000000.0,0.0,24.126,-2745000000.0
14,KMI,MRT,2018-03-31,2018-03-31,2018-03-31,2021-10-22,-667000000.0,79011000000.0,79655000000.0,2628000000.0,76383000000.0,0.172,15.255,-3183000000.0,294000000.0,294000000.0,7243000000.0,320000000.0,0.484,1.288,38037000000.0,2494000000.0,35543000000.0,38037000000.0,0.0,2273000000.0,0.0,0.033,0.5,3957000000.0,6230000000.0,0.455,6230000000.0,3957000000.0,2123000000.0,0.05,0.05,0.05,33667000000.0,34419250000.0,33667000000.0,70802364261.0,18.0,11.365,1506000000.0,0.682,1.0,6456000000.0,0.471,25201000000.0,1834000000.0,86124000000.0,86063500000.0,442000000.0,7420000000.0,0.0,7420000000.0,43353000000.0,5429000000.0,37924000000.0,33223364261.0,-123000000.0,13000000.0,-500000000.0,-1326000000.0,-1117000000.0,-1352000000.0,-3478000000.0,-312000000.0,4689000000.0,18000000.0,267000000.0,111000000.0,111000000.0,0.0,53000000.0,0.008,2955000000.0,3501000000.0,1221000000.0,10.0,0.987,299.31,301.2,40333000000.0,156000000.0,15.06,2.425,2.426,1349000000.0,-7365000000.0,13699000000.0,13699000000.0,0.0,0.001,0.003,0.046,0.289,0.0,677000000.0,1.0,2206066684.0,2207000000.0,2207000000.0,6.207,53810000000.0,2049000000.0,1856000000.0,0.0,24.382,-2801000000.0
15,KMI,MRT,2017-12-31,2017-12-31,2017-12-31,2021-10-22,-541000000.0,79055000000.0,79850500000.0,2715000000.0,76340000000.0,0.172,15.083,-3070000000.0,264000000.0,264000000.0,7215000000.0,223000000.0,0.439,1.306,37843000000.0,2828000000.0,35015000000.0,37843000000.0,0.0,2261000000.0,0.0,0.028,0.5,3953000000.0,6214000000.0,0.453,6214000000.0,3953000000.0,2121000000.0,0.01,0.01,0.01,33636000000.0,34663750000.0,33636000000.0,78087639102.0,20.0,12.566,1531000000.0,0.687,1.0,6490000000.0,0.474,25261000000.0,1832000000.0,85192000000.0,86203250000.0,424000000.0,7298000000.0,0.0,7298000000.0,43931000000.0,6181000000.0,37750000000.0,40354639102.0,-461000000.0,-4000000.0,-250000000.0,-2266000000.0,-1120000000.0,-1681000000.0,-3403000000.0,-333000000.0,4601000000.0,22000000.0,183000000.0,27000000.0,27000000.0,0.0,40000000.0,0.002,2961000000.0,3529000000.0,1340000000.0,50.0,1.2,1494.616,1807.0,40155000000.0,156000000.0,18.07,2.945,2.94,1448000000.0,-7754000000.0,13705000000.0,13705000000.0,0.0,0.0,0.001,0.046,0.288,0.0,688000000.0,1.0,2233239574.0,2230000000.0,2230000000.0,6.146,53794000000.0,2209000000.0,1938000000.0,256000000.0,24.123,-3466000000.0
16,KMI,MRT,2017-09-30,2017-09-30,2017-09-30,2021-10-22,-469000000.0,80351000000.0,80163000000.0,2613000000.0,77738000000.0,0.168,15.789,-2806000000.0,539000000.0,539000000.0,6833000000.0,1430000000.0,0.423,1.244,38272000000.0,3156000000.0,35116000000.0,38272000000.0,0.0,2254000000.0,0.0,0.026,0.5,4002000000.0,6256000000.0,0.465,6256000000.0,4002000000.0,2193000000.0,0.56,0.56,0.56,35225000000.0,34862500000.0,35225000000.0,80705299825.0,20.0,12.9,1756000000.0,0.787,1.0,6629000000.0,0.492,25317000000.0,1809000000.0,86593000000.0,86974500000.0,428000000.0,7484000000.0,0.0,7484000000.0,43827000000.0,6174000000.0,37653000000.0,42833299825.0,203000000.0,30000000.0,0.0,-2718000000.0,-1119000000.0,-1299000000.0,-3086000000.0,-341000000.0,4562000000.0,26000000.0,1398000000.0,1242000000.0,1242000000.0,0.0,32000000.0,0.092,3008000000.0,3621000000.0,1358000000.0,0.893,1.216,34.487,34.25,39867000000.0,156000000.0,19.18,3.182,3.179,1194000000.0,-6429000000.0,13462000000.0,13462000000.0,0.0,0.015,0.036,0.046,0.297,0.0,662000000.0,1.0,2233227311.0,2231000000.0,2231000000.0,6.034,55034000000.0,3452000000.0,795000000.0,0.0,24.668,-3561000000.0
17,KMI,MRT,2017-06-30,2017-06-30,2017-06-30,2021-10-22,-483000000.0,80203000000.0,80476250000.0,2726000000.0,77477000000.0,0.168,15.762,-2567000000.0,452000000.0,452000000.0,6768000000.0,860000000.0,0.428,1.252,38324000000.0,3224000000.0,35100000000.0,38324000000.0,0.0,2241000000.0,0.0,0.026,0.5,3671000000.0,5912000000.0,0.438,5912000000.0,3671000000.0,1849000000.0,0.31,0.31,0.31,35149000000.0,34707750000.0,35149000000.0,81769596307.0,22.0,13.831,2012000000.0,0.902,1.0,6743000000.0,0.499,25367000000.0,1822000000.0,86345000000.0,88105750000.0,438000000.0,7442000000.0,0.0,7442000000.0,43989000000.0,6363000000.0,37626000000.0,42773596307.0,278000000.0,1432000000.0,0.0,-3345000000.0,-1119000000.0,-2953000000.0,-1355000000.0,-236000000.0,4579000000.0,7000000.0,837000000.0,681000000.0,681000000.0,0.0,23000000.0,0.05,3066000000.0,3677000000.0,1353000000.0,1.613,1.217,62.81,61.806,39423000000.0,156000000.0,19.16,3.166,3.162,1184000000.0,-6482000000.0,13511000000.0,13511000000.0,0.0,0.008,0.02,0.042,0.272,0.0,665000000.0,1.0,2232442396.0,2230000000.0,2230000000.0,6.059,54836000000.0,3788000000.0,1012000000.0,0.0,24.59,-3637000000.0
18,KMI,MRT,2017-03-31,2017-03-31,2017-03-31,2021-10-22,-593000000.0,79793000000.0,81504750000.0,2675000000.0,77118000000.0,0.163,15.536,-2328000000.0,396000000.0,396000000.0,6516000000.0,852000000.0,0.4,1.293,39392000000.0,3928000000.0,35464000000.0,39392000000.0,0.0,2216000000.0,0.0,0.023,0.5,3672000000.0,5888000000.0,0.443,5888000000.0,3672000000.0,1842000000.0,0.31,0.31,0.31,34645000000.0,34698250000.0,34645000000.0,87899222621.0,24.0,14.929,2266000000.0,1.016,1.0,6771000000.0,0.51,25417000000.0,1830000000.0,86683000000.0,90006750000.0,380000000.0,7136000000.0,0.0,7136000000.0,44788000000.0,6689000000.0,38099000000.0,48533222621.0,251000000.0,1429000000.0,0.0,-2324000000.0,-1119000000.0,-3210000000.0,-1131000000.0,-229000000.0,4594000000.0,-2000000.0,833000000.0,677000000.0,677000000.0,0.0,19000000.0,0.051,3072000000.0,3699000000.0,1214000000.0,1.613,1.401,71.689,70.129,39023000000.0,156000000.0,21.74,3.653,3.649,1263000000.0,-6540000000.0,13287000000.0,13287000000.0,0.0,0.008,0.02,0.041,0.276,0.0,697000000.0,1.0,2232438943.0,2230000000.0,2230000000.0,5.958,54376000000.0,4241000000.0,1009000000.0,0.0,24.384,-4014000000.0
19,KMI,MRT,2016-12-31,2016-12-31,2016-12-31,2021-10-22,-661000000.0,80305000000.0,82613750000.0,3229000000.0,77076000000.0,0.158,15.44,-2552000000.0,684000000.0,684000000.0,6222000000.0,721000000.0,0.545,1.322,40050000000.0,2696000000.0,37354000000.0,40050000000.0,0.0,2209000000.0,0.0,0.024,0.5,3431000000.0,5640000000.0,0.432,5640000000.0,3431000000.0,1625000000.0,0.25,0.25,0.25,34431000000.0,34832000000.0,34431000000.0,87337264115.0,25.0,15.485,2206000000.0,0.989,1.0,6836000000.0,0.524,25470000000.0,1806000000.0,88277000000.0,92378000000.0,357000000.0,7027000000.0,0.0,7027000000.0,45503000000.0,5924000000.0,39579000000.0,46232264115.0,498000000.0,1103000000.0,0.0,-1450000000.0,-1118000000.0,-2637000000.0,-1625000000.0,-177000000.0,4758000000.0,2000000.0,708000000.0,552000000.0,552000000.0,0.0,13000000.0,0.042,3298000000.0,3538000000.0,1257000000.0,2.0,1.343,83.754,82.84,38705000000.0,156000000.0,20.71,3.541,3.537,1370000000.0,-6669000000.0,13058000000.0,13058000000.0,0.0,0.007,0.016,0.037,0.263,0.0,703000000.0,1.0,2232364274.0,2230000000.0,2230000000.0,5.856,54835000000.0,4532000000.0,917000000.0,0.0,24.59,-2695000000.0
20,KMI,MRT,2016-09-30,2016-09-30,2016-09-30,2021-10-22,-557000000.0,81604000000.0,83563500000.0,3363000000.0,78241000000.0,0.159,15.518,-2762000000.0,357000000.0,357000000.0,6086000000.0,-230000000.0,0.556,1.348,41462000000.0,2944000000.0,38518000000.0,41462000000.0,0.0,2236000000.0,0.0,0.038,0.885,2502000000.0,4738000000.0,0.356,4738000000.0,2502000000.0,591000000.0,-0.16,-0.16,-0.16,34606000000.0,35004000000.0,34606000000.0,95073639201.0,38.0,20.066,2547000000.0,1.142,1.0,7219000000.0,0.543,25547000000.0,1911000000.0,91118000000.0,94232750000.0,325000000.0,7358000000.0,0.0,7358000000.0,46636000000.0,6044000000.0,40592000000.0,51633639201.0,178000000.0,909000000.0,25000000.0,-1857000000.0,-1979000000.0,-3101000000.0,-2031000000.0,-211000000.0,5309000000.0,1000000.0,-196000000.0,-339000000.0,-339000000.0,0.0,-34000000.0,-0.025,4825000000.0,2394000000.0,1192000000.0,-5.531,1.492,-152.312,-144.562,38780000000.0,143000000.0,23.13,3.881,3.877,1282000000.0,-6560000000.0,13305000000.0,13305000000.0,0.0,-0.004,-0.01,0.027,0.188,0.0,700000000.0,1.0,2232323355.0,2230000000.0,2230000000.0,5.966,56057000000.0,4595000000.0,787000000.0,278000000.0,25.138,-2681000000.0
21,KMI,MRT,2016-06-30,2016-06-30,2016-06-30,2021-10-22,-554000000.0,84317000000.0,84581750000.0,2470000000.0,81847000000.0,0.162,15.752,-3202000000.0,180000000.0,180000000.0,6259000000.0,136000000.0,0.376,1.391,43620000000.0,3419000000.0,40201000000.0,43620000000.0,0.0,2304000000.0,0.0,0.067,1.25,2675000000.0,4979000000.0,0.364,4979000000.0,2675000000.0,696000000.0,0.02,0.02,0.02,35111000000.0,35231000000.0,35111000000.0,85406727871.0,32.0,17.153,1918000000.0,0.86,1.0,7423000000.0,0.543,27242000000.0,1979000000.0,93949000000.0,95295500000.0,361000000.0,6202000000.0,0.0,6202000000.0,48844000000.0,6566000000.0,42278000000.0,41774727871.0,17000000.0,-493000000.0,1296000000.0,-1307000000.0,-2777000000.0,-1260000000.0,-3842000000.0,-219000000.0,5120000000.0,-1000000.0,178000000.0,74000000.0,74000000.0,0.0,-42000000.0,0.005,5190000000.0,2233000000.0,1087000000.0,62.5,1.19,564.523,936.0,41199000000.0,104000000.0,18.72,3.053,3.05,1278000000.0,-6053000000.0,13682000000.0,13682000000.0,0.0,0.001,0.002,0.028,0.196,0.0,689000000.0,1.0,2231555976.0,2229000000.0,2229000000.0,6.138,57075000000.0,4975000000.0,518000000.0,0.0,25.606,-4096000000.0
22,KMI,MRT,2016-03-31,2016-03-31,2016-03-31,2021-10-22,-414000000.0,84229000000.0,84905000000.0,2481000000.0,81748000000.0,0.165,15.783,-3777000000.0,175000000.0,175000000.0,6585000000.0,103000000.0,0.564,1.384,43807000000.0,1702000000.0,42105000000.0,43807000000.0,0.0,2322000000.0,0.0,0.09,1.605,2613000000.0,4935000000.0,0.352,4935000000.0,2613000000.0,633000000.0,0.02,0.02,0.02,35180000000.0,35246250000.0,35180000000.0,82853589731.0,32.0,16.789,1330000000.0,0.597,1.0,7416000000.0,0.53,27297000000.0,1980000000.0,96168000000.0,95523000000.0,364000000.0,6035000000.0,0.0,6035000000.0,48683000000.0,4396000000.0,44287000000.0,39855589731.0,-84000000.0,-545000000.0,2232000000.0,-1371000000.0,-3541000000.0,-1116000000.0,-4075000000.0,111000000.0,5107000000.0,0.0,139000000.0,74000000.0,74000000.0,0.0,-36000000.0,0.005,5231000000.0,2185000000.0,1017000000.0,80.25,1.133,538.589,893.0,41042000000.0,65000000.0,17.86,2.847,2.843,1203000000.0,-6106000000.0,14001000000.0,14001000000.0,0.0,0.001,0.002,0.027,0.187,0.0,664000000.0,1.0,2231555976.0,2229000000.0,2229000000.0,6.281,56932000000.0,5103000000.0,494000000.0,0.0,25.541,-1915000000.0
23,KMI,MRT,2015-12-31,2015-12-31,2015-12-31,2021-10-22,-461000000.0,84104000000.0,85388750000.0,2824000000.0,81280000000.0,0.169,16.058,-3857000000.0,229000000.0,229000000.0,6891000000.0,208000000.0,0.695,1.387,43227000000.0,821000000.0,42406000000.0,43227000000.0,0.0,2309000000.0,0.0,0.129,1.93,2868000000.0,5177000000.0,0.359,5177000000.0,2868000000.0,817000000.0,0.1,0.1,0.1,35119000000.0,35208500000.0,35119000000.0,77748199249.0,27.0,15.018,1456000000.0,0.666,1.0,7512000000.0,0.522,27341000000.0,2051000000.0,95696000000.0,95408750000.0,407000000.0,6040000000.0,0.0,6040000000.0,48701000000.0,4065000000.0,44636000000.0,33294199249.0,-86000000.0,-2079000000.0,3858000000.0,-824000000.0,-4224000000.0,317000000.0,-5706000000.0,132000000.0,5313000000.0,-10000000.0,253000000.0,227000000.0,227000000.0,0.0,-45000000.0,0.016,5065000000.0,2447000000.0,1192000000.0,19.3,0.948,146.67,149.2,40547000000.0,26000000.0,14.92,2.312,2.266,1315000000.0,-6103000000.0,14403000000.0,14403000000.0,0.0,0.003,0.006,0.03,0.199,0.0,690000000.0,1.0,2231514695.0,2187000000.0,2193000000.0,6.586,56763000000.0,5363000000.0,564000000.0,0.0,25.955,-1241000000.0
24,KMI,MRT,2015-09-30,2015-09-30,2015-09-30,2021-10-22,-328000000.0,85677000000.0,85125000000.0,3067000000.0,82610000000.0,0.173,16.121,-3888000000.0,179000000.0,179000000.0,7379000000.0,1510000000.0,0.495,1.403,44633000000.0,3003000000.0,41630000000.0,44633000000.0,0.0,2247000000.0,0.0,0.067,1.86,3621000000.0,5868000000.0,0.399,5868000000.0,3621000000.0,1619000000.0,0.45,0.45,0.45,35514000000.0,34947750000.0,35514000000.0,105062818125.0,29.0,17.904,594000000.0,0.27,1.0,7339000000.0,0.499,28571000000.0,2002000000.0,95369000000.0,94542250000.0,445000000.0,5943000000.0,0.0,5943000000.0,49835000000.0,6191000000.0,43644000000.0,60672818125.0,-293000000.0,-2346000000.0,3833000000.0,5289000000.0,-3540000000.0,1146000000.0,-5912000000.0,109000000.0,4482000000.0,-9000000.0,1074000000.0,1074000000.0,1074000000.0,0.0,436000000.0,0.073,3692000000.0,3647000000.0,1226000000.0,4.133,1.708,56.492,61.511,40608000000.0,0.0,27.68,4.122,4.143,1404000000.0,-4242000000.0,14718000000.0,14718000000.0,0.0,0.013,0.031,0.038,0.246,0.0,689000000.0,1.0,2191937071.0,2203000000.0,2203000000.0,6.681,57106000000.0,5377000000.0,545000000.0,0.0,25.922,-3124000000.0
25,KMI,MRT,2015-06-30,2015-06-30,2015-06-30,2021-10-22,-291000000.0,85610000000.0,82985250000.0,2936000000.0,82674000000.0,0.184,16.171,-3800000000.0,163000000.0,163000000.0,7857000000.0,2106000000.0,0.452,1.425,44553000000.0,3154000000.0,41399000000.0,44553000000.0,0.0,2150000000.0,0.0,0.047,1.8,3794000000.0,5944000000.0,0.388,5944000000.0,3794000000.0,1900000000.0,0.69,0.69,0.69,35172000000.0,29205500000.0,35172000000.0,128235462772.0,34.0,21.574,1002000000.0,0.461,1.0,7445000000.0,0.487,28642000000.0,1894000000.0,94859000000.0,91081250000.0,474000000.0,6028000000.0,0.0,6028000000.0,50105000000.0,6499000000.0,43606000000.0,83235462772.0,-200000000.0,-2346000000.0,2562000000.0,6300000000.0,-2906000000.0,1256000000.0,-6247000000.0,-125000000.0,4802000000.0,-11000000.0,1217000000.0,1217000000.0,1217000000.0,0.0,889000000.0,0.08,3187000000.0,4258000000.0,1293000000.0,2.609,2.367,68.394,55.638,40586000000.0,0.0,38.39,5.44,5.457,1349000000.0,-3350000000.0,15302000000.0,15302000000.0,0.0,0.015,0.042,0.042,0.248,0.0,664000000.0,1.0,2168154800.0,2175000000.0,2187000000.0,7.035,56968000000.0,5465000000.0,683000000.0,0.0,26.192,-3563000000.0
26,KMI,MRT,2015-03-31,2015-03-31,2015-03-31,2021-10-22,-193000000.0,86164000000.0,80673750000.0,3289000000.0,82875000000.0,0.196,16.361,-3664000000.0,259000000.0,259000000.0,8327000000.0,2261000000.0,0.485,1.45,45259000000.0,3435000000.0,41824000000.0,45259000000.0,0.0,2082000000.0,0.0,0.041,1.74,3702000000.0,5784000000.0,0.367,5784000000.0,3702000000.0,1840000000.0,0.81,0.81,0.81,35029000000.0,23567500000.0,35029000000.0,132237988045.0,36.0,22.863,941000000.0,0.44,1.0,7449000000.0,0.472,28669000000.0,1862000000.0,95711000000.0,87276000000.0,453000000.0,6011000000.0,0.0,6011000000.0,50805000000.0,6784000000.0,44021000000.0,89589988045.0,-254000000.0,-2292000000.0,1583000000.0,6503000000.0,-2297000000.0,1313000000.0,-6166000000.0,-189000000.0,4605000000.0,-6000000.0,1168000000.0,1168000000.0,1168000000.0,0.0,1093000000.0,0.074,3070000000.0,4379000000.0,1393000000.0,2.148,2.558,76.704,51.926,40289000000.0,0.0,42.06,5.679,5.708,1420000000.0,-2639000000.0,15776000000.0,15776000000.0,0.0,0.014,0.05,0.042,0.235,0.0,654000000.0,1.0,2130052022.0,2141000000.0,2151000000.0,7.369,57495000000.0,5601000000.0,672000000.0,0.0,26.854,-3495000000.0
27,KMI,MRT,2014-12-31,2014-12-31,2014-12-31,2021-10-22,-17000000.0,83049000000.0,78146250000.0,3752000000.0,79297000000.0,0.208,29.97,-3612000000.0,315000000.0,315000000.0,8853000000.0,2443000000.0,0.59,1.427,42814000000.0,2717000000.0,40097000000.0,42814000000.0,0.0,2040000000.0,0.0,0.04,1.7,3472000000.0,5512000000.0,0.34,5512000000.0,3472000000.0,1674000000.0,0.89,0.89,0.89,34076000000.0,18010250000.0,34076000000.0,80975390187.0,23.0,14.691,855000000.0,0.752,1.0,7373000000.0,0.454,26956000000.0,1798000000.0,92230000000.0,83277750000.0,459000000.0,6036000000.0,0.0,6036000000.0,48623000000.0,6362000000.0,42261000000.0,43504390187.0,-283000000.0,-1388000000.0,-192000000.0,6683000000.0,-1760000000.0,471000000.0,-5210000000.0,-207000000.0,4467000000.0,-11000000.0,1026000000.0,1026000000.0,1026000000.0,0.0,1417000000.0,0.063,2925000000.0,4448000000.0,1588000000.0,1.91,1.277,42.402,47.539,38564000000.0,0.0,42.31,2.681,2.965,1641000000.0,-2106000000.0,16226000000.0,16226000000.0,0.0,0.013,0.057,0.042,0.214,0.0,610000000.0,1.0,1028229501.0,1137000000.0,1137000000.0,14.271,56093000000.0,5707000000.0,648000000.0,0.0,49.334,-2610000000.0
28,KMI,MRT,2014-09-30,2014-09-30,2014-09-30,2021-10-22,-50000000.0,77118000000.0,76180250000.0,3486000000.0,73632000000.0,0.212,12.203,-3851000000.0,472000000.0,472000000.0,8920000000.0,2581000000.0,0.573,3.854,37943000000.0,2307000000.0,35636000000.0,37943000000.0,0.0,1997000000.0,0.0,0.044,1.67,3677000000.0,5674000000.0,0.351,5674000000.0,3677000000.0,1929000000.0,1.2,1.2,1.2,12545000000.0,12764500000.0,12545000000.0,76203070548.0,21.0,13.43,971000000.0,0.945,1.0,7227000000.0,0.448,26979000000.0,1748000000.0,81525000000.0,79661000000.0,461000000.0,6041000000.0,0.0,6041000000.0,48349000000.0,6085000000.0,42264000000.0,39422070548.0,-344000000.0,-471000000.0,-366000000.0,2079000000.0,-1730000000.0,-59000000.0,-5089000000.0,-672000000.0,4822000000.0,-18000000.0,1238000000.0,1238000000.0,1238000000.0,-2000000.0,1343000000.0,0.077,2575000000.0,4652000000.0,1543000000.0,1.392,3.142,31.843,31.95,38100000000.0,0.0,38.34,2.441,2.441,1696000000.0,-1776000000.0,16147000000.0,16147000000.0,0.0,0.016,0.097,0.046,0.228,0.0,593000000.0,1.0,1028223019.0,1028000000.0,1028000000.0,15.707,50139000000.0,222000000.0,691000000.0,4605000000.0,48.773,-2599000000.0
29,KMI,MRT,2014-06-30,2014-06-30,2014-06-30,2021-10-22,-68000000.0,76364000000.0,75544500000.0,3367000000.0,72997000000.0,0.207,12.276,-3764000000.0,363000000.0,363000000.0,8771000000.0,2353000000.0,0.519,3.78,37144000000.0,2623000000.0,34521000000.0,37144000000.0,0.0,1944000000.0,0.0,0.045,1.64,3545000000.0,5489000000.0,0.352,5489000000.0,3545000000.0,1811000000.0,1.15,1.15,1.15,12620000000.0,12944500000.0,12620000000.0,73969872213.0,21.0,13.476,827000000.0,0.804,1.0,6841000000.0,0.438,27020000000.0,1734000000.0,79638000000.0,78376500000.0,460000000.0,5862000000.0,0.0,5862000000.0,47709000000.0,6487000000.0,41222000000.0,37271872213.0,-654000000.0,-477000000.0,-698000000.0,1758000000.0,-1703000000.0,-528000000.0,-4712000000.0,-521000000.0,4591000000.0,-5000000.0,1195000000.0,1195000000.0,1195000000.0,-2000000.0,1158000000.0,0.077,2480000000.0,4361000000.0,1501000000.0,1.426,2.953,31.19,31.53,37607000000.0,0.0,36.26,2.387,2.388,1633000000.0,-1661000000.0,15612000000.0,15612000000.0,0.0,0.016,0.092,0.045,0.227,0.0,616000000.0,1.0,1027906018.0,1028000000.0,1028000000.0,15.187,49344000000.0,329000000.0,616000000.0,4554000000.0,48.0,-3120000000.0
30,KMI,MRT,2014-03-31,2014-03-31,2014-03-31,2021-10-22,-62000000.0,76054000000.0,74983500000.0,3662000000.0,72392000000.0,0.201,12.439,-3613000000.0,513000000.0,513000000.0,8509000000.0,2637000000.0,0.603,3.72,37211000000.0,2412000000.0,34799000000.0,37211000000.0,0.0,1887000000.0,0.0,0.049,1.6,3572000000.0,5459000000.0,0.363,5459000000.0,3572000000.0,1851000000.0,1.15,1.15,1.15,12800000000.0,13203000000.0,12800000000.0,69081705152.0,19.0,12.655,860000000.0,0.836,1.0,6548000000.0,0.435,26966000000.0,1721000000.0,79718000000.0,77051500000.0,417000000.0,5962000000.0,0.0,5962000000.0,47620000000.0,6068000000.0,41552000000.0,33486705152.0,-593000000.0,-762000000.0,-706000000.0,2024000000.0,-1663000000.0,-216000000.0,-4825000000.0,-518000000.0,4473000000.0,-25000000.0,1188000000.0,1188000000.0,1188000000.0,-2000000.0,1449000000.0,0.079,2428000000.0,4120000000.0,1575000000.0,1.391,2.616,28.187,28.252,36952000000.0,0.0,32.49,2.224,2.22,1838000000.0,-1510000000.0,15057000000.0,15057000000.0,0.0,0.016,0.09,0.046,0.237,0.0,645000000.0,1.0,1030677290.0,1029000000.0,1029000000.0,14.633,49088000000.0,448000000.0,663000000.0,4599000000.0,47.705,-2406000000.0
31,KMI,MRT,2013-12-31,2013-12-31,2013-12-31,2021-10-22,-24000000.0,75185000000.0,73047000000.0,3868000000.0,71317000000.0,0.193,12.638,-3369000000.0,598000000.0,598000000.0,7760000000.0,2692000000.0,0.637,3.582,36193000000.0,2306000000.0,33887000000.0,36193000000.0,0.0,1806000000.0,0.0,0.043,1.56,3610000000.0,5416000000.0,0.385,5416000000.0,3610000000.0,1935000000.0,1.15,1.15,1.15,13093000000.0,13421750000.0,13093000000.0,72485591216.0,20.0,13.384,753000000.0,0.727,1.0,6310000000.0,0.448,26942000000.0,1675000000.0,77763000000.0,74944500000.0,430000000.0,5951000000.0,0.0,5951000000.0,46900000000.0,6075000000.0,40825000000.0,37290591216.0,-116000000.0,198000000.0,-637000000.0,1150000000.0,-1622000000.0,-1095000000.0,-3122000000.0,-32000000.0,4122000000.0,-21000000.0,1193000000.0,1193000000.0,1193000000.0,0.0,1499000000.0,0.085,2320000000.0,3990000000.0,1676000000.0,1.357,2.848,31.258,31.304,35847000000.0,0.0,36.0,2.65,2.651,1721000000.0,-1372000000.0,14070000000.0,14070000000.0,0.0,0.016,0.089,0.048,0.257,0.0,613000000.0,1.0,1035849756.0,1036000000.0,1036000000.0,13.581,48243000000.0,567000000.0,742000000.0,4651000000.0,46.567,-2207000000.0
32,KMI,MRT,2013-09-30,2013-09-30,2013-09-30,2021-10-22,-97000000.0,74575000000.0,71312000000.0,3591000000.0,70984000000.0,0.186,12.804,-2705000000.0,816000000.0,816000000.0,7224000000.0,2476000000.0,0.56,3.488,36011000000.0,2973000000.0,33038000000.0,36011000000.0,0.0,1736000000.0,0.0,0.032,1.15,3377000000.0,5113000000.0,0.385,5113000000.0,3377000000.0,1724000000.0,1.06,1.06,1.06,13265000000.0,13615000000.0,13265000000.0,71374045670.0,21.0,13.959,968000000.0,0.934,1.0,6053000000.0,0.456,26968000000.0,1653000000.0,76387000000.0,73479000000.0,435000000.0,6044000000.0,0.0,6044000000.0,46273000000.0,6415000000.0,39858000000.0,36845045670.0,41000000.0,1488000000.0,-620000000.0,-1087000000.0,-1570000000.0,-2830000000.0,-785000000.0,395000000.0,3673000000.0,-17000000.0,1075000000.0,1075000000.0,1075000000.0,-10000000.0,1401000000.0,0.081,2258000000.0,3795000000.0,1427000000.0,1.085,2.778,34.274,33.557,35275000000.0,0.0,35.57,2.775,2.776,1420000000.0,-1284000000.0,13277000000.0,13277000000.0,0.0,0.015,0.079,0.046,0.254,0.0,594000000.0,1.0,1035846097.0,1036000000.0,1036000000.0,12.816,47607000000.0,428000000.0,649000000.0,4314000000.0,45.953,-2824000000.0
33,KMI,MRT,2013-06-30,2013-06-30,2013-06-30,2021-10-22,-148000000.0,74120000000.0,70181500000.0,3772000000.0,70348000000.0,0.177,13.18,-2405000000.0,1017000000.0,1017000000.0,6502000000.0,2180000000.0,0.514,3.338,35546000000.0,3964000000.0,31582000000.0,35546000000.0,0.0,1672000000.0,0.0,0.029,1.1,3285000000.0,4957000000.0,0.4,4957000000.0,3285000000.0,1527000000.0,0.98,0.98,0.98,13654000000.0,13835250000.0,13654000000.0,72797803100.0,22.0,14.686,1124000000.0,1.085,1.0,5889000000.0,0.475,26978000000.0,1758000000.0,74338000000.0,72922000000.0,428000000.0,6085000000.0,0.0,6085000000.0,45581000000.0,7333000000.0,38248000000.0,39513803100.0,342000000.0,1452000000.0,-288000000.0,-2250000000.0,-1517000000.0,-2753000000.0,-424000000.0,452000000.0,3529000000.0,-10000000.0,989000000.0,989000000.0,989000000.0,121000000.0,1191000000.0,0.08,2283000000.0,3606000000.0,1326000000.0,1.122,2.894,39.953,38.929,34599000000.0,0.0,38.15,3.189,3.19,1488000000.0,-1153000000.0,12391000000.0,12391000000.0,0.0,0.014,0.071,0.045,0.265,0.0,622000000.0,1.0,1035748443.0,1036000000.0,1038000000.0,11.96,47142000000.0,358000000.0,538000000.0,4113000000.0,45.504,-3561000000.0
34,KMI,MRT,2013-03-31,2013-03-31,2013-03-31,2021-10-22,-157000000.0,68308000000.0,69045250000.0,3686000000.0,64622000000.0,0.162,13.2,-2115000000.0,1106000000.0,1106000000.0,5596000000.0,1156000000.0,0.66,3.218,34390000000.0,2876000000.0,31514000000.0,34390000000.0,0.0,1560000000.0,0.0,0.027,1.04,2530000000.0,4090000000.0,0.366,4090000000.0,2530000000.0,908000000.0,0.56,0.56,0.56,13675000000.0,13976750000.0,13675000000.0,73794678622.0,29.0,18.043,900000000.0,0.869,1.0,5580000000.0,0.499,24720000000.0,1622000000.0,71290000000.0,73163750000.0,389000000.0,5773000000.0,0.0,5773000000.0,44000000000.0,5582000000.0,38418000000.0,40059678622.0,612000000.0,-3232000000.0,-237000000.0,3175000000.0,-1348000000.0,2450000000.0,-4848000000.0,497000000.0,3015000000.0,-5000000.0,586000000.0,586000000.0,586000000.0,401000000.0,570000000.0,0.052,2486000000.0,3094000000.0,1111000000.0,1.857,2.929,68.361,69.071,31201000000.0,0.0,38.68,3.584,3.586,1290000000.0,-1035000000.0,11176000000.0,11176000000.0,0.0,0.008,0.042,0.035,0.226,87000000.0,940000000.0,1.0,1035669044.0,1036000000.0,1038000000.0,10.788,43588000000.0,522000000.0,322000000.0,4219000000.0,42.073,-1896000000.0
35,KMI,MRT,2012-12-31,2012-12-31,2012-12-31,2021-10-22,-118000000.0,68245000000.0,59560750000.0,3674000000.0,64571000000.0,0.167,30.078,-1868000000.0,714000000.0,714000000.0,5045000000.0,427000000.0,0.703,3.184,34401000000.0,2401000000.0,32000000000.0,34401000000.0,0.0,1426000000.0,0.0,0.028,0.98,1853000000.0,3279000000.0,0.329,3279000000.0,1853000000.0,454000000.0,0.35,0.35,0.35,13866000000.0,11337000000.0,13866000000.0,74028686934.0,40.0,22.577,940000000.0,2.039,1.0,4928000000.0,0.494,24803000000.0,1399000000.0,71901000000.0,64740000000.0,374000000.0,5804000000.0,0.0,5804000000.0,44145000000.0,5228000000.0,38917000000.0,38313686934.0,303000000.0,-3262000000.0,-157000000.0,3282000000.0,-1184000000.0,2584000000.0,-5097000000.0,8000000.0,2808000000.0,8000000.0,315000000.0,315000000.0,315000000.0,777000000.0,112000000.0,0.032,2335000000.0,2593000000.0,1248000000.0,2.8,2.763,121.631,100.943,30996000000.0,0.0,35.33,3.842,1.633,1333000000.0,-943000000.0,9973000000.0,9973000000.0,0.0,0.005,0.028,0.029,0.186,87000000.0,929000000.0,1.0,1084451937.0,461000000.0,908000000.0,21.633,43442000000.0,539000000.0,139000000.0,4071000000.0,94.234,-1554000000.0
36,KMI,MRT,2012-09-30,2012-09-30,2012-09-30,2021-10-22,-56000000.0,70053000000.0,50178750000.0,5122000000.0,64931000000.0,0.176,23.382,-1720000000.0,775000000.0,775000000.0,4557000000.0,232000000.0,0.747,3.263,36490000000.0,4015000000.0,32475000000.0,36490000000.0,98000000.0,1302000000.0,0.0,0.036,1.28,1678000000.0,2980000000.0,0.337,2980000000.0,1678000000.0,527000000.0,0.29,0.29,0.29,14146000000.0,8700750000.0,14146000000.0,76704580754.0,46.0,25.74,977000000.0,1.615,1.0,4274000000.0,0.484,24749000000.0,1151000000.0,74159000000.0,55963750000.0,379000000.0,6327000000.0,0.0,6327000000.0,46155000000.0,6860000000.0,39295000000.0,40247580754.0,501000000.0,-5276000000.0,0.0,5481000000.0,-1023000000.0,4755000000.0,-6971000000.0,28000000.0,2697000000.0,20000000.0,250000000.0,250000000.0,250000000.0,724000000.0,-18000000.0,0.028,2205000000.0,2069000000.0,1066000000.0,4.414,2.845,160.99,122.483,30881000000.0,0.0,35.52,4.558,2.433,1296000000.0,-733000000.0,8831000000.0,8831000000.0,0.0,0.005,0.029,0.03,0.19,87000000.0,932000000.0,1.0,1133096305.0,605000000.0,1039000000.0,14.597,45304000000.0,0.0,277000000.0,4160000000.0,74.883,-1738000000.0
37,KMI,MRT,2012-06-30,2012-06-30,2012-06-30,2021-10-22,-42000000.0,69575000000.0,40204850000.0,5331000000.0,64244000000.0,0.201,44.438,-1439000000.0,675000000.0,675000000.0,4474000000.0,61000000.0,0.869,3.262,37132000000.0,3299000000.0,33833000000.0,37132000000.0,109000000.0,1186000000.0,0.0,0.038,1.23,1289000000.0,2475000000.0,0.306,2475000000.0,1289000000.0,485000000.0,0.31,0.31,0.31,14220000000.0,6028125000.0,14220000000.0,42809803158.0,33.0,17.297,986000000.0,3.081,1.0,3609000000.0,0.446,24595000000.0,804000000.0,75305000000.0,46499250000.0,361000000.0,6301000000.0,0.0,6301000000.0,46385000000.0,6132000000.0,40253000000.0,25883803158.0,321000000.0,-6069000000.0,0.0,7023000000.0,-871000000.0,5572000000.0,-7663000000.0,-143000000.0,2425000000.0,-13000000.0,202000000.0,202000000.0,202000000.0,538000000.0,-141000000.0,0.025,2011000000.0,1598000000.0,947000000.0,3.968,1.82,128.138,103.935,30613000000.0,0.0,32.22,3.202,1.276,1275000000.0,-556000000.0,8083000000.0,8083000000.0,0.0,0.005,0.034,0.028,0.159,87000000.0,855000000.0,1.0,803345846.0,320000000.0,843000000.0,25.259,44980000000.0,0.0,283000000.0,3809000000.0,140.562,-801000000.0
38,KMI,MRT,2012-03-31,2012-03-31,2012-03-31,2021-10-22,-128000000.0,30370000000.0,30053575000.0,3902000000.0,26468000000.0,0.262,18.222,-1262000000.0,494000000.0,494000000.0,4742000000.0,386000000.0,1.052,7.14,17420000000.0,2190000000.0,15230000000.0,17420000000.0,108000000.0,1117000000.0,0.0,0.027,1.05,1508000000.0,2625000000.0,0.334,2625000000.0,1508000000.0,821000000.0,0.65,0.65,0.65,3116000000.0,3330075000.0,3116000000.0,47915581622.0,32.0,18.254,1181000000.0,6.906,1.0,3126000000.0,0.397,5993000000.0,687000000.0,37595000000.0,36629775000.0,235000000.0,2347000000.0,0.0,2347000000.0,22248000000.0,3708000000.0,18540000000.0,31049281622.0,304000000.0,-1143000000.0,0.0,1106000000.0,-744000000.0,394000000.0,-2530000000.0,-213000000.0,2443000000.0,-3000000.0,460000000.0,460000000.0,460000000.0,218000000.0,-74000000.0,0.058,1552000000.0,1574000000.0,629000000.0,1.615,9.964,67.498,59.462,17304000000.0,0.0,38.65,3.946,0.84,761000000.0,-202000000.0,7868000000.0,7868000000.0,0.0,0.015,0.138,0.041,0.192,0.0,464000000.0,1.0,803344932.0,171000000.0,708000000.0,46.012,24377000000.0,0.0,361000000.0,2371000000.0,142.556,194000000.0
39,KMI,MRT,2011-12-31,2011-12-31,2011-12-31,2021-10-22,-115000000.0,30717000000.0,29562700000.0,1663000000.0,29054000000.0,0.269,28.144,-1177000000.0,411000000.0,411000000.0,4943000000.0,660000000.0,0.367,6.669,17278000000.0,2922000000.0,14356000000.0,17278000000.0,0.0,1092000000.0,0.0,0.023,0.74,1637000000.0,2729000000.0,0.344,2729000000.0,1637000000.0,955000000.0,0.74,0.74,0.74,3321000000.0,3375625000.0,3321000000.0,42720972868.0,26.0,15.654,1189000000.0,10.076,1.0,3000000000.0,0.378,6259000000.0,682000000.0,36796000000.0,36049325000.0,172000000.0,3909000000.0,0.0,3909000000.0,22149000000.0,4529000000.0,17620000000.0,26040472868.0,-91000000.0,-1179000000.0,0.0,703000000.0,-770000000.0,-57000000.0,-2392000000.0,-104000000.0,2366000000.0,-8000000.0,594000000.0,594000000.0,594000000.0,-211000000.0,66000000.0,0.075,1577000000.0,1423000000.0,728000000.0,1.0,7.841,43.839,43.473,17926000000.0,0.0,32.17,3.278,0.478,914000000.0,-3000000.0,7943000000.0,7943000000.0,0.0,0.02,0.176,0.045,0.206,0.0,515000000.0,1.0,809464497.0,118000000.0,708000000.0,67.314,24458000000.0,0.0,361000000.0,2199000000.0,207.271,-2866000000.0
40,KMI,MRT,2011-09-30,2011-09-30,2011-09-30,2021-10-22,-32400000.0,30157400000.0,29110475000.0,1478200000.0,28679200000.0,0.262,31.131,-1067700000.0,273900000.0,273900000.0,4824800000.0,534000000.0,0.336,6.196,16954400000.0,3102900000.0,13851500000.0,16954400000.0,92100000.0,1072300000.0,0.0,0.017,0.44,1644600000.0,2716900000.0,0.356,2716900000.0,1644600000.0,946400000.0,,,,3455500000.0,3405150000.0,3455500000.0,36013735827.0,22.0,13.255,1222800000.0,11.016,1.0,2796500000.0,0.367,6141900000.0,698200000.0,36301000000.0,35713325000.0,128500000.0,3832700000.0,0.0,3832700000.0,21409900000.0,4395000000.0,17014900000.0,20957035827.0,78000000.0,-972400000.0,0.0,730200000.0,-757000000.0,-23300000.0,-2175200000.0,-147100000.0,2290500000.0,-14000000.0,502300000.0,502300000.0,502300000.0,-382400000.0,31700000.0,0.066,1512400000.0,1284100000.0,640400000.0,,6.065,41.722,,17715900000.0,0.0,25.89,2.75,0.377,830200000.0,56500000.0,7621300000.0,7621300000.0,0.0,0.017,0.148,0.046,0.216,0.0,501300000.0,1.0,809464497.0,111000000.0,,68.66,24015500000.0,0.0,444100000.0,2328300000.0,216.356,-2916800000.0
41,KMI,MRT,2011-06-30,2011-06-30,2011-06-30,2021-10-22,-113800000.0,28969900000.0,28758325000.0,1632600000.0,27337300000.0,0.264,30.881,-1043800000.0,354400000.0,354400000.0,4811600000.0,502600000.0,0.539,5.883,15411100000.0,1410400000.0,14000700000.0,15411100000.0,96400000.0,1047000000.0,0.0,0.005,0.14,1455700000.0,2502700000.0,0.33,2502700000.0,1455700000.0,759600000.0,,,,3427800000.0,3442075000.0,3427800000.0,38671469893.0,27.0,15.452,1087900000.0,9.801,1.0,2775900000.0,0.366,5168900000.0,696100000.0,35827100000.0,35461050000.0,149700000.0,4433900000.0,0.0,4433900000.0,20166500000.0,3030600000.0,17135900000.0,23255869893.0,209900000.0,-162400000.0,0.0,-210600000.0,-720000000.0,-802800000.0,-1124800000.0,75200000.0,2131700000.0,5800000.0,360900000.0,360900000.0,360900000.0,-327200000.0,141700000.0,0.048,1691700000.0,1084200000.0,663700000.0,,6.784,64.439,,17227500000.0,0.0,28.73,3.065,0.42,919200000.0,117500000.0,7587500000.0,7587500000.0,0.0,0.013,0.105,0.041,0.192,0.0,700500000.0,1.0,809462927.0,111000000.0,,68.356,23801000000.0,0.0,398700000.0,2219600000.0,214.423,-1398000000.0
42,KMI,MRT,2011-03-31,2011-03-31,2011-03-31,2021-10-22,-192000000.0,28406500000.0,,1288800000.0,27117700000.0,,29.714,-1015600000.0,189500000.0,189500000.0,4658500000.0,680900000.0,0.379,6.122,15605100000.0,1738300000.0,13866800000.0,15605100000.0,103800000.0,1052700000.0,0.0,0.0,0.0,1318200000.0,2370900000.0,0.311,2370900000.0,1318200000.0,632400000.0,,,,3298200000.0,,3298200000.0,39350581156.0,30.0,16.597,941700000.0,8.484,1.0,2967900000.0,0.389,5151900000.0,685800000.0,35273200000.0,,120400000.0,4428300000.0,0.0,4428300000.0,20192700000.0,3397000000.0,16795700000.0,23992481156.0,53500000.0,-110200000.0,0.0,940700000.0,-796000000.0,105500000.0,-2016700000.0,-844900000.0,1957300000.0,7400000.0,274900000.0,274900000.0,274900000.0,-287200000.0,406000000.0,0.036,1714300000.0,1253600000.0,601100000.0,,7.274,87.277,,17133700000.0,0.0,29.64,3.146,0.431,843800000.0,84400000.0,7626400000.0,7626400000.0,0.0,,,,0.173,0.0,695300000.0,1.0,809462927.0,111000000.0,,68.706,23254600000.0,0.0,357500000.0,2195300000.0,209.501,-2108200000.0
43,KMI,MRT,2010-12-31,2010-12-31,2010-12-31,2021-10-22,-136500000.0,28908100000.0,28244550000.0,1786900000.0,27121200000.0,0.278,4.864,-957000000.0,502400000.0,502400000.0,5038000000.0,300000000.0,0.49,5.923,15860500000.0,2047600000.0,13812900000.0,15860500000.0,96700000.0,1079000000.0,0.0,,0.0,793000000.0,1872000000.0,0.238,1872000000.0,793000000.0,125000000.0,,,,3439100000.0,3804800000.0,3439100000.0,,,,956000000.0,1.352,1.0,2814000000.0,0.358,5170100000.0,668000000.0,35452000000.0,34795050000.0,94200000.0,4406100000.0,0.0,4406100000.0,20369100000.0,3644100000.0,16725000000.0,,337000000.0,-288000000.0,0.0,1501000000.0,-700000000.0,710000000.0,-2288000000.0,-997000000.0,1913000000.0,2000000.0,-41000000.0,-41000000.0,-41000000.0,-236000000.0,341000000.0,-0.005,1681000000.0,1133000000.0,647500000.0,,,,,17070700000.0,0.0,,,,971400000.0,0.0,7852000000.0,7852000000.0,0.0,-0.001,-0.011,0.023,0.101,0.0,631000000.0,1.0,707000000.0,707000000.0,,11.106,23738000000.0,0.0,166000000.0,2137400000.0,33.576,-1857200000.0
44,KMI,MRT,2010-09-30,2010-09-30,2010-09-30,2021-10-22,-104500000.0,28748800000.0,,1261900000.0,27486900000.0,,5.096,-915100000.0,196600000.0,196600000.0,5272100000.0,322700000.0,0.314,5.556,15920900000.0,2485400000.0,13435500000.0,15920900000.0,86500000.0,1106800000.0,0.0,,0.0,744600000.0,1851400000.0,0.226,1851400000.0,744600000.0,73100000.0,,,,3603200000.0,,3603200000.0,,,,963600000.0,1.363,1.0,2915300000.0,0.356,5168300000.0,671500000.0,35291900000.0,,130200000.0,4415900000.0,0.0,4415900000.0,20019500000.0,4012900000.0,16006600000.0,,-29500000.0,-526000000.0,0.0,1512400000.0,-850000000.0,820900000.0,-2731100000.0,-1234500000.0,1878700000.0,2000000.0,22800000.0,22800000.0,22800000.0,500000.0,299900000.0,0.003,1725000000.0,1190300000.0,599900000.0,,,,,16947900000.0,0.0,,,,779500000.0,,8187400000.0,8187400000.0,0.0,,,,0.091,0.0,632500000.0,1.0,707000000.0,707000000.0,,11.58,23580500000.0,0.0,50300000.0,1956400000.0,33.353,-2751000000.0
45,KMI,MRT,2010-06-30,2010-06-30,2010-06-30,2021-10-22,,,,,,,,,,,,,,,,,,,,,,,0.0,,,,,,,,,,,,,,,,,,1.0,,,,,,,,,,,,,,,,,,,,,,,,,,,,,,,,,,,,,,,,,,,,,,,,,,,,,,1.0,,,,,,,,,,
46,KMI,MRT,2010-03-31,2010-03-31,2010-03-31,2021-10-22,,,,,,,,,,,,,,,,,,,,,,,0.0,,,,,,,,,,,,,,,,,,1.0,,,,,,,,,,,,,,,,,,,,,,,,,,,,,,,,,,,,,,,,,,,,,,,,,,,,,,1.0,,,,,,,,,,
47,KMI,MRT,2009-12-31,2009-12-31,2009-12-31,2021-10-22,-167900000.0,27581000000.0,,1380300000.0,26200700000.0,,,-1276400000.0,165600000.0,165600000.0,4365400000.0,773100000.0,0.595,4.492,14046000000.0,805300000.0,13240700000.0,14046000000.0,76100000.0,1070200000.0,0.0,,0.0,1420700000.0,2490900000.0,0.347,2490900000.0,1420700000.0,821600000.0,,,,4170500000.0,,4170500000.0,,,,302600000.0,,1.0,2819800000.0,0.392,5004100000.0,599100000.0,34138100000.0,,115400000.0,3886200000.0,0.0,3886200000.0,18735900000.0,2319200000.0,16416700000.0,,47000000.0,-292900000.0,0.0,2175100000.0,-650000000.0,1935600000.0,-3473600000.0,-1958400000.0,1579000000.0,6000000.0,495000000.0,495000000.0,495000000.0,-300000.0,278100000.0,0.069,1412600000.0,1407200000.0,620800000.0,,,,,16803500000.0,0.0,,,,916300000.0,,7185200000.0,7185200000.0,0.0,,,,0.198,0.0,373000000.0,1.0,,,,,22576900000.0,0.0,326600000.0,2094200000.0,,-938900000.0
48,KMI,MRT,2008-12-31,2008-12-31,2008-12-31,2021-10-22,,,,,,,,-2434200000.0,,,9253400000.0,-3203200000.0,,,,,,,,918400000.0,,,0.0,-2619200000.0,-1700800000.0,-0.141,-1700800000.0,-2619200000.0,-3295000000.0,,,,,,,,,,-1037400000.0,,1.0,2841400000.0,0.235,,675800000.0,,,,,,,,,,,,5958100000.0,,,,,3210000000.0,-268100000.0,1396800000.0,,-3599300000.0,-3599300000.0,-3599300000.0,900000.0,396100000.0,-0.298,5313500000.0,-2472100000.0,,,,,,,0.0,,,,,,12094800000.0,12094800000.0,0.0,,,,-0.217,0.0,352500000.0,1.0,,,,,,,304300000.0,,,
