None,ticker,dimension,calendardate,datekey,reportperiod,lastupdated,accoci,assets,assetsavg,assetsc,assetsnc,assetturnover,bvps,capex,cashneq,cashnequsd,cor,consolinc,currentratio,de,debt,debtc,debtnc,debtusd,deferredrev,depamor,deposits,divyield,dps,ebit,ebitda,ebitdamargin,ebitdausd,ebitusd,ebt,eps,epsdil,epsusd,equity,equityavg,equityusd,ev,evebit,evebitda,fcf,fcfps,fxusd,gp,grossmargin,intangibles,intexp,invcap,invcapavg,inventory,investments,investmentsc,investmentsnc,liabilities,liabilitiesc,liabilitiesnc,marketcap,ncf,ncfbus,ncfcommon,ncfdebt,ncfdiv,ncff,ncfi,ncfinv,ncfo,ncfx,netinc,netinccmn,netinccmnusd,netincdis,netincnci,netmargin,opex,opinc,payables,payoutratio,pb,pe,pe1,ppnenet,prefdivis,price,ps,ps1,receivables,retearn,revenue,revenueusd,rnd,roa,roe,roic,ros,sbcomp,sgna,sharefactor,sharesbas,shareswa,shareswadil,sps,tangibles,taxassets,taxexp,taxliabilities,tbvps,workingcapital
0,LXK,MRY,2015-12-31,2015-12-31,2015-12-31,2019-04-19,-165000000.0,3912400000.0,3850600000.0,1029300000.0,2883100000.0,0.922,18.149,-112600000.0,158300000.0,158300000.0,2154400000.0,-40400000.0,0.879,2.499,1061300000.0,0.0,1061300000.0,1061300000.0,0.0,302900000.0,0.0,0.044,1.44,-28300000.0,274600000.0,0.077,274600000.0,-28300000.0,-67700000.0,-0.66,-0.66,-0.66,1118000000.0,1176250000.0,1118000000.0,2959777312.0,-105.0,10.779,-4800000.0,-0.078,1.0,1396800000.0,0.393,1857600000.0,39400000.0,1786300000.0,1827300000.0,231900000.0,0.0,0.0,0.0,2794400000.0,1171500000.0,1622900000.0,2005877312.0,-151000000.0,-1006600000.0,-23800000.0,362700000.0,-88600000.0,246600000.0,-494800000.0,625400000.0,107800000.0,-10600000.0,-40400000.0,-40400000.0,-40400000.0,0.0,0.0,-0.011,1421300000.0,-24500000.0,501700000.0,-2.182,1.794,-49.65,-49.167,740200000.0,0.0,32.45,0.565,0.563,434200000.0,1292800000.0,3551200000.0,3551200000.0,332200000.0,-0.01,-0.034,-0.015,-0.008,37300000.0,1014100000.0,1.0,61814401.0,61600000,61600000.0,57.649,2054800000.0,0.0,-27300000.0,0.0,33.357,-142200000.0
1,LXK,MRY,2014-12-31,2014-12-31,2014-12-31,2019-04-19,-84700000.0,3684500000.0,3566250000.0,1829700000.0,1854800000.0,1.04,20.816,-136300000.0,309300000.0,309300000.0,2300700000.0,79900000.0,1.518,1.855,696500000.0,0.0,696500000.0,696500000.0,0.0,259400000.0,0.0,0.033,1.38,145000000.0,404400000.0,0.109,404400000.0,145000000.0,113400000.0,1.29,1.26,1.29,1290600000.0,1350225000.0,1290600000.0,3044995787.0,21.0,7.53,286700000.0,4.624,1.0,1409800000.0,0.38,867700000.0,31600000.0,1998900000.0,2106575000.0,253000000.0,624600000.0,624600000.0,0.0,2393900000.0,1205100000.0,1188800000.0,2550295787.0,36100000.0,-83200000.0,-69000000.0,-15900000.0,-85300000.0,-323700000.0,-56000000.0,162700000.0,423000000.0,-7200000.0,79900000.0,79900000.0,79900000.0,0.0,0.0,0.022,1260600000.0,149200000.0,532800000.0,1.07,1.976,31.919,31.992,786100000.0,0.0,41.27,0.687,0.69,424100000.0,1425000000.0,3710500000.0,3710500000.0,354500000.0,0.022,0.059,0.069,0.039,27700000.0,888200000.0,1.0,61795391.0,62000000,63200000.0,59.847,2816800000.0,0.0,33500000.0,0.0,45.432,624600000.0
2,LXK,MRY,2013-12-31,2013-12-31,2013-12-31,2019-04-19,-35200000.0,3616900000.0,3552650000.0,1970500000.0,1646400000.0,1.032,21.719,-167400000.0,273200000.0,273200000.0,2223700000.0,259100000.0,1.718,1.643,699600000.0,0.0,699600000.0,699600000.0,0.0,249600000.0,0.0,0.034,1.2,401400000.0,651000000.0,0.178,651000000.0,401400000.0,368400000.0,4.11,4.04,4.11,1368300000.0,1316075000.0,1368300000.0,2675663264.0,7.0,4.11,312600000.0,4.962,1.0,1443900000.0,0.394,712700000.0,33000000.0,2183500000.0,2300225000.0,268200000.0,788200000.0,781500000.0,6700000.0,2248600000.0,1147100000.0,1101500000.0,2205763264.0,60800000.0,-48500000.0,-81600000.0,47300000.0,-75300000.0,-107700000.0,-309400000.0,-94000000.0,480000000.0,-2100000.0,259100000.0,259100000.0,259100000.0,0.0,0.0,0.071,1034700000.0,409200000.0,474700000.0,0.292,1.612,8.513,8.642,812400000.0,0.0,35.52,0.601,0.61,452300000.0,1413100000.0,3667600000.0,3667600000.0,287200000.0,0.073,0.197,0.175,0.109,26600000.0,810100000.0,1.0,62099191.0,63000000,64100000.0,58.216,2904200000.0,0.0,109300000.0,0.0,46.098,823400000.0
3,LXK,MRY,2012-12-31,2012-12-31,2012-12-31,2019-04-19,-5100000.0,3525300000.0,3564875000.0,1921300000.0,1604000000.0,1.065,18.681,-162200000.0,212400000.0,212400000.0,2395800000.0,107600000.0,1.33,1.751,649600000.0,350000000.0,299600000.0,649600000.0,0.0,275800000.0,0.0,0.05,1.15,192000000.0,467800000.0,0.123,467800000.0,192000000.0,162400000.0,1.57,1.55,1.57,1281500000.0,1362625000.0,1281500000.0,1967321238.0,10.0,4.205,259100000.0,3.777,1.0,1401800000.0,0.369,610100000.0,29600000.0,1907700000.0,2107850000.0,277300000.0,699700000.0,693400000.0,6300000.0,2243800000.0,1444700000.0,799100000.0,1497621238.0,-143700000.0,-245400000.0,-184200000.0,-4300000.0,-78600000.0,-263400000.0,-302500000.0,105400000.0,421300000.0,900000.0,107600000.0,107600000.0,107600000.0,0.0,0.0,0.028,1210300000.0,191500000.0,512600000.0,0.732,1.169,13.918,14.771,845300000.0,0.0,23.19,0.394,0.419,523600000.0,1229400000.0,3797600000.0,3797600000.0,369100000.0,0.03,0.079,0.091,0.051,23300000.0,805100000.0,1.0,64580476.0,68600000,69500000.0,55.359,2915200000.0,0.0,54800000.0,0.0,42.496,476600000.0
4,LXK,MRY,2011-12-31,2011-12-31,2011-12-31,2019-04-19,-303700000.0,3637000000.0,3726400000.0,2208800000.0,1428200000.0,1.12,18.051,-152200000.0,356100000.0,356100000.0,2592400000.0,320900000.0,1.966,1.613,649300000.0,0.0,649300000.0,649300000.0,0.0,221800000.0,0.0,0.008,0.25,443500000.0,665300000.0,0.159,665300000.0,443500000.0,413600000.0,4.16,4.12,4.16,1391700000.0,1510325000.0,1391700000.0,2762278551.0,6.0,4.152,248800000.0,3.227,1.0,1580600000.0,0.379,367600000.0,29900000.0,2439300000.0,2503150000.0,335500000.0,804800000.0,793300000.0,11500000.0,2245300000.0,1123300000.0,1122000000.0,2486878551.0,18600000.0,-41400000.0,-250000000.0,-7100000.0,-18000000.0,-272300000.0,-106900000.0,86400000.0,401000000.0,-3200000.0,320900000.0,320900000.0,320900000.0,0.0,0.0,0.077,1137700000.0,442900000.0,486500000.0,0.06,1.787,7.75,7.95,888800000.0,0.0,33.07,0.596,0.611,457800000.0,1482300000.0,4173000000.0,4173000000.0,374500000.0,0.086,0.212,0.177,0.106,22200000.0,761200000.0,1.0,75200440.0,77100000,77900000.0,54.125,3269400000.0,0.0,92700000.0,0.0,42.405,1085500000.0
5,LXK,MRY,2010-12-31,2010-12-31,2010-12-31,2019-04-19,-223500000.0,3705200000.0,3572200000.0,2269600000.0,1435600000.0,1.176,17.739,-155600000.0,337500000.0,337500000.0,2680200000.0,340000000.0,1.821,1.657,649100000.0,0.0,649100000.0,649100000.0,0.0,197900000.0,0.0,0.0,0.0,447800000.0,645700000.0,0.154,645700000.0,447800000.0,421500000.0,4.33,4.28,4.33,1394300000.0,1244525000.0,1394300000.0,2862311468.0,6.0,4.433,364800000.0,4.641,1.0,1519500000.0,0.362,342600000.0,26300000.0,2427900000.0,2387875000.0,366100000.0,897700000.0,879700000.0,18000000.0,2310900000.0,1246300000.0,1064600000.0,2735611468.0,-121800000.0,-273500000.0,700000.0,-3100000.0,0.0,-12300000.0,-630600000.0,-202100000.0,520400000.0,700000.0,340000000.0,340000000.0,340000000.0,0.0,0.0,0.081,1072600000.0,446900000.0,535300000.0,0.0,1.962,8.046,8.042,904800000.0,0.0,34.82,0.651,0.652,479600000.0,1179800000.0,4199700000.0,4199700000.0,369000000.0,0.095,0.273,0.188,0.107,19400000.0,701200000.0,1.0,78564373.0,78600000,79500000.0,53.431,3362600000.0,0.0,81500000.0,0.0,42.781,1023300000.0
6,LXK,MRY,2009-12-31,2009-12-31,2009-12-31,2019-04-19,-242600000.0,3354200000.0,3160950000.0,2140700000.0,1213500000.0,1.227,12.962,-242000000.0,459300000.0,459300000.0,2570100000.0,145900000.0,1.796,2.309,648900000.0,0.0,648900000.0,648900000.0,0.0,213700000.0,0.0,0.0,0.0,208400000.0,422100000.0,0.109,422100000.0,208400000.0,187000000.0,1.87,1.86,1.87,1013600000.0,932725000.0,1013600000.0,2427501027.0,12.0,5.751,160200000.0,2.049,1.0,1309800000.0,0.338,43500000.0,21400000.0,2308500000.0,2442175000.0,357300000.0,695200000.0,673200000.0,22000000.0,2340600000.0,1191800000.0,1148800000.0,2029101027.0,180100000.0,-10100000.0,0.0,-6600000.0,0.0,3800000.0,-228200000.0,24200000.0,402200000.0,2300000.0,145900000.0,145900000.0,145900000.0,0.0,0.0,0.038,1093700000.0,216100000.0,510100000.0,0.0,2.002,13.907,13.893,914900000.0,0.0,25.98,0.523,0.524,424900000.0,839800000.0,3879900000.0,3879900000.0,375300000.0,0.046,0.156,0.085,0.054,20400000.0,647800000.0,1.0,78102426.0,78200000,78600000.0,49.615,3310700000.0,0.0,41100000.0,0.0,42.336,948900000.0
7,LXK,MRY,2008-12-31,2008-12-31,2008-12-31,2019-04-19,-280300000.0,3265400000.0,3347775000.0,2062700000.0,1202700000.0,1.353,9.135,-213100000.0,279200000.0,279200000.0,2993800000.0,240200000.0,1.64,3.021,654200000.0,5500000.0,648700000.0,654200000.0,0.0,204900000.0,0.0,0.0,0.0,269800000.0,474700000.0,0.105,474700000.0,269800000.0,275900000.0,2.7,2.69,2.7,812100000.0,1153475000.0,812100000.0,2319952172.0,9.0,4.887,269000000.0,3.026,1.0,1534600000.0,0.339,0.0,-6100000.0,2382900000.0,2116575000.0,438300000.0,718800000.0,694100000.0,24700000.0,2453300000.0,1257500000.0,1195800000.0,2108952172.0,2200000.0,-1800000.0,-548200000.0,500200000.0,0.0,-48100000.0,-427600000.0,-210600000.0,482100000.0,-4200000.0,240200000.0,240200000.0,240200000.0,0.0,0.0,0.053,1257400000.0,277200000.0,557100000.0,0.0,2.597,8.78,9.963,863200000.0,0.0,26.9,0.466,0.528,427300000.0,692500000.0,4528400000.0,4528400000.0,423300000.0,0.072,0.208,0.127,0.06,32700000.0,807300000.0,1.0,78399709.0,88900000,89200000.0,50.938,3265400000.0,0.0,35700000.0,0.0,36.731,805200000.0
8,LXK,MRY,2007-12-31,2007-12-31,2007-12-31,2019-04-19,-91600000.0,3121100000.0,2900925000.0,2066800000.0,1054300000.0,1.715,13.413,-174600000.0,277000000.0,277000000.0,3410300000.0,300800000.0,1.38,1.442,149900000.0,149900000.0,0.0,149900000.0,0.0,192300000.0,0.0,0.0,0.0,328300000.0,520600000.0,0.105,520600000.0,328300000.0,349500000.0,3.16,3.14,3.16,1278300000.0,1125400000.0,1278300000.0,3253648416.0,10.0,6.25,389600000.0,4.088,1.0,1563600000.0,0.314,0.0,-21200000.0,1496700000.0,1450900000.0,464400000.0,519100000.0,519100000.0,0.0,1842800000.0,1497300000.0,345500000.0,3302048416.0,132400000.0,0.0,-149300000.0,-400000.0,0.0,-147000000.0,-287400000.0,-112900000.0,564200000.0,2600000.0,300800000.0,300800000.0,300800000.0,0.0,0.0,0.06,1242300000.0,321300000.0,636900000.0,0.0,2.583,10.978,11.032,869000000.0,0.0,34.86,0.664,0.668,578800000.0,935700000.0,4973900000.0,4973900000.0,403800000.0,0.104,0.267,0.226,0.066,40900000.0,812800000.0,1.0,94723133.0,95300000,95800000.0,52.192,3121100000.0,0.0,48700000.0,0.0,32.75,569500000.0
9,LXK,MRY,2006-12-31,2006-12-31,2006-12-31,2019-04-19,-130900000.0,2849000000.0,2965175000.0,1830000000.0,1019000000.0,1.723,10.07,-200200000.0,144600000.0,144600000.0,3462100000.0,338400000.0,1.382,1.752,149800000.0,0.0,149800000.0,149800000.0,0.0,200900000.0,0.0,0.0,0.0,437200000.0,638100000.0,0.125,638100000.0,437200000.0,459300000.0,3.29,3.27,3.29,1035200000.0,1075200000.0,1035200000.0,7117303394.0,16.0,11.154,470700000.0,4.579,1.0,1646000000.0,0.322,0.0,-22100000.0,1530200000.0,1662700000.0,457800000.0,406300000.0,406300000.0,0.0,1813800000.0,1324000000.0,489800000.0,7168303394.0,-23700000.0,0.0,-817700000.0,0.0,0.0,-808700000.0,112700000.0,314800000.0,670900000.0,1400000.0,338400000.0,338400000.0,338400000.0,0.0,0.0,0.066,1203500000.0,442500000.0,600300000.0,0.0,6.925,21.183,22.249,846800000.0,0.0,73.2,1.403,1.473,584300000.0,627500000.0,5108100000.0,5108100000.0,370500000.0,0.114,0.315,0.263,0.086,42500000.0,761800000.0,1.0,97927642.0,102800000,103500000.0,49.69,2849000000.0,0.0,120900000.0,0.0,27.714,506000000.0
10,LXK,MRY,2005-12-31,2005-12-31,2005-12-31,2019-04-19,-163300000.0,3330100000.0,3567600000.0,2169600000.0,1160500000.0,1.464,11.807,-201300000.0,168300000.0,168300000.0,3585900000.0,356300000.0,1.759,1.331,149600000.0,0.0,149600000.0,149600000.0,0.0,158500000.0,0.0,0.0,0.0,527200000.0,685700000.0,0.131,685700000.0,527200000.0,553700000.0,2.94,2.91,2.94,1428700000.0,1685650000.0,1428700000.0,5000033140.0,9.0,7.292,375100000.0,3.1,1.0,1635600000.0,0.313,0.0,-26500000.0,2077700000.0,2109400000.0,409200000.0,720500000.0,720500000.0,0.0,1901400000.0,1233700000.0,667700000.0,5202433140.0,-457900000.0,0.0,-1032400000.0,-1500000.0,0.0,-1036900000.0,4900000.0,220400000.0,576400000.0,-2300000.0,356300000.0,356300000.0,356300000.0,0.0,0.0,0.068,1101900000.0,533700000.0,572800000.0,0.0,3.641,14.601,15.248,832200000.0,0.0,44.83,0.996,1.039,650900000.0,988800000.0,5221500000.0,5221500000.0,336400000.0,0.1,0.211,0.25,0.101,19900000.0,755100000.0,1.0,116048029.0,121000000,122300000.0,43.153,3330100000.0,0.0,197400000.0,0.0,27.521,935900000.0
11,LXK,MRY,2004-12-31,2004-12-31,2004-12-31,2019-04-19,-165300000.0,4124300000.0,3856000000.0,3000900000.0,1123400000.0,1.378,16.059,-198300000.0,626200000.0,626200000.0,3522400000.0,568700000.0,2.045,0.98,151000000.0,1500000.0,149500000.0,151000000.0,0.0,134900000.0,0.0,0.0,0.0,732000000.0,866900000.0,0.163,866900000.0,732000000.0,746500000.0,4.38,4.28,4.38,2082900000.0,1978700000.0,2082900000.0,10587645320.0,14.0,12.213,577100000.0,4.449,1.0,1791400000.0,0.337,0.0,-14500000.0,2181400000.0,2049200000.0,464900000.0,940500000.0,940500000.0,0.0,2041400000.0,1467700000.0,573700000.0,10972445320.0,-118400000.0,0.0,-208200000.0,300000.0,0.0,-209400000.0,-688100000.0,-489900000.0,775400000.0,3700000.0,568700000.0,568700000.0,568700000.0,0.0,0.0,0.107,1059300000.0,732100000.0,670600000.0,0.0,5.268,19.294,19.406,792200000.0,0.0,85.0,2.065,2.075,744400000.0,2663700000.0,5313800000.0,5313800000.0,312700000.0,0.147,0.287,0.357,0.138,48200000.0,746600000.0,1.0,129087592.0,129700000,132900000.0,40.97,4124300000.0,0.0,177800000.0,0.0,31.799,1533200000.0
12,LXK,MRY,2003-12-31,2003-12-31,2003-12-31,2019-04-19,-196500000.0,3450400000.0,3162550000.0,2443800000.0,1006600000.0,1.503,12.826,-93800000.0,744600000.0,744600000.0,3209600000.0,439200000.0,2.065,1.1,150400000.0,1100000.0,149300000.0,150400000.0,0.0,148900000.0,0.0,0.0,0.0,593100000.0,742000000.0,0.156,742000000.0,593100000.0,593500000.0,3.43,3.34,3.43,1643000000.0,1416625000.0,1643000000.0,9682939930.0,16.0,13.05,653800000.0,5.104,1.0,1545100000.0,0.325,0.0,-400000.0,1672900000.0,1467550000.0,437000000.0,451500000.0,451500000.0,0.0,1807400000.0,1183300000.0,624100000.0,10103439930.0,246900000.0,0.0,48300000.0,-12300000.0,0.0,36000000.0,-543900000.0,-451500000.0,747600000.0,7200000.0,439200000.0,439200000.0,439200000.0,0.0,0.0,0.092,951200000.0,593900000.0,465700000.0,0.0,6.149,23.004,22.927,715900000.0,0.0,78.64,2.125,2.119,615400000.0,2095000000.0,4754700000.0,4754700000.0,265700000.0,0.139,0.31,0.404,0.125,37200000.0,685500000.0,1.0,128477110.0,128100000,131400000.0,37.117,3450400000.0,0.0,154300000.0,0.0,26.935,1260500000.0
13,LXK,MRY,2002-12-31,2002-12-31,2002-12-31,2019-04-19,-229700000.0,2808100000.0,2561450000.0,1798800000.0,1009300000.0,1.701,8.417,-111700000.0,497700000.0,497700000.0,2985800000.0,366700000.0,1.637,1.596,161500000.0,12300000.0,149200000.0,161500000.0,0.0,138200000.0,0.0,0.0,0.0,504600000.0,642800000.0,0.148,642800000.0,504600000.0,495600000.0,2.85,2.79,2.85,1081600000.0,1051225000.0,1081600000.0,7533434865.0,15.0,11.72,703900000.0,5.478,1.0,1370600000.0,0.315,0.0,9000000.0,1372900000.0,1437900000.0,410300000.0,0.0,0.0,0.0,1726500000.0,1099000000.0,627500000.0,7618634865.0,407000000.0,0.0,-307500000.0,5700000.0,0.0,-301800000.0,-113800000.0,0.0,815600000.0,7000000.0,366700000.0,366700000.0,366700000.0,0.0,0.0,0.084,866000000.0,504600000.0,378500000.0,0.0,7.044,20.776,21.228,747600000.0,0.0,60.5,1.749,1.785,600300000.0,1655800000.0,4356400000.0,4356400000.0,247900000.0,0.143,0.349,0.351,0.116,31300000.0,617800000.0,1.0,125927849.0,128500000,131600000.0,33.902,2808100000.0,0.0,128900000.0,0.0,21.853,699800000.0
14,LXK,MRY,2001-12-31,2001-12-31,2001-12-31,2019-04-19,-141200000.0,2449900000.0,2345450000.0,1493100000.0,956800000.0,1.75,8.302,-214400000.0,90700000.0,90700000.0,2865300000.0,273600000.0,1.604,1.277,160100000.0,11000000.0,149100000.0,160100000.0,0.0,125600000.0,0.0,0.0,0.0,332600000.0,458200000.0,0.112,458200000.0,332600000.0,317800000.0,2.11,2.05,2.11,1075900000.0,1009275000.0,1075900000.0,7897678027.0,24.0,17.236,-18700000.0,-0.144,1.0,1239000000.0,0.302,0.0,14800000.0,1588200000.0,1542600000.0,455100000.0,0.0,0.0,0.0,1374000000.0,931100000.0,442900000.0,7669478027.0,22200000.0,0.0,31400000.0,11000000.0,0.0,42400000.0,-214600000.0,0.0,195700000.0,-1300000.0,273600000.0,273600000.0,273600000.0,0.0,0.0,0.067,898000000.0,341000000.0,384700000.0,0.0,7.128,28.032,27.962,800400000.0,0.0,59.0,1.869,1.863,702800000.0,1289100000.0,4104300000.0,4104300000.0,246200000.0,0.117,0.271,0.216,0.081,54700000.0,593400000.0,1.0,129991153.0,129600000,133800000.0,31.669,2449900000.0,0.0,44200000.0,0.0,18.904,562000000.0
15,LXK,MRY,2000-12-31,2000-12-31,2000-12-31,2019-04-19,-74900000.0,2073200000.0,1862975000.0,1243700000.0,829500000.0,2.022,6.051,-296800000.0,68500000.0,68500000.0,2550900000.0,285400000.0,1.27,1.668,148900000.0,0.0,148900000.0,148900000.0,0.0,91200000.0,0.0,0.0,0.0,409200000.0,500400000.0,0.133,500400000.0,409200000.0,396400000.0,2.22,2.13,2.22,777000000.0,754075000.0,777000000.0,5810104941.0,14.0,11.611,179500000.0,1.398,1.0,1216400000.0,0.323,0.0,12800000.0,1174600000.0,1176575000.0,412300000.0,0.0,0.0,0.0,1296200000.0,979000000.0,317200000.0,5633504941.0,-25400000.0,0.0,-185000000.0,-16200000.0,0.0,-201200000.0,-298100000.0,0.0,476300000.0,-2400000.0,285400000.0,285400000.0,285400000.0,0.0,0.0,0.076,800700000.0,415700000.0,426100000.0,0.0,7.25,19.739,19.959,730600000.0,0.0,44.31,1.495,1.51,594000000.0,1015700000.0,3767300000.0,3767300000.0,216500000.0,0.153,0.378,0.348,0.109,61200000.0,542900000.0,1.0,127138455.0,128400000,134300000.0,29.34,2073200000.0,0.0,111000000.0,0.0,16.146,264700000.0
16,LXK,MRY,1999-12-31,1999-12-31,1999-12-31,2019-04-19,-30800000.0,1702600000.0,1560900000.0,1088700000.0,613900000.0,2.212,5.094,-220400000.0,93900000.0,93900000.0,2222800000.0,318500000.0,1.48,1.583,164900000.0,16200000.0,148700000.0,164900000.0,0.0,80100000.0,0.0,0.0,0.0,469600000.0,549700000.0,0.159,549700000.0,469600000.0,458900000.0,2.46,2.32,2.46,659100000.0,469400000.0,659100000.0,11598926437.0,25.0,21.1,227800000.0,1.76,1.0,1229500000.0,0.356,0.0,10700000.0,1038100000.0,968025000.0,387700000.0,0.0,0.0,0.0,1043500000.0,735500000.0,308000000.0,11559126437.0,-55100000.0,0.0,-289600000.0,8200000.0,0.0,-281400000.0,-220200000.0,0.0,448200000.0,-1700000.0,318500000.0,318500000.0,318500000.0,0.0,0.0,0.092,752900000.0,476600000.0,300900000.0,0.0,17.538,36.292,36.789,561000000.0,0.0,90.5,3.348,3.392,507300000.0,730300000.0,3452300000.0,3452300000.0,183600000.0,0.204,0.679,0.485,0.136,47800000.0,569300000.0,1.0,127725154.0,129400000,137500000.0,26.679,1702600000.0,0.0,140400000.0,0.0,13.158,353200000.0
17,LXK,MRY,1998-12-31,1998-12-31,1998-12-31,2019-04-19,-29000000.0,1483400000.0,1350475000.0,1020000000.0,463400000.0,2.237,4.339,-101700000.0,149000000.0,149000000.0,1934400000.0,243000000.0,1.684,1.566,160400000.0,11700000.0,148700000.0,160400000.0,0.0,75600000.0,0.0,0.0,0.0,376400000.0,452000000.0,0.15,452000000.0,376400000.0,365400000.0,1.82,1.7,1.82,578100000.0,514275000.0,578100000.0,6724746843.0,18.0,14.878,198600000.0,1.491,1.0,1086200000.0,0.36,0.0,11000000.0,889100000.0,890625000.0,333000000.0,0.0,0.0,0.0,905300000.0,605700000.0,299600000.0,6568346843.0,106000000.0,0.0,-179100000.0,83900000.0,0.0,-95200000.0,-99700000.0,0.0,300300000.0,600000.0,243000000.0,243000000.0,243000000.0,0.0,0.0,0.08,703400000.0,382800000.0,267100000.0,0.0,11.362,27.03,27.61,430500000.0,0.0,50.25,2.175,2.217,469400000.0,411800000.0,3020600000.0,3020600000.0,158500000.0,0.18,0.473,0.423,0.125,11300000.0,544900000.0,1.0,130713370.0,133242738,142801780.0,22.67,1483400000.0,0.0,122400000.0,0.0,11.133,414300000.0
18,LXK,MRY,1997-12-31,1997-12-31,1997-12-31,2019-04-19,-23800000.0,1208200000.0,1214850000.0,776100000.0,432100000.0,2.053,3.511,-68400000.0,43000000.0,43000000.0,1623500000.0,149000000.0,1.418,1.413,75000000.0,18000000.0,57000000.0,75000000.0,0.0,77500000.0,0.0,0.0,0.0,251500000.0,329000000.0,0.132,329000000.0,251500000.0,240700000.0,1.04,1.04,1.04,500700000.0,520500000.0,500700000.0,,,,206500000.0,1.448,1.0,870000000.0,0.349,0.0,10800000.0,692700000.0,769450000.0,353800000.0,0.0,0.0,0.0,707500000.0,547500000.0,160000000.0,2594683092.0,-76300000.0,0.0,-167000000.0,-89500000.0,0.0,-278900000.0,-68400000.0,0.0,274900000.0,-3900000.0,149000000.0,149000000.0,149000000.0,0.0,0.0,0.06,595400000.0,274600000.0,302000000.0,0.0,5.182,17.414,18.269,409600000.0,0.0,19.0,1.041,1.087,318900000.0,168800000.0,2493500000.0,2493500000.0,128900000.0,0.123,0.286,0.327,0.101,0.0,466500000.0,1.0,136562268.0,142628622,150337552.0,17.482,1208200000.0,0.0,91700000.0,0.0,8.471,228600000.0
19,LXK,MRY,1996-12-31,1996-12-31,1996-12-31,2019-04-19,500000.0,1221500000.0,,765100000.0,456400000.0,,3.771,-141400000.0,119300000.0,119300000.0,1630200000.0,127800000.0,1.816,1.261,165300000.0,2100000.0,163200000.0,165300000.0,0.0,69200000.0,0.0,0.0,0.0,222500000.0,291700000.0,0.123,291700000.0,222500000.0,201600000.0,0.89,0.89,0.89,540300000.0,,540300000.0,,,,-23400000.0,-0.163,1.0,747400000.0,0.314,0.0,20900000.0,846200000.0,,271000000.0,0.0,0.0,0.0,681200000.0,421300000.0,259900000.0,,-31200000.0,0.0,23000000.0,-30200000.0,0.0,-7200000.0,-141400000.0,0.0,118000000.0,-600000.0,127800000.0,127800000.0,127800000.0,0.0,0.0,0.054,517000000.0,230400000.0,197200000.0,0.0,,,15.517,434100000.0,0.0,13.81,,0.832,304700000.0,19800000.0,2377600000.0,2377600000.0,123900000.0,,,,0.094,0.0,388000000.0,1.0,,143259144,151331468.0,16.596,1221500000.0,0.0,73800000.0,0.0,8.527,343800000.0
20,LXK,MRY,1995-12-31,1995-12-31,1995-12-31,2019-04-19,,,,,,,,-100200000.0,,,1487900000.0,32400000.0,,,,,,,,99100000.0,,0.0,0.0,82700000.0,181800000.0,0.084,181800000.0,82700000.0,47600000.0,0.235,0.235,0.235,,,,,,,207300000.0,1.505,1.0,669900000.0,0.31,,35100000.0,,,,,,,,,,,108500000.0,0.0,0.0,-97800000.0,0.0,-100000000.0,-100200000.0,0.0,307500000.0,1200000.0,32400000.0,32400000.0,32400000.0,0.0,0.0,0.015,561400000.0,108500000.0,,0.0,,,38.83,,0.0,9.125,,0.582,,,2157800000.0,2157800000.0,116100000.0,,,,0.038,60600000.0,359100000.0,,,137719800,148400558.0,15.668,,,15200000.0,,,
0,LXK,MRQ,2016-09-30,2016-09-30,2016-09-30,2019-04-19,-191200000.0,3637300000.0,,923300000.0,2714000000.0,,15.929,-16900000.0,117700000.0,117700000.0,514500000.0,18300000.0,0.884,2.625,1017900000.0,0.0,1017900000.0,1017900000.0,0.0,69100000.0,0.0,0.036,0.36,34600000.0,103700000.0,0.123,103700000.0,34600000.0,23100000.0,0.29,0.28,0.29,1003500000.0,,1003500000.0,3394117891.0,-640.0,11.802,8600000.0,0.137,1.0,329400000.0,0.39,1755600000.0,11500000.0,1737600000.0,,238900000.0,0.0,0.0,0.0,2633800000.0,1044300000.0,1589500000.0,2508517891.0,14600000.0,0.0,100000.0,29000000.0,-22600000.0,4600000.0,-16000000.0,0.0,25500000.0,500000.0,18300000.0,18300000.0,18300000.0,0.0,0.0,0.022,293500000.0,35900000.0,398900000.0,1.241,2.5,-37.329,-37.0,683200000.0,0.0,39.96,0.721,0.723,397500000.0,1165700000.0,843900000.0,843900000.0,68500000.0,,,,,11500000.0,228500000.0,1.0,62775723.0,63000000,64200000.0,13.395,1881700000.0,0.0,4800000.0,0.0,29.868,-121000000.0
1,LXK,MRQ,2016-06-30,2016-06-30,2016-06-30,2019-04-19,-179700000.0,3670400000.0,,904300000.0,2766100000.0,,16.022,-17000000.0,103100000.0,103100000.0,525600000.0,-35400000.0,0.823,2.642,988700000.0,0.0,988700000.0,988700000.0,0.0,71400000.0,0.0,0.038,0.36,22200000.0,93600000.0,0.109,93600000.0,22200000.0,11100000.0,-0.56,-0.56,-0.56,1007800000.0,,1007800000.0,3233221759.0,-50.0,13.534,6500000.0,0.103,1.0,337000000.0,0.391,1790200000.0,11100000.0,1667400000.0,,236700000.0,0.0,0.0,0.0,2662600000.0,1098400000.0,1564200000.0,2364721759.0,-23900000.0,0.0,300000.0,-7000000.0,-22600000.0,-31500000.0,-14500000.0,0.0,23500000.0,-1400000.0,-35400000.0,-35400000.0,-35400000.0,0.0,0.0,-0.041,314100000.0,22900000.0,452600000.0,-0.643,2.346,-23.483,-23.302,702100000.0,0.0,37.75,0.678,0.681,373100000.0,1171000000.0,862600000.0,862600000.0,75800000.0,,,,,10800000.0,241800000.0,1.0,62641636.0,62900000,62900000.0,13.714,1880200000.0,0.0,46500000.0,0.0,29.892,-194100000.0
2,LXK,MRQ,2016-03-31,2016-03-31,2016-03-31,2019-04-19,-165200000.0,3830800000.0,,982800000.0,2848000000.0,,17.159,-23200000.0,127000000.0,127000000.0,499800000.0,-39400000.0,0.827,2.584,995500000.0,3500000.0,992000000.0,995500000.0,0.0,72100000.0,0.0,0.043,0.36,-38900000.0,33200000.0,0.041,33200000.0,-38900000.0,-50200000.0,-0.63,-0.63,-0.63,1069000000.0,,1069000000.0,2973862001.0,-27.0,14.817,55900000.0,0.897,1.0,306400000.0,0.38,1841700000.0,11300000.0,1668700000.0,,232900000.0,0.0,0.0,0.0,2761800000.0,1188900000.0,1572900000.0,2070862001.0,-31300000.0,0.0,-3700000.0,-66000000.0,-22500000.0,-91100000.0,-21700000.0,0.0,79100000.0,2400000.0,-39400000.0,-39400000.0,-39400000.0,0.0,0.0,-0.049,344900000.0,-38500000.0,539500000.0,-0.571,1.937,-20.709,-20.636,725200000.0,0.0,33.43,0.591,0.594,420400000.0,1229900000.0,806200000.0,806200000.0,83700000.0,,,,,16100000.0,272800000.0,1.0,61946216.0,62300000,62300000.0,12.941,1989100000.0,0.0,-10800000.0,0.0,31.928,-206100000.0
3,LXK,MRQ,2015-12-31,2015-12-31,2015-12-31,2019-04-19,-165000000.0,3912400000.0,,1029300000.0,2883100000.0,,18.061,-28500000.0,158300000.0,158300000.0,583600000.0,-10700000.0,0.879,2.499,1061300000.0,0.0,1061300000.0,1061300000.0,0.0,80300000.0,0.0,0.044,0.36,-23200000.0,57100000.0,0.059,57100000.0,-23200000.0,-34500000.0,-0.18,-0.18,-0.18,1118000000.0,,1118000000.0,2959777312.0,-105.0,10.779,74600000.0,1.205,1.0,385200000.0,0.398,1857600000.0,11300000.0,1786300000.0,,231900000.0,0.0,0.0,0.0,2794400000.0,1171500000.0,1622900000.0,2005877312.0,15400000.0,-1800000.0,500000.0,-33000000.0,-22300000.0,-55400000.0,-29900000.0,0.0,103100000.0,-2400000.0,-10700000.0,-10700000.0,-10700000.0,0.0,0.0,-0.011,408200000.0,-23000000.0,501700000.0,-2.0,1.794,-49.65,-49.167,740200000.0,0.0,32.45,0.565,0.563,434200000.0,1292800000.0,968800000.0,968800000.0,87300000.0,,,,,11700000.0,278100000.0,1.0,61814401.0,61900000,61900000.0,15.651,2054800000.0,0.0,-23800000.0,0.0,33.195,-142200000.0
4,LXK,MRQ,2015-09-30,2015-09-30,2015-09-30,2019-04-19,-151100000.0,3983100000.0,,1120300000.0,2862800000.0,,18.699,-19300000.0,142900000.0,142900000.0,531500000.0,-15200000.0,0.98,2.452,1096800000.0,0.0,1096800000.0,1096800000.0,0.0,80000000.0,0.0,0.05,0.36,-25000000.0,55000000.0,0.065,55000000.0,-25000000.0,-35400000.0,-0.25,-0.25,-0.25,1153700000.0,,1153700000.0,2709633370.0,-94.0,10.519,2600000.0,0.042,1.0,319600000.0,0.376,1916900000.0,10400000.0,1876500000.0,,257400000.0,0.0,0.0,0.0,2829400000.0,1143600000.0,1685800000.0,1785433370.0,-700000.0,-3500000.0,100000.0,29000000.0,-22200000.0,4300000.0,-21800000.0,0.0,21900000.0,-5100000.0,-15200000.0,-15200000.0,-15200000.0,0.0,0.0,-0.018,341200000.0,-21600000.0,478800000.0,-1.44,1.548,-34.138,-34.5,742000000.0,0.0,28.98,0.495,0.496,441700000.0,1326600000.0,851100000.0,851100000.0,81600000.0,,,,,11600000.0,261000000.0,1.0,61609157.0,61700000,61700000.0,13.794,2066200000.0,0.0,-20200000.0,0.0,33.488,-23300000.0
5,LXK,MRQ,2015-06-30,2015-06-30,2015-06-30,2019-04-19,-115400000.0,4041500000.0,,1169600000.0,2871900000.0,,19.39,-28100000.0,143600000.0,143600000.0,517200000.0,-34700000.0,0.965,2.389,1067800000.0,10000000.0,1057800000.0,1067800000.0,0.0,77000000.0,0.0,0.033,0.36,-21600000.0,55400000.0,0.063,55400000.0,-21600000.0,-31600000.0,-0.56,-0.56,-0.56,1192500000.0,,1192500000.0,3039965191.0,61.0,9.485,-34800000.0,-0.566,1.0,362100000.0,0.412,1970200000.0,10000000.0,1783100000.0,,274700000.0,0.0,0.0,0.0,2849000000.0,1212400000.0,1636600000.0,2709365191.0,-225500000.0,-971000000.0,5600000.0,368000000.0,-22000000.0,353300000.0,-572800000.0,428200000.0,-6700000.0,700000.0,-34700000.0,-34700000.0,-34700000.0,0.0,0.0,-0.039,384300000.0,-22200000.0,489300000.0,-0.643,2.272,-1128.902,-1473.333,764500000.0,0.0,44.2,0.738,0.74,463600000.0,1341800000.0,879300000.0,879300000.0,85500000.0,,,,,9500000.0,265000000.0,1.0,61297855.0,61500000,61500000.0,14.298,2071300000.0,0.0,3100000.0,0.0,33.68,-42800000.0
6,LXK,MRQ,2015-03-31,2015-03-31,2015-03-31,2019-04-19,-88800000.0,3465400000.0,,1717600000.0,1747800000.0,,20.241,-36700000.0,369100000.0,369100000.0,522100000.0,20200000.0,1.582,1.793,699700000.0,0.0,699700000.0,699700000.0,0.0,65600000.0,0.0,0.034,0.36,41400000.0,107000000.0,0.126,107000000.0,41400000.0,33700000.0,0.33,0.32,0.33,1240800000.0,,1240800000.0,2960129722.0,22.0,7.551,-47200000.0,-0.77,1.0,329900000.0,0.387,846900000.0,7700000.0,1863300000.0,,254500000.0,428000000.0,428000000.0,0.0,2224600000.0,1085800000.0,1138800000.0,2569729722.0,59800000.0,-30300000.0,-30000000.0,-1300000.0,-22100000.0,-55600000.0,129700000.0,197200000.0,-10500000.0,-3800000.0,20200000.0,20200000.0,20200000.0,0.0,0.0,0.024,287700000.0,42200000.0,531300000.0,1.091,2.071,36.816,37.469,770800000.0,0.0,42.34,0.697,0.704,394600000.0,1401000000.0,852000000.0,852000000.0,77700000.0,,,,,4500000.0,210200000.0,1.0,60692719.0,61300000,62400000.0,13.899,2618500000.0,0.0,13500000.0,0.0,42.716,631800000.0
7,LXK,MRQ,2014-12-31,2014-12-31,2014-12-31,2019-04-19,-84700000.0,3684500000.0,,1829700000.0,1854800000.0,,20.917,-30300000.0,309300000.0,309300000.0,663200000.0,-22600000.0,1.518,1.855,696500000.0,0.0,696500000.0,696500000.0,0.0,63800000.0,0.0,0.033,0.36,-23600000.0,40200000.0,0.039,40200000.0,-23600000.0,-31800000.0,-0.36,-0.36,-0.36,1290600000.0,,1290600000.0,3044995787.0,21.0,7.53,157800000.0,2.558,1.0,359700000.0,0.352,867700000.0,8200000.0,1998900000.0,,253000000.0,624600000.0,624600000.0,0.0,2393900000.0,1205100000.0,1188800000.0,2550295787.0,103000000.0,-3900000.0,-21900000.0,-1200000.0,-22100000.0,-48700000.0,-33100000.0,800000.0,188100000.0,-3300000.0,-22600000.0,-22600000.0,-22600000.0,0.0,0.0,-0.022,381300000.0,-21600000.0,532800000.0,-1.0,1.976,31.919,31.992,786100000.0,0.0,41.27,0.687,0.69,424100000.0,1425000000.0,1022900000.0,1022900000.0,107300000.0,,,,,7100000.0,270700000.0,1.0,61795391.0,61700000,62600000.0,16.579,2816800000.0,0.0,-9200000.0,0.0,45.653,624600000.0
8,LXK,MRQ,2014-09-30,2014-09-30,2014-09-30,2019-04-19,-67400000.0,3541900000.0,,1728700000.0,1813200000.0,,21.81,-35900000.0,206300000.0,206300000.0,560800000.0,34700000.0,1.542,1.619,701000000.0,1300000.0,699700000.0,701000000.0,0.0,64400000.0,0.0,0.031,0.36,53500000.0,117900000.0,0.128,117900000.0,53500000.0,45300000.0,0.56,0.55,0.56,1352200000.0,,1352200000.0,3003546568.0,9.0,5.174,87300000.0,1.408,1.0,357300000.0,0.389,908200000.0,8200000.0,2007500000.0,,272100000.0,626800000.0,626800000.0,0.0,2189700000.0,1120900000.0,1068800000.0,2639646568.0,-129500000.0,-79300000.0,-14400000.0,-14700000.0,-22200000.0,-204400000.0,-46100000.0,69100000.0,123200000.0,-2200000.0,34700000.0,34700000.0,34700000.0,0.0,0.0,0.038,302800000.0,54500000.0,465800000.0,0.643,1.952,13.691,13.754,788600000.0,0.0,42.5,0.715,0.713,396300000.0,1452500000.0,918100000.0,918100000.0,87200000.0,,,,,6500000.0,208900000.0,1.0,62109331.0,62000000,63300000.0,14.808,2633700000.0,0.0,10600000.0,0.0,42.479,607800000.0
9,LXK,MRQ,2014-06-30,2014-06-30,2014-06-30,2019-04-19,-30000000.0,3525800000.0,,1924100000.0,1601700000.0,,22.283,-26200000.0,335800000.0,335800000.0,540600000.0,37500000.0,1.805,1.544,699700000.0,0.0,699700000.0,699700000.0,0.0,64800000.0,0.0,0.026,0.36,62100000.0,126900000.0,0.142,126900000.0,62100000.0,54700000.0,0.6,0.59,0.6,1386000000.0,,1386000000.0,3503705806.0,11.0,6.009,75500000.0,1.214,1.0,351200000.0,0.394,677300000.0,7400000.0,2146200000.0,,286400000.0,695100000.0,695100000.0,0.0,2139800000.0,1066200000.0,1073600000.0,2998705806.0,141100000.0,0.0,-13800000.0,0.0,-22400000.0,-34200000.0,73200000.0,98900000.0,101700000.0,400000.0,37500000.0,37500000.0,37500000.0,0.0,0.0,0.042,288800000.0,62400000.0,493600000.0,0.6,2.164,15.635,15.687,798600000.0,0.0,48.16,0.818,0.817,403100000.0,1437500000.0,891800000.0,891800000.0,80900000.0,,,,,5800000.0,201600000.0,1.0,62265486.0,62200000,63400000.0,14.338,2848500000.0,0.0,17200000.0,0.0,45.796,857900000.0
10,LXK,MRQ,2014-03-31,2014-03-31,2014-03-31,2019-04-19,-34900000.0,3512800000.0,,1900900000.0,1611900000.0,,22.095,-43900000.0,194700000.0,194700000.0,536100000.0,29300000.0,1.812,1.56,699700000.0,0.0,699700000.0,699700000.0,0.0,66400000.0,0.0,0.026,0.3,53200000.0,119600000.0,0.136,119600000.0,53200000.0,45300000.0,0.47,0.46,0.47,1372100000.0,,1372100000.0,3276249590.0,8.0,5.037,-33900000.0,-0.546,1.0,341600000.0,0.389,694800000.0,7900000.0,2273700000.0,,277900000.0,793900000.0,790500000.0,3400000.0,2140700000.0,1049300000.0,1091400000.0,2849849590.0,-78500000.0,0.0,-18900000.0,0.0,-18600000.0,-36400000.0,-50000000.0,-6100000.0,10000000.0,-2100000.0,29300000.0,29300000.0,29300000.0,0.0,0.0,0.033,287700000.0,53900000.0,481700000.0,0.638,2.077,11.473,11.689,808200000.0,0.0,46.29,0.778,0.785,429400000.0,1423200000.0,877700000.0,877700000.0,79000000.0,,,,,8300000.0,207100000.0,1.0,61565124.0,62100000,63400000.0,14.134,2818000000.0,0.0,16000000.0,0.0,45.378,851600000.0
11,LXK,MRQ,2013-12-31,2013-12-31,2013-12-31,2019-04-19,-35200000.0,3616900000.0,,1970500000.0,1646400000.0,,21.928,-40600000.0,273200000.0,273200000.0,588300000.0,91300000.0,1.718,1.643,699600000.0,0.0,699600000.0,699600000.0,0.0,66700000.0,0.0,0.034,0.3,149400000.0,216100000.0,0.215,216100000.0,149400000.0,141800000.0,1.46,1.43,1.46,1368300000.0,,1368300000.0,2675663264.0,7.0,4.11,166100000.0,2.662,1.0,417800000.0,0.415,712700000.0,7600000.0,2183500000.0,,268200000.0,788200000.0,781500000.0,6700000.0,2248600000.0,1147100000.0,1101500000.0,2205763264.0,43500000.0,-47300000.0,-20000000.0,0.0,-18600000.0,-37800000.0,-126600000.0,-38700000.0,206700000.0,1200000.0,91300000.0,91300000.0,91300000.0,0.0,0.0,0.091,267100000.0,150700000.0,474700000.0,0.205,1.612,8.513,8.642,812400000.0,0.0,35.52,0.601,0.61,452300000.0,1413100000.0,1006100000.0,1006100000.0,51600000.0,,,,,6500000.0,209400000.0,1.0,62099191.0,62400000,63500000.0,16.123,2904200000.0,0.0,50500000.0,0.0,46.542,823400000.0
12,LXK,MRQ,2013-09-30,2013-09-30,2013-09-30,2019-04-19,-302400000.0,3589100000.0,,1992900000.0,1596200000.0,,20.777,-44500000.0,229700000.0,229700000.0,542600000.0,33700000.0,1.829,1.751,699600000.0,0.0,699600000.0,699600000.0,0.0,60600000.0,0.0,0.036,0.3,59900000.0,120500000.0,0.135,120500000.0,59900000.0,51800000.0,0.54,0.53,0.54,1304800000.0,,1304800000.0,2523243877.0,9.0,4.659,99500000.0,1.584,1.0,347900000.0,0.391,677100000.0,8100000.0,2292100000.0,,295000000.0,750700000.0,743900000.0,6800000.0,2284300000.0,1089800000.0,1194500000.0,2065643877.0,-12300000.0,-65700000.0,-20600000.0,0.0,-18700000.0,-38700000.0,-115200000.0,-4800000.0,144000000.0,-2400000.0,33700000.0,33700000.0,33700000.0,0.0,0.0,0.038,287300000.0,60600000.0,484100000.0,0.556,1.583,11.777,11.786,799000000.0,0.0,33.0,0.569,0.571,488000000.0,1601000000.0,890500000.0,890500000.0,80100000.0,,,,,6800000.0,199600000.0,1.0,62595269.0,62800000,64000000.0,14.18,2912000000.0,0.0,18100000.0,0.0,46.369,903100000.0
13,LXK,MRQ,2013-06-30,2013-06-30,2013-06-30,2019-04-19,-309000000.0,3543700000.0,,2019800000.0,1523900000.0,,20.756,-39300000.0,242000000.0,242000000.0,544800000.0,94100000.0,1.908,1.701,699600000.0,0.0,699600000.0,699600000.0,0.0,60200000.0,0.0,0.039,0.3,134100000.0,194300000.0,0.219,194300000.0,134100000.0,126200000.0,1.49,1.47,1.49,1311800000.0,,1311800000.0,2476235596.0,11.0,4.811,50900000.0,0.805,1.0,341900000.0,0.386,610500000.0,7900000.0,2332000000.0,,272100000.0,746200000.0,739200000.0,7000000.0,2231900000.0,1058800000.0,1173100000.0,1926335596.0,92300000.0,92600000.0,-20000000.0,-100000.0,-18900000.0,-38700000.0,42000000.0,-12100000.0,90200000.0,-1200000.0,94100000.0,94100000.0,94100000.0,0.0,0.0,0.106,206300000.0,135600000.0,480800000.0,0.201,1.468,13.594,13.527,791000000.0,0.0,30.57,0.527,0.528,527900000.0,1591900000.0,886700000.0,886700000.0,77300000.0,,,,,6800000.0,201300000.0,1.0,63013922.0,63200000,64100000.0,14.03,2933200000.0,0.0,32100000.0,0.0,46.411,961000000.0
14,LXK,MRQ,2013-03-31,2013-03-31,2013-03-31,2019-04-19,-284700000.0,3460900000.0,,1873200000.0,1587700000.0,,20.085,-43000000.0,149700000.0,149700000.0,547900000.0,40000000.0,1.889,1.705,699600000.0,0.0,699600000.0,699600000.0,0.0,62100000.0,0.0,0.045,0.3,58000000.0,120100000.0,0.136,120100000.0,58000000.0,48500000.0,0.63,0.62,0.63,1279400000.0,,1279400000.0,2104841747.0,13.0,4.815,-3900000.0,-0.061,1.0,336400000.0,0.38,626100000.0,9500000.0,2393300000.0,,276300000.0,736800000.0,730300000.0,6500000.0,2181500000.0,991400000.0,1190100000.0,1667641747.0,-62700000.0,-28100000.0,-21000000.0,47400000.0,-19100000.0,7500000.0,-109600000.0,-38400000.0,39100000.0,300000.0,40000000.0,40000000.0,40000000.0,0.0,0.0,0.045,274100000.0,62300000.0,471200000.0,0.476,1.303,19.212,20.0,829600000.0,0.0,26.4,0.452,0.456,493500000.0,1522600000.0,884300000.0,884300000.0,78300000.0,,,,,6500000.0,199800000.0,1.0,63168248.0,63700000,64700000.0,13.882,2834800000.0,0.0,8500000.0,0.0,44.502,881800000.0
15,LXK,MRQ,2012-12-31,2012-12-31,2012-12-31,2019-04-19,-5100000.0,3525300000.0,,1921300000.0,1604000000.0,,19.899,-37800000.0,212400000.0,212400000.0,636000000.0,7600000.0,1.33,1.751,649600000.0,350000000.0,299600000.0,649600000.0,0.0,76100000.0,0.0,0.05,0.3,30600000.0,106700000.0,0.11,106700000.0,30600000.0,23100000.0,0.14,0.14,0.14,1281500000.0,,1281500000.0,1967321238.0,10.0,4.205,108800000.0,1.689,1.0,331400000.0,0.343,610100000.0,7500000.0,1907700000.0,,277300000.0,699700000.0,693400000.0,6300000.0,2243800000.0,1444700000.0,799100000.0,1497621238.0,32700000.0,-40500000.0,-15000000.0,0.0,-19200000.0,-17400000.0,-97400000.0,-18700000.0,146600000.0,900000.0,7600000.0,7600000.0,7600000.0,0.0,0.0,0.008,301800000.0,29600000.0,512600000.0,2.143,1.169,13.918,14.771,845300000.0,0.0,23.19,0.394,0.419,523600000.0,1229400000.0,967400000.0,967400000.0,84400000.0,,,,,5900000.0,209500000.0,1.0,64580476.0,64400000,65300000.0,15.022,2915200000.0,0.0,15500000.0,0.0,45.267,476600000.0
16,LXK,MRQ,2012-09-30,2012-09-30,2012-09-30,2019-04-19,-277600000.0,3500800000.0,,1920300000.0,1580500000.0,,18.984,-38300000.0,179700000.0,179700000.0,590800000.0,0.0,1.333,1.708,649400000.0,349900000.0,299500000.0,649400000.0,0.0,81100000.0,0.0,0.049,0.3,12500000.0,93600000.0,0.102,93600000.0,12500000.0,4800000.0,0.0,0.0,0.0,1292800000.0,,1292800000.0,2066886973.0,8.0,3.989,95200000.0,1.398,1.0,328400000.0,0.357,571200000.0,7700000.0,1958600000.0,,288500000.0,688600000.0,679600000.0,9000000.0,2208000000.0,1440700000.0,767300000.0,1564686973.0,32500000.0,0.0,-120000000.0,0.0,-20500000.0,-155200000.0,53400000.0,91600000.0,133500000.0,800000.0,0.0,0.0,0.0,0.0,0.0,0.0,316100000.0,12300000.0,481800000.0,,1.21,9.242,9.468,850300000.0,0.0,22.25,0.402,0.39,522900000.0,1521100000.0,919200000.0,919200000.0,93500000.0,,,,,6000000.0,199900000.0,1.0,70323010.0,68100000,68900000.0,13.498,2929600000.0,0.0,4800000.0,0.0,43.019,479600000.0
17,LXK,MRQ,2012-06-30,2012-06-30,2012-06-30,2019-04-19,-291600000.0,3575100000.0,,1948200000.0,1626900000.0,,20.205,-37900000.0,147200000.0,147200000.0,557900000.0,39200000.0,1.419,1.503,649400000.0,349900000.0,299500000.0,649400000.0,0.0,56900000.0,0.0,0.03,0.3,59800000.0,116700000.0,0.127,116700000.0,59800000.0,52400000.0,0.55,0.55,0.55,1428500000.0,,1428500000.0,2353973084.0,7.0,4.077,11200000.0,0.158,1.0,360700000.0,0.393,582800000.0,7400000.0,2121900000.0,,305700000.0,777400000.0,768600000.0,8800000.0,2146600000.0,1372600000.0,774000000.0,1890773084.0,-39000000.0,-200000.0,-25000000.0,0.0,-21100000.0,-46200000.0,-39700000.0,-1600000.0,49100000.0,-2200000.0,39200000.0,39200000.0,39200000.0,0.0,0.0,0.043,300500000.0,60200000.0,429200000.0,0.545,1.324,8.002,8.255,877900000.0,0.0,26.58,0.472,0.469,479100000.0,1542200000.0,918600000.0,918600000.0,94400000.0,,,,,6500000.0,205300000.0,1.0,71135180.0,70700000,71500000.0,12.993,2992300000.0,0.0,13200000.0,0.0,42.324,575600000.0
18,LXK,MRQ,2012-03-31,2012-03-31,2012-03-31,2019-04-19,-272800000.0,3658300000.0,,1995800000.0,1662500000.0,,20.333,-48200000.0,186200000.0,186200000.0,611100000.0,60800000.0,1.854,1.527,649400000.0,0.0,649400000.0,649400000.0,0.0,61700000.0,0.0,0.015,0.25,89200000.0,150900000.0,0.152,150900000.0,89200000.0,82100000.0,0.85,0.84,0.85,1447700000.0,,1447700000.0,2647990008.0,6.0,4.063,43900000.0,0.617,1.0,381400000.0,0.384,601700000.0,7100000.0,2443200000.0,,328600000.0,774900000.0,763200000.0,11700000.0,2210600000.0,1076600000.0,1134000000.0,2354790008.0,-169900000.0,-204700000.0,-24200000.0,-4300000.0,-17800000.0,-44600000.0,-218800000.0,34100000.0,92100000.0,1400000.0,60800000.0,60800000.0,60800000.0,0.0,0.0,0.061,292000000.0,89400000.0,473300000.0,0.294,1.627,7.891,8.415,882100000.0,0.0,33.24,0.57,0.573,474300000.0,1524800000.0,992500000.0,992500000.0,96700000.0,,,,,4900000.0,190600000.0,1.0,70842058.0,71200000,72300000.0,13.94,3056600000.0,0.0,21300000.0,0.0,42.93,919200000.0
19,LXK,MRQ,2011-12-31,2011-12-31,2011-12-31,2019-04-19,-303700000.0,3637000000.0,,2208800000.0,1428200000.0,,19.091,-45600000.0,356100000.0,356100000.0,663400000.0,69300000.0,1.966,1.613,649300000.0,0.0,649300000.0,649300000.0,0.0,64200000.0,0.0,0.008,0.25,92700000.0,156900000.0,0.148,156900000.0,92700000.0,85100000.0,0.95,0.95,0.95,1391700000.0,,1391700000.0,2762278551.0,6.0,4.152,128400000.0,1.761,1.0,396100000.0,0.374,367600000.0,7600000.0,2439300000.0,,335500000.0,804800000.0,793300000.0,11500000.0,2245300000.0,1123300000.0,1122000000.0,2486878551.0,-17800000.0,-41400000.0,-125000000.0,-7100000.0,-18000000.0,-149100000.0,-41800000.0,45100000.0,174000000.0,-900000.0,69300000.0,69300000.0,69300000.0,0.0,0.0,0.065,303300000.0,92800000.0,486500000.0,0.263,1.787,7.75,7.95,888800000.0,0.0,33.07,0.596,0.611,457800000.0,1482300000.0,1059500000.0,1059500000.0,98200000.0,,,,,2900000.0,200800000.0,1.0,75200440.0,72900000,73700000.0,14.534,3269400000.0,0.0,15800000.0,0.0,44.848,1085500000.0
20,LXK,MRQ,2011-09-30,2011-09-30,2011-09-30,2019-04-19,-245000000.0,3681400000.0,,2292500000.0,1388900000.0,,19.703,-36400000.0,373900000.0,373900000.0,653200000.0,67000000.0,2.011,1.42,649300000.0,0.0,649300000.0,649300000.0,0.0,53500000.0,0.0,0.0,0.0,99400000.0,152900000.0,0.148,152900000.0,99400000.0,91900000.0,0.87,0.86,0.87,1521100000.0,,1521100000.0,2335397048.0,5.0,3.511,11100000.0,0.144,1.0,381700000.0,0.369,323300000.0,7500000.0,2493800000.0,,343600000.0,859100000.0,847600000.0,11500000.0,2160300000.0,1139700000.0,1020600000.0,2142197048.0,-82100000.0,0.0,-125000000.0,0.0,0.0,-125400000.0,-200000.0,36200000.0,47500000.0,-4000000.0,67000000.0,67000000.0,67000000.0,0.0,0.0,0.065,282700000.0,99000000.0,491700000.0,0.0,1.408,6.315,6.242,880500000.0,0.0,27.03,0.508,0.495,468400000.0,1431400000.0,1034900000.0,1034900000.0,95000000.0,,,,,5500000.0,187300000.0,1.0,79252573.0,77200000,78000000.0,13.405,3358100000.0,0.0,24900000.0,0.0,43.499,1152800000.0
21,LXK,MRQ,2011-06-30,2011-06-30,2011-06-30,2019-04-19,-192500000.0,3820300000.0,,2405200000.0,1415100000.0,,20.506,-33900000.0,456000000.0,456000000.0,630700000.0,101300000.0,2.081,1.349,649200000.0,0.0,649200000.0,649200000.0,0.0,52700000.0,0.0,0.0,0.0,138300000.0,191000000.0,0.183,191000000.0,138300000.0,131100000.0,1.28,1.27,1.28,1626100000.0,,1626100000.0,2658605955.0,6.0,4.044,60400000.0,0.762,1.0,413500000.0,0.396,332100000.0,7200000.0,2525800000.0,,352100000.0,896200000.0,884200000.0,12000000.0,2194200000.0,1155600000.0,1038600000.0,2318205955.0,147200000.0,0.0,0.0,0.0,0.0,0.0,51900000.0,85600000.0,94300000.0,1000000.0,101300000.0,101300000.0,101300000.0,0.0,0.0,0.097,275600000.0,137900000.0,511300000.0,0.0,1.426,6.735,6.68,899800000.0,0.0,29.26,0.552,0.552,445400000.0,1364300000.0,1044200000.0,1044200000.0,90400000.0,,,,,8000000.0,186300000.0,1.0,79227818.0,79300000,80000000.0,13.168,3488200000.0,0.0,29800000.0,0.0,43.987,1249600000.0
22,LXK,MRQ,2011-03-31,2011-03-31,2011-03-31,2019-04-19,-206900000.0,3766900000.0,,2336900000.0,1430000000.0,,19.042,-36300000.0,308800000.0,308800000.0,645000000.0,83300000.0,1.922,1.507,649200000.0,0.0,649200000.0,649200000.0,0.0,51400000.0,0.0,0.0,0.0,113100000.0,164500000.0,0.159,164500000.0,113100000.0,105600000.0,1.06,1.04,1.06,1502400000.0,,1502400000.0,3223273434.0,8.0,5.101,48900000.0,0.62,1.0,389400000.0,0.376,337600000.0,7500000.0,2553700000.0,,364800000.0,977900000.0,960200000.0,17700000.0,2264500000.0,1216000000.0,1048500000.0,2911673434.0,-28700000.0,0.0,0.0,0.0,0.0,2200000.0,-116800000.0,-80500000.0,85200000.0,700000.0,83300000.0,83300000.0,83300000.0,0.0,0.0,0.081,276200000.0,113200000.0,564300000.0,0.0,1.938,8.877,8.861,906100000.0,0.0,37.04,0.695,0.697,482200000.0,1263100000.0,1034400000.0,1034400000.0,90900000.0,,,,,5800000.0,186900000.0,1.0,78608894.0,78900000,79800000.0,13.11,3429300000.0,0.0,22300000.0,0.0,43.464,1120900000.0
23,LXK,MRQ,2010-12-31,2010-12-31,2010-12-31,2019-04-19,-223500000.0,3705200000.0,,2269600000.0,1435600000.0,,17.739,-53000000.0,337500000.0,337500000.0,710500000.0,87600000.0,1.821,1.657,649100000.0,0.0,649100000.0,649100000.0,0.0,53800000.0,0.0,0.0,0.0,102900000.0,156700000.0,0.142,156700000.0,102900000.0,95500000.0,1.12,1.1,1.12,1394300000.0,,1394300000.0,2862311468.0,6.0,4.433,100300000.0,1.276,1.0,393500000.0,0.356,342600000.0,7400000.0,2427900000.0,,366100000.0,897700000.0,879700000.0,18000000.0,2310900000.0,1246300000.0,1064600000.0,2735611468.0,-184900000.0,0.0,700000.0,0.0,0.0,500000.0,-339400000.0,-286400000.0,153300000.0,700000.0,87600000.0,87600000.0,87600000.0,0.0,0.0,0.079,292000000.0,101500000.0,535300000.0,0.0,1.962,8.046,8.042,904800000.0,0.0,34.82,0.651,0.652,479600000.0,1179800000.0,1104000000.0,1104000000.0,96600000.0,,,,,6000000.0,196000000.0,1.0,78564373.0,78600000,79800000.0,14.046,3362600000.0,0.0,7900000.0,0.0,42.781,1023300000.0
24,LXK,MRQ,2010-09-30,2010-09-30,2010-09-30,2019-04-19,-224700000.0,3663100000.0,,2240700000.0,1422400000.0,,16.489,-28400000.0,522400000.0,522400000.0,658500000.0,72000000.0,1.776,1.826,649100000.0,0.0,649100000.0,649100000.0,0.0,51300000.0,0.0,0.0,0.0,94000000.0,145300000.0,0.142,145300000.0,94000000.0,87500000.0,0.92,0.9,0.92,1296000000.0,,1296000000.0,3963324594.0,9.0,6.255,101800000.0,1.295,1.0,361200000.0,0.354,342400000.0,6500000.0,2185800000.0,,391900000.0,614300000.0,597000000.0,17300000.0,2367100000.0,1261600000.0,1105500000.0,3503724594.0,333000000.0,0.0,0.0,0.0,0.0,-700000.0,199400000.0,227800000.0,130200000.0,4100000.0,72000000.0,72000000.0,72000000.0,0.0,0.0,0.071,268000000.0,93200000.0,547100000.0,0.0,2.703,11.226,11.211,896500000.0,0.0,44.62,0.84,0.841,465800000.0,1092200000.0,1019700000.0,1019700000.0,91400000.0,,,,,6200000.0,178100000.0,1.0,78523635.0,78600000,79700000.0,12.973,3320700000.0,0.0,15500000.0,0.0,42.248,979100000.0
25,LXK,MRQ,2010-06-30,2010-06-30,2010-06-30,2019-04-19,-262700000.0,3491000000.0,,2069000000.0,1422000000.0,,15.004,-31300000.0,189400000.0,189400000.0,653000000.0,85100000.0,1.728,1.96,649000000.0,0.0,649000000.0,649000000.0,0.0,46800000.0,0.0,0.0,0.0,118600000.0,165400000.0,0.16,165400000.0,118600000.0,112900000.0,1.08,1.07,1.08,1179300000.0,,1179300000.0,2870320168.0,8.0,5.145,59700000.0,0.76,1.0,380000000.0,0.368,344800000.0,5700000.0,2408500000.0,,339000000.0,839400000.0,817400000.0,22000000.0,2311700000.0,1197300000.0,1114400000.0,2592920168.0,-182200000.0,-266800000.0,0.0,-3100000.0,0.0,-1900000.0,-268400000.0,29600000.0,91000000.0,-2900000.0,85100000.0,85100000.0,85100000.0,0.0,0.0,0.082,261100000.0,118900000.0,539600000.0,0.0,2.199,10.368,10.354,899400000.0,0.0,33.03,0.631,0.632,476600000.0,1020200000.0,1033000000.0,1033000000.0,91500000.0,,,,,6000000.0,168300000.0,1.0,78501973.0,78600000,79400000.0,13.142,3146200000.0,0.0,27800000.0,0.0,40.028,871700000.0
26,LXK,MRQ,2010-03-31,2010-03-31,2010-03-31,2019-04-19,-242400000.0,3429500000.0,,2221200000.0,1208300000.0,,14.139,-42900000.0,371600000.0,371600000.0,658100000.0,95300000.0,1.886,2.094,649000000.0,0.0,649000000.0,649000000.0,0.0,46000000.0,0.0,0.0,0.0,132200000.0,178200000.0,0.171,178200000.0,132200000.0,125600000.0,1.21,1.2,1.21,1108500000.0,,1108500000.0,3010019169.0,11.0,6.26,103000000.0,1.314,1.0,384800000.0,0.369,0.0,6600000.0,2529300000.0,,335100000.0,869200000.0,847000000.0,22200000.0,2321000000.0,1177600000.0,1143400000.0,2820419169.0,-87700000.0,-6700000.0,0.0,0.0,0.0,-10200000.0,-222200000.0,-173100000.0,145900000.0,-1200000.0,95300000.0,95300000.0,95300000.0,0.0,0.0,0.091,251500000.0,133300000.0,515700000.0,0.0,2.544,15.497,15.485,915300000.0,0.0,36.08,0.709,0.711,440800000.0,935100000.0,1042900000.0,1042900000.0,89500000.0,,,,,1200000.0,158700000.0,1.0,78171263.0,78400000,79100000.0,13.302,3429500000.0,0.0,30300000.0,0.0,43.744,1043600000.0
27,LXK,MRQ,2009-12-31,2009-12-31,2009-12-31,2019-04-19,-242600000.0,3354200000.0,,2140700000.0,1213500000.0,,12.962,-44500000.0,459300000.0,459300000.0,690500000.0,59700000.0,1.796,2.309,648900000.0,0.0,648900000.0,648900000.0,0.0,56000000.0,0.0,0.0,0.0,88700000.0,144700000.0,0.135,144700000.0,88700000.0,82200000.0,0.77,0.76,0.77,1013600000.0,,1013600000.0,2427501027.0,12.0,5.751,212100000.0,2.712,1.0,382700000.0,0.357,43500000.0,6500000.0,2308500000.0,,357300000.0,695200000.0,673200000.0,22000000.0,2340600000.0,1191800000.0,1148800000.0,2029101027.0,208800000.0,600000.0,0.0,0.0,0.0,11000000.0,-58500000.0,-16000000.0,256600000.0,-300000.0,59700000.0,59700000.0,59700000.0,0.0,0.0,0.056,292900000.0,89800000.0,510100000.0,0.0,2.002,13.907,13.893,914900000.0,0.0,25.98,0.523,0.524,424900000.0,839800000.0,1073200000.0,1073200000.0,93300000.0,,,,,10400000.0,173400000.0,1.0,78102426.0,78200000,78900000.0,13.724,3310700000.0,0.0,22500000.0,0.0,42.336,948900000.0
28,LXK,MRQ,2009-09-30,2009-09-30,2009-09-30,2019-04-19,-245600000.0,3165500000.0,,1922500000.0,1243000000.0,,12.06,-50800000.0,250500000.0,250500000.0,645100000.0,10000000.0,1.721,2.352,648900000.0,0.0,648900000.0,648900000.0,0.0,51500000.0,0.0,0.0,0.0,18100000.0,69600000.0,0.073,69600000.0,18100000.0,13300000.0,0.13,0.13,0.13,944300000.0,,944300000.0,2189160926.0,19.0,6.672,96500000.0,1.232,1.0,312900000.0,0.327,0.0,4800000.0,2446700000.0,,342900000.0,680000000.0,658300000.0,21700000.0,2221200000.0,1117200000.0,1104000000.0,1682060926.0,108800000.0,0.0,0.0,0.0,0.0,-1200000.0,-39500000.0,11100000.0,147300000.0,2200000.0,10000000.0,10000000.0,10000000.0,0.0,0.0,0.01,288900000.0,24000000.0,480600000.0,0.0,1.781,16.127,15.386,911200000.0,0.0,21.54,0.432,0.434,444900000.0,780000000.0,958000000.0,958000000.0,91700000.0,,,,,5200000.0,160500000.0,1.0,78090108.0,78300000,78600000.0,12.235,3165500000.0,0.0,3300000.0,0.0,40.428,805300000.0
29,LXK,MRQ,2009-06-30,2009-06-30,2009-06-30,2019-04-19,-261500000.0,3051900000.0,,1827800000.0,1224100000.0,,11.678,-79200000.0,141700000.0,141700000.0,623800000.0,17000000.0,1.775,2.342,648800000.0,0.0,648800000.0,648800000.0,0.0,62500000.0,0.0,0.0,0.0,25800000.0,88300000.0,0.098,88300000.0,25800000.0,20800000.0,0.22,0.22,0.22,913200000.0,,913200000.0,1750988320.0,12.0,4.793,5200000.0,0.066,1.0,280800000.0,0.31,0.0,5000000.0,2529000000.0,,374800000.0,688800000.0,668500000.0,20300000.0,2138700000.0,1030000000.0,1108700000.0,1237588320.0,-4800000.0,0.0,0.0,-12200000.0,0.0,-11100000.0,-80300000.0,-1100000.0,84400000.0,2200000.0,17000000.0,17000000.0,17000000.0,0.0,0.0,0.019,253100000.0,27700000.0,417700000.0,0.0,1.355,9.454,9.379,898400000.0,0.0,15.85,0.305,0.305,417000000.0,770000000.0,904600000.0,904600000.0,92900000.0,,,,,5400000.0,155100000.0,1.0,78081282.0,78200000,78400000.0,11.568,3051900000.0,0.0,3800000.0,0.0,39.027,797800000.0
30,LXK,MRQ,2009-03-31,2009-03-31,2009-03-31,2019-04-19,-291200000.0,3072200000.0,,1881200000.0,1191000000.0,,11.009,-67500000.0,146500000.0,146500000.0,610700000.0,59200000.0,1.708,2.573,659900000.0,11100000.0,648800000.0,659900000.0,0.0,43700000.0,0.0,0.0,0.0,75700000.0,119400000.0,0.126,119400000.0,75700000.0,70600000.0,0.76,0.75,0.76,859800000.0,,859800000.0,1687081980.0,8.0,3.996,-153600000.0,-1.967,1.0,333400000.0,0.353,0.0,5100000.0,2484500000.0,,429800000.0,689100000.0,664400000.0,24700000.0,2212400000.0,1101100000.0,1111300000.0,1312081980.0,-132700000.0,-10700000.0,0.0,5600000.0,0.0,5100000.0,-49900000.0,30200000.0,-86100000.0,-1800000.0,59200000.0,59200000.0,59200000.0,0.0,0.0,0.063,258800000.0,74600000.0,473200000.0,0.0,1.526,6.64,7.148,874500000.0,0.0,16.87,0.305,0.307,415000000.0,751700000.0,944100000.0,944100000.0,97400000.0,,,,,-600000.0,158900000.0,1.0,77776051.0,78100000,78400000.0,12.088,3072200000.0,0.0,11400000.0,0.0,39.337,780100000.0
31,LXK,MRQ,2008-12-31,2008-12-31,2008-12-31,2019-04-19,-280300000.0,3265400000.0,,2062700000.0,1202700000.0,,10.202,-67000000.0,279200000.0,279200000.0,769500000.0,18100000.0,1.64,3.021,654200000.0,5500000.0,648700000.0,654200000.0,0.0,53100000.0,0.0,0.0,0.0,-2300000.0,50800000.0,0.047,50800000.0,-2300000.0,-5100000.0,0.29,0.28,0.29,812100000.0,,812100000.0,2319952172.0,9.0,4.887,-14500000.0,-0.182,1.0,314200000.0,0.29,0.0,2800000.0,2382900000.0,,438300000.0,718800000.0,694100000.0,24700000.0,2453300000.0,1257500000.0,1195800000.0,2108952172.0,-158500000.0,-800000.0,-122500000.0,5700000.0,0.0,-93900000.0,-114400000.0,-43800000.0,52500000.0,-2700000.0,18100000.0,18100000.0,18100000.0,0.0,0.0,0.017,314200000.0,0.0,557100000.0,0.0,2.597,8.78,9.963,863200000.0,0.0,26.9,0.466,0.528,427300000.0,692500000.0,1083700000.0,1083700000.0,105000000.0,,,,,8400000.0,190100000.0,1.0,78399709.0,79600000,80200000.0,13.614,3265400000.0,0.0,-23200000.0,0.0,41.023,805200000.0
32,LXK,MRQ,2008-09-30,2008-09-30,2008-09-30,2019-04-19,-114200000.0,3343100000.0,,2243500000.0,1099600000.0,,12.153,-53700000.0,437700000.0,437700000.0,763000000.0,36600000.0,1.739,2.169,648700000.0,0.0,648700000.0,648700000.0,0.0,56400000.0,0.0,0.0,0.0,50400000.0,106800000.0,0.094,106800000.0,50400000.0,48900000.0,0.42,0.42,0.42,1054900000.0,,1054900000.0,2766082815.0,7.0,4.641,63100000.0,0.727,1.0,367700000.0,0.325,0.0,1500000.0,2264000000.0,,446500000.0,675500000.0,648600000.0,26900000.0,2288200000.0,1290100000.0,998100000.0,2865382815.0,-310200000.0,-1000000.0,-273800000.0,0.0,0.0,-297600000.0,-126500000.0,-73000000.0,116800000.0,-2900000.0,36600000.0,36600000.0,36600000.0,0.0,0.0,0.032,313700000.0,54000000.0,572700000.0,0.0,2.716,8.926,9.523,867500000.0,0.0,32.57,0.603,0.595,460300000.0,1157800000.0,1130700000.0,1130700000.0,109900000.0,,,,,7300000.0,197100000.0,1.0,87976138.0,86800000,87100000.0,13.026,3343100000.0,0.0,12300000.0,0.0,38.515,953400000.0
33,LXK,MRQ,2008-06-30,2008-06-30,2008-06-30,2019-04-19,-78900000.0,3584300000.0,,2475200000.0,1109100000.0,,14.282,-52700000.0,747900000.0,747900000.0,721600000.0,83700000.0,1.995,1.67,648600000.0,0.0,648600000.0,648600000.0,0.0,44500000.0,0.0,0.0,0.0,100700000.0,145200000.0,0.128,145200000.0,100700000.0,103600000.0,0.89,0.89,0.89,1342500000.0,,1342500000.0,3002667090.0,8.0,5.357,82600000.0,0.879,1.0,417200000.0,0.366,0.0,-2900000.0,2244500000.0,,427200000.0,610900000.0,579600000.0,31300000.0,2241800000.0,1240500000.0,1001300000.0,3182567090.0,418000000.0,1000000.0,-156700000.0,494500000.0,0.0,338800000.0,-56800000.0,-4600000.0,135300000.0,700000.0,83700000.0,83700000.0,83700000.0,0.0,0.0,0.073,316300000.0,100900000.0,562400000.0,0.0,2.371,9.656,9.606,879300000.0,0.0,33.43,0.66,0.652,475900000.0,1121200000.0,1138800000.0,1138800000.0,102900000.0,,,,,7800000.0,211200000.0,1.0,95200930.0,94000000,94200000.0,12.115,3584300000.0,0.0,19900000.0,0.0,38.131,1234700000.0
34,LXK,MRQ,2008-03-31,2008-03-31,2008-03-31,2019-04-19,-82100000.0,3198300000.0,,2074500000.0,1123800000.0,,14.752,-39700000.0,329900000.0,329900000.0,739600000.0,101700000.0,1.437,1.277,150000000.0,150000000.0,0.0,150000000.0,0.0,50900000.0,0.0,0.0,0.0,120900000.0,171800000.0,0.146,171800000.0,120900000.0,128400000.0,1.07,1.07,1.07,1404400000.0,,1404400000.0,2790045764.0,8.0,5.25,137800000.0,1.447,1.0,435500000.0,0.371,0.0,-7500000.0,1574900000.0,,433000000.0,608600000.0,549200000.0,59400000.0,1793900000.0,1443500000.0,350400000.0,2917145764.0,52900000.0,-1000000.0,4800000.0,0.0,0.0,4600000.0,-129900000.0,-89200000.0,177500000.0,700000.0,101700000.0,101700000.0,101700000.0,0.0,0.0,0.087,313200000.0,122300000.0,567100000.0,0.0,2.077,9.407,9.394,875500000.0,0.0,30.72,0.597,0.598,516200000.0,1037400000.0,1175100000.0,1175100000.0,105500000.0,,,,,9200000.0,209000000.0,1.0,94959172.0,95200000,95400000.0,12.343,3198300000.0,0.0,26700000.0,0.0,33.596,631000000.0
35,LXK,MRQ,2007-12-31,2007-12-31,2007-12-31,2019-04-19,-91600000.0,3121100000.0,,2066800000.0,1054300000.0,,13.456,-51700000.0,277000000.0,277000000.0,871700000.0,99000000.0,1.38,1.442,149900000.0,149900000.0,0.0,149900000.0,0.0,58100000.0,0.0,0.0,0.0,114100000.0,172200000.0,0.131,172200000.0,114100000.0,121500000.0,1.04,1.04,1.04,1278300000.0,,1278300000.0,3253648416.0,10.0,6.25,160000000.0,1.684,1.0,438000000.0,0.334,0.0,-7400000.0,1496700000.0,,464400000.0,519100000.0,519100000.0,0.0,1842800000.0,1497300000.0,345500000.0,3302048416.0,74500000.0,0.0,300000.0,-4400000.0,0.0,-3400000.0,-134500000.0,-82400000.0,211700000.0,700000.0,99000000.0,99000000.0,99000000.0,0.0,0.0,0.076,323900000.0,114100000.0,636900000.0,0.0,2.583,10.978,11.032,869000000.0,0.0,34.86,0.664,0.668,578800000.0,935700000.0,1309700000.0,1309700000.0,100500000.0,,,,,9100000.0,204300000.0,1.0,94723133.0,95000000,95200000.0,13.786,3121100000.0,0.0,22500000.0,0.0,32.854,569500000.0
36,LXK,MRQ,2007-09-30,2007-09-30,2007-09-30,2019-04-19,-112900000.0,2943700000.0,,1905300000.0,1038400000.0,,12.092,-38600000.0,202500000.0,202500000.0,862800000.0,45200000.0,1.304,1.565,154100000.0,154100000.0,0.0,154100000.0,0.0,50000000.0,0.0,0.0,0.0,21300000.0,71300000.0,0.06,71300000.0,21300000.0,26900000.0,0.48,0.48,0.48,1147500000.0,,1147500000.0,3916946263.0,12.0,7.969,103700000.0,1.093,1.0,332600000.0,0.278,0.0,-5600000.0,1434600000.0,,459900000.0,436700000.0,436700000.0,0.0,1796200000.0,1460700000.0,335500000.0,3931646263.0,37900000.0,0.0,3800000.0,4000000.0,0.0,7300000.0,-112600000.0,-74500000.0,142300000.0,900000.0,45200000.0,45200000.0,45200000.0,0.0,0.0,0.038,312100000.0,20500000.0,634200000.0,0.0,3.426,13.478,13.706,864300000.0,0.0,41.53,0.781,0.783,574300000.0,836700000.0,1195400000.0,1195400000.0,101200000.0,,,,,9700000.0,204300000.0,1.0,94670028.0,94900000,95200000.0,12.596,2943700000.0,0.0,-18300000.0,0.0,31.019,444600000.0
37,LXK,MRQ,2007-06-30,2007-06-30,2007-06-30,2019-04-19,-122700000.0,2801900000.0,,1773700000.0,1028200000.0,,11.378,-43400000.0,164600000.0,164600000.0,838000000.0,64200000.0,1.264,1.598,149900000.0,149900000.0,0.0,149900000.0,0.0,43100000.0,0.0,0.0,0.0,73000000.0,116100000.0,0.096,116100000.0,73000000.0,76800000.0,0.68,0.67,0.68,1078600000.0,,1078600000.0,4692540831.0,11.0,8.102,80200000.0,0.846,1.0,370200000.0,0.306,0.0,-3800000.0,1384400000.0,,435900000.0,362000000.0,362000000.0,0.0,1723300000.0,1402800000.0,320500000.0,4663040831.0,44300000.0,0.0,1900000.0,0.0,0.0,3200000.0,-83400000.0,-40000000.0,123600000.0,900000.0,64200000.0,64200000.0,64200000.0,0.0,0.0,0.053,304600000.0,65600000.0,587200000.0,0.0,4.323,14.041,14.46,852700000.0,0.0,49.31,0.919,0.922,569300000.0,791400000.0,1208200000.0,1208200000.0,102200000.0,,,,,9700000.0,202400000.0,1.0,94565825.0,94800000,95500000.0,12.745,2801900000.0,0.0,12600000.0,0.0,29.556,370900000.0
38,LXK,MRQ,2007-03-31,2007-03-31,2007-03-31,2019-04-19,-127200000.0,2737000000.0,,1720400000.0,1016600000.0,,10.334,-40900000.0,120300000.0,120300000.0,837800000.0,92400000.0,1.346,1.745,149800000.0,0.0,149800000.0,149800000.0,0.0,41100000.0,0.0,0.0,0.0,119900000.0,161000000.0,0.128,161000000.0,119900000.0,124300000.0,0.96,0.95,0.96,997200000.0,,997200000.0,5617810785.0,13.0,9.092,45700000.0,0.474,1.0,422800000.0,0.335,0.0,-4400000.0,1487900000.0,,433300000.0,322400000.0,322400000.0,0.0,1739800000.0,1278600000.0,461200000.0,5612610785.0,-24300000.0,0.0,-155300000.0,0.0,0.0,-154100000.0,43100000.0,84000000.0,86600000.0,100000.0,92400000.0,92400000.0,92400000.0,0.0,0.0,0.073,301700000.0,121100000.0,574400000.0,0.0,5.628,16.287,16.847,842800000.0,0.0,58.46,1.102,1.108,601200000.0,727200000.0,1260600000.0,1260600000.0,99900000.0,,,,,12400000.0,201800000.0,1.0,96007711.0,96500000,97500000.0,13.063,2737000000.0,0.0,31900000.0,0.0,28.363,441800000.0
39,LXK,MRQ,2006-12-31,2006-12-31,2006-12-31,2019-04-19,-130900000.0,2849000000.0,,1830000000.0,1019000000.0,,10.596,-55200000.0,144600000.0,144600000.0,947100000.0,89900000.0,1.382,1.752,149800000.0,0.0,149800000.0,149800000.0,0.0,41200000.0,0.0,0.0,0.0,101900000.0,143100000.0,0.105,143100000.0,101900000.0,107000000.0,0.91,0.9,0.91,1035200000.0,,1035200000.0,7117303394.0,16.0,11.154,87800000.0,0.899,1.0,422100000.0,0.308,0.0,-5100000.0,1530200000.0,,457800000.0,406300000.0,406300000.0,0.0,1813800000.0,1324000000.0,489800000.0,7168303394.0,-56200000.0,0.0,-106400000.0,0.0,0.0,-99300000.0,-100600000.0,-44700000.0,143000000.0,700000.0,89900000.0,89900000.0,89900000.0,0.0,0.0,0.066,318800000.0,103300000.0,600300000.0,0.0,6.925,21.183,22.249,846800000.0,0.0,73.2,1.403,1.473,584300000.0,627500000.0,1369200000.0,1369200000.0,96700000.0,,,,,9700000.0,215200000.0,1.0,97927642.0,97700000,99000000.0,14.014,2849000000.0,0.0,17100000.0,0.0,29.161,506000000.0
40,LXK,MRQ,2006-09-30,2006-09-30,2006-09-30,2019-04-19,-154600000.0,2979800000.0,,1814100000.0,1165700000.0,,10.102,-51700000.0,200800000.0,200800000.0,832200000.0,85600000.0,1.382,1.95,149800000.0,0.0,149800000.0,149800000.0,0.0,45100000.0,0.0,0.0,0.0,113900000.0,159000000.0,0.129,159000000.0,113900000.0,119100000.0,0.86,0.85,0.86,1010200000.0,,1010200000.0,5782987305.0,13.0,8.824,114800000.0,1.148,1.0,402400000.0,0.326,0.0,-5200000.0,1616300000.0,,464200000.0,361500000.0,361500000.0,0.0,1969600000.0,1312500000.0,657100000.0,5782787305.0,51300000.0,0.0,-122900000.0,0.0,0.0,-123300000.0,8100000.0,59400000.0,166500000.0,0.0,85600000.0,85600000.0,85600000.0,0.0,0.0,0.069,287300000.0,115100000.0,607200000.0,0.0,5.724,17.481,18.6,819900000.0,0.0,57.66,1.133,1.13,569600000.0,1237300000.0,1234600000.0,1234600000.0,93200000.0,,,,,11400000.0,186600000.0,1.0,100291143.0,100000000,100600000.0,12.346,2979800000.0,0.0,33500000.0,0.0,29.798,501600000.0
41,LXK,MRQ,2006-06-30,2006-06-30,2006-06-30,2019-04-19,-166500000.0,2919100000.0,,1767300000.0,1151800000.0,,9.849,-46500000.0,149500000.0,149500000.0,811300000.0,76700000.0,1.417,1.855,149700000.0,0.0,149700000.0,149700000.0,0.0,53100000.0,0.0,0.0,0.0,101700000.0,154800000.0,0.126,154800000.0,101700000.0,107200000.0,0.74,0.74,0.74,1022300000.0,,1022300000.0,5822349897.0,14.0,9.456,95400000.0,0.919,1.0,417700000.0,0.34,0.0,-5500000.0,1672000000.0,,418300000.0,420400000.0,420400000.0,0.0,1896800000.0,1247300000.0,649500000.0,5879849897.0,-57700000.0,0.0,-292700000.0,0.0,0.0,-290700000.0,91300000.0,138200000.0,141900000.0,-200000.0,76700000.0,76700000.0,76700000.0,0.0,0.0,0.062,314100000.0,103600000.0,529600000.0,0.0,5.752,18.643,19.728,802000000.0,0.0,55.83,1.156,1.14,559800000.0,1151700000.0,1229000000.0,1229000000.0,93200000.0,,,,,10800000.0,185200000.0,1.0,105317032.0,103800000,104200000.0,11.84,2919100000.0,0.0,30500000.0,0.0,28.122,520000000.0
42,LXK,MRQ,2006-03-31,2006-03-31,2006-03-31,2019-04-19,-161100000.0,3112800000.0,,1967500000.0,1145300000.0,,11.23,-46800000.0,207200000.0,207200000.0,871500000.0,86200000.0,1.609,1.524,149700000.0,0.0,149700000.0,149700000.0,0.0,61500000.0,0.0,0.0,0.0,119700000.0,181200000.0,0.142,181200000.0,119700000.0,126000000.0,0.79,0.78,0.79,1233100000.0,,1233100000.0,4895519895.0,10.0,7.282,172700000.0,1.573,1.0,403800000.0,0.317,0.0,-6300000.0,1832300000.0,,399000000.0,558700000.0,558700000.0,0.0,1879700000.0,1223000000.0,656700000.0,4914219895.0,38900000.0,0.0,-295700000.0,0.0,0.0,-295400000.0,113900000.0,161900000.0,219500000.0,900000.0,86200000.0,86200000.0,86200000.0,0.0,0.0,0.068,283300000.0,120500000.0,553400000.0,0.0,3.985,15.424,16.562,810700000.0,0.0,45.38,0.956,0.97,584000000.0,1075000000.0,1275300000.0,1275300000.0,87400000.0,,,,,10600000.0,174800000.0,1.0,108290434.0,109800000,110200000.0,11.615,3112800000.0,0.0,39800000.0,0.0,28.35,744500000.0
43,LXK,MRQ,2005-12-31,2005-12-31,2005-12-31,2019-04-19,-163300000.0,3330100000.0,,2169600000.0,1160500000.0,,12.456,-48100000.0,168300000.0,168300000.0,978600000.0,82300000.0,1.759,1.331,149600000.0,0.0,149600000.0,149600000.0,0.0,47700000.0,0.0,0.0,0.0,112700000.0,160400000.0,0.117,160400000.0,112700000.0,118300000.0,0.71,0.71,0.71,1428700000.0,,1428700000.0,5000033140.0,9.0,7.292,174200000.0,1.519,1.0,386700000.0,0.283,0.0,-5600000.0,2077700000.0,,409200000.0,720500000.0,720500000.0,0.0,1901400000.0,1233700000.0,667700000.0,5202433140.0,-183700000.0,0.0,-203200000.0,0.0,0.0,-204000000.0,-201600000.0,-140000000.0,222300000.0,-400000.0,82300000.0,82300000.0,82300000.0,0.0,0.0,0.06,272900000.0,113800000.0,572800000.0,0.0,3.641,14.601,15.248,832200000.0,0.0,44.83,0.996,1.039,650900000.0,988800000.0,1365300000.0,1365300000.0,83900000.0,,,,,5100000.0,187500000.0,1.0,116048029.0,114700000,115100000.0,11.903,3330100000.0,0.0,36000000.0,0.0,29.033,935900000.0
44,LXK,MRQ,2005-09-30,2005-09-30,2005-09-30,2019-04-19,-147900000.0,3433700000.0,,2290300000.0,1143400000.0,,13.105,-45100000.0,352000000.0,352000000.0,858200000.0,70200000.0,1.779,1.209,149600000.0,0.0,149600000.0,149600000.0,0.0,38800000.0,0.0,0.0,0.0,80500000.0,119300000.0,0.098,119300000.0,80500000.0,87500000.0,0.59,0.59,0.59,1554200000.0,,1554200000.0,7083214913.0,12.0,9.34,85400000.0,0.72,1.0,357300000.0,0.294,0.0,-7000000.0,1943900000.0,,467300000.0,580100000.0,580100000.0,0.0,1879500000.0,1287400000.0,592100000.0,7248114913.0,36400000.0,0.0,-258200000.0,-1000000.0,0.0,-260000000.0,165400000.0,211400000.0,130500000.0,500000.0,70200000.0,70200000.0,70200000.0,0.0,0.0,0.058,274600000.0,82700000.0,534300000.0,0.0,4.664,16.895,17.903,823900000.0,0.0,61.05,1.342,1.341,655800000.0,2937700000.0,1215500000.0,1215500000.0,86900000.0,,,,,3800000.0,178800000.0,1.0,118724241.0,118600000,119800000.0,10.249,3433700000.0,0.0,17300000.0,0.0,28.952,1002900000.0
45,LXK,MRQ,2005-06-30,2005-06-30,2005-06-30,2019-04-19,-146400000.0,3616500000.0,,2470700000.0,1145800000.0,,14.157,-55600000.0,315600000.0,315600000.0,838800000.0,79900000.0,1.922,1.072,150700000.0,1100000.0,149600000.0,150700000.0,0.0,36400000.0,0.0,0.0,0.0,175000000.0,211400000.0,0.165,211400000.0,175000000.0,182500000.0,0.65,0.64,0.65,1745600000.0,,1745600000.0,7676465203.0,11.0,8.976,90800000.0,0.736,1.0,444300000.0,0.346,0.0,-7500000.0,2165800000.0,,472700000.0,791400000.0,791400000.0,0.0,1870900000.0,1285800000.0,585100000.0,8021365203.0,-178800000.0,0.0,-359400000.0,1000000.0,0.0,-359100000.0,34900000.0,90400000.0,146400000.0,-1000000.0,79900000.0,79900000.0,79900000.0,0.0,0.0,0.062,268800000.0,175500000.0,539200000.0,0.0,4.595,15.578,16.127,819800000.0,0.0,64.83,1.472,1.466,623600000.0,2867500000.0,1283100000.0,1283100000.0,83000000.0,,,,,5500000.0,185800000.0,1.0,123729218.0,123300000,124900000.0,10.406,3616500000.0,0.0,102600000.0,0.0,29.331,1184900000.0
46,LXK,MRQ,2005-03-31,2005-03-31,2005-03-31,2019-04-19,-153400000.0,3890100000.0,,2752200000.0,1137900000.0,,15.822,-52500000.0,494400000.0,494400000.0,910300000.0,123900000.0,2.125,0.931,149500000.0,0.0,149500000.0,149500000.0,0.0,35600000.0,0.0,0.0,0.0,159000000.0,194600000.0,0.143,194600000.0,159000000.0,165400000.0,0.97,0.96,0.97,2014100000.0,,2014100000.0,9650980458.0,13.0,11.199,24700000.0,0.194,1.0,447300000.0,0.329,0.0,-6400000.0,2250200000.0,,458800000.0,881400000.0,881400000.0,0.0,1876000000.0,1295000000.0,581000000.0,10126180458.0,-131800000.0,0.0,-211600000.0,-1500000.0,0.0,-213800000.0,6200000.0,58600000.0,77200000.0,-1400000.0,123900000.0,123900000.0,123900000.0,0.0,0.0,0.091,285600000.0,161700000.0,567800000.0,0.0,5.028,17.716,18.093,806100000.0,0.0,79.97,1.87,1.88,699500000.0,2787600000.0,1357600000.0,1357600000.0,82600000.0,,,,,5500000.0,203000000.0,1.0,126624740.0,127300000,129500000.0,10.665,3890100000.0,0.0,41500000.0,0.0,30.559,1457200000.0
47,LXK,MRQ,2004-12-31,2004-12-31,2004-12-31,2019-04-19,-165300000.0,4124300000.0,,3000900000.0,1123400000.0,,16.134,-78800000.0,626200000.0,626200000.0,1049900000.0,155000000.0,2.045,0.98,151000000.0,1500000.0,149500000.0,151000000.0,0.0,35500000.0,0.0,0.0,0.0,197600000.0,233100000.0,0.151,233100000.0,197600000.0,203400000.0,1.2,1.18,1.2,2082900000.0,,2082900000.0,10587645320.0,14.0,12.213,205400000.0,1.591,1.0,494000000.0,0.32,0.0,-5800000.0,2181400000.0,,464900000.0,940500000.0,940500000.0,0.0,2041400000.0,1467700000.0,573700000.0,10972445320.0,91900000.0,0.0,-133500000.0,1400000.0,0.0,-132900000.0,-63300000.0,15500000.0,284200000.0,3900000.0,155000000.0,155000000.0,155000000.0,0.0,0.0,0.1,297200000.0,196800000.0,670600000.0,0.0,5.268,19.294,19.406,792200000.0,0.0,85.0,2.065,2.075,744400000.0,2663700000.0,1543900000.0,1543900000.0,85700000.0,,,,,14400000.0,211500000.0,1.0,129087592.0,129100000,131400000.0,11.959,4124300000.0,0.0,48400000.0,0.0,31.947,1533200000.0
48,LXK,MRQ,2004-09-30,2004-09-30,2004-09-30,2019-04-19,-173900000.0,3964500000.0,,2924500000.0,1040000000.0,,15.734,-55800000.0,534300000.0,534300000.0,819900000.0,156100000.0,2.172,0.941,149500000.0,0.0,149500000.0,149500000.0,0.0,32400000.0,0.0,0.0,0.0,183700000.0,216100000.0,0.171,216100000.0,183700000.0,187800000.0,1.2,1.17,1.2,2042300000.0,,2042300000.0,10212786373.0,14.0,11.879,149600000.0,1.153,1.0,446300000.0,0.352,0.0,-4100000.0,2233100000.0,,540500000.0,956800000.0,956800000.0,0.0,1922200000.0,1346600000.0,575600000.0,10880986373.0,-286400000.0,0.0,-62600000.0,-3100000.0,0.0,-66300000.0,-426100000.0,-370400000.0,205400000.0,600000.0,156100000.0,156100000.0,156100000.0,0.0,0.0,0.123,262000000.0,184300000.0,607300000.0,0.0,5.328,19.694,19.721,738500000.0,0.0,84.01,2.117,2.122,652900000.0,2508700000.0,1266200000.0,1266200000.0,78300000.0,,,,,1300000.0,183700000.0,1.0,129520133.0,129800000,133000000.0,9.755,3964500000.0,0.0,31700000.0,0.0,30.543,1577900000.0
49,LXK,MRQ,2004-06-30,2004-06-30,2004-06-30,2019-04-19,-171000000.0,3740100000.0,,2712100000.0,1028000000.0,,14.956,-40900000.0,820700000.0,820700000.0,807400000.0,136600000.0,2.332,0.919,152500000.0,3100000.0,149400000.0,152500000.0,0.0,31900000.0,0.0,0.0,0.0,186100000.0,218000000.0,0.175,218000000.0,186100000.0,188400000.0,1.05,1.02,1.05,1948800000.0,,1948800000.0,11945072931.0,18.0,14.557,92600000.0,0.711,1.0,440300000.0,0.353,0.0,-2300000.0,1909000000.0,,512000000.0,586500000.0,586500000.0,0.0,1791300000.0,1162900000.0,628400000.0,12542372931.0,70900000.0,0.0,-47000000.0,0.0,0.0,-47100000.0,-14500000.0,26400000.0,133500000.0,-1000000.0,136600000.0,136600000.0,136600000.0,0.0,0.0,0.109,254500000.0,185800000.0,494300000.0,0.0,6.436,25.06,24.943,713900000.0,0.0,96.53,2.493,2.5,572500000.0,2352600000.0,1247700000.0,1247700000.0,76500000.0,,,,,13200000.0,178000000.0,1.0,129932383.0,130300000,134000000.0,9.576,3740100000.0,0.0,51800000.0,0.0,28.704,1549200000.0
50,LXK,MRQ,2004-03-31,2004-03-31,2004-03-31,2019-04-19,-175500000.0,3595100000.0,,2574100000.0,1021000000.0,,14.204,-22800000.0,749800000.0,749800000.0,845200000.0,121000000.0,2.289,0.953,152500000.0,3100000.0,149400000.0,152500000.0,0.0,35100000.0,0.0,0.0,0.0,164600000.0,199700000.0,0.159,199700000.0,164600000.0,166900000.0,0.93,0.91,0.93,1840800000.0,,1840800000.0,11321021392.0,18.0,14.593,129500000.0,0.999,1.0,410800000.0,0.327,0.0,-2300000.0,1873300000.0,,443000000.0,612900000.0,612900000.0,0.0,1754300000.0,1124500000.0,629800000.0,11915221392.0,5200000.0,0.0,34900000.0,2000000.0,0.0,36900000.0,-184200000.0,-161400000.0,152300000.0,200000.0,121000000.0,121000000.0,121000000.0,0.0,0.0,0.096,245600000.0,165200000.0,474100000.0,0.0,6.473,25.591,25.485,705800000.0,0.0,92.0,2.43,2.432,571600000.0,2216000000.0,1256000000.0,1256000000.0,72200000.0,,,,,19300000.0,173400000.0,1.0,129513276.0,129600000,133100000.0,9.691,3595100000.0,0.0,45900000.0,0.0,27.74,1449600000.0
51,LXK,MRQ,2003-12-31,2003-12-31,2003-12-31,2019-04-19,-196500000.0,3450400000.0,,2443800000.0,1006600000.0,,12.736,-38900000.0,744600000.0,744600000.0,932800000.0,138800000.0,2.065,1.1,150400000.0,1100000.0,149300000.0,150400000.0,0.0,39100000.0,0.0,0.0,0.0,186800000.0,225900000.0,0.165,225900000.0,186800000.0,187500000.0,1.08,1.05,1.08,1643000000.0,,1643000000.0,9682939930.0,16.0,13.05,230300000.0,1.785,1.0,436700000.0,0.319,0.0,-700000.0,1672900000.0,,437000000.0,451500000.0,451500000.0,0.0,1807400000.0,1183300000.0,624100000.0,10103439930.0,174700000.0,0.0,1600000.0,1000000.0,0.0,2600000.0,-100500000.0,-61700000.0,269200000.0,3400000.0,138800000.0,138800000.0,138800000.0,0.0,0.0,0.101,248900000.0,187800000.0,465700000.0,0.0,6.149,23.004,22.927,715900000.0,0.0,78.64,2.125,2.119,615400000.0,2095000000.0,1369500000.0,1369500000.0,70400000.0,,,,,9800000.0,178500000.0,1.0,128477110.0,129000000,132300000.0,10.616,3450400000.0,0.0,48700000.0,0.0,26.747,1260500000.0
52,LXK,MRQ,2003-09-30,2003-09-30,2003-09-30,2019-04-19,-213200000.0,3275600000.0,,2216200000.0,1059400000.0,,11.481,-22600000.0,569900000.0,569900000.0,785700000.0,104100000.0,1.906,1.22,149400000.0,100000.0,149300000.0,149400000.0,0.0,36500000.0,0.0,0.0,0.0,140500000.0,177000000.0,0.153,177000000.0,140500000.0,140800000.0,0.81,0.79,0.81,1475300000.0,,1475300000.0,7333133402.0,13.0,10.341,60200000.0,0.468,1.0,371400000.0,0.321,0.0,-300000.0,1692100000.0,,427300000.0,389800000.0,389800000.0,0.0,1800300000.0,1163000000.0,637300000.0,8070333402.0,-317600000.0,0.0,11500000.0,-1000000.0,0.0,10500000.0,-411800000.0,-389800000.0,82800000.0,900000.0,104100000.0,104100000.0,104100000.0,0.0,0.0,0.09,230900000.0,140500000.0,422900000.0,0.0,5.47,19.367,19.388,692900000.0,0.0,63.01,1.757,1.763,586100000.0,1956200000.0,1157100000.0,1157100000.0,66500000.0,,,,,6300000.0,164400000.0,1.0,128080200.0,128500000,131500000.0,9.005,3275600000.0,0.0,36700000.0,0.0,25.491,1053200000.0
53,LXK,MRQ,2003-06-30,2003-06-30,2003-06-30,2019-04-19,-216300000.0,3063400000.0,,2091300000.0,972100000.0,,10.554,-16200000.0,887500000.0,887500000.0,739400000.0,101700000.0,1.941,1.27,150300000.0,1000000.0,149300000.0,150300000.0,0.0,36000000.0,0.0,0.0,0.0,137200000.0,173200000.0,0.155,173200000.0,137200000.0,137300000.0,0.79,0.77,0.79,1349800000.0,,1349800000.0,8451801830.0,15.0,12.265,142700000.0,1.116,1.0,380800000.0,0.34,0.0,-100000.0,1248500000.0,,393400000.0,0.0,0.0,0.0,1713600000.0,1077700000.0,635900000.0,9022801830.0,165300000.0,0.0,22000000.0,-1900000.0,0.0,20100000.0,-15500000.0,0.0,158900000.0,1800000.0,101700000.0,101700000.0,101700000.0,0.0,0.0,0.091,243800000.0,137000000.0,404900000.0,0.0,6.685,22.422,22.467,710600000.0,0.0,70.77,2.016,2.022,568900000.0,1852100000.0,1120200000.0,1120200000.0,66700000.0,,,,,14700000.0,177100000.0,1.0,127494727.0,127900000,131600000.0,8.758,3063400000.0,0.0,35600000.0,0.0,23.952,1013600000.0
54,LXK,MRQ,2003-03-31,2003-03-31,2003-03-31,2019-04-19,-228800000.0,2860800000.0,,1879300000.0,981500000.0,,9.429,-16100000.0,722200000.0,722200000.0,751700000.0,94600000.0,1.819,1.387,151200000.0,2000000.0,149200000.0,151200000.0,0.0,37300000.0,0.0,0.0,0.0,128600000.0,165900000.0,0.15,165900000.0,128600000.0,127900000.0,0.74,0.73,0.74,1198400000.0,,1198400000.0,8157332414.0,15.0,12.078,220600000.0,1.736,1.0,356200000.0,0.322,0.0,700000.0,1256700000.0,,369300000.0,0.0,0.0,0.0,1662400000.0,1033100000.0,629300000.0,8493532414.0,224500000.0,0.0,13200000.0,-10400000.0,0.0,2800000.0,-16100000.0,0.0,236700000.0,1100000.0,94600000.0,94600000.0,94600000.0,0.0,0.0,0.085,227600000.0,128600000.0,388700000.0,0.0,7.087,21.789,21.951,724400000.0,0.0,66.95,1.924,1.928,548000000.0,1750400000.0,1107900000.0,1107900000.0,62100000.0,,,,,6400000.0,165500000.0,1.0,126863815.0,127100000,130200000.0,8.717,2860800000.0,0.0,33300000.0,0.0,22.508,846200000.0
55,LXK,MRQ,2002-12-31,2002-12-31,2002-12-31,2019-04-19,-229700000.0,2808100000.0,,1798800000.0,1009300000.0,,8.537,-40500000.0,497700000.0,497700000.0,823500000.0,116300000.0,1.637,1.596,161500000.0,12300000.0,149200000.0,161500000.0,0.0,34700000.0,0.0,0.0,0.0,158300000.0,193000000.0,0.16,193000000.0,158300000.0,157200000.0,0.91,0.9,0.91,1081600000.0,,1081600000.0,7533434865.0,15.0,11.72,243000000.0,1.918,1.0,383800000.0,0.318,0.0,1100000.0,1372900000.0,,410300000.0,0.0,0.0,0.0,1726500000.0,1099000000.0,627500000.0,7618634865.0,249300000.0,0.0,5200000.0,-2600000.0,0.0,2600000.0,-40500000.0,0.0,283500000.0,3700000.0,116300000.0,116300000.0,116300000.0,0.0,0.0,0.096,230200000.0,153600000.0,378500000.0,0.0,7.044,20.776,21.228,747600000.0,0.0,60.5,1.749,1.785,600300000.0,1655800000.0,1207300000.0,1207300000.0,65300000.0,,,,,13400000.0,164600000.0,1.0,125927849.0,126700000,129800000.0,9.529,2808100000.0,0.0,40900000.0,0.0,22.163,699800000.0
56,LXK,MRQ,2002-09-30,2002-09-30,2002-09-30,2019-04-19,-135200000.0,2563900000.0,,1628200000.0,935700000.0,,8.205,-25400000.0,248400000.0,248400000.0,702700000.0,89800000.0,1.479,1.464,163200000.0,14000000.0,149200000.0,163200000.0,0.0,33100000.0,0.0,0.0,0.0,123900000.0,157000000.0,0.151,157000000.0,123900000.0,121400000.0,0.71,0.7,0.71,1040400000.0,,1040400000.0,5951886439.0,17.0,12.127,157700000.0,1.244,1.0,338300000.0,0.325,0.0,2500000.0,1378100000.0,,511100000.0,0.0,0.0,0.0,1523500000.0,1100600000.0,422900000.0,5928586439.0,111400000.0,0.0,-50900000.0,6600000.0,0.0,-44300000.0,-27200000.0,0.0,183100000.0,-200000.0,89800000.0,89800000.0,89800000.0,0.0,0.0,0.086,214600000.0,123700000.0,424300000.0,0.0,5.698,20.643,21.076,737900000.0,0.0,47.0,1.382,1.39,605300000.0,1539500000.0,1041000000.0,1041000000.0,57900000.0,,,,,1900000.0,156700000.0,1.0,126140137.0,126800000,129200000.0,8.21,2563900000.0,0.0,31600000.0,0.0,20.22,527600000.0
57,LXK,MRQ,2002-06-30,2002-06-30,2002-06-30,2019-04-19,-138000000.0,2435700000.0,,1509400000.0,926300000.0,,7.667,-24300000.0,137000000.0,137000000.0,719100000.0,89100000.0,1.488,1.446,160300000.0,11200000.0,149100000.0,160300000.0,0.0,37500000.0,0.0,0.0,0.0,122000000.0,159500000.0,0.151,159500000.0,122000000.0,119700000.0,0.69,0.67,0.69,995900000.0,,995900000.0,7103897386.0,22.0,15.494,210000000.0,1.617,1.0,338900000.0,0.32,0.0,2300000.0,1444600000.0,,470900000.0,0.0,0.0,0.0,1439800000.0,1014400000.0,425400000.0,7057997386.0,22000000.0,0.0,-192700000.0,900000.0,0.0,-191800000.0,-24600000.0,0.0,234300000.0,4100000.0,89100000.0,89100000.0,89100000.0,0.0,0.0,0.084,216200000.0,122700000.0,363900000.0,0.0,7.087,26.395,26.408,770700000.0,0.0,54.4,1.663,1.665,618800000.0,1449700000.0,1058000000.0,1058000000.0,63500000.0,,,,,10100000.0,152700000.0,1.0,129742599.0,129900000,133400000.0,8.145,2435700000.0,0.0,30600000.0,0.0,18.751,495000000.0
58,LXK,MRQ,2002-03-31,2002-03-31,2002-03-31,2019-04-19,-139400000.0,2438100000.0,,1496800000.0,941300000.0,,8.323,-21500000.0,115000000.0,115000000.0,740500000.0,71500000.0,1.613,1.243,160900000.0,11800000.0,149100000.0,160900000.0,0.0,32900000.0,0.0,0.0,0.0,100400000.0,133300000.0,0.127,133300000.0,100400000.0,97300000.0,0.55,0.53,0.55,1087000000.0,,1087000000.0,7473811798.0,23.0,16.583,93200000.0,0.714,1.0,309600000.0,0.295,0.0,3100000.0,1556000000.0,,457900000.0,0.0,0.0,0.0,1351100000.0,928000000.0,423100000.0,7404411798.0,24300000.0,0.0,-69100000.0,800000.0,0.0,-68300000.0,-21500000.0,0.0,114700000.0,-600000.0,71500000.0,71500000.0,71500000.0,0.0,0.0,0.068,205000000.0,104600000.0,374700000.0,0.0,6.812,27.899,28.029,785700000.0,0.0,57.18,1.777,1.792,680400000.0,1360600000.0,1050100000.0,1050100000.0,61200000.0,,,,,5900000.0,143800000.0,1.0,129493036.0,130600000,134000000.0,8.041,2438100000.0,0.0,25800000.0,0.0,18.668,568800000.0
59,LXK,MRQ,2001-12-31,2001-12-31,2001-12-31,2019-04-19,-141200000.0,2449900000.0,,1493100000.0,956800000.0,,8.207,-44800000.0,90700000.0,90700000.0,861200000.0,36800000.0,1.604,1.277,160100000.0,11000000.0,149100000.0,160100000.0,0.0,40700000.0,0.0,0.0,0.0,300000.0,41000000.0,0.036,41000000.0,300000.0,-4400000.0,0.28,0.28,0.28,1075900000.0,,1075900000.0,7897678027.0,24.0,17.236,153600000.0,1.172,1.0,278700000.0,0.244,0.0,4700000.0,1588200000.0,,455100000.0,0.0,0.0,0.0,1374000000.0,931100000.0,442900000.0,7669478027.0,30600000.0,0.0,6100000.0,-128300000.0,0.0,-122200000.0,-44700000.0,0.0,198400000.0,-900000.0,36800000.0,36800000.0,36800000.0,0.0,0.0,0.032,278400000.0,300000.0,384700000.0,0.0,7.128,28.032,27.962,800400000.0,0.0,59.0,1.869,1.863,702800000.0,1289100000.0,1139900000.0,1139900000.0,61800000.0,,,,,12600000.0,158200000.0,1.0,129991153.0,131100000,134400000.0,8.695,2449900000.0,0.0,-41200000.0,0.0,18.687,562000000.0
60,LXK,MRQ,2001-09-30,2001-09-30,2001-09-30,2019-04-19,-82100000.0,2431700000.0,,1514100000.0,917600000.0,,8.283,-53200000.0,60100000.0,60100000.0,693700000.0,70000000.0,1.509,1.255,288300000.0,139300000.0,149000000.0,288300000.0,0.0,25800000.0,0.0,0.0,0.0,98900000.0,124700000.0,0.125,124700000.0,98900000.0,95300000.0,0.54,0.52,0.54,1078500000.0,,1078500000.0,5970320140.0,14.0,11.409,-46400000.0,-0.356,1.0,302000000.0,0.303,0.0,3600000.0,1656500000.0,,577900000.0,0.0,0.0,0.0,1353200000.0,1003400000.0,349800000.0,5782220140.0,-6900000.0,0.0,5000000.0,33200000.0,0.0,38200000.0,-53600000.0,0.0,6800000.0,1700000.0,70000000.0,70000000.0,70000000.0,0.0,0.0,0.07,201100000.0,100900000.0,372300000.0,0.0,5.361,19.816,19.783,807100000.0,0.0,44.71,1.438,1.448,681200000.0,1252200000.0,995700000.0,995700000.0,58000000.0,,,,,6800000.0,143100000.0,1.0,129327223.0,130200000,133900000.0,7.647,2431700000.0,0.0,25300000.0,0.0,18.677,510700000.0
61,LXK,MRQ,2001-06-30,2001-06-30,2001-06-30,2019-04-19,-69800000.0,2296200000.0,,1405700000.0,890500000.0,,7.8,-56200000.0,67000000.0,67000000.0,644900000.0,87100000.0,1.496,1.278,255100000.0,106100000.0,149000000.0,255100000.0,0.0,31800000.0,0.0,0.0,0.0,119900000.0,151700000.0,0.155,151700000.0,119900000.0,116200000.0,0.67,0.65,0.67,1007800000.0,,1007800000.0,8783390638.0,21.0,16.996,-42600000.0,-0.33,1.0,335800000.0,0.342,0.0,3700000.0,1544500000.0,,551800000.0,0.0,0.0,0.0,1288400000.0,939800000.0,348600000.0,8623990638.0,2500000.0,0.0,14100000.0,31100000.0,0.0,45200000.0,-56300000.0,0.0,13600000.0,0.0,87100000.0,87100000.0,87100000.0,0.0,0.0,0.089,213700000.0,122100000.0,373300000.0,0.0,8.557,29.955,30.022,780400000.0,0.0,67.25,2.183,2.199,594100000.0,1182200000.0,980700000.0,980700000.0,64200000.0,,,,,28200000.0,149500000.0,1.0,128237779.0,129200000,134300000.0,7.591,2296200000.0,0.0,29100000.0,0.0,17.772,465900000.0
62,LXK,MRQ,2001-03-31,2001-03-31,2001-03-31,2019-04-19,-71900000.0,2204000000.0,,1341000000.0,863000000.0,,6.835,-60200000.0,64500000.0,64500000.0,665500000.0,79700000.0,1.365,1.519,223900000.0,75000000.0,148900000.0,223900000.0,0.0,27300000.0,0.0,0.0,0.0,113500000.0,140800000.0,0.143,140800000.0,113500000.0,110700000.0,0.62,0.6,0.62,874900000.0,,874900000.0,5887698166.0,15.0,11.731,-83300000.0,-0.651,1.0,322500000.0,0.326,0.0,2800000.0,1381200000.0,,488100000.0,0.0,0.0,0.0,1329100000.0,982200000.0,346900000.0,5807298166.0,-4000000.0,0.0,6200000.0,75000000.0,0.0,81200000.0,-60000000.0,0.0,-23100000.0,-2100000.0,79700000.0,79700000.0,79700000.0,0.0,0.0,0.081,204800000.0,117700000.0,423800000.0,0.0,6.638,20.384,20.505,756100000.0,0.0,45.52,1.503,1.508,600700000.0,1095400000.0,988000000.0,988000000.0,62200000.0,,,,,7100000.0,142600000.0,1.0,127576849.0,128000000,132700000.0,7.719,2204000000.0,0.0,31000000.0,0.0,17.219,358800000.0
63,LXK,MRQ,2000-12-31,2000-12-31,2000-12-31,2019-04-19,-74900000.0,2073200000.0,,1243700000.0,829500000.0,,6.08,-103600000.0,68500000.0,68500000.0,758200000.0,55000000.0,1.27,1.668,148900000.0,0.0,148900000.0,148900000.0,0.0,26400000.0,0.0,0.0,0.0,79700000.0,106100000.0,0.1,106100000.0,79700000.0,76400000.0,0.43,0.42,0.43,777000000.0,,777000000.0,5810104941.0,14.0,11.611,102600000.0,0.803,1.0,297800000.0,0.282,0.0,3300000.0,1174600000.0,,412300000.0,0.0,0.0,0.0,1296200000.0,979000000.0,317200000.0,5633504941.0,-200000.0,0.0,-5700000.0,-96500000.0,0.0,-102200000.0,-104000000.0,0.0,206200000.0,-200000.0,55000000.0,55000000.0,55000000.0,0.0,0.0,0.052,214800000.0,83000000.0,426100000.0,0.0,7.25,19.739,19.959,730600000.0,0.0,44.31,1.495,1.51,594000000.0,1015700000.0,1056000000.0,1056000000.0,57000000.0,,,,,11100000.0,116500000.0,1.0,127138455.0,127800000,132200000.0,8.263,2073200000.0,0.0,21400000.0,0.0,16.222,264700000.0
64,LXK,MRQ,2000-09-30,2000-09-30,2000-09-30,2019-04-19,-45300000.0,1898900000.0,,1138400000.0,760500000.0,,5.829,-65500000.0,68700000.0,68700000.0,631300000.0,66100000.0,1.339,1.551,245300000.0,96400000.0,148900000.0,245300000.0,0.0,22700000.0,0.0,0.0,0.0,95500000.0,118200000.0,0.128,118200000.0,95500000.0,91800000.0,0.52,0.5,0.52,744400000.0,,744400000.0,4927522300.0,10.0,8.835,-6300000.0,-0.049,1.0,295300000.0,0.319,0.0,3700000.0,1225500000.0,,399100000.0,0.0,0.0,0.0,1154500000.0,850000000.0,304500000.0,4779522300.0,16100000.0,0.0,-21300000.0,45000000.0,0.0,23700000.0,-65400000.0,0.0,59200000.0,-1400000.0,66100000.0,66100000.0,66100000.0,0.0,0.0,0.071,196900000.0,98400000.0,317400000.0,0.0,6.421,14.479,14.648,669300000.0,0.0,37.5,1.287,1.289,540800000.0,960700000.0,926600000.0,926600000.0,52800000.0,,,,,2600000.0,144100000.0,1.0,127453928.0,127700000,133100000.0,7.256,1898900000.0,0.0,25700000.0,0.0,14.87,288400000.0
65,LXK,MRQ,2000-06-30,2000-06-30,2000-06-30,2019-04-19,-44200000.0,1751700000.0,,1042800000.0,708900000.0,,5.434,-86200000.0,52600000.0,52600000.0,584800000.0,84100000.0,1.404,1.499,200600000.0,51800000.0,148800000.0,200600000.0,0.0,20800000.0,0.0,0.0,0.0,116000000.0,136800000.0,0.153,136800000.0,116000000.0,112800000.0,0.65,0.62,0.65,701000000.0,,701000000.0,8738543126.0,18.0,15.216,70500000.0,0.547,1.0,308200000.0,0.345,0.0,3200000.0,1157200000.0,,378700000.0,0.0,0.0,0.0,1050700000.0,742500000.0,308200000.0,8691243126.0,-60800000.0,0.0,-169800000.0,40200000.0,0.0,-129600000.0,-87500000.0,0.0,156700000.0,-400000.0,84100000.0,84100000.0,84100000.0,0.0,0.0,0.094,194300000.0,113900000.0,301000000.0,0.0,12.398,25.525,25.57,632900000.0,0.0,67.25,2.393,2.388,488800000.0,894600000.0,893000000.0,893000000.0,52900000.0,,,,,11300000.0,141400000.0,1.0,129237816.0,129000000,135700000.0,6.922,1751700000.0,0.0,28700000.0,0.0,13.579,300300000.0
66,LXK,MRQ,2000-03-31,2000-03-31,2000-03-31,2019-04-19,-28500000.0,1728100000.0,,1083000000.0,645100000.0,,6.154,-41500000.0,113400000.0,113400000.0,576600000.0,80200000.0,1.729,1.177,160700000.0,11900000.0,148800000.0,160700000.0,0.0,21300000.0,0.0,0.0,0.0,118000000.0,139300000.0,0.156,139300000.0,118000000.0,115400000.0,0.62,0.59,0.62,793900000.0,,793900000.0,13733186019.0,28.0,24.208,12700000.0,0.098,1.0,315100000.0,0.353,0.0,2600000.0,1149000000.0,,387300000.0,0.0,0.0,0.0,934200000.0,626400000.0,307800000.0,13662186019.0,19500000.0,0.0,11800000.0,-4900000.0,0.0,6900000.0,-41200000.0,0.0,54200000.0,-400000.0,80200000.0,80200000.0,80200000.0,0.0,0.0,0.09,194700000.0,120400000.0,268000000.0,0.0,17.209,41.288,41.328,575700000.0,0.0,105.8,3.841,3.837,474500000.0,810500000.0,891700000.0,891700000.0,53800000.0,,,,,36200000.0,140900000.0,1.0,129132193.0,129000000,136300000.0,6.912,1728100000.0,0.0,35200000.0,0.0,13.396,456600000.0
67,LXK,MRQ,1999-12-31,1999-12-31,1999-12-31,2019-04-19,-30800000.0,1702600000.0,,1088700000.0,613900000.0,,5.117,-73800000.0,93900000.0,93900000.0,657900000.0,99700000.0,1.48,1.583,164900000.0,16200000.0,148700000.0,164900000.0,0.0,20800000.0,0.0,0.0,0.0,142600000.0,163400000.0,0.163,163400000.0,142600000.0,139500000.0,0.77,0.74,0.77,659100000.0,,659100000.0,11598926437.0,25.0,21.1,87500000.0,0.679,1.0,345100000.0,0.344,0.0,3100000.0,1038100000.0,,387700000.0,0.0,0.0,0.0,1043500000.0,735500000.0,308000000.0,11559126437.0,-28400000.0,0.0,-117100000.0,1600000.0,0.0,-115500000.0,-73800000.0,0.0,161300000.0,-400000.0,99700000.0,99700000.0,99700000.0,0.0,0.0,0.099,200100000.0,145000000.0,300900000.0,0.0,17.538,36.292,36.789,561000000.0,0.0,90.5,3.348,3.392,507300000.0,730300000.0,1003000000.0,1003000000.0,45100000.0,,,,,20900000.0,155000000.0,1.0,127725154.0,128800000,135700000.0,7.787,1702600000.0,0.0,39800000.0,0.0,13.219,353200000.0
68,LXK,MRQ,1999-09-30,1999-09-30,1999-09-30,2019-04-19,-31200000.0,1657900000.0,,1100600000.0,557300000.0,,5.057,-67900000.0,122300000.0,122300000.0,541400000.0,76500000.0,1.573,1.535,162100000.0,13400000.0,148700000.0,162100000.0,0.0,20400000.0,0.0,0.0,0.0,114400000.0,134800000.0,0.16,134800000.0,114400000.0,111600000.0,0.59,0.56,0.59,653900000.0,,653900000.0,10438671938.0,23.0,19.504,68700000.0,0.531,1.0,303600000.0,0.359,0.0,2800000.0,998100000.0,,397000000.0,0.0,0.0,0.0,1004000000.0,699600000.0,304400000.0,10369471938.0,31500000.0,0.0,-40200000.0,3000000.0,0.0,-37200000.0,-67900000.0,0.0,136600000.0,0.0,76500000.0,76500000.0,76500000.0,0.0,0.0,0.091,187800000.0,115800000.0,290300000.0,0.0,15.858,34.484,34.848,512000000.0,0.0,80.5,3.089,3.101,487800000.0,630600000.0,845000000.0,845000000.0,44500000.0,,,,,26900000.0,143300000.0,1.0,128813316.0,129300000,136800000.0,6.535,1657900000.0,0.0,35100000.0,0.0,12.822,401000000.0
69,LXK,MRQ,1999-06-30,1999-06-30,1999-06-30,2019-04-19,-27400000.0,1481800000.0,,983700000.0,498100000.0,,4.589,-48400000.0,90800000.0,90800000.0,521700000.0,74500000.0,1.673,1.501,160000000.0,11300000.0,148700000.0,160000000.0,0.0,19900000.0,0.0,0.0,0.0,109900000.0,129800000.0,0.159,129800000.0,109900000.0,107300000.0,0.58,0.55,0.58,592500000.0,,592500000.0,8501791731.0,20.0,16.729,-13600000.0,-0.105,1.0,295600000.0,0.362,0.0,2600000.0,963100000.0,,364000000.0,0.0,0.0,0.0,889300000.0,587900000.0,301400000.0,8426391731.0,9600000.0,0.0,18900000.0,4100000.0,0.0,23000000.0,-48200000.0,0.0,34800000.0,0.0,74500000.0,74500000.0,74500000.0,0.0,0.0,0.091,183500000.0,112100000.0,254500000.0,0.0,14.222,29.881,30.324,464000000.0,0.0,65.5,2.588,2.597,450600000.0,554100000.0,817300000.0,817300000.0,48600000.0,,,,,0.0,134900000.0,1.0,128647202.0,129100000,136400000.0,6.331,1481800000.0,0.0,32800000.0,0.0,11.478,395800000.0
70,LXK,MRQ,1999-03-31,1999-03-31,1999-03-31,2019-04-19,-524900000.0,1401300000.0,,930500000.0,470800000.0,,-0.214,-30300000.0,81200000.0,81200000.0,501800000.0,67800000.0,1.541,-32.384,156600000.0,7900000.0,148700000.0,156600000.0,0.0,19000000.0,0.0,0.0,0.0,102700000.0,121700000.0,0.155,121700000.0,102700000.0,100500000.0,0.52,0.48,0.52,-27900000.0,,-27900000.0,7219815379.0,18.0,15.048,85200000.0,0.653,1.0,285200000.0,0.362,0.0,2200000.0,872800000.0,,351200000.0,0.0,0.0,0.0,903500000.0,603900000.0,299600000.0,7208415379.0,-67800000.0,0.0,-151200000.0,-500000.0,0.0,-151700000.0,-30300000.0,0.0,115500000.0,-1300000.0,67800000.0,67800000.0,67800000.0,0.0,0.0,0.086,181500000.0,103700000.0,275100000.0,0.0,-258.366,27.587,28.258,437900000.0,0.0,55.95,2.299,2.329,423100000.0,570200000.0,787000000.0,787000000.0,45400000.0,,,,,0.0,136100000.0,1.0,128836736.0,130500000,140900000.0,6.031,1401300000.0,0.0,32700000.0,0.0,10.738,326600000.0
71,LXK,MRQ,1998-12-31,1998-12-31,1998-12-31,2019-04-19,-29000000.0,1483400000.0,,1020000000.0,463400000.0,,4.404,-41200000.0,149000000.0,149000000.0,592100000.0,81900000.0,1.684,1.566,160400000.0,11700000.0,148700000.0,160400000.0,0.0,23100000.0,0.0,0.0,0.0,125800000.0,148900000.0,0.164,148900000.0,125800000.0,123200000.0,0.62,0.57,0.62,578100000.0,,578100000.0,6724746843.0,18.0,14.878,173100000.0,1.319,1.0,315300000.0,0.347,0.0,2600000.0,889100000.0,,333000000.0,0.0,0.0,0.0,905300000.0,605700000.0,299600000.0,6568346843.0,120800000.0,0.0,-30600000.0,-24300000.0,0.0,-54900000.0,-39200000.0,0.0,214300000.0,600000.0,81900000.0,81900000.0,81900000.0,0.0,0.0,0.09,187100000.0,128200000.0,267100000.0,0.0,11.362,27.03,27.61,430500000.0,0.0,50.25,2.175,2.217,469400000.0,411800000.0,907400000.0,907400000.0,39800000.0,,,,,11300000.0,147300000.0,1.0,130713370.0,131270952,141907120.0,6.912,1483400000.0,0.0,41300000.0,0.0,11.3,414300000.0
72,LXK,MRQ,1998-09-30,1998-09-30,1998-09-30,2019-04-19,-26200000.0,1377700000.0,,936000000.0,441700000.0,,3.891,-26600000.0,28200000.0,28200000.0,475900000.0,57800000.0,1.552,1.672,184600000.0,36000000.0,148600000.0,184600000.0,0.0,17600000.0,0.0,0.0,0.0,90200000.0,107800000.0,0.145,107800000.0,90200000.0,86900000.0,0.44,0.41,0.44,515600000.0,,515600000.0,4755889816.0,14.0,11.427,48000000.0,0.362,1.0,267900000.0,0.36,0.0,3300000.0,931100000.0,,411600000.0,0.0,0.0,0.0,862100000.0,603000000.0,259100000.0,4594889816.0,-6100000.0,0.0,-44000000.0,-10800000.0,0.0,-54800000.0,-26600000.0,0.0,74600000.0,700000.0,57800000.0,57800000.0,57800000.0,0.0,0.0,0.078,176500000.0,91400000.0,235500000.0,0.0,8.912,21.068,21.592,415800000.0,0.0,34.655,1.613,1.612,421700000.0,329900000.0,743800000.0,743800000.0,44000000.0,,,,,0.0,132500000.0,1.0,132589520.0,132500000,142300000.0,5.614,1377700000.0,0.0,29100000.0,0.0,10.398,333000000.0
73,LXK,MRQ,1998-06-30,1998-06-30,1998-06-30,2019-04-19,-28500000.0,1310700000.0,,880300000.0,430400000.0,,3.739,-21200000.0,34300000.0,34300000.0,440900000.0,53800000.0,1.579,1.636,195300000.0,46800000.0,148500000.0,195300000.0,0.0,17400000.0,0.0,0.0,0.0,84000000.0,101400000.0,0.145,101400000.0,84000000.0,80900000.0,0.4,0.38,0.4,497300000.0,,497300000.0,4183809597.0,13.0,10.665,-8600000.0,-0.065,1.0,256400000.0,0.368,0.0,3100000.0,914100000.0,,412000000.0,0.0,0.0,0.0,813400000.0,557600000.0,255800000.0,4053509597.0,9400000.0,0.0,-20300000.0,38800000.0,0.0,18500000.0,-21200000.0,0.0,12600000.0,-500000.0,53800000.0,53800000.0,53800000.0,0.0,0.0,0.077,171100000.0,85300000.0,249400000.0,0.0,8.151,20.137,21.034,406900000.0,0.0,30.5,1.489,1.49,373000000.0,272100000.0,697300000.0,697300000.0,38100000.0,,,,,0.0,133000000.0,1.0,132901954.0,133000000,142800000.0,5.243,1310700000.0,0.0,27100000.0,0.0,9.855,322700000.0
74,LXK,MRQ,1998-03-31,1998-03-31,1998-03-31,2019-04-19,-25400000.0,1230100000.0,,803300000.0,426800000.0,,3.422,-12700000.0,24900000.0,24900000.0,425500000.0,49500000.0,1.509,1.639,155200000.0,30200000.0,125000000.0,155200000.0,0.0,17500000.0,0.0,0.0,0.0,76400000.0,93900000.0,0.14,93900000.0,76400000.0,74400000.0,0.365,0.345,0.365,466100000.0,,466100000.0,3113527577.0,11.0,8.53,-13900000.0,-0.102,1.0,246600000.0,0.367,0.0,2000000.0,828200000.0,,374200000.0,0.0,0.0,0.0,764000000.0,532200000.0,231800000.0,3081527577.0,-18100000.0,0.0,-84200000.0,80200000.0,0.0,-4000000.0,-12700000.0,0.0,-1200000.0,-200000.0,49500000.0,49500000.0,49500000.0,0.0,0.0,0.074,168700000.0,77900000.0,254700000.0,0.0,6.611,16.95,17.492,403700000.0,0.0,22.565,1.193,1.19,353700000.0,218300000.0,672100000.0,672100000.0,36600000.0,,,,,0.0,132100000.0,1.0,136562268.0,136200000,144400000.0,4.935,1230100000.0,0.0,24900000.0,0.0,9.032,271100000.0
75,LXK,MRQ,1997-12-31,1997-12-31,1997-12-31,2019-04-19,-23800000.0,1208200000.0,,776100000.0,432100000.0,,3.631,-20800000.0,43000000.0,43000000.0,474300000.0,57000000.0,1.418,1.413,75000000.0,18000000.0,57000000.0,75000000.0,0.0,21200000.0,0.0,0.0,0.0,91900000.0,113100000.0,0.154,113100000.0,91900000.0,89100000.0,0.4,0.4,0.4,500700000.0,,500700000.0,,,,145400000.0,1.054,1.0,261200000.0,0.355,0.0,2800000.0,692700000.0,,353800000.0,0.0,0.0,0.0,707500000.0,547500000.0,160000000.0,2594683092.0,-12500000.0,0.0,-89600000.0,-66700000.0,0.0,-156300000.0,-20800000.0,0.0,166200000.0,-1600000.0,57000000.0,57000000.0,57000000.0,0.0,0.0,0.077,166800000.0,94400000.0,302000000.0,0.0,5.182,17.414,18.269,409600000.0,0.0,19.0,1.041,1.087,318900000.0,168800000.0,735500000.0,735500000.0,34500000.0,,,,,0.0,132300000.0,1.0,136562268.0,137914488,145950208.0,5.333,1208200000.0,0.0,32100000.0,0.0,8.761,228600000.0
76,LXK,MRQ,1997-09-30,1997-09-30,1997-09-30,2019-04-19,,,,,,,,-16600000.0,,,402700000.0,41000000.0,,,,,,,,19100000.0,,0.0,0.0,64800000.0,83900000.0,0.136,83900000.0,64800000.0,63100000.0,0.285,0.285,0.285,,,,,,,15900000.0,0.111,1.0,215600000.0,0.349,,1700000.0,,,,,,,,,,,16400000.0,0.0,-33900000.0,35100000.0,0.0,1200000.0,-16600000.0,0.0,32500000.0,-700000.0,41000000.0,41000000.0,41000000.0,0.0,0.0,0.066,148600000.0,67000000.0,,0.0,,,,,0.0,16.5,,,,,618300000.0,618300000.0,32000000.0,,,,,0.0,116600000.0,1.0,,143000000,151400000.0,4.324,,,22100000.0,,,
77,LXK,MRQ,1997-06-30,1997-06-30,1997-06-30,2019-04-19,,,,,,,,-19500000.0,,,362900000.0,34300000.0,,,,,,,,18600000.0,,0.0,0.0,55500000.0,74100000.0,0.133,74100000.0,55500000.0,54100000.0,0.24,0.24,0.24,,,,,,,16100000.0,0.112,1.0,193400000.0,0.348,,1400000.0,,,,,,,,,,,-7500000.0,0.0,-24900000.0,1500000.0,0.0,-23400000.0,-19500000.0,0.0,35600000.0,-200000.0,34300000.0,34300000.0,34300000.0,0.0,0.0,0.062,135900000.0,57500000.0,,0.0,,,,,0.0,15.19,,,,,556300000.0,556300000.0,31800000.0,,,,,0.0,104100000.0,1.0,,143400000,150600000.0,3.879,,,19800000.0,,,
78,LXK,MRQ,1997-03-31,1997-03-31,1997-03-31,2019-04-19,,,,,,,,-11500000.0,,,383600000.0,16700000.0,,,,,,,,18600000.0,,0.0,0.0,39300000.0,57900000.0,0.099,57900000.0,39300000.0,34400000.0,0.115,0.115,0.115,,,,,,,29100000.0,0.2,1.0,199800000.0,0.342,,4900000.0,,,,,,,,,,,-72700000.0,0.0,-18600000.0,-59400000.0,0.0,-100400000.0,-11500000.0,0.0,40600000.0,-1400000.0,16700000.0,16700000.0,16700000.0,0.0,0.0,0.029,144100000.0,55700000.0,,0.0,,,,,0.0,12.125,,,,,583400000.0,583400000.0,30600000.0,,,,,0.0,113500000.0,1.0,,145800000,153800000.0,4.001,,,17700000.0,,,
79,LXK,MRQ,1996-12-31,1996-12-31,1996-12-31,2019-04-19,500000.0,1221500000.0,,765100000.0,456400000.0,,3.771,,119300000.0,119300000.0,,,1.816,1.261,165300000.0,2100000.0,163200000.0,165300000.0,0.0,,0.0,0.0,0.0,,,,,,,,,,540300000.0,,540300000.0,,,,,,1.0,,,0.0,,846200000.0,,271000000.0,0.0,0.0,0.0,681200000.0,421300000.0,259900000.0,,,,,,,,,,,,,,,,,,,,197200000.0,,,,15.517,434100000.0,,13.81,,0.832,304700000.0,19800000.0,,,,,,,,,,1.0,,143259144,,,1221500000.0,0.0,,0.0,8.527,343800000.0
0,LXK,MRT,2016-09-30,2016-09-30,2016-09-30,2019-04-19,-191200000.0,3637300000.0,3762725000.0,923300000.0,2714000000.0,0.925,15.929,-85600000.0,117700000.0,117700000.0,2123500000.0,-67200000.0,0.884,2.625,1017900000.0,0.0,1017900000.0,1017900000.0,0.0,292900000.0,0.0,0.036,1.44,-5300000.0,287600000.0,0.083,287600000.0,-5300000.0,-50500000.0,-1.08,-1.09,-1.08,1003500000.0,1049575000.0,1003500000.0,3394117891.0,-640.0,11.802,145600000.0,2.311,1.0,1358000000.0,0.39,1755600000.0,45200000.0,1737600000.0,1715000000.0,238900000.0,0.0,0.0,0.0,2633800000.0,1044300000.0,1589500000.0,2508517891.0,-25200000.0,-1800000.0,-2800000.0,-77000000.0,-90000000.0,-173400000.0,-82100000.0,0.0,231200000.0,-900000.0,-67200000.0,-67200000.0,-67200000.0,0.0,0.0,-0.019,1360700000.0,-2700000.0,398900000.0,-1.333,2.5,-37.329,-37.0,683200000.0,0.0,39.96,0.721,0.723,397500000.0,1165700000.0,3481500000.0,3481500000.0,315300000.0,-0.018,-0.064,-0.003,-0.002,50100000.0,1021200000.0,1.0,62775723.0,63000000,64200000.0,55.262,1881700000.0,0.0,16700000.0,0.0,29.868,-121000000.0
1,LXK,MRT,2016-06-30,2016-06-30,2016-06-30,2019-04-19,-179700000.0,3670400000.0,3849175000.0,904300000.0,2766100000.0,0.906,16.022,-88000000.0,103100000.0,103100000.0,2140500000.0,-100700000.0,0.823,2.642,988700000.0,0.0,988700000.0,988700000.0,0.0,303800000.0,0.0,0.038,1.44,-64900000.0,238900000.0,0.068,238900000.0,-64900000.0,-109000000.0,-1.62,-1.62,-1.62,1007800000.0,1087125000.0,1007800000.0,3233221759.0,-50.0,13.534,139600000.0,2.219,1.0,1348200000.0,0.386,1790200000.0,44100000.0,1667400000.0,1749725000.0,236700000.0,0.0,0.0,0.0,2662600000.0,1098400000.0,1564200000.0,2364721759.0,-40500000.0,-5300000.0,-2800000.0,-77000000.0,-89600000.0,-173700000.0,-87900000.0,0.0,227600000.0,-6500000.0,-100700000.0,-100700000.0,-100700000.0,0.0,0.0,-0.029,1408400000.0,-60200000.0,452600000.0,-0.889,2.346,-23.483,-23.302,702100000.0,0.0,37.75,0.678,0.681,373100000.0,1171000000.0,3488700000.0,3488700000.0,328400000.0,-0.026,-0.093,-0.037,-0.019,50200000.0,1053700000.0,1.0,62641636.0,62900000,62900000.0,55.464,1880200000.0,0.0,-8300000.0,0.0,29.892,-194100000.0
2,LXK,MRT,2016-03-31,2016-03-31,2016-03-31,2019-04-19,-165200000.0,3830800000.0,3941950000.0,982800000.0,2848000000.0,0.889,17.159,-99100000.0,127000000.0,127000000.0,2132100000.0,-100000000.0,0.827,2.584,995500000.0,3500000.0,992000000.0,995500000.0,0.0,309400000.0,0.0,0.043,1.44,-108700000.0,200700000.0,0.057,200700000.0,-108700000.0,-151700000.0,-1.62,-1.62,-1.62,1069000000.0,1133300000.0,1069000000.0,2973862001.0,-27.0,14.817,98300000.0,1.578,1.0,1373300000.0,0.392,1841700000.0,43000000.0,1668700000.0,1778650000.0,232900000.0,0.0,0.0,0.0,2761800000.0,1188900000.0,1572900000.0,2070862001.0,-242100000.0,-976300000.0,2500000.0,298000000.0,-89000000.0,211100000.0,-646200000.0,428200000.0,197400000.0,-4400000.0,-100000000.0,-100000000.0,-100000000.0,0.0,0.0,-0.029,1478600000.0,-105300000.0,539500000.0,-0.889,1.937,-20.709,-20.636,725200000.0,0.0,33.43,0.591,0.594,420400000.0,1229900000.0,3505400000.0,3505400000.0,338100000.0,-0.025,-0.088,-0.061,-0.031,48900000.0,1076900000.0,1.0,61946216.0,62300000,62300000.0,56.266,1989100000.0,0.0,-51700000.0,0.0,31.928,-206100000.0
3,LXK,MRT,2015-12-31,2015-12-31,2015-12-31,2019-04-19,-165000000.0,3912400000.0,3850600000.0,1029300000.0,2883100000.0,0.922,18.149,-112600000.0,158300000.0,158300000.0,2154400000.0,-40400000.0,0.879,2.499,1061300000.0,0.0,1061300000.0,1061300000.0,0.0,302900000.0,0.0,0.044,1.44,-28300000.0,274600000.0,0.077,274600000.0,-28300000.0,-67700000.0,-0.66,-0.66,-0.66,1118000000.0,1176250000.0,1118000000.0,2959777312.0,-105.0,10.779,-4800000.0,-0.078,1.0,1396800000.0,0.393,1857600000.0,39400000.0,1786300000.0,1827300000.0,231900000.0,0.0,0.0,0.0,2794400000.0,1171500000.0,1622900000.0,2005877312.0,-151000000.0,-1006600000.0,-23800000.0,362700000.0,-88600000.0,246600000.0,-494800000.0,625400000.0,107800000.0,-10600000.0,-40400000.0,-40400000.0,-40400000.0,0.0,0.0,-0.011,1421300000.0,-24500000.0,501700000.0,-2.182,1.794,-49.65,-49.167,740200000.0,0.0,32.45,0.565,0.563,434200000.0,1292800000.0,3551200000.0,3551200000.0,332200000.0,-0.01,-0.034,-0.015,-0.008,37300000.0,1014100000.0,1.0,61814401.0,61600000,61600000.0,57.649,2054800000.0,0.0,-27300000.0,0.0,33.357,-142200000.0
4,LXK,MRT,2015-09-30,2015-09-30,2015-09-30,2019-04-19,-151100000.0,3983100000.0,3793625000.0,1120300000.0,2862800000.0,0.95,18.699,-114400000.0,142900000.0,142900000.0,2234000000.0,-52300000.0,0.98,2.452,1096800000.0,0.0,1096800000.0,1096800000.0,0.0,286400000.0,0.0,0.05,1.44,-28800000.0,257600000.0,0.071,257600000.0,-28800000.0,-65100000.0,-0.84,-0.85,-0.84,1153700000.0,1219400000.0,1153700000.0,2709633370.0,-94.0,10.519,78400000.0,1.271,1.0,1371300000.0,0.38,1916900000.0,36300000.0,1876500000.0,1880450000.0,257400000.0,0.0,0.0,0.0,2829400000.0,1143600000.0,1685800000.0,1785433370.0,-63400000.0,-1008700000.0,-46200000.0,394500000.0,-88400000.0,253300000.0,-498000000.0,626200000.0,192800000.0,-11500000.0,-52300000.0,-52300000.0,-52300000.0,0.0,0.0,-0.015,1394500000.0,-23200000.0,478800000.0,-1.714,1.548,-34.138,-34.5,742000000.0,0.0,28.98,0.495,0.496,441700000.0,1326600000.0,3605300000.0,3605300000.0,352100000.0,-0.014,-0.043,-0.015,-0.008,32700000.0,1006900000.0,1.0,61609157.0,61700000,61700000.0,58.433,2066200000.0,0.0,-12800000.0,0.0,33.488,-23300000.0
5,LXK,MRT,2015-06-30,2015-06-30,2015-06-30,2019-04-19,-115400000.0,4041500000.0,3683325000.0,1169600000.0,2871900000.0,0.997,19.39,-131000000.0,143600000.0,143600000.0,2263300000.0,-2400000.0,0.965,2.389,1067800000.0,10000000.0,1057800000.0,1067800000.0,0.0,270800000.0,0.0,0.033,1.44,49700000.0,320500000.0,0.087,320500000.0,49700000.0,15600000.0,-0.03,-0.05,-0.03,1192500000.0,1269025000.0,1192500000.0,3039965191.0,61.0,9.485,163100000.0,2.652,1.0,1409000000.0,0.384,1970200000.0,34100000.0,1783100000.0,1913200000.0,274700000.0,0.0,0.0,0.0,2849000000.0,1212400000.0,1636600000.0,2709365191.0,-192200000.0,-1084500000.0,-60700000.0,350800000.0,-88400000.0,44600000.0,-522300000.0,695300000.0,294100000.0,-8600000.0,-2400000.0,-2400000.0,-2400000.0,0.0,0.0,-0.001,1356100000.0,52900000.0,489300000.0,-48.0,2.272,-1128.902,-1473.333,764500000.0,0.0,44.2,0.738,0.74,463600000.0,1341800000.0,3672300000.0,3672300000.0,357700000.0,-0.001,-0.002,0.026,0.014,27600000.0,954800000.0,1.0,61297855.0,61500000,61500000.0,59.712,2071300000.0,0.0,18000000.0,0.0,33.68,-42800000.0
6,LXK,MRT,2015-03-31,2015-03-31,2015-03-31,2019-04-19,-88800000.0,3465400000.0,3554400000.0,1717600000.0,1747800000.0,1.037,20.241,-129100000.0,369100000.0,369100000.0,2286700000.0,69800000.0,1.582,1.793,699700000.0,0.0,699700000.0,699700000.0,0.0,258600000.0,0.0,0.034,1.44,133400000.0,392000000.0,0.106,392000000.0,133400000.0,101900000.0,1.13,1.1,1.13,1240800000.0,1317400000.0,1240800000.0,2960129722.0,22.0,7.551,273400000.0,4.46,1.0,1398100000.0,0.379,846900000.0,31500000.0,1863300000.0,2003975000.0,254500000.0,428000000.0,428000000.0,0.0,2224600000.0,1085800000.0,1138800000.0,2569729722.0,174400000.0,-113500000.0,-80100000.0,-17200000.0,-88800000.0,-342900000.0,123700000.0,366000000.0,402500000.0,-8900000.0,69800000.0,69800000.0,69800000.0,0.0,0.0,0.019,1260600000.0,137500000.0,531300000.0,1.274,2.071,36.816,37.469,770800000.0,0.0,42.34,0.697,0.704,394600000.0,1401000000.0,3684800000.0,3684800000.0,353100000.0,0.02,0.053,0.067,0.036,23900000.0,891400000.0,1.0,60692719.0,61300000,62400000.0,60.111,2618500000.0,0.0,32100000.0,0.0,42.716,631800000.0
7,LXK,MRT,2014-12-31,2014-12-31,2014-12-31,2019-04-19,-84700000.0,3684500000.0,3566250000.0,1829700000.0,1854800000.0,1.04,20.816,-136300000.0,309300000.0,309300000.0,2300700000.0,79900000.0,1.518,1.855,696500000.0,0.0,696500000.0,696500000.0,0.0,259400000.0,0.0,0.033,1.38,145000000.0,404400000.0,0.109,404400000.0,145000000.0,113400000.0,1.29,1.26,1.29,1290600000.0,1350225000.0,1290600000.0,3044995787.0,21.0,7.53,286700000.0,4.624,1.0,1409800000.0,0.38,867700000.0,31600000.0,1998900000.0,2106575000.0,253000000.0,624600000.0,624600000.0,0.0,2393900000.0,1205100000.0,1188800000.0,2550295787.0,36100000.0,-83200000.0,-69000000.0,-15900000.0,-85300000.0,-323700000.0,-56000000.0,162700000.0,423000000.0,-7200000.0,79900000.0,79900000.0,79900000.0,0.0,0.0,0.022,1260600000.0,149200000.0,532800000.0,1.07,1.976,31.919,31.992,786100000.0,0.0,41.27,0.687,0.69,424100000.0,1425000000.0,3710500000.0,3710500000.0,354500000.0,0.022,0.059,0.069,0.039,27700000.0,888200000.0,1.0,61795391.0,62000000,63200000.0,59.847,2816800000.0,0.0,33500000.0,0.0,45.432,624600000.0
8,LXK,MRT,2014-09-30,2014-09-30,2014-09-30,2019-04-19,-67400000.0,3541900000.0,3549350000.0,1728700000.0,1813200000.0,1.041,21.81,-146600000.0,206300000.0,206300000.0,2225800000.0,192800000.0,1.542,1.619,701000000.0,1300000.0,699700000.0,701000000.0,0.0,262300000.0,0.0,0.031,1.32,318200000.0,580500000.0,0.157,580500000.0,318200000.0,287100000.0,3.09,3.03,3.09,1352200000.0,1369650000.0,1352200000.0,3003546568.0,9.0,5.174,295000000.0,4.758,1.0,1467900000.0,0.397,908200000.0,31100000.0,2007500000.0,2152725000.0,272100000.0,626800000.0,626800000.0,0.0,2189700000.0,1120900000.0,1068800000.0,2639646568.0,-23400000.0,-126600000.0,-67100000.0,-14700000.0,-81800000.0,-312800000.0,-149500000.0,123200000.0,441600000.0,-2700000.0,192800000.0,192800000.0,192800000.0,0.0,0.0,0.052,1146400000.0,321500000.0,465800000.0,0.427,1.952,13.691,13.754,788600000.0,0.0,42.5,0.715,0.713,396300000.0,1452500000.0,3693700000.0,3693700000.0,298700000.0,0.054,0.141,0.148,0.086,27100000.0,827000000.0,1.0,62109331.0,62000000,63300000.0,59.576,2633700000.0,0.0,94300000.0,0.0,42.479,607800000.0
9,LXK,MRT,2014-06-30,2014-06-30,2014-06-30,2019-04-19,-30000000.0,3525800000.0,3561150000.0,1924100000.0,1601700000.0,1.029,22.283,-155200000.0,335800000.0,335800000.0,2207600000.0,191800000.0,1.805,1.544,699700000.0,0.0,699700000.0,699700000.0,0.0,258500000.0,0.0,0.026,1.26,324600000.0,583100000.0,0.159,583100000.0,324600000.0,293600000.0,3.07,3.01,3.07,1386000000.0,1357800000.0,1386000000.0,3503705806.0,11.0,6.009,307200000.0,4.939,1.0,1458500000.0,0.398,677300000.0,31000000.0,2146200000.0,2223875000.0,286400000.0,695100000.0,695100000.0,0.0,2139800000.0,1066200000.0,1073600000.0,2998705806.0,93800000.0,-113000000.0,-73300000.0,0.0,-78300000.0,-147100000.0,-218600000.0,49300000.0,462400000.0,-2900000.0,191800000.0,191800000.0,191800000.0,0.0,0.0,0.052,1130900000.0,327600000.0,493600000.0,0.41,2.164,15.635,15.687,798600000.0,0.0,48.16,0.818,0.817,403100000.0,1437500000.0,3666100000.0,3666100000.0,291600000.0,0.054,0.141,0.146,0.089,27400000.0,817700000.0,1.0,62265486.0,62200000,63400000.0,58.941,2848500000.0,0.0,101800000.0,0.0,45.796,857900000.0
10,LXK,MRT,2014-03-31,2014-03-31,2014-03-31,2019-04-19,-34900000.0,3512800000.0,3565625000.0,1900900000.0,1611900000.0,1.027,22.095,-168300000.0,194700000.0,194700000.0,2211800000.0,248400000.0,1.812,1.56,699700000.0,0.0,699700000.0,699700000.0,0.0,253900000.0,0.0,0.026,1.2,396600000.0,650500000.0,0.178,650500000.0,396600000.0,365100000.0,3.96,3.89,3.96,1372100000.0,1339250000.0,1372100000.0,3276249590.0,8.0,5.037,282600000.0,4.551,1.0,1449200000.0,0.396,694800000.0,31500000.0,2273700000.0,2270325000.0,277900000.0,793900000.0,790500000.0,3400000.0,2140700000.0,1049300000.0,1091400000.0,2849849590.0,45000000.0,-20400000.0,-79500000.0,-100000.0,-74800000.0,-151600000.0,-249800000.0,-61700000.0,450900000.0,-4500000.0,248400000.0,248400000.0,248400000.0,0.0,0.0,0.068,1048400000.0,400800000.0,481700000.0,0.303,2.077,11.473,11.689,808200000.0,0.0,46.29,0.778,0.785,429400000.0,1423200000.0,3661000000.0,3661000000.0,288000000.0,0.07,0.185,0.175,0.108,28400000.0,817400000.0,1.0,61565124.0,62100000,63400000.0,58.953,2818000000.0,0.0,116700000.0,0.0,45.378,851600000.0
11,LXK,MRT,2013-12-31,2013-12-31,2013-12-31,2019-04-19,-35200000.0,3616900000.0,3552650000.0,1970500000.0,1646400000.0,1.032,21.719,-167400000.0,273200000.0,273200000.0,2223700000.0,259100000.0,1.718,1.643,699600000.0,0.0,699600000.0,699600000.0,0.0,249600000.0,0.0,0.034,1.2,401400000.0,651000000.0,0.178,651000000.0,401400000.0,368400000.0,4.11,4.04,4.11,1368300000.0,1316075000.0,1368300000.0,2675663264.0,7.0,4.11,312600000.0,4.962,1.0,1443900000.0,0.394,712700000.0,33000000.0,2183500000.0,2300225000.0,268200000.0,788200000.0,781500000.0,6700000.0,2248600000.0,1147100000.0,1101500000.0,2205763264.0,60800000.0,-48500000.0,-81600000.0,47300000.0,-75300000.0,-107700000.0,-309400000.0,-94000000.0,480000000.0,-2100000.0,259100000.0,259100000.0,259100000.0,0.0,0.0,0.071,1034700000.0,409200000.0,474700000.0,0.292,1.612,8.513,8.642,812400000.0,0.0,35.52,0.601,0.61,452300000.0,1413100000.0,3667600000.0,3667600000.0,287200000.0,0.073,0.197,0.175,0.109,26600000.0,810100000.0,1.0,62099191.0,63000000,64100000.0,58.216,2904200000.0,0.0,109300000.0,0.0,46.098,823400000.0
12,LXK,MRT,2013-09-30,2013-09-30,2013-09-30,2019-04-19,-302400000.0,3589100000.0,3529750000.0,1992900000.0,1596200000.0,1.028,20.777,-164600000.0,229700000.0,229700000.0,2271300000.0,175400000.0,1.829,1.751,699600000.0,0.0,699600000.0,699600000.0,0.0,259000000.0,0.0,0.036,1.2,282600000.0,541600000.0,0.149,541600000.0,282600000.0,249600000.0,2.8,2.76,2.8,1304800000.0,1294375000.0,1304800000.0,2523243877.0,9.0,4.659,255300000.0,4.065,1.0,1357600000.0,0.374,677100000.0,33000000.0,2292100000.0,2231275000.0,295000000.0,750700000.0,743900000.0,6800000.0,2284300000.0,1089800000.0,1194500000.0,2065643877.0,50000000.0,-41700000.0,-76600000.0,47300000.0,-75900000.0,-87300000.0,-280200000.0,-74000000.0,419900000.0,-2400000.0,175400000.0,175400000.0,175400000.0,0.0,0.0,0.048,1069500000.0,288100000.0,484100000.0,0.429,1.583,11.777,11.786,799000000.0,0.0,33.0,0.569,0.571,488000000.0,1601000000.0,3628900000.0,3628900000.0,320100000.0,0.05,0.136,0.127,0.078,26000000.0,810200000.0,1.0,62595269.0,62800000,64000000.0,57.785,2912000000.0,0.0,74200000.0,0.0,46.369,903100000.0
13,LXK,MRT,2013-06-30,2013-06-30,2013-06-30,2019-04-19,-309000000.0,3543700000.0,3507675000.0,2019800000.0,1523900000.0,1.043,20.756,-158400000.0,242000000.0,242000000.0,2319500000.0,141700000.0,1.908,1.701,699600000.0,0.0,699600000.0,699600000.0,0.0,279500000.0,0.0,0.039,1.2,235200000.0,514700000.0,0.141,514700000.0,235200000.0,202600000.0,2.26,2.23,2.26,1311800000.0,1291375000.0,1311800000.0,2476235596.0,11.0,4.811,251000000.0,3.972,1.0,1338100000.0,0.366,610500000.0,32600000.0,2332000000.0,2147900000.0,272100000.0,746200000.0,739200000.0,7000000.0,2231900000.0,1058800000.0,1173100000.0,1926335596.0,94800000.0,24000000.0,-176000000.0,47300000.0,-77700000.0,-203800000.0,-111600000.0,22400000.0,409400000.0,800000.0,141700000.0,141700000.0,141700000.0,0.0,0.0,0.039,1098300000.0,239800000.0,480800000.0,0.531,1.468,13.594,13.527,791000000.0,0.0,30.57,0.527,0.528,527900000.0,1591900000.0,3657600000.0,3657600000.0,333500000.0,0.04,0.11,0.11,0.064,25200000.0,810500000.0,1.0,63013922.0,63200000,64100000.0,57.873,2933200000.0,0.0,60900000.0,0.0,46.411,961000000.0
14,LXK,MRT,2013-03-31,2013-03-31,2013-03-31,2019-04-19,-284700000.0,3460900000.0,3515525000.0,1873200000.0,1587700000.0,1.049,20.085,-157000000.0,149700000.0,149700000.0,2332600000.0,86800000.0,1.889,1.705,699600000.0,0.0,699600000.0,699600000.0,0.0,276200000.0,0.0,0.045,1.2,160900000.0,437100000.0,0.118,437100000.0,160900000.0,128800000.0,1.32,1.31,1.32,1279400000.0,1320550000.0,1279400000.0,2104841747.0,13.0,4.815,211300000.0,3.317,1.0,1356900000.0,0.368,626100000.0,32100000.0,2393300000.0,2095375000.0,276300000.0,736800000.0,730300000.0,6500000.0,2181500000.0,991400000.0,1190100000.0,1667641747.0,-36500000.0,-68800000.0,-181000000.0,47400000.0,-79900000.0,-211300000.0,-193300000.0,32900000.0,368300000.0,-200000.0,86800000.0,86800000.0,86800000.0,0.0,0.0,0.024,1192500000.0,164400000.0,471200000.0,0.909,1.303,19.212,20.0,829600000.0,0.0,26.4,0.452,0.456,493500000.0,1522600000.0,3689500000.0,3689500000.0,350600000.0,0.025,0.066,0.077,0.044,24900000.0,814500000.0,1.0,63168248.0,63700000,64700000.0,57.92,2834800000.0,0.0,42000000.0,0.0,44.502,881800000.0
15,LXK,MRT,2012-12-31,2012-12-31,2012-12-31,2019-04-19,-5100000.0,3525300000.0,3564875000.0,1921300000.0,1604000000.0,1.065,18.681,-162200000.0,212400000.0,212400000.0,2395800000.0,107600000.0,1.33,1.751,649600000.0,350000000.0,299600000.0,649600000.0,0.0,275800000.0,0.0,0.05,1.15,192000000.0,467800000.0,0.123,467800000.0,192000000.0,162400000.0,1.57,1.55,1.57,1281500000.0,1362625000.0,1281500000.0,1967321238.0,10.0,4.205,259100000.0,3.777,1.0,1401800000.0,0.369,610100000.0,29600000.0,1907700000.0,2107850000.0,277300000.0,699700000.0,693400000.0,6300000.0,2243800000.0,1444700000.0,799100000.0,1497621238.0,-143700000.0,-245400000.0,-184200000.0,-4300000.0,-78600000.0,-263400000.0,-302500000.0,105400000.0,421300000.0,900000.0,107600000.0,107600000.0,107600000.0,0.0,0.0,0.028,1210300000.0,191500000.0,512600000.0,0.732,1.169,13.918,14.771,845300000.0,0.0,23.19,0.394,0.419,523600000.0,1229400000.0,3797600000.0,3797600000.0,369100000.0,0.03,0.079,0.091,0.051,23300000.0,805100000.0,1.0,64580476.0,68600000,69500000.0,55.359,2915200000.0,0.0,54800000.0,0.0,42.496,476600000.0
16,LXK,MRT,2012-09-30,2012-09-30,2012-09-30,2019-04-19,-277600000.0,3500800000.0,3592800000.0,1920300000.0,1580500000.0,1.083,18.984,-170000000.0,179700000.0,179700000.0,2423200000.0,169300000.0,1.333,1.708,649400000.0,349900000.0,299500000.0,649400000.0,0.0,263900000.0,0.0,0.049,1.1,254200000.0,518100000.0,0.133,518100000.0,254200000.0,224400000.0,2.35,2.34,2.35,1292800000.0,1390175000.0,1292800000.0,2066886973.0,8.0,3.989,278700000.0,4.093,1.0,1466600000.0,0.377,571200000.0,29800000.0,1958600000.0,2240750000.0,288500000.0,688600000.0,679600000.0,9000000.0,2208000000.0,1440700000.0,767300000.0,1564686973.0,-194200000.0,-246300000.0,-294200000.0,-11400000.0,-77400000.0,-395100000.0,-246900000.0,169200000.0,448700000.0,-900000.0,169300000.0,169300000.0,169300000.0,0.0,0.0,0.044,1211900000.0,254700000.0,481800000.0,0.468,1.21,9.242,9.468,850300000.0,0.0,22.25,0.402,0.39,522900000.0,1521100000.0,3889800000.0,3889800000.0,382800000.0,0.047,0.122,0.113,0.065,20300000.0,796600000.0,1.0,70323010.0,68100000,68900000.0,57.119,2929600000.0,0.0,55100000.0,0.0,43.019,479600000.0
17,LXK,MRT,2012-06-30,2012-06-30,2012-06-30,2019-04-19,-291600000.0,3575100000.0,3637950000.0,1948200000.0,1626900000.0,1.101,20.205,-168100000.0,147200000.0,147200000.0,2485600000.0,236300000.0,1.419,1.503,649400000.0,349900000.0,299500000.0,649400000.0,0.0,236300000.0,0.0,0.03,0.8,341100000.0,577400000.0,0.144,577400000.0,341100000.0,311500000.0,3.22,3.2,3.22,1428500000.0,1447250000.0,1428500000.0,2353973084.0,7.0,4.077,194600000.0,2.752,1.0,1519900000.0,0.379,582800000.0,29600000.0,2121900000.0,2374550000.0,305700000.0,777400000.0,768600000.0,8800000.0,2146600000.0,1372600000.0,774000000.0,1890773084.0,-308800000.0,-246300000.0,-299200000.0,-11400000.0,-56900000.0,-365300000.0,-300500000.0,113800000.0,362700000.0,-5700000.0,236300000.0,236300000.0,236300000.0,0.0,0.0,0.059,1178500000.0,341400000.0,429200000.0,0.248,1.324,8.002,8.255,877900000.0,0.0,26.58,0.472,0.469,479100000.0,1542200000.0,4005500000.0,4005500000.0,384300000.0,0.065,0.163,0.144,0.085,19800000.0,784000000.0,1.0,71135180.0,70700000,71500000.0,56.655,2992300000.0,0.0,75200000.0,0.0,42.324,575600000.0
18,LXK,MRT,2012-03-31,2012-03-31,2012-03-31,2019-04-19,-272800000.0,3658300000.0,3699250000.0,1995800000.0,1662500000.0,1.117,20.333,-164100000.0,186200000.0,186200000.0,2558400000.0,298400000.0,1.854,1.527,649400000.0,0.0,649400000.0,649400000.0,0.0,232100000.0,0.0,0.015,0.5,419600000.0,651700000.0,0.158,651700000.0,419600000.0,390200000.0,3.95,3.92,3.95,1447700000.0,1496650000.0,1447700000.0,2647990008.0,6.0,4.063,243800000.0,3.424,1.0,1572700000.0,0.381,601700000.0,29400000.0,2443200000.0,2475525000.0,328600000.0,774900000.0,763200000.0,11700000.0,2210600000.0,1076600000.0,1134000000.0,2354790008.0,-122600000.0,-246100000.0,-274200000.0,-11400000.0,-35800000.0,-319100000.0,-208900000.0,201000000.0,407900000.0,-2500000.0,298400000.0,298400000.0,298400000.0,0.0,0.0,0.072,1153600000.0,419100000.0,473300000.0,0.127,1.627,7.891,8.415,882100000.0,0.0,33.24,0.57,0.573,474300000.0,1524800000.0,4131100000.0,4131100000.0,380300000.0,0.081,0.199,0.169,0.102,21300000.0,765000000.0,1.0,70842058.0,71200000,72300000.0,58.021,3056600000.0,0.0,91800000.0,0.0,42.93,919200000.0
19,LXK,MRT,2011-12-31,2011-12-31,2011-12-31,2019-04-19,-303700000.0,3637000000.0,3726400000.0,2208800000.0,1428200000.0,1.12,18.051,-152200000.0,356100000.0,356100000.0,2592400000.0,320900000.0,1.966,1.613,649300000.0,0.0,649300000.0,649300000.0,0.0,221800000.0,0.0,0.008,0.25,443500000.0,665300000.0,0.159,665300000.0,443500000.0,413600000.0,4.16,4.12,4.16,1391700000.0,1510325000.0,1391700000.0,2762278551.0,6.0,4.152,248800000.0,3.227,1.0,1580600000.0,0.379,367600000.0,29900000.0,2439300000.0,2503150000.0,335500000.0,804800000.0,793300000.0,11500000.0,2245300000.0,1123300000.0,1122000000.0,2486878551.0,18600000.0,-41400000.0,-250000000.0,-7100000.0,-18000000.0,-272300000.0,-106900000.0,86400000.0,401000000.0,-3200000.0,320900000.0,320900000.0,320900000.0,0.0,0.0,0.077,1137700000.0,442900000.0,486500000.0,0.06,1.787,7.75,7.95,888800000.0,0.0,33.07,0.596,0.611,457800000.0,1482300000.0,4173000000.0,4173000000.0,374500000.0,0.086,0.212,0.177,0.106,22200000.0,761200000.0,1.0,75200440.0,77100000,77900000.0,54.125,3269400000.0,0.0,92700000.0,0.0,42.405,1085500000.0
20,LXK,MRT,2011-09-30,2011-09-30,2011-09-30,2019-04-19,-245000000.0,3681400000.0,3743450000.0,2292500000.0,1388900000.0,1.127,19.703,-159600000.0,373900000.0,373900000.0,2639400000.0,339200000.0,2.011,1.42,649300000.0,0.0,649300000.0,649300000.0,0.0,211400000.0,0.0,0.0,0.0,453700000.0,665100000.0,0.158,665100000.0,453700000.0,424100000.0,4.33,4.27,4.33,1521100000.0,1510975000.0,1521100000.0,2335397048.0,5.0,3.511,220700000.0,2.859,1.0,1578100000.0,0.374,323300000.0,29600000.0,2493800000.0,2500300000.0,343600000.0,859100000.0,847600000.0,11500000.0,2160300000.0,1139700000.0,1020600000.0,2142197048.0,-148500000.0,0.0,-124300000.0,0.0,0.0,-122700000.0,-404500000.0,-245100000.0,380300000.0,-1600000.0,339200000.0,339200000.0,339200000.0,0.0,0.0,0.08,1126500000.0,451600000.0,491700000.0,0.0,1.408,6.315,6.242,880500000.0,0.0,27.03,0.508,0.495,468400000.0,1431400000.0,4217500000.0,4217500000.0,372900000.0,0.091,0.224,0.181,0.108,25300000.0,756500000.0,1.0,79252573.0,77200000,78000000.0,54.631,3358100000.0,0.0,84900000.0,0.0,43.499,1152800000.0
21,LXK,MRT,2011-06-30,2011-06-30,2011-06-30,2019-04-19,-192500000.0,3820300000.0,3738875000.0,2405200000.0,1415100000.0,1.124,20.506,-151600000.0,456000000.0,456000000.0,2644700000.0,344200000.0,2.081,1.349,649200000.0,0.0,649200000.0,649200000.0,0.0,209200000.0,0.0,0.0,0.0,448300000.0,657500000.0,0.156,657500000.0,448300000.0,419700000.0,4.38,4.31,4.38,1626100000.0,1454700000.0,1626100000.0,2658605955.0,6.0,4.044,311400000.0,3.927,1.0,1557600000.0,0.371,332100000.0,28600000.0,2525800000.0,2423300000.0,352100000.0,896200000.0,884200000.0,12000000.0,2194200000.0,1155600000.0,1038600000.0,2318205955.0,266600000.0,0.0,700000.0,0.0,0.0,2000000.0,-204900000.0,-53500000.0,463000000.0,6500000.0,344200000.0,344200000.0,344200000.0,0.0,0.0,0.082,1111800000.0,445800000.0,511300000.0,0.0,1.426,6.735,6.68,899800000.0,0.0,29.26,0.552,0.552,445400000.0,1364300000.0,4202300000.0,4202300000.0,369300000.0,0.092,0.237,0.185,0.107,26000000.0,747300000.0,1.0,79227818.0,79300000,80000000.0,52.992,3488200000.0,0.0,75500000.0,0.0,43.987,1249600000.0
22,LXK,MRT,2011-03-31,2011-03-31,2011-03-31,2019-04-19,-206900000.0,3766900000.0,3656550000.0,2336900000.0,1430000000.0,1.146,19.042,-149000000.0,308800000.0,308800000.0,2667000000.0,328000000.0,1.922,1.507,649200000.0,0.0,649200000.0,649200000.0,0.0,203300000.0,0.0,0.0,0.0,428600000.0,631900000.0,0.151,631900000.0,428600000.0,401500000.0,4.18,4.11,4.18,1502400000.0,1343000000.0,1502400000.0,3223273434.0,8.0,5.101,310700000.0,3.938,1.0,1524100000.0,0.364,337600000.0,27100000.0,2553700000.0,2393975000.0,364800000.0,977900000.0,960200000.0,17700000.0,2264500000.0,1216000000.0,1048500000.0,2911673434.0,-62800000.0,-266800000.0,700000.0,-3100000.0,0.0,100000.0,-525200000.0,-109500000.0,459700000.0,2600000.0,328000000.0,328000000.0,328000000.0,0.0,0.0,0.078,1097300000.0,426800000.0,564300000.0,0.0,1.938,8.877,8.861,906100000.0,0.0,37.04,0.695,0.697,482200000.0,1263100000.0,4191100000.0,4191100000.0,370400000.0,0.09,0.244,0.179,0.102,24000000.0,729300000.0,1.0,78608894.0,78900000,79800000.0,53.119,3429300000.0,0.0,73500000.0,0.0,43.464,1120900000.0
23,LXK,MRT,2010-12-31,2010-12-31,2010-12-31,2019-04-19,-223500000.0,3705200000.0,3572200000.0,2269600000.0,1435600000.0,1.176,17.739,-155600000.0,337500000.0,337500000.0,2680200000.0,340000000.0,1.821,1.657,649100000.0,0.0,649100000.0,649100000.0,0.0,197900000.0,0.0,0.0,0.0,447800000.0,645700000.0,0.154,645700000.0,447800000.0,421500000.0,4.33,4.28,4.33,1394300000.0,1244525000.0,1394300000.0,2862311468.0,6.0,4.433,364800000.0,4.641,1.0,1519500000.0,0.362,342600000.0,26300000.0,2427900000.0,2387875000.0,366100000.0,897700000.0,879700000.0,18000000.0,2310900000.0,1246300000.0,1064600000.0,2735611468.0,-121800000.0,-273500000.0,700000.0,-3100000.0,0.0,-12300000.0,-630600000.0,-202100000.0,520400000.0,700000.0,340000000.0,340000000.0,340000000.0,0.0,0.0,0.081,1072600000.0,446900000.0,535300000.0,0.0,1.962,8.046,8.042,904800000.0,0.0,34.82,0.651,0.652,479600000.0,1179800000.0,4199700000.0,4199700000.0,369000000.0,0.095,0.273,0.188,0.107,19400000.0,701200000.0,1.0,78564373.0,78600000,79500000.0,53.431,3362600000.0,0.0,81500000.0,0.0,42.781,1023300000.0
24,LXK,MRT,2010-09-30,2010-09-30,2010-09-30,2019-04-19,-224700000.0,3663100000.0,3484450000.0,2240700000.0,1422400000.0,1.196,16.489,-147100000.0,522400000.0,522400000.0,2660100000.0,312100000.0,1.776,1.826,649100000.0,0.0,649100000.0,649100000.0,0.0,200100000.0,0.0,0.0,0.0,433500000.0,633600000.0,0.152,633600000.0,433500000.0,408200000.0,3.98,3.93,3.98,1296000000.0,1149350000.0,1296000000.0,3963324594.0,9.0,6.255,476600000.0,6.064,1.0,1508700000.0,0.362,342400000.0,25300000.0,2185800000.0,2358025000.0,391900000.0,614300000.0,597000000.0,17300000.0,2367100000.0,1261600000.0,1105500000.0,3503724594.0,271900000.0,-272900000.0,0.0,-3100000.0,0.0,-1800000.0,-349700000.0,68300000.0,623700000.0,-300000.0,312100000.0,312100000.0,312100000.0,0.0,0.0,0.075,1073500000.0,435200000.0,547100000.0,0.0,2.703,11.226,11.211,896500000.0,0.0,44.62,0.84,0.841,465800000.0,1092200000.0,4168800000.0,4168800000.0,365700000.0,0.09,0.272,0.184,0.104,23800000.0,678500000.0,1.0,78523635.0,78600000,79700000.0,53.038,3320700000.0,0.0,96100000.0,0.0,42.248,979100000.0
25,LXK,MRT,2010-06-30,2010-06-30,2010-06-30,2019-04-19,-262700000.0,3491000000.0,3360050000.0,2069000000.0,1422000000.0,1.222,15.004,-169500000.0,189400000.0,189400000.0,2646700000.0,250100000.0,1.728,1.96,649000000.0,0.0,649000000.0,649000000.0,0.0,200300000.0,0.0,0.0,0.0,357600000.0,557900000.0,0.136,557900000.0,357600000.0,334000000.0,3.19,3.16,3.19,1179300000.0,1061425000.0,1179300000.0,2870320168.0,8.0,5.145,471300000.0,5.996,1.0,1460400000.0,0.356,344800000.0,23600000.0,2408500000.0,2423250000.0,339000000.0,839400000.0,817400000.0,22000000.0,2311700000.0,1197300000.0,1114400000.0,2592920168.0,47700000.0,-272900000.0,0.0,-3100000.0,0.0,-2300000.0,-588600000.0,-148400000.0,640800000.0,-2200000.0,250100000.0,250100000.0,250100000.0,0.0,0.0,0.061,1094400000.0,366000000.0,539600000.0,0.0,2.199,10.368,10.354,899400000.0,0.0,33.03,0.631,0.632,476600000.0,1020200000.0,4107100000.0,4107100000.0,366000000.0,0.074,0.236,0.148,0.087,22800000.0,660900000.0,1.0,78501973.0,78600000,79400000.0,52.253,3146200000.0,0.0,83900000.0,0.0,40.028,871700000.0
26,LXK,MRT,2010-03-31,2010-03-31,2010-03-31,2019-04-19,-242400000.0,3429500000.0,3250275000.0,2221200000.0,1208300000.0,1.224,14.139,-217400000.0,371600000.0,371600000.0,2617500000.0,182000000.0,1.886,2.094,649000000.0,0.0,649000000.0,649000000.0,0.0,216000000.0,0.0,0.0,0.0,264800000.0,480800000.0,0.121,480800000.0,264800000.0,241900000.0,2.33,2.31,2.33,1108500000.0,994900000.0,1108500000.0,3010019169.0,11.0,6.26,416800000.0,5.316,1.0,1361200000.0,0.342,0.0,22900000.0,2529300000.0,2453375000.0,335100000.0,869200000.0,847000000.0,22200000.0,2321000000.0,1177600000.0,1143400000.0,2820419169.0,225100000.0,-6100000.0,0.0,-12200000.0,0.0,-11500000.0,-400500000.0,-179100000.0,634200000.0,2900000.0,182000000.0,182000000.0,182000000.0,0.0,0.0,0.046,1086400000.0,274800000.0,515700000.0,0.0,2.544,15.497,15.485,915300000.0,0.0,36.08,0.709,0.711,440800000.0,935100000.0,3978700000.0,3978700000.0,367400000.0,0.056,0.183,0.108,0.067,22200000.0,647700000.0,1.0,78171263.0,78400000,79100000.0,50.749,3429500000.0,0.0,59900000.0,0.0,43.744,1043600000.0
27,LXK,MRT,2009-12-31,2009-12-31,2009-12-31,2019-04-19,-242600000.0,3354200000.0,3160950000.0,2140700000.0,1213500000.0,1.227,12.962,-242000000.0,459300000.0,459300000.0,2570100000.0,145900000.0,1.796,2.309,648900000.0,0.0,648900000.0,648900000.0,0.0,213700000.0,0.0,0.0,0.0,208400000.0,422100000.0,0.109,422100000.0,208400000.0,187000000.0,1.87,1.86,1.87,1013600000.0,932725000.0,1013600000.0,2427501027.0,12.0,5.751,160200000.0,2.049,1.0,1309800000.0,0.338,43500000.0,21400000.0,2308500000.0,2442175000.0,357300000.0,695200000.0,673200000.0,22000000.0,2340600000.0,1191800000.0,1148800000.0,2029101027.0,180100000.0,-10100000.0,0.0,-6600000.0,0.0,3800000.0,-228200000.0,24200000.0,402200000.0,2300000.0,145900000.0,145900000.0,145900000.0,0.0,0.0,0.038,1093700000.0,216100000.0,510100000.0,0.0,2.002,13.907,13.893,914900000.0,0.0,25.98,0.523,0.524,424900000.0,839800000.0,3879900000.0,3879900000.0,375300000.0,0.046,0.156,0.085,0.054,20400000.0,647800000.0,1.0,78102426.0,78200000,78600000.0,49.615,3310700000.0,0.0,41100000.0,0.0,42.336,948900000.0
28,LXK,MRT,2009-09-30,2009-09-30,2009-09-30,2019-04-19,-245600000.0,3165500000.0,3138750000.0,1922500000.0,1243000000.0,1.239,12.06,-264500000.0,250500000.0,250500000.0,2649100000.0,104300000.0,1.721,2.352,648900000.0,0.0,648900000.0,648900000.0,0.0,210800000.0,0.0,0.0,0.0,117300000.0,328100000.0,0.084,328100000.0,117300000.0,99600000.0,1.4,1.38,1.4,944300000.0,882350000.0,944300000.0,2189160926.0,19.0,6.672,-66400000.0,-0.848,1.0,1241300000.0,0.319,0.0,17700000.0,2446700000.0,2460775000.0,342900000.0,680000000.0,658300000.0,21700000.0,2221200000.0,1117200000.0,1104000000.0,1682060926.0,-187200000.0,-11500000.0,-122500000.0,-900000.0,0.0,-101100000.0,-284100000.0,-3600000.0,198100000.0,-100000.0,104300000.0,104300000.0,104300000.0,0.0,0.0,0.027,1115000000.0,126300000.0,480600000.0,0.0,1.781,16.127,15.386,911200000.0,0.0,21.54,0.432,0.434,444900000.0,780000000.0,3890400000.0,3890400000.0,387000000.0,0.033,0.118,0.048,0.03,18400000.0,664600000.0,1.0,78090108.0,78300000,78600000.0,49.686,3165500000.0,0.0,-4700000.0,0.0,40.428,805300000.0
29,LXK,MRT,2009-06-30,2009-06-30,2009-06-30,2019-04-19,-261500000.0,3051900000.0,3183150000.0,1827800000.0,1224100000.0,1.276,11.678,-267400000.0,141700000.0,141700000.0,2767000000.0,130900000.0,1.775,2.342,648800000.0,0.0,648800000.0,648800000.0,0.0,215700000.0,0.0,0.0,0.0,149600000.0,365300000.0,0.09,365300000.0,149600000.0,135200000.0,1.69,1.67,1.69,913200000.0,910000000.0,913200000.0,1750988320.0,12.0,4.793,-99800000.0,-1.276,1.0,1296100000.0,0.319,0.0,14400000.0,2529000000.0,2415100000.0,374800000.0,688800000.0,668500000.0,20300000.0,2138700000.0,1030000000.0,1108700000.0,1237588320.0,-606200000.0,-12500000.0,-396300000.0,-900000.0,0.0,-397500000.0,-371100000.0,-87700000.0,167600000.0,-5200000.0,130900000.0,130900000.0,130900000.0,0.0,0.0,0.032,1139800000.0,156300000.0,417700000.0,0.0,1.355,9.454,9.379,898400000.0,0.0,15.85,0.305,0.305,417000000.0,770000000.0,4063100000.0,4063100000.0,405200000.0,0.041,0.144,0.062,0.037,20500000.0,701200000.0,1.0,78081282.0,78200000,78400000.0,51.958,3051900000.0,0.0,4300000.0,0.0,39.027,797800000.0
30,LXK,MRT,2009-03-31,2009-03-31,2009-03-31,2019-04-19,-291200000.0,3072200000.0,3316250000.0,1881200000.0,1191000000.0,1.296,11.009,-240900000.0,146500000.0,146500000.0,2864800000.0,197600000.0,1.708,2.573,659900000.0,11100000.0,648800000.0,659900000.0,0.0,197700000.0,0.0,0.0,0.0,224500000.0,422200000.0,0.098,422200000.0,224500000.0,218000000.0,2.36,2.34,2.36,859800000.0,1017325000.0,859800000.0,1687081980.0,8.0,3.996,-22400000.0,-0.287,1.0,1432500000.0,0.333,0.0,6500000.0,2484500000.0,2343975000.0,429800000.0,689100000.0,664400000.0,24700000.0,2212400000.0,1101100000.0,1111300000.0,1312081980.0,-183400000.0,-11500000.0,-553000000.0,505800000.0,0.0,-47600000.0,-347600000.0,-91200000.0,218500000.0,-6700000.0,197600000.0,197600000.0,197600000.0,0.0,0.0,0.046,1203000000.0,229500000.0,473200000.0,0.0,1.526,6.64,7.148,874500000.0,0.0,16.87,0.305,0.307,415000000.0,751700000.0,4297300000.0,4297300000.0,415200000.0,0.06,0.194,0.096,0.052,22900000.0,757300000.0,1.0,77776051.0,78100000,78400000.0,55.023,3072200000.0,0.0,20400000.0,0.0,39.337,780100000.0
31,LXK,MRT,2008-12-31,2008-12-31,2008-12-31,2019-04-19,-280300000.0,3265400000.0,3347775000.0,2062700000.0,1202700000.0,1.353,9.135,-213100000.0,279200000.0,279200000.0,2993800000.0,240200000.0,1.64,3.021,654200000.0,5500000.0,648700000.0,654200000.0,0.0,204900000.0,0.0,0.0,0.0,269800000.0,474700000.0,0.105,474700000.0,269800000.0,275900000.0,2.7,2.69,2.7,812100000.0,1153475000.0,812100000.0,2319952172.0,9.0,4.887,269000000.0,3.026,1.0,1534600000.0,0.339,0.0,-6100000.0,2382900000.0,2116575000.0,438300000.0,718800000.0,694100000.0,24700000.0,2453300000.0,1257500000.0,1195800000.0,2108952172.0,2200000.0,-1800000.0,-548200000.0,500200000.0,0.0,-48100000.0,-427600000.0,-210600000.0,482100000.0,-4200000.0,240200000.0,240200000.0,240200000.0,0.0,0.0,0.053,1257400000.0,277200000.0,557100000.0,0.0,2.597,8.78,9.963,863200000.0,0.0,26.9,0.466,0.528,427300000.0,692500000.0,4528400000.0,4528400000.0,423300000.0,0.072,0.208,0.127,0.06,32700000.0,807300000.0,1.0,78399709.0,88900000,89200000.0,50.938,3265400000.0,0.0,35700000.0,0.0,36.731,805200000.0
32,LXK,MRT,2008-09-30,2008-09-30,2008-09-30,2019-04-19,-114200000.0,3343100000.0,3311700000.0,2243500000.0,1099600000.0,1.436,12.153,-197800000.0,437700000.0,437700000.0,3095900000.0,321000000.0,1.739,2.169,648700000.0,0.0,648700000.0,648700000.0,0.0,209900000.0,0.0,0.0,0.0,386100000.0,596000000.0,0.125,596000000.0,386100000.0,402400000.0,3.42,3.42,3.42,1054900000.0,1270025000.0,1054900000.0,2766082815.0,7.0,4.641,443500000.0,5.109,1.0,1658400000.0,0.349,0.0,-16300000.0,2264000000.0,1895025000.0,446500000.0,675500000.0,648600000.0,26900000.0,2288200000.0,1290100000.0,998100000.0,2865382815.0,235200000.0,-1000000.0,-425400000.0,490100000.0,0.0,42400000.0,-447700000.0,-249200000.0,641300000.0,-800000.0,321000000.0,321000000.0,321000000.0,0.0,0.0,0.068,1267100000.0,391300000.0,572700000.0,0.0,2.716,8.926,9.523,867500000.0,0.0,32.57,0.603,0.595,460300000.0,1157800000.0,4754300000.0,4754300000.0,418800000.0,0.097,0.253,0.204,0.081,33400000.0,821600000.0,1.0,87976138.0,86800000,87100000.0,54.773,3343100000.0,0.0,81400000.0,0.0,38.515,953400000.0
33,LXK,MRT,2008-06-30,2008-06-30,2008-06-30,2019-04-19,-78900000.0,3584300000.0,3211850000.0,2475200000.0,1109100000.0,1.5,14.282,-182700000.0,747900000.0,747900000.0,3195700000.0,329600000.0,1.995,1.67,648600000.0,0.0,648600000.0,648600000.0,0.0,203500000.0,0.0,0.0,0.0,357000000.0,560500000.0,0.116,560500000.0,357000000.0,380400000.0,3.48,3.48,3.48,1342500000.0,1293175000.0,1342500000.0,3002667090.0,8.0,5.357,484100000.0,5.15,1.0,1623300000.0,0.337,0.0,-23400000.0,2244500000.0,1687675000.0,427200000.0,610900000.0,579600000.0,31300000.0,2241800000.0,1240500000.0,1001300000.0,3182567090.0,583300000.0,0.0,-147800000.0,494100000.0,0.0,347300000.0,-433800000.0,-250700000.0,666800000.0,3000000.0,329600000.0,329600000.0,329600000.0,0.0,0.0,0.068,1265500000.0,357800000.0,562400000.0,0.0,2.371,9.656,9.606,879300000.0,0.0,33.43,0.66,0.652,475900000.0,1121200000.0,4819000000.0,4819000000.0,410100000.0,0.103,0.255,0.212,0.074,35800000.0,828800000.0,1.0,95200930.0,94000000,94200000.0,51.266,3584300000.0,0.0,50800000.0,0.0,38.131,1234700000.0
34,LXK,MRT,2008-03-31,2008-03-31,2008-03-31,2019-04-19,-82100000.0,3198300000.0,3016250000.0,2074500000.0,1123800000.0,1.621,14.752,-173400000.0,329900000.0,329900000.0,3312100000.0,310100000.0,1.437,1.277,150000000.0,150000000.0,0.0,150000000.0,0.0,202100000.0,0.0,0.0,0.0,329300000.0,531400000.0,0.109,531400000.0,329300000.0,353600000.0,3.27,3.26,3.27,1404400000.0,1227200000.0,1404400000.0,2790045764.0,8.0,5.25,481700000.0,5.06,1.0,1576300000.0,0.322,0.0,-24300000.0,1574900000.0,1472650000.0,433000000.0,608600000.0,549200000.0,59400000.0,1793900000.0,1443500000.0,350400000.0,2917145764.0,209600000.0,-1000000.0,10800000.0,-400000.0,0.0,11700000.0,-460400000.0,-286100000.0,655100000.0,3200000.0,310100000.0,310100000.0,310100000.0,0.0,0.0,0.063,1253800000.0,322500000.0,567100000.0,0.0,2.077,9.407,9.394,875500000.0,0.0,30.72,0.597,0.598,516200000.0,1037400000.0,4888400000.0,4888400000.0,409400000.0,0.103,0.253,0.224,0.067,37700000.0,820000000.0,1.0,94959172.0,95200000,95400000.0,51.349,3198300000.0,0.0,43500000.0,0.0,33.596,631000000.0
35,LXK,MRT,2007-12-31,2007-12-31,2007-12-31,2019-04-19,-91600000.0,3121100000.0,2900925000.0,2066800000.0,1054300000.0,1.715,13.413,-174600000.0,277000000.0,277000000.0,3410300000.0,300800000.0,1.38,1.442,149900000.0,149900000.0,0.0,149900000.0,0.0,192300000.0,0.0,0.0,0.0,328300000.0,520600000.0,0.105,520600000.0,328300000.0,349500000.0,3.16,3.14,3.16,1278300000.0,1125400000.0,1278300000.0,3253648416.0,10.0,6.25,389600000.0,4.088,1.0,1563600000.0,0.314,0.0,-21200000.0,1496700000.0,1450900000.0,464400000.0,519100000.0,519100000.0,0.0,1842800000.0,1497300000.0,345500000.0,3302048416.0,132400000.0,0.0,-149300000.0,-400000.0,0.0,-147000000.0,-287400000.0,-112900000.0,564200000.0,2600000.0,300800000.0,300800000.0,300800000.0,0.0,0.0,0.06,1242300000.0,321300000.0,636900000.0,0.0,2.583,10.978,11.032,869000000.0,0.0,34.86,0.664,0.668,578800000.0,935700000.0,4973900000.0,4973900000.0,403800000.0,0.104,0.267,0.226,0.066,40900000.0,812800000.0,1.0,94723133.0,95300000,95800000.0,52.192,3121100000.0,0.0,48700000.0,0.0,32.75,569500000.0
36,LXK,MRT,2007-09-30,2007-09-30,2007-09-30,2019-04-19,-112900000.0,2943700000.0,2832900000.0,1905300000.0,1038400000.0,1.777,12.092,-178100000.0,202500000.0,202500000.0,3485700000.0,291700000.0,1.304,1.565,154100000.0,154100000.0,0.0,154100000.0,0.0,175400000.0,0.0,0.0,0.0,316100000.0,491500000.0,0.098,491500000.0,316100000.0,335000000.0,3.03,3.0,3.03,1147500000.0,1064625000.0,1147500000.0,3916946263.0,12.0,7.969,317400000.0,3.345,1.0,1547700000.0,0.307,0.0,-18900000.0,1434600000.0,1459275000.0,459900000.0,436700000.0,436700000.0,0.0,1796200000.0,1460700000.0,335500000.0,3931646263.0,1700000.0,0.0,-256000000.0,4000000.0,0.0,-242900000.0,-253500000.0,-75200000.0,495500000.0,2600000.0,291700000.0,291700000.0,291700000.0,0.0,0.0,0.058,1237200000.0,310500000.0,634200000.0,0.0,3.426,13.478,13.706,864300000.0,0.0,41.53,0.781,0.783,574300000.0,836700000.0,5033400000.0,5033400000.0,400000000.0,0.103,0.274,0.217,0.063,41500000.0,823700000.0,1.0,94670028.0,94900000,95200000.0,53.039,2943700000.0,0.0,43300000.0,0.0,31.019,444600000.0
37,LXK,MRT,2007-06-30,2007-06-30,2007-06-30,2019-04-19,-122700000.0,2801900000.0,2841925000.0,1773700000.0,1028200000.0,1.785,11.378,-191200000.0,164600000.0,164600000.0,3455100000.0,332100000.0,1.264,1.598,149900000.0,149900000.0,0.0,149900000.0,0.0,170500000.0,0.0,0.0,0.0,408700000.0,579200000.0,0.114,579200000.0,408700000.0,427200000.0,3.41,3.37,3.41,1078600000.0,1030300000.0,1078600000.0,4692540831.0,11.0,8.102,328500000.0,3.465,1.0,1617500000.0,0.319,0.0,-18500000.0,1384400000.0,1504700000.0,435900000.0,362000000.0,362000000.0,0.0,1723300000.0,1402800000.0,320500000.0,4663040831.0,15100000.0,0.0,-382700000.0,0.0,0.0,-373500000.0,-132800000.0,58700000.0,519700000.0,1700000.0,332100000.0,332100000.0,332100000.0,0.0,0.0,0.065,1212400000.0,405100000.0,587200000.0,0.0,4.323,14.041,14.46,852700000.0,0.0,49.31,0.919,0.922,569300000.0,791400000.0,5072600000.0,5072600000.0,392000000.0,0.117,0.322,0.272,0.081,43200000.0,806000000.0,1.0,94565825.0,94800000,95500000.0,53.508,2801900000.0,0.0,95100000.0,0.0,29.556,370900000.0
38,LXK,MRT,2007-03-31,2007-03-31,2007-03-31,2019-04-19,-127200000.0,2737000000.0,2871225000.0,1720400000.0,1016600000.0,1.774,10.334,-194300000.0,120300000.0,120300000.0,3428400000.0,344600000.0,1.346,1.745,149800000.0,0.0,149800000.0,149800000.0,0.0,180500000.0,0.0,0.0,0.0,437400000.0,617900000.0,0.121,617900000.0,437400000.0,457600000.0,3.47,3.44,3.47,997200000.0,1016225000.0,997200000.0,5617810785.0,13.0,9.092,343700000.0,3.562,1.0,1665000000.0,0.327,0.0,-20200000.0,1487900000.0,1576600000.0,433300000.0,322400000.0,322400000.0,0.0,1739800000.0,1278600000.0,461200000.0,5612610785.0,-86900000.0,0.0,-677300000.0,0.0,0.0,-667400000.0,41900000.0,236900000.0,538000000.0,600000.0,344600000.0,344600000.0,344600000.0,0.0,0.0,0.068,1221900000.0,443100000.0,574400000.0,0.0,5.628,16.287,16.847,842800000.0,0.0,58.46,1.102,1.108,601200000.0,727200000.0,5093400000.0,5093400000.0,383000000.0,0.12,0.339,0.277,0.086,44300000.0,788800000.0,1.0,96007711.0,96500000,97500000.0,52.781,2737000000.0,0.0,113000000.0,0.0,28.363,441800000.0
39,LXK,MRT,2006-12-31,2006-12-31,2006-12-31,2019-04-19,-130900000.0,2849000000.0,2965175000.0,1830000000.0,1019000000.0,1.723,10.07,-200200000.0,144600000.0,144600000.0,3462100000.0,338400000.0,1.382,1.752,149800000.0,0.0,149800000.0,149800000.0,0.0,200900000.0,0.0,0.0,0.0,437200000.0,638100000.0,0.125,638100000.0,437200000.0,459300000.0,3.29,3.27,3.29,1035200000.0,1075200000.0,1035200000.0,7117303394.0,16.0,11.154,470700000.0,4.579,1.0,1646000000.0,0.322,0.0,-22100000.0,1530200000.0,1662700000.0,457800000.0,406300000.0,406300000.0,0.0,1813800000.0,1324000000.0,489800000.0,7168303394.0,-23700000.0,0.0,-817700000.0,0.0,0.0,-808700000.0,112700000.0,314800000.0,670900000.0,1400000.0,338400000.0,338400000.0,338400000.0,0.0,0.0,0.066,1203500000.0,442500000.0,600300000.0,0.0,6.925,21.183,22.249,846800000.0,0.0,73.2,1.403,1.473,584300000.0,627500000.0,5108100000.0,5108100000.0,370500000.0,0.114,0.315,0.263,0.086,42500000.0,761800000.0,1.0,97927642.0,102800000,103500000.0,49.69,2849000000.0,0.0,120900000.0,0.0,27.714,506000000.0
40,LXK,MRT,2006-09-30,2006-09-30,2006-09-30,2019-04-19,-154600000.0,2979800000.0,3085450000.0,1814100000.0,1165700000.0,1.654,10.102,-193100000.0,200800000.0,200800000.0,3493600000.0,330800000.0,1.382,1.95,149800000.0,0.0,149800000.0,149800000.0,0.0,207400000.0,0.0,0.0,0.0,448000000.0,655400000.0,0.128,655400000.0,448000000.0,470600000.0,3.1,3.08,3.1,1010200000.0,1173575000.0,1010200000.0,5782987305.0,13.0,8.824,557100000.0,5.571,1.0,1610600000.0,0.316,0.0,-22600000.0,1616300000.0,1799575000.0,464200000.0,361500000.0,361500000.0,0.0,1969600000.0,1312500000.0,657100000.0,5782787305.0,-151200000.0,0.0,-914500000.0,0.0,0.0,-913400000.0,11700000.0,219500000.0,750200000.0,300000.0,330800000.0,330800000.0,330800000.0,0.0,0.0,0.065,1157600000.0,453000000.0,607200000.0,0.0,5.724,17.481,18.6,819900000.0,0.0,57.66,1.133,1.13,569600000.0,1237300000.0,5104200000.0,5104200000.0,357700000.0,0.107,0.282,0.249,0.088,37900000.0,734100000.0,1.0,100291143.0,100000000,100600000.0,51.042,2979800000.0,0.0,139800000.0,0.0,29.798,501600000.0
41,LXK,MRT,2006-06-30,2006-06-30,2006-06-30,2019-04-19,-166500000.0,2919100000.0,3198925000.0,1767300000.0,1151800000.0,1.59,9.849,-186500000.0,149500000.0,149500000.0,3519600000.0,315400000.0,1.417,1.855,149700000.0,0.0,149700000.0,149700000.0,0.0,201100000.0,0.0,0.0,0.0,414600000.0,615700000.0,0.121,615700000.0,414600000.0,439000000.0,2.83,2.82,2.83,1022300000.0,1309575000.0,1022300000.0,5822349897.0,14.0,9.456,527700000.0,5.084,1.0,1565500000.0,0.308,0.0,-24400000.0,1672000000.0,1881475000.0,418300000.0,420400000.0,420400000.0,0.0,1896800000.0,1247300000.0,649500000.0,5879849897.0,-166100000.0,0.0,-1049800000.0,-1000000.0,0.0,-1050100000.0,169000000.0,371500000.0,714200000.0,800000.0,315400000.0,315400000.0,315400000.0,0.0,0.0,0.062,1144900000.0,420600000.0,529600000.0,0.0,5.752,18.643,19.728,802000000.0,0.0,55.83,1.156,1.14,559800000.0,1151700000.0,5085100000.0,5085100000.0,351400000.0,0.099,0.241,0.22,0.082,30300000.0,726300000.0,1.0,105317032.0,103800000,104200000.0,48.989,2919100000.0,0.0,123600000.0,0.0,28.122,520000000.0
42,LXK,MRT,2006-03-31,2006-03-31,2006-03-31,2019-04-19,-161100000.0,3112800000.0,3373275000.0,1967500000.0,1145300000.0,1.524,11.23,-195600000.0,207200000.0,207200000.0,3547100000.0,318600000.0,1.609,1.524,149700000.0,0.0,149700000.0,149700000.0,0.0,184400000.0,0.0,0.0,0.0,487900000.0,672300000.0,0.131,672300000.0,487900000.0,514300000.0,2.74,2.72,2.74,1233100000.0,1490400000.0,1233100000.0,4895519895.0,10.0,7.282,523100000.0,4.764,1.0,1592100000.0,0.31,0.0,-26400000.0,1832300000.0,2004925000.0,399000000.0,558700000.0,558700000.0,0.0,1879700000.0,1223000000.0,656700000.0,4914219895.0,-287200000.0,0.0,-1116500000.0,0.0,0.0,-1118500000.0,112600000.0,323700000.0,718700000.0,0.0,318600000.0,318600000.0,318600000.0,0.0,0.0,0.062,1099600000.0,492500000.0,553400000.0,0.0,3.985,15.424,16.562,810700000.0,0.0,45.38,0.956,0.97,584000000.0,1075000000.0,5139200000.0,5139200000.0,341200000.0,0.094,0.214,0.243,0.095,25000000.0,726900000.0,1.0,108290434.0,109800000,110200000.0,46.805,3112800000.0,0.0,195700000.0,0.0,28.35,744500000.0
43,LXK,MRT,2005-12-31,2005-12-31,2005-12-31,2019-04-19,-163300000.0,3330100000.0,3567600000.0,2169600000.0,1160500000.0,1.464,11.807,-201300000.0,168300000.0,168300000.0,3585900000.0,356300000.0,1.759,1.331,149600000.0,0.0,149600000.0,149600000.0,0.0,158500000.0,0.0,0.0,0.0,527200000.0,685700000.0,0.131,685700000.0,527200000.0,553700000.0,2.94,2.91,2.94,1428700000.0,1685650000.0,1428700000.0,5000033140.0,9.0,7.292,375100000.0,3.1,1.0,1635600000.0,0.313,0.0,-26500000.0,2077700000.0,2109400000.0,409200000.0,720500000.0,720500000.0,0.0,1901400000.0,1233700000.0,667700000.0,5202433140.0,-457900000.0,0.0,-1032400000.0,-1500000.0,0.0,-1036900000.0,4900000.0,220400000.0,576400000.0,-2300000.0,356300000.0,356300000.0,356300000.0,0.0,0.0,0.068,1101900000.0,533700000.0,572800000.0,0.0,3.641,14.601,15.248,832200000.0,0.0,44.83,0.996,1.039,650900000.0,988800000.0,5221500000.0,5221500000.0,336400000.0,0.1,0.211,0.25,0.101,19900000.0,755100000.0,1.0,116048029.0,121000000,122300000.0,43.153,3330100000.0,0.0,197400000.0,0.0,27.521,935900000.0
44,LXK,MRT,2005-09-30,2005-09-30,2005-09-30,2019-04-19,-147900000.0,3433700000.0,3766150000.0,2290300000.0,1143400000.0,1.434,13.105,-232000000.0,352000000.0,352000000.0,3657200000.0,429000000.0,1.779,1.209,149600000.0,0.0,149600000.0,149600000.0,0.0,146300000.0,0.0,0.0,0.0,612100000.0,758400000.0,0.14,758400000.0,612100000.0,638800000.0,3.41,3.37,3.41,1554200000.0,1849200000.0,1554200000.0,7083214913.0,12.0,9.34,406300000.0,3.426,1.0,1742900000.0,0.323,0.0,-26700000.0,1943900000.0,2135325000.0,467300000.0,580100000.0,580100000.0,0.0,1879500000.0,1287400000.0,592100000.0,7248114913.0,-182300000.0,0.0,-962700000.0,-100000.0,0.0,-965800000.0,143200000.0,375900000.0,638300000.0,2000000.0,429000000.0,429000000.0,429000000.0,0.0,0.0,0.079,1126200000.0,616700000.0,534300000.0,0.0,4.664,16.895,17.903,823900000.0,0.0,61.05,1.342,1.341,655800000.0,2937700000.0,5400100000.0,5400100000.0,338200000.0,0.114,0.232,0.287,0.113,29200000.0,779100000.0,1.0,118724241.0,118600000,119800000.0,45.532,3433700000.0,0.0,209800000.0,0.0,28.952,1002900000.0
45,LXK,MRT,2005-06-30,2005-06-30,2005-06-30,2019-04-19,-146400000.0,3616500000.0,3898850000.0,2470700000.0,1145800000.0,1.398,14.157,-242700000.0,315600000.0,315600000.0,3618900000.0,514900000.0,1.922,1.072,150700000.0,1100000.0,149600000.0,150700000.0,0.0,139900000.0,0.0,0.0,0.0,715300000.0,855200000.0,0.157,855200000.0,715300000.0,739100000.0,4.02,3.95,4.02,1745600000.0,1971225000.0,1745600000.0,7676465203.0,11.0,8.976,470500000.0,3.816,1.0,1831900000.0,0.336,0.0,-23800000.0,2165800000.0,2207625000.0,472700000.0,791400000.0,791400000.0,0.0,1870900000.0,1285800000.0,585100000.0,8021365203.0,-505100000.0,0.0,-767100000.0,-2200000.0,0.0,-772100000.0,-448300000.0,-205900000.0,713200000.0,2100000.0,514900000.0,514900000.0,514900000.0,0.0,0.0,0.094,1113600000.0,718300000.0,539200000.0,0.0,4.595,15.578,16.127,819800000.0,0.0,64.83,1.472,1.466,623600000.0,2867500000.0,5450800000.0,5450800000.0,329600000.0,0.132,0.261,0.324,0.131,26700000.0,784000000.0,1.0,123729218.0,123300000,124900000.0,44.208,3616500000.0,0.0,224200000.0,0.0,29.331,1184900000.0
46,LXK,MRT,2005-03-31,2005-03-31,2005-03-31,2019-04-19,-153400000.0,3890100000.0,3929750000.0,2752200000.0,1137900000.0,1.378,15.822,-228000000.0,494400000.0,494400000.0,3587500000.0,571600000.0,2.125,0.931,149500000.0,0.0,149500000.0,149500000.0,0.0,135400000.0,0.0,0.0,0.0,726400000.0,861800000.0,0.159,861800000.0,726400000.0,745000000.0,4.42,4.33,4.42,2014100000.0,2022025000.0,2014100000.0,9650980458.0,13.0,11.199,472300000.0,3.71,1.0,1827900000.0,0.338,0.0,-18600000.0,2250200000.0,2143425000.0,458800000.0,881400000.0,881400000.0,0.0,1876000000.0,1295000000.0,581000000.0,10126180458.0,-255400000.0,0.0,-454700000.0,-3200000.0,0.0,-460100000.0,-497700000.0,-269900000.0,700300000.0,2100000.0,571600000.0,571600000.0,571600000.0,0.0,0.0,0.106,1099300000.0,728600000.0,567800000.0,0.0,5.028,17.716,18.093,806100000.0,0.0,79.97,1.87,1.88,699500000.0,2787600000.0,5415400000.0,5415400000.0,323100000.0,0.145,0.283,0.339,0.134,34400000.0,776200000.0,1.0,126624740.0,127300000,129500000.0,42.54,3890100000.0,0.0,173400000.0,0.0,30.559,1457200000.0
47,LXK,MRT,2004-12-31,2004-12-31,2004-12-31,2019-04-19,-165300000.0,4124300000.0,3856000000.0,3000900000.0,1123400000.0,1.378,16.059,-198300000.0,626200000.0,626200000.0,3522400000.0,568700000.0,2.045,0.98,151000000.0,1500000.0,149500000.0,151000000.0,0.0,134900000.0,0.0,0.0,0.0,732000000.0,866900000.0,0.163,866900000.0,732000000.0,746500000.0,4.38,4.28,4.38,2082900000.0,1978700000.0,2082900000.0,10587645320.0,14.0,12.213,577100000.0,4.449,1.0,1791400000.0,0.337,0.0,-14500000.0,2181400000.0,2049200000.0,464900000.0,940500000.0,940500000.0,0.0,2041400000.0,1467700000.0,573700000.0,10972445320.0,-118400000.0,0.0,-208200000.0,300000.0,0.0,-209400000.0,-688100000.0,-489900000.0,775400000.0,3700000.0,568700000.0,568700000.0,568700000.0,0.0,0.0,0.107,1059300000.0,732100000.0,670600000.0,0.0,5.268,19.294,19.406,792200000.0,0.0,85.0,2.065,2.075,744400000.0,2663700000.0,5313800000.0,5313800000.0,312700000.0,0.147,0.287,0.357,0.138,48200000.0,746600000.0,1.0,129087592.0,129700000,132900000.0,40.97,4124300000.0,0.0,177800000.0,0.0,31.799,1533200000.0
48,LXK,MRT,2004-09-30,2004-09-30,2004-09-30,2019-04-19,-173900000.0,3964500000.0,3687525000.0,2924500000.0,1040000000.0,1.394,15.734,-158400000.0,534300000.0,534300000.0,3405300000.0,552500000.0,2.172,0.941,149500000.0,0.0,149500000.0,149500000.0,0.0,138500000.0,0.0,0.0,0.0,721200000.0,859700000.0,0.167,859700000.0,721200000.0,730600000.0,4.26,4.15,4.26,2042300000.0,1868725000.0,2042300000.0,10212786373.0,14.0,11.879,602000000.0,4.638,1.0,1734100000.0,0.337,0.0,-9400000.0,2233100000.0,1922075000.0,540500000.0,956800000.0,956800000.0,0.0,1922200000.0,1346600000.0,575600000.0,10880986373.0,-35600000.0,0.0,-73100000.0,-100000.0,0.0,-73900000.0,-725300000.0,-567100000.0,760400000.0,3200000.0,552500000.0,552500000.0,552500000.0,0.0,0.0,0.108,1011000000.0,723100000.0,607300000.0,0.0,5.328,19.694,19.721,738500000.0,0.0,84.01,2.117,2.122,652900000.0,2508700000.0,5139400000.0,5139400000.0,297400000.0,0.15,0.296,0.375,0.14,43600000.0,713600000.0,1.0,129520133.0,129800000,133000000.0,39.595,3964500000.0,0.0,178100000.0,0.0,30.543,1577900000.0
49,LXK,MRT,2004-06-30,2004-06-30,2004-06-30,2019-04-19,-171000000.0,3740100000.0,3515300000.0,2712100000.0,1028000000.0,1.431,14.956,-125200000.0,820700000.0,820700000.0,3371100000.0,500500000.0,2.332,0.919,152500000.0,3100000.0,149400000.0,152500000.0,0.0,142600000.0,0.0,0.0,0.0,678000000.0,820600000.0,0.163,820600000.0,678000000.0,683600000.0,3.87,3.77,3.87,1948800000.0,1726975000.0,1948800000.0,11945072931.0,18.0,14.557,512600000.0,3.934,1.0,1659200000.0,0.33,0.0,-5600000.0,1909000000.0,1786825000.0,512000000.0,586500000.0,586500000.0,0.0,1791300000.0,1162900000.0,628400000.0,12542372931.0,-66800000.0,0.0,1000000.0,2000000.0,0.0,2900000.0,-711000000.0,-586500000.0,637800000.0,3500000.0,500500000.0,500500000.0,500500000.0,0.0,0.0,0.099,979900000.0,679300000.0,494300000.0,0.0,6.436,25.06,24.943,713900000.0,0.0,96.53,2.493,2.5,572500000.0,2352600000.0,5030300000.0,5030300000.0,285600000.0,0.142,0.29,0.379,0.135,48600000.0,694300000.0,1.0,129932383.0,130300000,134000000.0,38.606,3740100000.0,0.0,183100000.0,0.0,28.704,1549200000.0
50,LXK,MRT,2004-03-31,2004-03-31,2004-03-31,2019-04-19,-175500000.0,3595100000.0,3346125000.0,2574100000.0,1021000000.0,1.465,14.204,-100500000.0,749800000.0,749800000.0,3303100000.0,465600000.0,2.289,0.953,152500000.0,3100000.0,149400000.0,152500000.0,0.0,146700000.0,0.0,0.0,0.0,629100000.0,775800000.0,0.158,775800000.0,629100000.0,632500000.0,3.61,3.52,3.61,1840800000.0,1577225000.0,1840800000.0,11321021392.0,18.0,14.593,562700000.0,4.342,1.0,1599700000.0,0.326,0.0,-3400000.0,1873300000.0,1621700000.0,443000000.0,612900000.0,612900000.0,0.0,1754300000.0,1124500000.0,629800000.0,11915221392.0,27600000.0,0.0,70000000.0,100000.0,0.0,70100000.0,-712000000.0,-612900000.0,663200000.0,6300000.0,465600000.0,465600000.0,465600000.0,0.0,0.0,0.095,969200000.0,630500000.0,474100000.0,0.0,6.473,25.591,25.485,705800000.0,0.0,92.0,2.43,2.432,571600000.0,2216000000.0,4902800000.0,4902800000.0,275800000.0,0.139,0.295,0.388,0.128,50100000.0,693400000.0,1.0,129513276.0,129600000,133100000.0,37.83,3595100000.0,0.0,166900000.0,0.0,27.74,1449600000.0
51,LXK,MRT,2003-12-31,2003-12-31,2003-12-31,2019-04-19,-196500000.0,3450400000.0,3162550000.0,2443800000.0,1006600000.0,1.503,12.826,-93800000.0,744600000.0,744600000.0,3209600000.0,439200000.0,2.065,1.1,150400000.0,1100000.0,149300000.0,150400000.0,0.0,148900000.0,0.0,0.0,0.0,593100000.0,742000000.0,0.156,742000000.0,593100000.0,593500000.0,3.43,3.34,3.43,1643000000.0,1416625000.0,1643000000.0,9682939930.0,16.0,13.05,653800000.0,5.104,1.0,1545100000.0,0.325,0.0,-400000.0,1672900000.0,1467550000.0,437000000.0,451500000.0,451500000.0,0.0,1807400000.0,1183300000.0,624100000.0,10103439930.0,246900000.0,0.0,48300000.0,-12300000.0,0.0,36000000.0,-543900000.0,-451500000.0,747600000.0,7200000.0,439200000.0,439200000.0,439200000.0,0.0,0.0,0.092,951200000.0,593900000.0,465700000.0,0.0,6.149,23.004,22.927,715900000.0,0.0,78.64,2.125,2.119,615400000.0,2095000000.0,4754700000.0,4754700000.0,265700000.0,0.139,0.31,0.404,0.125,37200000.0,685500000.0,1.0,128477110.0,128100000,131400000.0,37.117,3450400000.0,0.0,154300000.0,0.0,26.935,1260500000.0
52,LXK,MRT,2003-09-30,2003-09-30,2003-09-30,2019-04-19,-213200000.0,3275600000.0,3001975000.0,2216200000.0,1059400000.0,1.53,11.481,-95400000.0,569900000.0,569900000.0,3100300000.0,416700000.0,1.906,1.22,149400000.0,100000.0,149300000.0,149400000.0,0.0,144500000.0,0.0,0.0,0.0,564600000.0,709100000.0,0.154,709100000.0,564600000.0,563200000.0,3.25,3.19,3.25,1475300000.0,1276275000.0,1475300000.0,7333133402.0,13.0,10.341,666500000.0,5.187,1.0,1492200000.0,0.325,0.0,1400000.0,1692100000.0,1392550000.0,427300000.0,389800000.0,389800000.0,0.0,1800300000.0,1163000000.0,637300000.0,8070333402.0,321500000.0,0.0,51900000.0,-15900000.0,0.0,36000000.0,-483900000.0,-389800000.0,761900000.0,7500000.0,416700000.0,416700000.0,416700000.0,0.0,0.0,0.091,932500000.0,559700000.0,422900000.0,0.0,5.47,19.367,19.388,692900000.0,0.0,63.01,1.757,1.763,586100000.0,1956200000.0,4592500000.0,4592500000.0,260600000.0,0.139,0.326,0.405,0.123,40800000.0,671600000.0,1.0,128080200.0,128500000,131500000.0,35.739,3275600000.0,0.0,146500000.0,0.0,25.491,1053200000.0
53,LXK,MRT,2003-06-30,2003-06-30,2003-06-30,2019-04-19,-216300000.0,3063400000.0,2824050000.0,2091300000.0,972100000.0,1.585,10.554,-98200000.0,887500000.0,887500000.0,3017300000.0,402400000.0,1.941,1.27,150300000.0,1000000.0,149300000.0,150300000.0,0.0,141100000.0,0.0,0.0,0.0,548000000.0,689100000.0,0.154,689100000.0,548000000.0,543800000.0,3.15,3.1,3.15,1349800000.0,1167550000.0,1349800000.0,8451801830.0,15.0,12.265,764000000.0,5.973,1.0,1459100000.0,0.326,0.0,4200000.0,1248500000.0,1314050000.0,393400000.0,0.0,0.0,0.0,1713600000.0,1077700000.0,635900000.0,9022801830.0,750500000.0,0.0,-10500000.0,-8300000.0,0.0,-18800000.0,-99300000.0,0.0,862200000.0,6400000.0,402400000.0,402400000.0,402400000.0,0.0,0.0,0.09,916200000.0,542900000.0,404900000.0,0.0,6.685,22.422,22.467,710600000.0,0.0,70.77,2.016,2.022,568900000.0,1852100000.0,4476400000.0,4476400000.0,252000000.0,0.142,0.345,0.417,0.122,36400000.0,663900000.0,1.0,127494727.0,127900000,131600000.0,34.999,3063400000.0,0.0,141400000.0,0.0,23.952,1013600000.0
54,LXK,MRT,2003-03-31,2003-03-31,2003-03-31,2019-04-19,-228800000.0,2860800000.0,2667125000.0,1879300000.0,981500000.0,1.655,9.429,-106300000.0,722200000.0,722200000.0,2997000000.0,389800000.0,1.819,1.387,151200000.0,2000000.0,149200000.0,151200000.0,0.0,142600000.0,0.0,0.0,0.0,532800000.0,675400000.0,0.153,675400000.0,532800000.0,526200000.0,3.05,3.0,3.05,1198400000.0,1079075000.0,1198400000.0,8157332414.0,15.0,12.078,831300000.0,6.541,1.0,1417200000.0,0.321,0.0,6600000.0,1256700000.0,1363075000.0,369300000.0,0.0,0.0,0.0,1662400000.0,1033100000.0,629300000.0,8493532414.0,607200000.0,0.0,-225200000.0,-5500000.0,0.0,-230700000.0,-108400000.0,0.0,937600000.0,8700000.0,389800000.0,389800000.0,389800000.0,0.0,0.0,0.088,888600000.0,528600000.0,388700000.0,0.0,7.087,21.789,21.951,724400000.0,0.0,66.95,1.924,1.928,548000000.0,1750400000.0,4414200000.0,4414200000.0,248800000.0,0.146,0.361,0.391,0.121,31800000.0,639500000.0,1.0,126863815.0,127100000,130200000.0,34.73,2860800000.0,0.0,136400000.0,0.0,22.508,846200000.0
55,LXK,MRT,2002-12-31,2002-12-31,2002-12-31,2019-04-19,-229700000.0,2808100000.0,2561450000.0,1798800000.0,1009300000.0,1.701,8.417,-111700000.0,497700000.0,497700000.0,2985800000.0,366700000.0,1.637,1.596,161500000.0,12300000.0,149200000.0,161500000.0,0.0,138200000.0,0.0,0.0,0.0,504600000.0,642800000.0,0.148,642800000.0,504600000.0,495600000.0,2.85,2.79,2.85,1081600000.0,1051225000.0,1081600000.0,7533434865.0,15.0,11.72,703900000.0,5.478,1.0,1370600000.0,0.315,0.0,9000000.0,1372900000.0,1437900000.0,410300000.0,0.0,0.0,0.0,1726500000.0,1099000000.0,627500000.0,7618634865.0,407000000.0,0.0,-307500000.0,5700000.0,0.0,-301800000.0,-113800000.0,0.0,815600000.0,7000000.0,366700000.0,366700000.0,366700000.0,0.0,0.0,0.084,866000000.0,504600000.0,378500000.0,0.0,7.044,20.776,21.228,747600000.0,0.0,60.5,1.749,1.785,600300000.0,1655800000.0,4356400000.0,4356400000.0,247900000.0,0.143,0.349,0.351,0.116,31300000.0,617800000.0,1.0,125927849.0,128500000,131600000.0,33.902,2808100000.0,0.0,128900000.0,0.0,21.853,699800000.0
56,LXK,MRT,2002-09-30,2002-09-30,2002-09-30,2019-04-19,-135200000.0,2563900000.0,2471900000.0,1628200000.0,935700000.0,1.735,8.205,-116000000.0,248400000.0,248400000.0,3023500000.0,287200000.0,1.479,1.464,163200000.0,14000000.0,149200000.0,163200000.0,0.0,144200000.0,0.0,0.0,0.0,346600000.0,490800000.0,0.114,490800000.0,346600000.0,334000000.0,2.23,2.18,2.23,1040400000.0,1049800000.0,1040400000.0,5951886439.0,17.0,12.127,614500000.0,4.846,1.0,1265500000.0,0.295,0.0,12600000.0,1378100000.0,1491725000.0,511100000.0,0.0,0.0,0.0,1523500000.0,1100600000.0,422900000.0,5928586439.0,188300000.0,0.0,-306600000.0,-120000000.0,0.0,-426600000.0,-118000000.0,0.0,730500000.0,2400000.0,287200000.0,287200000.0,287200000.0,0.0,0.0,0.067,914200000.0,351300000.0,424300000.0,0.0,5.698,20.643,21.076,737900000.0,0.0,47.0,1.382,1.39,605300000.0,1539500000.0,4289000000.0,4289000000.0,244400000.0,0.116,0.274,0.232,0.081,30500000.0,611400000.0,1.0,126140137.0,126800000,129200000.0,33.825,2563900000.0,0.0,46800000.0,0.0,20.22,527600000.0
57,LXK,MRT,2002-06-30,2002-06-30,2002-06-30,2019-04-19,-138000000.0,2435700000.0,2438850000.0,1509400000.0,926300000.0,1.74,7.667,-143800000.0,137000000.0,137000000.0,3014500000.0,267400000.0,1.488,1.446,160300000.0,11200000.0,149100000.0,160300000.0,0.0,136900000.0,0.0,0.0,0.0,321600000.0,458500000.0,0.108,458500000.0,321600000.0,307900000.0,2.06,2.0,2.06,995900000.0,1059325000.0,995900000.0,7103897386.0,22.0,15.494,410400000.0,3.159,1.0,1229200000.0,0.29,0.0,13700000.0,1444600000.0,1561325000.0,470900000.0,0.0,0.0,0.0,1439800000.0,1014400000.0,425400000.0,7057997386.0,70000000.0,0.0,-250700000.0,-93400000.0,0.0,-344100000.0,-144400000.0,0.0,554200000.0,4300000.0,267400000.0,267400000.0,267400000.0,0.0,0.0,0.063,900700000.0,328500000.0,363900000.0,0.0,7.087,26.395,26.408,770700000.0,0.0,54.4,1.663,1.665,618800000.0,1449700000.0,4243700000.0,4243700000.0,244500000.0,0.11,0.252,0.206,0.076,35400000.0,597800000.0,1.0,129742599.0,129900000,133400000.0,32.669,2435700000.0,0.0,40500000.0,0.0,18.751,495000000.0
58,LXK,MRT,2002-03-31,2002-03-31,2002-03-31,2019-04-19,-139400000.0,2438100000.0,2403975000.0,1496800000.0,941300000.0,1.733,8.323,-175700000.0,115000000.0,115000000.0,2940300000.0,265400000.0,1.613,1.243,160900000.0,11800000.0,149100000.0,160900000.0,0.0,131200000.0,0.0,0.0,0.0,319500000.0,450700000.0,0.108,450700000.0,319500000.0,304400000.0,2.04,1.98,2.04,1087000000.0,1062300000.0,1087000000.0,7473811798.0,23.0,16.583,157800000.0,1.208,1.0,1226100000.0,0.294,0.0,15100000.0,1556000000.0,1586300000.0,457900000.0,0.0,0.0,0.0,1351100000.0,928000000.0,423100000.0,7404411798.0,50500000.0,0.0,-43900000.0,-63200000.0,0.0,-107100000.0,-176100000.0,0.0,333500000.0,200000.0,265400000.0,265400000.0,265400000.0,0.0,0.0,0.064,898200000.0,327900000.0,374700000.0,0.0,6.812,27.899,28.029,785700000.0,0.0,57.18,1.777,1.792,680400000.0,1360600000.0,4166400000.0,4166400000.0,245200000.0,0.11,0.25,0.201,0.077,53500000.0,594600000.0,1.0,129493036.0,130600000,134000000.0,31.902,2438100000.0,0.0,39000000.0,0.0,18.668,568800000.0
59,LXK,MRT,2001-12-31,2001-12-31,2001-12-31,2019-04-19,-141200000.0,2449900000.0,2345450000.0,1493100000.0,956800000.0,1.75,8.302,-214400000.0,90700000.0,90700000.0,2865300000.0,273600000.0,1.604,1.277,160100000.0,11000000.0,149100000.0,160100000.0,0.0,125600000.0,0.0,0.0,0.0,332600000.0,458200000.0,0.112,458200000.0,332600000.0,317800000.0,2.11,2.05,2.11,1075900000.0,1009275000.0,1075900000.0,7897678027.0,24.0,17.236,-18700000.0,-0.144,1.0,1239000000.0,0.302,0.0,14800000.0,1588200000.0,1542600000.0,455100000.0,0.0,0.0,0.0,1374000000.0,931100000.0,442900000.0,7669478027.0,22200000.0,0.0,31400000.0,11000000.0,0.0,42400000.0,-214600000.0,0.0,195700000.0,-1300000.0,273600000.0,273600000.0,273600000.0,0.0,0.0,0.067,898000000.0,341000000.0,384700000.0,0.0,7.128,28.032,27.962,800400000.0,0.0,59.0,1.869,1.863,702800000.0,1289100000.0,4104300000.0,4104300000.0,246200000.0,0.117,0.271,0.216,0.081,54700000.0,593400000.0,1.0,129991153.0,129600000,133800000.0,31.669,2449900000.0,0.0,44200000.0,0.0,18.904,562000000.0
60,LXK,MRT,2001-09-30,2001-09-30,2001-09-30,2019-04-19,-82100000.0,2431700000.0,2251275000.0,1514100000.0,917600000.0,1.786,8.283,-273200000.0,60100000.0,60100000.0,2762300000.0,291800000.0,1.509,1.255,288300000.0,139300000.0,149000000.0,288300000.0,0.0,111300000.0,0.0,0.0,0.0,412000000.0,523300000.0,0.13,523300000.0,412000000.0,398600000.0,2.26,2.19,2.26,1078500000.0,934550000.0,1078500000.0,5970320140.0,14.0,11.409,-69700000.0,-0.535,1.0,1258100000.0,0.313,0.0,13400000.0,1656500000.0,1439200000.0,577900000.0,0.0,0.0,0.0,1353200000.0,1003400000.0,349800000.0,5782220140.0,-8600000.0,0.0,19600000.0,42800000.0,0.0,62400000.0,-273900000.0,0.0,203500000.0,-600000.0,291800000.0,291800000.0,291800000.0,0.0,0.0,0.073,834400000.0,423700000.0,372300000.0,0.0,5.361,19.816,19.783,807100000.0,0.0,44.71,1.438,1.448,681200000.0,1252200000.0,4020400000.0,4020400000.0,241400000.0,0.13,0.312,0.286,0.102,53200000.0,551700000.0,1.0,129327223.0,130200000,133900000.0,30.879,2431700000.0,0.0,106800000.0,0.0,18.677,510700000.0
61,LXK,MRT,2001-06-30,2001-06-30,2001-06-30,2019-04-19,-69800000.0,2296200000.0,2118075000.0,1405700000.0,890500000.0,1.866,7.8,-285500000.0,67000000.0,67000000.0,2699900000.0,287900000.0,1.496,1.278,255100000.0,106100000.0,149000000.0,255100000.0,0.0,108200000.0,0.0,0.0,0.0,408600000.0,516800000.0,0.131,516800000.0,408600000.0,395100000.0,2.24,2.17,2.24,1007800000.0,851025000.0,1007800000.0,8783390638.0,21.0,16.996,-29600000.0,-0.229,1.0,1251400000.0,0.317,0.0,13500000.0,1544500000.0,1331450000.0,551800000.0,0.0,0.0,0.0,1288400000.0,939800000.0,348600000.0,8623990638.0,14400000.0,0.0,-6700000.0,54600000.0,0.0,47900000.0,-285700000.0,0.0,255900000.0,-3700000.0,287900000.0,287900000.0,287900000.0,0.0,0.0,0.073,830200000.0,421200000.0,373300000.0,0.0,8.557,29.955,30.022,780400000.0,0.0,67.25,2.183,2.199,594100000.0,1182200000.0,3951300000.0,3951300000.0,236200000.0,0.136,0.338,0.307,0.103,49000000.0,552700000.0,1.0,128237779.0,129200000,134300000.0,30.583,2296200000.0,0.0,107200000.0,0.0,17.772,465900000.0
62,LXK,MRT,2001-03-31,2001-03-31,2001-03-31,2019-04-19,-71900000.0,2204000000.0,1981950000.0,1341000000.0,863000000.0,1.949,6.835,-315500000.0,64500000.0,64500000.0,2639800000.0,284900000.0,1.365,1.519,223900000.0,75000000.0,148900000.0,223900000.0,0.0,97200000.0,0.0,0.0,0.0,404700000.0,501900000.0,0.13,501900000.0,404700000.0,391700000.0,2.22,2.14,2.22,874900000.0,774325000.0,874900000.0,5887698166.0,15.0,11.731,83500000.0,0.652,1.0,1223800000.0,0.317,0.0,13000000.0,1381200000.0,1234625000.0,488100000.0,0.0,0.0,0.0,1329100000.0,982200000.0,346900000.0,5807298166.0,-48900000.0,0.0,-190600000.0,63700000.0,0.0,-126900000.0,-316900000.0,0.0,399000000.0,-4100000.0,284900000.0,284900000.0,284900000.0,0.0,0.0,0.074,810800000.0,413000000.0,423800000.0,0.0,6.638,20.384,20.505,756100000.0,0.0,45.52,1.503,1.508,600700000.0,1095400000.0,3863600000.0,3863600000.0,224900000.0,0.144,0.368,0.328,0.105,32100000.0,544600000.0,1.0,127576849.0,128000000,132700000.0,30.184,2204000000.0,0.0,106800000.0,0.0,17.219,358800000.0
63,LXK,MRT,2000-12-31,2000-12-31,2000-12-31,2019-04-19,-74900000.0,2073200000.0,1862975000.0,1243700000.0,829500000.0,2.022,6.051,-296800000.0,68500000.0,68500000.0,2550900000.0,285400000.0,1.27,1.668,148900000.0,0.0,148900000.0,148900000.0,0.0,91200000.0,0.0,0.0,0.0,409200000.0,500400000.0,0.133,500400000.0,409200000.0,396400000.0,2.22,2.13,2.22,777000000.0,754075000.0,777000000.0,5810104941.0,14.0,11.611,179500000.0,1.398,1.0,1216400000.0,0.323,0.0,12800000.0,1174600000.0,1176575000.0,412300000.0,0.0,0.0,0.0,1296200000.0,979000000.0,317200000.0,5633504941.0,-25400000.0,0.0,-185000000.0,-16200000.0,0.0,-201200000.0,-298100000.0,0.0,476300000.0,-2400000.0,285400000.0,285400000.0,285400000.0,0.0,0.0,0.076,800700000.0,415700000.0,426100000.0,0.0,7.25,19.739,19.959,730600000.0,0.0,44.31,1.495,1.51,594000000.0,1015700000.0,3767300000.0,3767300000.0,216500000.0,0.153,0.378,0.348,0.109,61200000.0,542900000.0,1.0,127138455.0,128400000,134300000.0,29.34,2073200000.0,0.0,111000000.0,0.0,16.146,264700000.0
64,LXK,MRT,2000-09-30,2000-09-30,2000-09-30,2019-04-19,-45300000.0,1898900000.0,1770325000.0,1138400000.0,760500000.0,2.098,5.829,-267000000.0,68700000.0,68700000.0,2450600000.0,330100000.0,1.339,1.551,245300000.0,96400000.0,148900000.0,245300000.0,0.0,85600000.0,0.0,0.0,0.0,472100000.0,557700000.0,0.15,557700000.0,472100000.0,459500000.0,2.56,2.45,2.56,744400000.0,724600000.0,744400000.0,4927522300.0,10.0,8.835,164400000.0,1.287,1.0,1263700000.0,0.34,0.0,12600000.0,1225500000.0,1142450000.0,399100000.0,0.0,0.0,0.0,1154500000.0,850000000.0,304500000.0,4779522300.0,-53600000.0,0.0,-296400000.0,81900000.0,0.0,-214500000.0,-267900000.0,0.0,431400000.0,-2600000.0,330100000.0,330100000.0,330100000.0,0.0,0.0,0.089,786000000.0,477700000.0,317400000.0,0.0,6.421,14.479,14.648,669300000.0,0.0,37.5,1.287,1.289,540800000.0,960700000.0,3714300000.0,3714300000.0,204600000.0,0.186,0.456,0.413,0.127,71000000.0,581400000.0,1.0,127453928.0,127700000,133100000.0,29.086,1898900000.0,0.0,129400000.0,0.0,14.87,288400000.0
65,LXK,MRT,2000-06-30,2000-06-30,2000-06-30,2019-04-19,-44200000.0,1751700000.0,1710075000.0,1042800000.0,708900000.0,2.124,5.434,-269400000.0,52600000.0,52600000.0,2360700000.0,340500000.0,1.404,1.499,200600000.0,51800000.0,148800000.0,200600000.0,0.0,83300000.0,0.0,0.0,0.0,491000000.0,574300000.0,0.158,574300000.0,491000000.0,479300000.0,2.63,2.51,2.63,701000000.0,701975000.0,701000000.0,8738543126.0,18.0,15.216,239400000.0,1.856,1.0,1272000000.0,0.35,0.0,11700000.0,1157200000.0,1085600000.0,378700000.0,0.0,0.0,0.0,1050700000.0,742500000.0,308200000.0,8691243126.0,-38200000.0,0.0,-315300000.0,39900000.0,0.0,-275400000.0,-270400000.0,0.0,508800000.0,-1200000.0,340500000.0,340500000.0,340500000.0,0.0,0.0,0.094,776900000.0,495100000.0,301000000.0,0.0,12.398,25.525,25.57,632900000.0,0.0,67.25,2.393,2.388,488800000.0,894600000.0,3632700000.0,3632700000.0,196300000.0,0.199,0.485,0.452,0.135,95300000.0,580600000.0,1.0,129237816.0,129000000,135700000.0,28.16,1751700000.0,0.0,138800000.0,0.0,13.579,300300000.0
66,LXK,MRT,2000-03-31,2000-03-31,2000-03-31,2019-04-19,-28500000.0,1728100000.0,1642600000.0,1083000000.0,645100000.0,2.165,6.154,-231600000.0,113400000.0,113400000.0,2297600000.0,330900000.0,1.729,1.177,160700000.0,11900000.0,148800000.0,160700000.0,0.0,82400000.0,0.0,0.0,0.0,484900000.0,567300000.0,0.159,567300000.0,484900000.0,473800000.0,2.56,2.44,2.56,793900000.0,674850000.0,793900000.0,13733186019.0,28.0,24.208,155300000.0,1.204,1.0,1259400000.0,0.354,0.0,11100000.0,1149000000.0,1037075000.0,387300000.0,0.0,0.0,0.0,934200000.0,626400000.0,307800000.0,13662186019.0,32200000.0,0.0,-126600000.0,3800000.0,0.0,-122800000.0,-231100000.0,0.0,386900000.0,-800000.0,330900000.0,330900000.0,330900000.0,0.0,0.0,0.093,766100000.0,493300000.0,268000000.0,0.0,17.209,41.288,41.328,575700000.0,0.0,105.8,3.841,3.837,474500000.0,810500000.0,3557000000.0,3557000000.0,192000000.0,0.201,0.49,0.468,0.136,84000000.0,574100000.0,1.0,129132193.0,129000000,136300000.0,27.574,1728100000.0,0.0,142900000.0,0.0,13.396,456600000.0
67,LXK,MRT,1999-12-31,1999-12-31,1999-12-31,2019-04-19,-30800000.0,1702600000.0,1560900000.0,1088700000.0,613900000.0,2.212,5.094,-220400000.0,93900000.0,93900000.0,2222800000.0,318500000.0,1.48,1.583,164900000.0,16200000.0,148700000.0,164900000.0,0.0,80100000.0,0.0,0.0,0.0,469600000.0,549700000.0,0.159,549700000.0,469600000.0,458900000.0,2.46,2.32,2.46,659100000.0,469400000.0,659100000.0,11598926437.0,25.0,21.1,227800000.0,1.76,1.0,1229500000.0,0.356,0.0,10700000.0,1038100000.0,968025000.0,387700000.0,0.0,0.0,0.0,1043500000.0,735500000.0,308000000.0,11559126437.0,-55100000.0,0.0,-289600000.0,8200000.0,0.0,-281400000.0,-220200000.0,0.0,448200000.0,-1700000.0,318500000.0,318500000.0,318500000.0,0.0,0.0,0.092,752900000.0,476600000.0,300900000.0,0.0,17.538,36.292,36.789,561000000.0,0.0,90.5,3.348,3.392,507300000.0,730300000.0,3452300000.0,3452300000.0,183600000.0,0.204,0.679,0.485,0.136,47800000.0,569300000.0,1.0,127725154.0,129400000,137500000.0,26.679,1702600000.0,0.0,140400000.0,0.0,13.158,353200000.0
68,LXK,MRT,1999-09-30,1999-09-30,1999-09-30,2019-04-19,-31200000.0,1657900000.0,1506100000.0,1100600000.0,557300000.0,2.229,5.057,-187800000.0,122300000.0,122300000.0,2157000000.0,300700000.0,1.573,1.535,162100000.0,13400000.0,148700000.0,162100000.0,0.0,82400000.0,0.0,0.0,0.0,452800000.0,535200000.0,0.159,535200000.0,452800000.0,442600000.0,2.31,2.16,2.31,653900000.0,449150000.0,653900000.0,10438671938.0,23.0,19.504,313400000.0,2.424,1.0,1199700000.0,0.357,0.0,10200000.0,998100000.0,930775000.0,397000000.0,0.0,0.0,0.0,1004000000.0,699600000.0,304400000.0,10369471938.0,94100000.0,0.0,-203100000.0,-17700000.0,0.0,-220800000.0,-185600000.0,0.0,501200000.0,-700000.0,300700000.0,300700000.0,300700000.0,0.0,0.0,0.09,739900000.0,459800000.0,290300000.0,0.0,15.858,34.484,34.848,512000000.0,0.0,80.5,3.089,3.101,487800000.0,630600000.0,3356700000.0,3356700000.0,178300000.0,0.2,0.669,0.486,0.135,38200000.0,561600000.0,1.0,128813316.0,129300000,136800000.0,25.961,1657900000.0,0.0,141900000.0,0.0,12.822,401000000.0
69,LXK,MRT,1999-06-30,1999-06-30,1999-06-30,2019-04-19,-27400000.0,1481800000.0,1436050000.0,983700000.0,498100000.0,2.267,4.589,-146500000.0,90800000.0,90800000.0,2091500000.0,282000000.0,1.673,1.501,160000000.0,11300000.0,148700000.0,160000000.0,0.0,79600000.0,0.0,0.0,0.0,428600000.0,508200000.0,0.156,508200000.0,428600000.0,417900000.0,2.16,2.01,2.16,592500000.0,414575000.0,592500000.0,8501791731.0,20.0,16.729,292700000.0,2.267,1.0,1164000000.0,0.358,0.0,10700000.0,963100000.0,914025000.0,364000000.0,0.0,0.0,0.0,889300000.0,587900000.0,301400000.0,8426391731.0,56500000.0,0.0,-206900000.0,-31500000.0,0.0,-238400000.0,-144300000.0,0.0,439200000.0,0.0,282000000.0,282000000.0,282000000.0,0.0,0.0,0.087,728600000.0,435400000.0,254500000.0,0.0,14.222,29.881,30.324,464000000.0,0.0,65.5,2.588,2.597,450600000.0,554100000.0,3255500000.0,3255500000.0,177800000.0,0.196,0.68,0.469,0.132,11300000.0,550800000.0,1.0,128647202.0,129100000,136400000.0,25.217,1481800000.0,0.0,135900000.0,0.0,11.478,395800000.0
70,LXK,MRT,1999-03-31,1999-03-31,1999-03-31,2019-04-19,-524900000.0,1401300000.0,1393275000.0,930500000.0,470800000.0,2.25,-0.214,-119300000.0,81200000.0,81200000.0,2010700000.0,261300000.0,1.541,-32.384,156600000.0,7900000.0,148700000.0,156600000.0,0.0,77100000.0,0.0,0.0,0.0,402700000.0,479800000.0,0.153,479800000.0,402700000.0,391500000.0,1.98,1.84,1.98,-27900000.0,390775000.0,-27900000.0,7219815379.0,18.0,15.048,297700000.0,2.281,1.0,1124800000.0,0.359,0.0,11200000.0,872800000.0,901775000.0,351200000.0,0.0,0.0,0.0,903500000.0,603900000.0,299600000.0,7208415379.0,56300000.0,0.0,-246100000.0,3200000.0,0.0,-242900000.0,-117300000.0,0.0,417000000.0,-500000.0,261300000.0,261300000.0,261300000.0,0.0,0.0,0.083,716200000.0,408600000.0,275100000.0,0.0,-258.366,27.587,28.258,437900000.0,0.0,55.95,2.299,2.329,423100000.0,570200000.0,3135500000.0,3135500000.0,167300000.0,0.188,0.669,0.447,0.128,11300000.0,548900000.0,1.0,128836736.0,130500000,140900000.0,24.027,1401300000.0,0.0,130200000.0,0.0,10.738,326600000.0
71,LXK,MRT,1998-12-31,1998-12-31,1998-12-31,2019-04-19,-29000000.0,1483400000.0,1350475000.0,1020000000.0,463400000.0,2.237,4.339,-101700000.0,149000000.0,149000000.0,1934400000.0,243000000.0,1.684,1.566,160400000.0,11700000.0,148700000.0,160400000.0,0.0,75600000.0,0.0,0.0,0.0,376400000.0,452000000.0,0.15,452000000.0,376400000.0,365400000.0,1.82,1.7,1.82,578100000.0,514275000.0,578100000.0,6724746843.0,18.0,14.878,198600000.0,1.491,1.0,1086200000.0,0.36,0.0,11000000.0,889100000.0,890625000.0,333000000.0,0.0,0.0,0.0,905300000.0,605700000.0,299600000.0,6568346843.0,106000000.0,0.0,-179100000.0,83900000.0,0.0,-95200000.0,-99700000.0,0.0,300300000.0,600000.0,243000000.0,243000000.0,243000000.0,0.0,0.0,0.08,703400000.0,382800000.0,267100000.0,0.0,11.362,27.03,27.61,430500000.0,0.0,50.25,2.175,2.217,469400000.0,411800000.0,3020600000.0,3020600000.0,158500000.0,0.18,0.473,0.423,0.125,11300000.0,544900000.0,1.0,130713370.0,133242738,142801780.0,22.67,1483400000.0,0.0,122400000.0,0.0,11.133,414300000.0
72,LXK,MRT,1998-09-30,1998-09-30,1998-09-30,2019-04-19,-26200000.0,1377700000.0,1281675000.0,936000000.0,441700000.0,2.223,3.891,-81300000.0,28200000.0,28200000.0,1816600000.0,218100000.0,1.552,1.672,184600000.0,36000000.0,148600000.0,184600000.0,0.0,73700000.0,0.0,0.0,0.0,342500000.0,416200000.0,0.146,416200000.0,342500000.0,331300000.0,1.605,1.535,1.605,515600000.0,494925000.0,515600000.0,4755889816.0,14.0,11.427,170900000.0,1.29,1.0,1032100000.0,0.362,0.0,11200000.0,931100000.0,841525000.0,411600000.0,0.0,0.0,0.0,862100000.0,603000000.0,259100000.0,4594889816.0,-27300000.0,0.0,-238100000.0,41500000.0,0.0,-196600000.0,-81300000.0,0.0,252200000.0,-1600000.0,218100000.0,218100000.0,218100000.0,0.0,0.0,0.077,683100000.0,349000000.0,235500000.0,0.0,8.912,21.068,21.592,415800000.0,0.0,34.655,1.613,1.612,421700000.0,329900000.0,2848700000.0,2848700000.0,153200000.0,0.17,0.441,0.407,0.12,0.0,529900000.0,1.0,132589520.0,132500000,142300000.0,21.5,1377700000.0,0.0,113200000.0,0.0,10.398,333000000.0
73,LXK,MRT,1998-06-30,1998-06-30,1998-06-30,2019-04-19,-28500000.0,1310700000.0,,880300000.0,430400000.0,,3.739,-71300000.0,34300000.0,34300000.0,1743400000.0,201300000.0,1.579,1.636,195300000.0,46800000.0,148500000.0,195300000.0,0.0,75200000.0,0.0,0.0,0.0,317100000.0,392300000.0,0.144,392300000.0,317100000.0,307500000.0,1.45,1.41,1.45,497300000.0,,497300000.0,4183809597.0,13.0,10.665,138800000.0,1.044,1.0,979800000.0,0.36,0.0,9600000.0,914100000.0,,412000000.0,0.0,0.0,0.0,813400000.0,557600000.0,255800000.0,4053509597.0,-4800000.0,0.0,-228000000.0,87400000.0,0.0,-140600000.0,-71300000.0,0.0,210100000.0,-3000000.0,201300000.0,201300000.0,201300000.0,0.0,0.0,0.074,655200000.0,324600000.0,249400000.0,0.0,8.151,20.137,21.034,406900000.0,0.0,30.5,1.489,1.49,373000000.0,272100000.0,2723200000.0,2723200000.0,141200000.0,,,,0.116,0.0,514000000.0,1.0,132901954.0,133000000,142800000.0,20.475,1310700000.0,0.0,106200000.0,0.0,9.855,322700000.0
74,LXK,MRT,1998-03-31,1998-03-31,1998-03-31,2019-04-19,-25400000.0,1230100000.0,,803300000.0,426800000.0,,3.422,-69600000.0,24900000.0,24900000.0,1665400000.0,181800000.0,1.509,1.639,155200000.0,30200000.0,125000000.0,155200000.0,0.0,76400000.0,0.0,0.0,0.0,288600000.0,365000000.0,0.141,365000000.0,288600000.0,280700000.0,1.29,1.27,1.29,466100000.0,,466100000.0,3113527577.0,11.0,8.53,163500000.0,1.2,1.0,916800000.0,0.355,0.0,7900000.0,828200000.0,,374200000.0,0.0,0.0,0.0,764000000.0,532200000.0,231800000.0,3081527577.0,-21700000.0,0.0,-232600000.0,50100000.0,0.0,-182500000.0,-69600000.0,0.0,233100000.0,-2700000.0,181800000.0,181800000.0,181800000.0,0.0,0.0,0.07,620000000.0,296800000.0,254700000.0,0.0,6.611,16.95,17.492,403700000.0,0.0,22.565,1.193,1.19,353700000.0,218300000.0,2582200000.0,2582200000.0,134900000.0,,,,0.112,0.0,485100000.0,1.0,136562268.0,136200000,144400000.0,18.959,1230100000.0,0.0,98900000.0,0.0,9.032,271100000.0
75,LXK,MRT,1997-12-31,1997-12-31,1997-12-31,2019-04-19,-23800000.0,1208200000.0,1214850000.0,776100000.0,432100000.0,2.053,3.511,-68400000.0,43000000.0,43000000.0,1623500000.0,149000000.0,1.418,1.413,75000000.0,18000000.0,57000000.0,75000000.0,0.0,77500000.0,0.0,0.0,0.0,251500000.0,329000000.0,0.132,329000000.0,251500000.0,240700000.0,1.04,1.04,1.04,500700000.0,520500000.0,500700000.0,,,,206500000.0,1.448,1.0,870000000.0,0.349,0.0,10800000.0,692700000.0,769450000.0,353800000.0,0.0,0.0,0.0,707500000.0,547500000.0,160000000.0,2594683092.0,-76300000.0,0.0,-167000000.0,-89500000.0,0.0,-278900000.0,-68400000.0,0.0,274900000.0,-3900000.0,149000000.0,149000000.0,149000000.0,0.0,0.0,0.06,595400000.0,274600000.0,302000000.0,0.0,5.182,17.414,18.269,409600000.0,0.0,19.0,1.041,1.087,318900000.0,168800000.0,2493500000.0,2493500000.0,128900000.0,0.123,0.286,0.327,0.101,0.0,466500000.0,1.0,136562268.0,142628622,150337552.0,17.482,1208200000.0,0.0,91700000.0,0.0,8.471,228600000.0
76,LXK,MRT,1997-09-30,1997-09-30,1997-09-30,2019-04-19,,,,,,,,,,,,,,,,,,,,,,0.0,0.0,,,,,,,,,,,,,,,,,,1.0,,,,,,,,,,,,,,,,,,,,,,,,,,,,,,,,,,,,,,,,16.5,,,,,,,,,,,,,,1.0,,143000000,,,,,,,,
77,LXK,MRT,1997-06-30,1997-06-30,1997-06-30,2019-04-19,,,,,,,,,,,,,,,,,,,,,,0.0,0.0,,,,,,,,,,,,,,,,,,1.0,,,,,,,,,,,,,,,,,,,,,,,,,,,,,,,,,,,,,,,,15.19,,,,,,,,,,,,,,1.0,,143400000,,,,,,,,
78,LXK,MRT,1997-03-31,1997-03-31,1997-03-31,2019-04-19,,,,,,,,,,,,,,,,,,,,,,0.0,0.0,,,,,,,,,,,,,,,,,,1.0,,,,,,,,,,,,,,,,,,,,,,,,,,,,,,,,,,,,,,,,12.125,,,,,,,,,,,,,,1.0,,145800000,,,,,,,,
79,LXK,MRT,1996-12-31,1996-12-31,1996-12-31,2019-04-19,500000.0,1221500000.0,,765100000.0,456400000.0,,3.771,-141400000.0,119300000.0,119300000.0,1630200000.0,127800000.0,1.816,1.261,165300000.0,2100000.0,163200000.0,165300000.0,0.0,69200000.0,0.0,0.0,0.0,222500000.0,291700000.0,0.123,291700000.0,222500000.0,201600000.0,0.89,0.89,0.89,540300000.0,,540300000.0,,,,-23400000.0,-0.163,1.0,747400000.0,0.314,0.0,20900000.0,846200000.0,,271000000.0,0.0,0.0,0.0,681200000.0,421300000.0,259900000.0,,-31200000.0,0.0,23000000.0,-30200000.0,0.0,-7200000.0,-141400000.0,0.0,118000000.0,-600000.0,127800000.0,127800000.0,127800000.0,0.0,0.0,0.054,517000000.0,230400000.0,197200000.0,0.0,,,15.517,434100000.0,0.0,13.81,,0.832,304700000.0,19800000.0,2377600000.0,2377600000.0,123900000.0,,,,0.094,0.0,388000000.0,1.0,,143259144,151331468.0,16.596,1221500000.0,0.0,73800000.0,0.0,8.527,343800000.0
80,LXK,MRT,1995-12-31,1995-12-31,1995-12-31,2019-04-19,,,,,,,,-100200000.0,,,1487900000.0,32400000.0,,,,,,,,99100000.0,,0.0,0.0,82700000.0,181800000.0,0.084,181800000.0,82700000.0,47600000.0,0.235,0.235,0.235,,,,,,,207300000.0,1.505,1.0,669900000.0,0.31,,35100000.0,,,,,,,,,,,108500000.0,0.0,0.0,-97800000.0,0.0,-100000000.0,-100200000.0,0.0,307500000.0,1200000.0,32400000.0,32400000.0,32400000.0,0.0,0.0,0.015,561400000.0,108500000.0,,0.0,,,38.83,,0.0,9.125,,0.582,,,2157800000.0,2157800000.0,116100000.0,,,,0.038,60600000.0,359100000.0,,,137719800,148400558.0,15.668,,,15200000.0,,,
