None,ticker,dimension,calendardate,datekey,reportperiod,lastupdated,accoci,assets,assetsavg,assetsc,assetsnc,assetturnover,bvps,capex,cashneq,cashnequsd,cor,consolinc,currentratio,de,debt,debtc,debtnc,debtusd,deferredrev,depamor,deposits,divyield,dps,ebit,ebitda,ebitdamargin,ebitdausd,ebitusd,ebt,eps,epsdil,epsusd,equity,equityavg,equityusd,ev,evebit,evebitda,fcf,fcfps,fxusd,gp,grossmargin,intangibles,intexp,invcap,invcapavg,inventory,investments,investmentsc,investmentsnc,liabilities,liabilitiesc,liabilitiesnc,marketcap,ncf,ncfbus,ncfcommon,ncfdebt,ncfdiv,ncff,ncfi,ncfinv,ncfo,ncfx,netinc,netinccmn,netinccmnusd,netincdis,netincnci,netmargin,opex,opinc,payables,payoutratio,pb,pe,pe1,ppnenet,prefdivis,price,ps,ps1,receivables,retearn,revenue,revenueusd,rnd,roa,roe,roic,ros,sbcomp,sgna,sharefactor,sharesbas,shareswa,shareswadil,sps,tangibles,taxassets,taxexp,taxliabilities,tbvps,workingcapital
0,CITGQ,MRY,2008-12-31,2008-12-31,2008-12-31,2019-10-15,-205600000.0,80448900000.0,86209325000.0,,,0.022,31.359,-2611600000.0,8365800000.0,8365800000.0,0.0,-2799500000.0,,8.897,66800600000.0,,,66800600000.0,0.0,1407800000.0,2626800000.0,0.121,0.55,-3753100000.0,-2345300000.0,-1.228,-2345300000.0,-3753100000.0,-3753100000.0,-11.06,-11.06,-11.06,8124300000.0,6659650000.0,8124300000.0,63086246375.0,-17.0,-26.899,-2390700000.0,-9.228,1.0,1910200000.0,1.0,698600000.0,0.0,138185100000.0,148729500000.0,0.0,52399200000.0,,,72279800000.0,,,1296346374.0,865300000.0,1555600000.0,1343000000.0,-3097600000.0,-199900000.0,852700000.0,-208300000.0,847700000.0,220900000.0,0.0,-2799500000.0,-2864200000.0,-2864200000.0,2166400000.0,0.0,-1.499,2986500000.0,-1076300000.0,0.0,-0.05,0.16,-0.453,-0.41,12706400000.0,64700000.0,4.54,0.679,0.616,0.0,-5814000000.0,1910200000.0,1910200000.0,0.0,-0.033,-0.43,-0.025,-1.965,0.0,0.0,1.0,285538849.0,259070000.0,259070000.0,7.373,79750300000.0,0.0,-953600000.0,0.0,307.833,
1,CITGQ,MRY,2007-12-31,2007-12-31,2007-12-31,2019-10-15,194800000.0,90613400000.0,86693675000.0,,,0.048,36.364,-2865200000.0,6752500000.0,6752500000.0,0.0,-81000000.0,,12.01,71087600000.0,,,71087600000.0,0.0,1280800000.0,2615600000.0,0.042,1.0,-275400000.0,1005400000.0,0.242,1005400000.0,-275400000.0,-275400000.0,-0.58,-0.57,-0.58,6960600000.0,7217925000.0,6960600000.0,76862479487.0,-279.0,76.45,-536200000.0,-2.801,1.0,4147100000.0,1.0,1152500000.0,0.0,153796000000.0,153156450000.0,0.0,54455700000.0,,,83595300000.0,,,4556779487.0,2033700000.0,-3989200000.0,-519800000.0,10682100000.0,-221900000.0,10458400000.0,-10753700000.0,-3899300000.0,2329000000.0,0.0,-81000000.0,-111000000.0,-111000000.0,873000000.0,0.0,-0.027,3051100000.0,1096000000.0,901400000.0,-1.724,0.655,-41.052,-41.431,12610500000.0,30000000.0,24.03,1.099,1.109,0.0,-2949800000.0,4147100000.0,4147100000.0,0.0,-0.001,-0.015,-0.002,-0.066,42200000.0,0.0,1.0,189628776.0,191412000.0,193927000.0,21.666,89460900000.0,0.0,-194400000.0,0.0,467.374,
2,CITGQ,MRY,2006-12-31,2006-12-31,2006-12-31,2019-10-15,129600000.0,77485700000.0,70788300000.0,,,0.05,38.967,-2860200000.0,4458400000.0,4458400000.0,0.0,1046000000.0,,8.992,62436500000.0,,,62436500000.0,0.0,1066400000.0,2399600000.0,0.014,0.8,1410400000.0,2476800000.0,0.702,2476800000.0,1410400000.0,1410400000.0,5.11,5.0,5.11,7751100000.0,7481525000.0,7751100000.0,68798522124.0,49.0,27.777,-1611900000.0,-8.104,1.0,3527300000.0,1.0,1008400000.0,0.0,134455400000.0,124800025000.0,0.0,57258700000.0,,,69694700000.0,,,11059122124.0,931900000.0,-854700000.0,-124500000.0,9143600000.0,-193500000.0,11197000000.0,-11513400000.0,-7798500000.0,1248300000.0,0.0,1046000000.0,1015800000.0,1015800000.0,-120300000.0,0.0,0.288,2319200000.0,1208100000.0,0.0,0.157,1.427,10.887,10.914,11017900000.0,30200000.0,55.77,3.135,3.145,0.0,-2838900000.0,3527300000.0,3527300000.0,0.0,0.014,0.136,0.011,0.4,74900000.0,0.0,1.0,198298765.0,198912000.0,203111000.0,17.733,76477300000.0,0.0,364400000.0,0.0,384.478,
3,CITGQ,MRY,2005-12-31,2005-12-31,2005-12-31,2019-10-15,115200000.0,63386600000.0,59406675000.0,,,0.043,33.79,-2428200000.0,3658600000.0,3658600000.0,0.0,949100000.0,,8.097,52052300000.0,,,52052300000.0,0.0,922000000.0,261900000.0,0.012,0.61,1413300000.0,2335300000.0,0.914,2335300000.0,1413300000.0,1413300000.0,4.54,4.44,4.54,6962700000.0,6589125000.0,6962700000.0,57575391649.0,41.0,24.654,506800000.0,2.459,1.0,2555600000.0,1.0,1011500000.0,0.0,110768800000.0,104836625000.0,0.0,45824100000.0,,,56374100000.0,,,10344391649.0,1137300000.0,-985400000.0,-584700000.0,5015400000.0,-141400000.0,4895300000.0,-6693000000.0,-3279400000.0,2935000000.0,0.0,949100000.0,936400000.0,936400000.0,0.0,0.0,0.366,1139000000.0,1416600000.0,0.0,0.134,1.486,11.047,11.405,9635700000.0,12700000.0,51.78,4.048,4.175,0.0,-3691400000.0,2555600000.0,2555600000.0,0.0,0.016,0.142,0.013,0.553,43300000.0,1113800000.0,1.0,199775814.0,206059000.0,210734000.0,12.402,62375100000.0,0.0,464200000.0,0.0,302.705,
4,CITGQ,MRY,2004-12-31,2004-12-31,2004-12-31,2019-10-15,-58400000.0,51111300000.0,48514975000.0,,,0.046,28.695,-1546200000.0,2210200000.0,2210200000.0,0.0,753600000.0,,7.434,41572100000.0,,,41572100000.0,0.0,886000000.0,0.0,0.011,0.52,1236800000.0,2122800000.0,0.961,2122800000.0,1236800000.0,1236800000.0,3.57,3.5,3.57,6055100000.0,5769150000.0,6055100000.0,48680932230.0,39.0,22.932,95000000.0,0.45,1.0,2208200000.0,1.0,596500000.0,0.0,89876700000.0,85704850000.0,0.0,37300000000.0,,,45015800000.0,,,9630532230.0,236500000.0,-726800000.0,-62300000.0,3851300000.0,-110900000.0,3650000000.0,-5054700000.0,-2659600000.0,1641200000.0,0.0,753600000.0,753600000.0,753600000.0,0.0,0.0,0.341,1012100000.0,1196100000.0,0.0,0.146,1.59,12.779,12.835,8290900000.0,0.0,45.82,4.361,4.379,0.0,-4499100000.0,2208200000.0,2208200000.0,0.0,0.016,0.131,0.014,0.56,23500000.0,1012100000.0,1.0,210181847.0,211017000.0,215054000.0,10.465,50514800000.0,0.0,483200000.0,0.0,239.387,
5,CITGQ,MRY,2003-12-31,2003-12-31,2003-12-31,2019-10-15,-141600000.0,46342800000.0,44569325000.0,,,0.04,25.483,-2096300000.0,1973700000.0,1973700000.0,0.0,566900000.0,,7.584,37563200000.0,,,37563200000.0,0.0,1086600000.0,0.0,0.013,0.48,931900000.0,2018500000.0,1.137,2018500000.0,931900000.0,931900000.0,2.68,2.66,2.68,5394200000.0,5157325000.0,5394200000.0,42514364204.0,46.0,21.062,385900000.0,1.823,1.0,1775100000.0,1.0,487700000.0,0.0,81444600000.0,78376425000.0,0.0,32955600000.0,,,40909600000.0,,,7668264204.0,-62900000.0,0.0,0.0,1842900000.0,-101800000.0,1737500000.0,-4282600000.0,-2108500000.0,2482200000.0,0.0,566900000.0,566900000.0,566900000.0,0.0,0.0,0.319,888200000.0,886900000.0,0.0,0.179,1.422,13.527,13.414,7615500000.0,0.0,35.95,4.32,4.287,0.0,-5141800000.0,1775100000.0,1775100000.0,0.0,0.013,0.11,0.012,0.525,0.0,888200000.0,1.0,213303594.0,211681000.0,213143000.0,8.386,45855100000.0,0.0,365000000.0,0.0,216.624,
6,CITGQ,MRY,2002-12-31,2002-09-30,2002-09-30,2019-10-15,-196300000.0,42710500000.0,47029900000.0,,,0.038,22.488,-1877200000.0,2274400000.0,2274400000.0,0.0,-6698700000.0,,7.923,34969800000.0,,,34969800000.0,0.0,1286500000.0,0.0,0.0,0.0,-5662100000.0,-4375600000.0,-2.457,-4375600000.0,-5662100000.0,-6324700000.0,-31.66,-31.66,-31.66,4757800000.0,5352700000.0,4757800000.0,36332273246.0,-6.0,-8.303,-742900000.0,-3.511,1.0,1781100000.0,1.0,402000000.0,662600000.0,75003900000.0,81052800000.0,0.0,30111100000.0,,,37695000000.0,,,3809773246.0,1466400000.0,0.0,254600000.0,-3429300000.0,0.0,-2251200000.0,2583300000.0,4513000000.0,1134300000.0,0.0,-6698700000.0,-6698700000.0,-6698700000.0,0.0,0.0,-3.761,7432700000.0,-5651600000.0,0.0,0.0,0.801,-0.569,-0.568,6567400000.0,0.0,17.98,2.139,2.136,0.0,-5722800000.0,1781100000.0,1781100000.0,0.0,-0.142,-1.251,-0.07,-3.179,0.0,921000000.0,1.0,211889502.0,211573000.0,211695000.0,8.418,42308500000.0,0.0,374000000.0,0.0,199.971,
7,CITGQ,MRY,2001-12-31,2001-06-01,2001-06-01,2019-10-15,,,,,,,,-694000000.0,,,0.0,80500000.0,,,,,,,,642400000.0,,,0.0,166400000.0,808800000.0,1.141,808800000.0,166400000.0,165300000.0,0.38,0.38,0.38,,,,,,,367400000.0,,1.0,709100000.0,1.0,,1100000.0,,,,,,,,,,,1344300000.0,0.0,0.0,560000000.0,-52900000.0,535500000.0,-252600000.0,465800000.0,1061400000.0,0.0,80500000.0,80500000.0,80500000.0,0.0,0.0,0.114,537800000.0,171300000.0,,0.0,,,,,0.0,,,,,,709100000.0,709100000.0,0.0,,,,0.235,0.0,446000000.0,1.0,,,,,,,84800000.0,,,
8,CITGQ,MRY,2000-12-31,2000-12-31,2000-12-31,2019-10-15,,,,,,,,-2457600000.0,,,0.0,611600000.0,,,,,,,,1408700000.0,,,0.0,992800000.0,2401500000.0,1.129,2401500000.0,992800000.0,992800000.0,2.89,2.89,2.89,,,,,,,-552400000.0,,1.0,2126200000.0,1.0,,0.0,,,,,,,,,,,-258400000.0,0.0,-67200000.0,2560400000.0,-105900000.0,2387300000.0,-4550900000.0,-2013900000.0,1905200000.0,-2900000.0,611600000.0,611600000.0,611600000.0,0.0,0.0,0.288,1121500000.0,1004700000.0,,0.0,,,,,0.0,,,,,,2126200000.0,2126200000.0,0.0,,,,0.467,0.0,1035200000.0,1.0,,,,,,,381200000.0,,,
0,CITGQ,MRQ,2009-09-30,2009-09-30,2009-09-30,2019-10-15,-68500000.0,69188600000.0,,,,,12.968,-119900000.0,5810700000.0,5810700000.0,0.0,-1033300000.0,,12.597,55643600000.0,,,55643600000.0,0.0,359800000.0,5233700000.0,0.099,0.0,-1066400000.0,-706600000.0,1.323,-706600000.0,-1066400000.0,-1066400000.0,-2.74,-2.74,-2.74,5085800000.0,,5085800000.0,52766119124.0,-16.0,-29.349,396900000.0,1.012,1.0,-534100000.0,1.0,0.0,0.0,119021500000.0,,0.0,45115700000.0,,,64067700000.0,,,474419124.0,1543200000.0,0.0,-100000.0,433200000.0,0.0,297400000.0,729000000.0,848900000.0,516800000.0,0.0,-1033300000.0,-1074500000.0,-1074500000.0,0.0,0.0,2.012,532300000.0,-1066400000.0,0.0,0.0,0.093,-0.141,-0.144,13233600000.0,41200000.0,1.21,1.643,1.644,0.0,-8971100000.0,-534100000.0,-534100000.0,0.0,,,,,0.0,0.0,1.0,392081921.0,392195000.0,392195000.0,-1.362,69188600000.0,0.0,-33100000.0,0.0,176.414,
1,CITGQ,MRQ,2009-06-30,2009-06-30,2009-06-30,2019-10-15,-134700000.0,71019200000.0,,,,,15.566,-374400000.0,4467700000.0,4467700000.0,0.0,-1619200000.0,,10.676,56759400000.0,,,56759400000.0,0.0,320600000.0,5378700000.0,0.102,0.0,-1605800000.0,-1285200000.0,3.861,-1285200000.0,-1605800000.0,-1605800000.0,-4.3,-4.3,-4.3,6078900000.0,,6078900000.0,57029034301.0,-21.0,-46.945,399600000.0,1.023,1.0,-332900000.0,1.0,0.0,0.0,123310900000.0,,0.0,47512600000.0,,,64901200000.0,,,836134301.0,-1164500000.0,0.0,13200000.0,-5878300000.0,-49200000.0,-3525700000.0,1587200000.0,1961600000.0,774000000.0,0.0,-1618500000.0,-1680100000.0,-1680100000.0,0.0,-700000.0,5.047,1272900000.0,-1605800000.0,0.0,0.0,0.138,-0.321,-0.319,13380100000.0,61600000.0,2.15,0.602,0.604,0.0,-7896600000.0,-332900000.0,-332900000.0,0.0,,,,,0.0,0.0,1.0,388899675.0,390535000.0,390535000.0,-0.852,71019200000.0,0.0,12700000.0,0.0,181.851,
2,CITGQ,MRQ,2009-03-31,2009-03-31,2009-03-31,2019-10-15,-232900000.0,75657000000.0,,,,,19.087,-683000000.0,5991300000.0,5991300000.0,0.0,-341800000.0,,9.185,62184200000.0,,,62184200000.0,0.0,375100000.0,3024900000.0,0.112,0.02,-350300000.0,24800000.0,0.225,24800000.0,-350300000.0,-350300000.0,-1.04,-1.04,-1.04,7423600000.0,,7423600000.0,59542794928.0,-17.0,-28.205,-581900000.0,-1.496,1.0,110300000.0,1.0,694700000.0,0.0,131155200000.0,,0.0,49915100000.0,,,68188600000.0,,,1107994928.0,-1735400000.0,44200000.0,0.0,-3798700000.0,-42100000.0,-3490400000.0,1653900000.0,2292700000.0,101100000.0,0.0,-342300000.0,-402700000.0,-402700000.0,0.0,500000.0,-3.651,444600000.0,-334300000.0,309500000.0,-0.019,0.149,-0.368,-0.276,13175200000.0,60400000.0,2.85,0.461,0.462,0.0,-6217200000.0,110300000.0,110300000.0,0.0,,,,,0.0,0.0,1.0,388770150.0,388940000.0,388940000.0,0.284,74962300000.0,0.0,-8000000.0,0.0,192.735,
3,CITGQ,MRQ,2008-12-31,2008-12-31,2008-12-31,2019-10-15,-205600000.0,80448900000.0,,,,,27.567,-714200000.0,8365800000.0,8365800000.0,0.0,-184900000.0,,8.897,66800600000.0,,,66800600000.0,0.0,430700000.0,2626800000.0,0.121,0.1,-261600000.0,169100000.0,0.162,169100000.0,-261600000.0,-261600000.0,-0.3,-0.3,-0.3,8124300000.0,,8124300000.0,63086246375.0,-17.0,-26.899,-995100000.0,-3.377,1.0,1045400000.0,1.0,698600000.0,0.0,138185100000.0,,0.0,52399200000.0,,,72279800000.0,,,1296346374.0,657000000.0,0.0,-223600000.0,-2779900000.0,-49700000.0,178200000.0,759700000.0,1473900000.0,-280900000.0,0.0,-184900000.0,-205300000.0,-205300000.0,57000000.0,0.0,-0.196,1488900000.0,-443500000.0,0.0,-0.333,0.16,-0.453,-0.41,12706400000.0,20400000.0,4.54,0.679,0.616,0.0,-5814000000.0,1045400000.0,1045400000.0,0.0,,,,,0.0,-928000000.0,1.0,285538849.0,294707000.0,294707000.0,3.547,79750300000.0,0.0,-76700000.0,0.0,270.609,
4,CITGQ,MRQ,2008-09-30,2008-09-30,2008-09-30,2019-10-15,139900000.0,80845300000.0,,,,,20.02,-524700000.0,7426100000.0,7426100000.0,0.0,-296200000.0,,13.134,69216000000.0,,,69216000000.0,0.0,341800000.0,2248300000.0,0.101,0.1,-465300000.0,-123500000.0,-0.218,-123500000.0,-465300000.0,-465300000.0,-1.11,-1.11,-1.11,5716000000.0,,5716000000.0,63900201341.0,-19.0,-30.724,-1259300000.0,-4.411,1.0,567000000.0,1.0,688700000.0,0.0,141946500000.0,,0.0,55497700000.0,,,75076000000.0,,,1986101340.0,-1519100000.0,1215000000.0,0.0,-1094700000.0,-49600000.0,-752900000.0,-31600000.0,-721900000.0,-734600000.0,0.0,-296700000.0,-316800000.0,-316800000.0,-4400000.0,500000.0,-0.559,1074400000.0,-507400000.0,0.0,-0.09,0.347,-0.715,-0.632,12359500000.0,20100000.0,6.96,0.538,0.539,0.0,-5608700000.0,567000000.0,567000000.0,0.0,,,,,0.0,0.0,1.0,285359388.0,285509000.0,285509000.0,1.986,80156600000.0,0.0,-168600000.0,0.0,280.75,
5,CITGQ,MRQ,2008-06-30,2008-06-30,2008-06-30,2019-10-15,240800000.0,87819400000.0,,,,,23.28,-712300000.0,9187000000.0,9187000000.0,0.0,-2068100000.0,,13.26,71101100000.0,,,71101100000.0,0.0,300500000.0,2002100000.0,0.125,0.1,-2482000000.0,-2181500000.0,-3.214,-2181500000.0,-2482000000.0,-2482000000.0,-7.88,-7.88,-7.88,6154700000.0,,6154700000.0,73578926108.0,-24.0,-41.044,297300000.0,1.125,1.0,678800000.0,1.0,1165600000.0,0.0,148567900000.0,,0.0,54675900000.0,,,81611000000.0,,,1924626108.0,-1006100000.0,340600000.0,1535400000.0,-5734100000.0,-44900000.0,-4775500000.0,2759800000.0,3131500000.0,1009600000.0,0.0,-2067900000.0,-2084600000.0,-2084600000.0,2115800000.0,-200000.0,-3.071,609700000.0,69100000.0,0.0,-0.013,0.313,-0.767,-0.671,12342400000.0,16700000.0,6.81,0.513,0.48,0.0,-5291400000.0,678800000.0,678800000.0,0.0,,,,,0.0,0.0,1.0,282617637.0,264381000.0,264381000.0,2.568,86653800000.0,0.0,-414100000.0,0.0,327.761,
6,CITGQ,MRQ,2008-03-31,2008-03-31,2008-03-31,2019-10-15,152800000.0,95723700000.0,,,,,34.767,-660400000.0,10340300000.0,10340300000.0,0.0,-227700000.0,,13.4,81994600000.0,,,81994600000.0,0.0,334800000.0,2406500000.0,0.084,0.25,-340100000.0,-5300000.0,-0.011,-5300000.0,-340100000.0,-340100000.0,-1.35,-1.35,-1.35,6643600000.0,,6643600000.0,71074390988.0,-83.0,152.586,-433600000.0,-2.269,1.0,478400000.0,1.0,1159500000.0,0.0,166218500000.0,,0.0,66185800000.0,,,89025800000.0,,,2266090988.0,2733500000.0,0.0,31200000.0,6511100000.0,-55700000.0,6202900000.0,-3696200000.0,-3035800000.0,226800000.0,0.0,-238700000.0,-246200000.0,-246200000.0,-2000000.0,11000000.0,-0.515,815500000.0,-337100000.0,0.0,-0.185,0.341,-4.063,-3.99,12203700000.0,7500000.0,11.85,0.572,0.572,0.0,-3207000000.0,478400000.0,478400000.0,0.0,,,,,0.0,0.0,1.0,191231307.0,191091000.0,191091000.0,2.504,94564200000.0,0.0,-101400000.0,0.0,494.865,
7,CITGQ,MRQ,2007-12-31,2007-12-31,2007-12-31,2019-10-15,194800000.0,90613400000.0,,,,,36.671,-875200000.0,6752500000.0,6752500000.0,0.0,-123200000.0,,12.01,71087600000.0,,,71087600000.0,0.0,372000000.0,2615600000.0,0.042,0.25,-141500000.0,230500000.0,0.117,230500000.0,-141500000.0,-141500000.0,-0.68,-0.67,-0.68,6960600000.0,,6960600000.0,76862479487.0,-279.0,76.45,303200000.0,1.597,1.0,1964800000.0,1.0,1152500000.0,0.0,153796000000.0,,0.0,54455700000.0,,,83595300000.0,,,4556779487.0,1644200000.0,-23600000.0,15100000.0,459700000.0,-50600000.0,128700000.0,337100000.0,1235900000.0,1178400000.0,0.0,-123200000.0,-130700000.0,-130700000.0,185600000.0,0.0,-0.067,1987500000.0,-22700000.0,901400000.0,-0.368,0.655,-41.052,-41.431,12610500000.0,7500000.0,24.03,1.099,1.109,0.0,-2949800000.0,1964800000.0,1964800000.0,0.0,,,,,-400000.0,-1026400000.0,1.0,189628776.0,189810000.0,190909000.0,10.351,89460900000.0,0.0,-18300000.0,0.0,471.318,
8,CITGQ,MRQ,2007-09-30,2007-09-30,2007-09-30,2019-10-15,200400000.0,88938400000.0,,,,,37.748,-557000000.0,4998000000.0,4998000000.0,0.0,-38800000.0,,11.398,77303700000.0,,,77303700000.0,0.0,298000000.0,3023700000.0,0.024,0.25,-134400000.0,163600000.0,0.259,163600000.0,-134400000.0,-134400000.0,-0.24,-0.24,-0.24,7169400000.0,,7169400000.0,75394717911.0,308.0,53.692,-177900000.0,-0.937,1.0,631400000.0,1.0,1459100000.0,0.0,159785000000.0,,0.0,66524300000.0,,,81714600000.0,,,7670117911.0,-607200000.0,-76100000.0,-33600000.0,2749000000.0,-56400000.0,2743800000.0,-3730100000.0,-3097000000.0,379100000.0,0.0,-38800000.0,-46300000.0,-46300000.0,247300000.0,0.0,-0.073,345700000.0,285700000.0,0.0,-1.042,1.07,27.482,28.714,11930300000.0,7500000.0,40.2,2.067,2.058,0.0,-2967900000.0,631400000.0,631400000.0,0.0,,,,,7500000.0,343400000.0,1.0,190798953.0,189930000.0,191527000.0,3.324,87479300000.0,0.0,-95600000.0,0.0,460.587,
9,CITGQ,MRQ,2007-06-30,2007-06-30,2007-06-30,2019-10-15,217000000.0,85163200000.0,,,,,38.131,-736800000.0,5433400000.0,5433400000.0,0.0,-127000000.0,,10.638,73158000000.0,,,73158000000.0,0.0,318600000.0,3352300000.0,0.016,0.25,-241600000.0,77000000.0,0.087,77000000.0,-241600000.0,-241600000.0,-0.7,-0.69,-0.7,7313800000.0,,7313800000.0,77247370892.0,108.0,39.911,-420800000.0,-2.194,1.0,887400000.0,1.0,1382100000.0,0.0,151505700000.0,,0.0,62760700000.0,,,77802200000.0,,,10515570892.0,1955900000.0,-2053900000.0,-82200000.0,2919800000.0,-56000000.0,2941100000.0,-1301200000.0,1489500000.0,316000000.0,0.0,-127000000.0,-134500000.0,-134500000.0,479100000.0,0.0,-0.152,386600000.0,500800000.0,0.0,-0.357,1.438,17.065,17.687,11932500000.0,7500000.0,54.83,2.784,2.784,0.0,-2872600000.0,887400000.0,887400000.0,0.0,,,,,17600000.0,351700000.0,1.0,191784988.0,191808000.0,195349000.0,4.627,83781100000.0,0.0,-114600000.0,0.0,436.797,
10,CITGQ,MRQ,2007-03-31,2007-03-31,2007-03-31,2019-10-15,121500000.0,82059700000.0,,,,,38.269,-696200000.0,3464400000.0,3464400000.0,0.0,208100000.0,,10.042,70196200000.0,,,70196200000.0,0.0,292200000.0,2908800000.0,0.016,0.25,242200000.0,534400000.0,0.725,534400000.0,242200000.0,242200000.0,1.03,1.01,1.03,7427900000.0,,7427900000.0,70617600083.0,54.0,28.729,-240700000.0,-1.24,1.0,737400000.0,1.0,1252400000.0,0.0,147539100000.0,,0.0,62609300000.0,,,74592200000.0,,,10239900083.0,-959200000.0,-1835600000.0,-419100000.0,4553600000.0,-58900000.0,4644800000.0,-6059500000.0,-3527700000.0,455500000.0,0.0,208100000.0,200600000.0,200600000.0,0.0,0.0,0.272,355800000.0,381600000.0,0.0,0.243,1.379,10.378,10.627,11294400000.0,7500000.0,52.92,2.852,2.86,0.0,-2689600000.0,737400000.0,737400000.0,0.0,,,,,17500000.0,355800000.0,1.0,193497734.0,194099000.0,197922000.0,3.799,80807300000.0,0.0,34100000.0,0.0,416.32,
11,CITGQ,MRQ,2006-12-31,2006-12-31,2006-12-31,2019-10-15,129600000.0,77485700000.0,,,,,39.086,-990500000.0,4458400000.0,4458400000.0,0.0,266800000.0,,8.992,62436500000.0,,,62436500000.0,0.0,250900000.0,2399600000.0,0.014,0.2,378300000.0,629200000.0,0.433,629200000.0,378300000.0,378300000.0,1.31,1.28,1.31,7751100000.0,,7751100000.0,68798522124.0,49.0,27.777,-807300000.0,-4.071,1.0,1454500000.0,1.0,1008400000.0,0.0,134455400000.0,,0.0,57258700000.0,,,69694700000.0,,,11059122124.0,988700000.0,-701700000.0,-13000000.0,573000000.0,-48500000.0,2755100000.0,-1949600000.0,-257400000.0,183200000.0,0.0,266800000.0,259300000.0,259300000.0,-120300000.0,0.0,0.178,1280000000.0,174500000.0,0.0,0.153,1.427,10.887,10.914,11017900000.0,7500000.0,55.77,3.135,3.145,0.0,-2838900000.0,1454500000.0,1454500000.0,0.0,,,,,16300000.0,-1019600000.0,1.0,198298765.0,198309000.0,201950000.0,7.335,76477300000.0,0.0,111500000.0,0.0,385.647,
12,CITGQ,MRQ,2006-09-30,2006-09-30,2006-09-30,2019-10-15,165500000.0,73189600000.0,,,,,38.039,-435300000.0,3344300000.0,3344300000.0,0.0,298300000.0,,8.677,61083700000.0,,,61083700000.0,0.0,356900000.0,2210300000.0,0.016,0.2,338000000.0,694900000.0,0.995,694900000.0,338000000.0,338000000.0,1.46,1.44,1.46,7559200000.0,,7559200000.0,63154315931.0,45.0,25.946,-206600000.0,-1.04,1.0,698400000.0,1.0,1028000000.0,0.0,129901000000.0,,0.0,55416800000.0,,,65592000000.0,,,9669415931.0,931600000.0,800000.0,-53800000.0,3905200000.0,-48000000.0,3871700000.0,-3168800000.0,-2734300000.0,228700000.0,0.0,298300000.0,290800000.0,290800000.0,0.0,0.0,0.416,360200000.0,338200000.0,0.0,0.137,1.279,9.623,9.687,10472500000.0,7500000.0,48.63,3.534,3.532,0.0,-3057200000.0,698400000.0,698400000.0,0.0,,,,,19400000.0,351700000.0,1.0,198836437.0,198724000.0,202151000.0,3.514,72161600000.0,0.0,39700000.0,0.0,363.125,
13,CITGQ,MRQ,2006-06-30,2006-06-30,2006-06-30,2019-10-15,222900000.0,67747400000.0,,,,,37.205,-856200000.0,2453300000.0,2453300000.0,0.0,243500000.0,,8.136,55938200000.0,,,55938200000.0,0.0,244200000.0,1395100000.0,0.014,0.2,355400000.0,599600000.0,0.856,599600000.0,355400000.0,355400000.0,1.18,1.16,1.18,7410900000.0,,7410900000.0,61351649862.0,45.0,27.378,-409300000.0,-2.055,1.0,700700000.0,1.0,1033600000.0,0.0,120198700000.0,,0.0,51136800000.0,,,60297800000.0,,,10423649862.0,304400000.0,-162500000.0,-69200000.0,3261300000.0,-48300000.0,3190700000.0,-3333200000.0,-2314500000.0,446900000.0,0.0,243500000.0,236000000.0,236000000.0,0.0,0.0,0.337,344800000.0,355900000.0,0.0,0.169,1.407,11.264,11.367,10583600000.0,7500000.0,52.29,3.974,3.971,0.0,-3307500000.0,700700000.0,700700000.0,0.0,,,,,18400000.0,344800000.0,1.0,199343084.0,199189000.0,203923000.0,3.518,66713800000.0,0.0,111900000.0,0.0,334.927,
14,CITGQ,MRQ,2006-03-31,2006-03-31,2006-03-31,2019-10-15,151100000.0,64730500000.0,,,,,36.122,-578200000.0,2265700000.0,2265700000.0,0.0,237400000.0,,7.977,53193700000.0,,,53193700000.0,0.0,214400000.0,687900000.0,0.013,0.2,338700000.0,553100000.0,0.821,553100000.0,338700000.0,338700000.0,1.15,1.12,1.15,7204900000.0,,7204900000.0,59067171443.0,43.0,25.965,-188700000.0,-0.946,1.0,673700000.0,1.0,1013500000.0,0.0,114645000000.0,,0.0,48889100000.0,,,57475400000.0,,,10673471443.0,-1292800000.0,8700000.0,11500000.0,1404100000.0,-48700000.0,1379500000.0,-3061800000.0,-2492300000.0,389500000.0,0.0,237400000.0,229700000.0,229700000.0,0.0,0.0,0.341,334200000.0,339500000.0,0.0,0.174,1.481,11.373,11.635,10166000000.0,7700000.0,53.52,4.106,4.107,0.0,-3502700000.0,673700000.0,673700000.0,0.0,,,,,20800000.0,323100000.0,1.0,199429586.0,199462000.0,204455000.0,3.378,63717000000.0,0.0,101300000.0,0.0,319.444,
15,CITGQ,MRQ,2005-12-31,2005-12-31,2005-12-31,2019-10-15,115200000.0,63386600000.0,,,,,34.818,-676900000.0,3658600000.0,3658600000.0,0.0,255800000.0,,8.097,52052300000.0,,,52052300000.0,0.0,223800000.0,261900000.0,0.012,0.16,362700000.0,586500000.0,0.884,586500000.0,362700000.0,362700000.0,1.23,1.2,1.23,6962700000.0,,6962700000.0,57575391649.0,41.0,24.654,27800000.0,0.139,1.0,663100000.0,1.0,1011500000.0,0.0,110768800000.0,,0.0,45824100000.0,,,56374100000.0,,,10344391649.0,1412100000.0,-247300000.0,-63500000.0,2196700000.0,-41500000.0,2253700000.0,-1546300000.0,-622100000.0,704700000.0,0.0,255800000.0,248300000.0,248300000.0,0.0,0.0,0.374,299900000.0,363200000.0,0.0,0.13,1.486,11.047,11.405,9635700000.0,7500000.0,51.78,4.048,4.175,0.0,-3691400000.0,663100000.0,663100000.0,0.0,,,,,10600000.0,299900000.0,1.0,199775814.0,199972000.0,205196000.0,3.316,62375100000.0,0.0,106900000.0,0.0,311.919,
16,CITGQ,MRQ,2005-09-30,2005-09-30,2005-09-30,2019-10-15,-50600000.0,60150200000.0,,,,,32.554,-766200000.0,1935400000.0,1935400000.0,0.0,216600000.0,,8.09,49166400000.0,,,49166400000.0,0.0,198300000.0,0.0,0.013,0.16,303400000.0,501700000.0,0.857,501700000.0,303400000.0,303400000.0,1.04,1.02,1.04,6611800000.0,,6611800000.0,53989204262.0,39.0,24.29,-34300000.0,-0.169,1.0,585300000.0,1.0,1003800000.0,0.0,106377400000.0,,0.0,45061700000.0,,,53488600000.0,,,9113204262.0,-296300000.0,-525500000.0,-521200000.0,1730100000.0,-38000000.0,1689900000.0,-2718100000.0,-1259200000.0,731900000.0,0.0,216600000.0,211400000.0,211400000.0,0.0,0.0,0.361,281100000.0,304200000.0,0.0,0.154,1.378,10.218,10.581,9184400000.0,5200000.0,45.18,3.645,3.67,0.0,-3905700000.0,585300000.0,585300000.0,0.0,,,,,9600000.0,281100000.0,1.0,201708815.0,203103000.0,207952000.0,2.882,59146400000.0,0.0,86800000.0,0.0,291.214,
17,CITGQ,MRQ,2005-06-30,2005-06-30,2005-06-30,2019-10-15,-29600000.0,57305300000.0,,,,,30.625,-658900000.0,2231700000.0,2231700000.0,0.0,249100000.0,,7.881,47026000000.0,,,47026000000.0,0.0,251600000.0,0.0,0.013,0.16,382000000.0,633600000.0,0.936,633600000.0,382000000.0,382000000.0,1.18,1.16,1.18,6446800000.0,,6446800000.0,54201379699.0,39.0,23.779,-96500000.0,-0.458,1.0,677100000.0,1.0,903100000.0,0.0,101196500000.0,,0.0,42443500000.0,,,50809200000.0,,,9044379699.0,828000000.0,133900000.0,0.0,887400000.0,-34100000.0,787600000.0,-522000000.0,-97700000.0,562400000.0,0.0,249100000.0,249100000.0,249100000.0,0.0,0.0,0.368,294000000.0,383100000.0,0.0,0.136,1.403,10.463,10.48,8642900000.0,0.0,42.97,3.669,3.67,0.0,-4084300000.0,677100000.0,677100000.0,0.0,,,,,23100000.0,268800000.0,1.0,210481259.0,210506000.0,214699000.0,3.217,56402200000.0,0.0,132900000.0,0.0,267.936,
18,CITGQ,MRQ,2005-03-31,2005-03-31,2005-03-31,2019-10-15,31200000.0,56784600000.0,,,,,30.074,-326200000.0,1638100000.0,1638100000.0,0.0,227600000.0,,7.956,46763700000.0,,,46763700000.0,0.0,248300000.0,0.0,0.014,0.13,365200000.0,613500000.0,0.974,613500000.0,365200000.0,365200000.0,1.08,1.06,1.08,6335200000.0,,6335200000.0,47374255632.0,37.0,21.754,609800000.0,2.895,1.0,630100000.0,1.0,906400000.0,0.0,101003800000.0,,0.0,43164200000.0,,,50400600000.0,,,8012355632.0,-806500000.0,-346500000.0,0.0,201200000.0,-27800000.0,164100000.0,-1906600000.0,-1300400000.0,936000000.0,0.0,227600000.0,227600000.0,227600000.0,0.0,0.0,0.361,264000000.0,366100000.0,0.0,0.12,1.265,10.118,10.133,8313100000.0,0.0,38.0,3.439,3.436,0.0,-4299300000.0,630100000.0,630100000.0,0.0,,,,,0.0,264000000.0,1.0,210851464.0,210656000.0,215090000.0,2.991,55878200000.0,0.0,137600000.0,0.0,265.258,
19,CITGQ,MRQ,2004-12-31,2004-12-31,2004-12-31,2019-10-15,-58400000.0,51111300000.0,,,,,28.805,-671900000.0,2210200000.0,2210200000.0,0.0,203800000.0,,7.434,41572100000.0,,,41572100000.0,0.0,138500000.0,0.0,0.011,0.13,335400000.0,473900000.0,0.78,473900000.0,335400000.0,335400000.0,0.97,0.94,0.97,6055100000.0,,6055100000.0,48680932230.0,39.0,22.932,373200000.0,1.775,1.0,607900000.0,1.0,596500000.0,0.0,89876700000.0,,0.0,37300000000.0,,,45015800000.0,,,9630532230.0,50100000.0,-2000000.0,-62300000.0,45400000.0,-27300000.0,11600000.0,-1006600000.0,-255500000.0,1045100000.0,0.0,203800000.0,203800000.0,203800000.0,0.0,0.0,0.335,271600000.0,336300000.0,0.0,0.134,1.59,12.779,12.835,8290900000.0,0.0,45.82,4.361,4.379,0.0,-4499100000.0,607900000.0,607900000.0,0.0,,,,,23500000.0,271600000.0,1.0,210181847.0,210210000.0,214868000.0,2.892,50514800000.0,0.0,131600000.0,0.0,240.306,
20,CITGQ,MRQ,2004-09-30,2004-09-30,2004-09-30,2019-10-15,-81100000.0,50013700000.0,,,,,27.731,-325600000.0,2160100000.0,2160100000.0,0.0,183900000.0,,7.561,41210500000.0,,,41210500000.0,0.0,256800000.0,0.0,0.014,0.13,301600000.0,558400000.0,1.015,558400000.0,301600000.0,301600000.0,0.87,0.86,0.87,5837000000.0,,5837000000.0,44083657483.0,38.0,20.433,-178300000.0,-0.847,1.0,549900000.0,1.0,594400000.0,0.0,88469700000.0,,0.0,36850600000.0,,,44136000000.0,,,7882357483.0,382400000.0,-724800000.0,0.0,2658900000.0,-27700000.0,2583200000.0,-2348100000.0,-1201700000.0,147300000.0,0.0,183900000.0,183900000.0,183900000.0,0.0,0.0,0.334,248100000.0,301800000.0,0.0,0.149,1.35,11.181,11.262,7932900000.0,0.0,37.39,3.912,3.906,0.0,-4675600000.0,549900000.0,549900000.0,0.0,,,,,0.0,248100000.0,1.0,210814589.0,210489000.0,214179000.0,2.612,49419300000.0,0.0,117700000.0,0.0,234.783,
21,CITGQ,MRQ,2004-06-30,2004-06-30,2004-06-30,2019-10-15,-118100000.0,46682500000.0,,,,,26.908,-280000000.0,1777700000.0,1777700000.0,0.0,176600000.0,,7.195,37979000000.0,,,37979000000.0,0.0,242500000.0,0.0,0.013,0.13,289400000.0,531900000.0,0.982,531900000.0,289400000.0,289400000.0,0.83,0.82,0.83,5691800000.0,,5691800000.0,44445657372.0,41.0,21.132,-549300000.0,-2.597,1.0,541800000.0,1.0,516400000.0,0.0,82367400000.0,,0.0,34045000000.0,,,40952600000.0,,,8106957372.0,421200000.0,0.0,0.0,769100000.0,-27900000.0,713300000.0,-22800000.0,205000000.0,-269300000.0,0.0,176600000.0,176600000.0,176600000.0,0.0,0.0,0.326,252400000.0,289400000.0,0.0,0.157,1.424,12.12,12.156,7838800000.0,0.0,38.29,4.184,4.18,0.0,-4831800000.0,541800000.0,541800000.0,0.0,,,,,0.0,252400000.0,1.0,211725186.0,211532000.0,215359000.0,2.561,46166100000.0,0.0,112800000.0,0.0,218.246,
22,CITGQ,MRQ,2004-03-31,2004-03-31,2004-03-31,2019-10-15,-196400000.0,46252400000.0,,,,,25.929,-268700000.0,1356500000.0,1356500000.0,0.0,189300000.0,,7.414,37695200000.0,,,37695200000.0,0.0,248200000.0,0.0,0.013,0.13,310400000.0,558600000.0,1.098,558600000.0,310400000.0,310400000.0,0.89,0.88,0.89,5492700000.0,,5492700000.0,43650392005.0,42.0,21.003,449400000.0,2.121,1.0,508600000.0,1.0,485500000.0,0.0,82105600000.0,,0.0,33921500000.0,,,40721100000.0,,,8060892005.0,-617200000.0,0.0,0.0,377900000.0,-28000000.0,341900000.0,-1677200000.0,-1407400000.0,718100000.0,0.0,189300000.0,189300000.0,189300000.0,0.0,0.0,0.372,240000000.0,268600000.0,0.0,0.146,1.468,12.811,12.811,7576200000.0,0.0,38.05,4.368,4.368,0.0,-4980500000.0,508600000.0,508600000.0,0.0,,,,,0.0,240000000.0,1.0,211849987.0,211839000.0,215809000.0,2.401,45766900000.0,0.0,121100000.0,0.0,216.046,
23,CITGQ,MRQ,2003-12-31,2003-12-31,2003-12-31,2019-10-15,-141600000.0,46342800000.0,,,,,25.465,-424200000.0,1973700000.0,1973700000.0,0.0,155200000.0,,7.584,37563200000.0,,,37563200000.0,0.0,255200000.0,0.0,0.013,0.12,253400000.0,508600000.0,1.227,508600000.0,253400000.0,253400000.0,0.73,0.72,0.73,5394200000.0,,5394200000.0,42514364204.0,46.0,21.062,512100000.0,2.418,1.0,414500000.0,1.0,487700000.0,0.0,81444600000.0,,0.0,32955600000.0,,,40909600000.0,,,7668264204.0,-295300000.0,0.0,0.0,-314100000.0,-25500000.0,-342000000.0,-889600000.0,-364600000.0,936300000.0,0.0,155200000.0,155200000.0,155200000.0,0.0,0.0,0.374,211800000.0,202700000.0,0.0,0.164,1.422,13.527,13.414,7615500000.0,0.0,35.95,4.32,4.287,0.0,-5141800000.0,414500000.0,414500000.0,0.0,,,,,0.0,211800000.0,1.0,213303594.0,211825000.0,215078000.0,1.957,45855100000.0,0.0,98200000.0,0.0,216.476,
24,CITGQ,MRQ,2003-09-30,2003-09-30,2003-09-30,2019-10-15,-227600000.0,45500600000.0,,,,,24.469,-317100000.0,2269000000.0,2269000000.0,0.0,147800000.0,,7.775,37115100000.0,,,37115100000.0,0.0,261700000.0,0.0,0.017,0.12,242400000.0,504100000.0,1.066,504100000.0,242400000.0,242400000.0,0.7,0.69,0.7,5180900000.0,,5180900000.0,39565696917.0,43.0,19.485,325800000.0,1.539,1.0,472900000.0,1.0,388700000.0,0.0,79958000000.0,,0.0,30608000000.0,,,40279800000.0,,,6086596917.0,845700000.0,0.0,0.0,1478500000.0,-25500000.0,1451800000.0,-1249000000.0,-1002700000.0,642900000.0,0.0,147800000.0,147800000.0,147800000.0,0.0,0.0,0.313,230300000.0,242600000.0,0.0,0.171,1.175,11.007,10.977,7485300000.0,0.0,28.76,3.327,3.329,0.0,-5271500000.0,472900000.0,472900000.0,0.0,,,,,0.0,230300000.0,1.0,211634107.0,211735000.0,213529000.0,2.233,45111900000.0,0.0,94600000.0,0.0,213.058,
25,CITGQ,MRQ,2003-06-30,2003-06-30,2003-06-30,2019-10-15,-228500000.0,43184700000.0,,,,,23.903,-1021600000.0,1423300000.0,1423300000.0,0.0,136900000.0,,7.488,34902400000.0,,,34902400000.0,0.0,280900000.0,0.0,0.015,0.12,226100000.0,507000000.0,1.128,507000000.0,226100000.0,226100000.0,0.65,0.65,0.65,5057600000.0,,5057600000.0,38179579380.0,43.0,18.494,-617300000.0,-2.917,1.0,449500000.0,1.0,389800000.0,0.0,76274000000.0,,0.0,28868700000.0,,,37870700000.0,,,5215279380.0,-602100000.0,0.0,0.0,-163800000.0,-25400000.0,-189200000.0,-817200000.0,210800000.0,404300000.0,0.0,136900000.0,136900000.0,136900000.0,0.0,0.0,0.305,220700000.0,228800000.0,0.0,0.185,1.031,9.66,9.629,7560000000.0,0.0,24.65,2.876,2.876,0.0,-5393800000.0,449500000.0,449500000.0,0.0,,,,,0.0,220700000.0,1.0,211573200.0,211588000.0,212066000.0,2.124,42794900000.0,0.0,89200000.0,0.0,202.256,
26,CITGQ,MRQ,2003-03-31,2003-03-31,2003-03-31,2019-10-15,-177200000.0,43249200000.0,,,,,23.616,-333400000.0,2025400000.0,2025400000.0,0.0,127000000.0,,7.604,34989700000.0,,,34989700000.0,0.0,288800000.0,0.0,0.014,0.12,209900000.0,498700000.0,1.138,498700000.0,209900000.0,209900000.0,0.6,0.6,0.6,4996600000.0,,4996600000.0,35481824152.0,-27.0,-266.38,165300000.0,0.781,1.0,438200000.0,1.0,384400000.0,0.0,75829100000.0,,0.0,29170600000.0,,,37995800000.0,,,3567124152.0,-11200000.0,0.0,0.0,842300000.0,-25400000.0,816900000.0,-1326800000.0,-952000000.0,498700000.0,0.0,127000000.0,127000000.0,127000000.0,0.0,0.0,0.29,225600000.0,212600000.0,0.0,0.2,0.714,-1.788,-1.79,6831400000.0,0.0,16.86,2.218,2.218,0.0,-5505300000.0,438200000.0,438200000.0,0.0,,,,,0.0,225600000.0,1.0,211573200.0,211573000.0,211899000.0,2.071,42864800000.0,0.0,82900000.0,0.0,202.601,
27,CITGQ,MRQ,2002-12-31,2002-12-31,2002-12-31,2019-10-15,-200700000.0,41932400000.0,,,,,23.021,-449100000.0,2036600000.0,2036600000.0,0.0,141300000.0,,7.556,33951300000.0,,,33951300000.0,0.0,287500000.0,0.0,0.006,0.12,233300000.0,520800000.0,1.111,520800000.0,233300000.0,233300000.0,0.67,0.67,0.67,4870700000.0,,4870700000.0,36842234720.0,-6.0,-8.053,-30600000.0,-0.145,1.0,468600000.0,1.0,400900000.0,0.0,73446200000.0,,0.0,29525300000.0,,,36804500000.0,,,4146834720.0,-237800000.0,0.0,0.0,-809700000.0,-25400000.0,-835100000.0,178800000.0,632200000.0,418500000.0,0.0,141300000.0,141300000.0,141300000.0,0.0,0.0,0.302,232600000.0,236000000.0,0.0,0.179,0.851,-0.615,-0.615,6704600000.0,0.0,19.6,2.505,2.505,0.0,-5606900000.0,468600000.0,468600000.0,0.0,,,,,0.0,232600000.0,1.0,211573200.0,211573000.0,211826000.0,2.215,41531500000.0,0.0,92000000.0,0.0,196.299,
28,CITGQ,MRQ,2002-09-30,2002-09-30,2002-09-30,2019-10-15,-196300000.0,42710500000.0,,,,,22.488,-300900000.0,2274400000.0,2274400000.0,0.0,134700000.0,,7.923,34969800000.0,,,34969800000.0,0.0,319100000.0,0.0,0.0,0.0,218800000.0,537900000.0,1.177,537900000.0,218800000.0,218800000.0,0.64,0.64,0.64,4757800000.0,,4757800000.0,36332273246.0,-6.0,-8.303,-629500000.0,-2.975,1.0,457100000.0,1.0,402000000.0,0.0,75003900000.0,,0.0,30111100000.0,,,37695000000.0,,,3809773246.0,193800000.0,0.0,254600000.0,-187800000.0,0.0,790300000.0,-267900000.0,40100000.0,-328600000.0,0.0,134700000.0,134700000.0,134700000.0,0.0,0.0,0.295,235600000.0,221500000.0,0.0,0.0,0.801,-0.569,-0.568,6567400000.0,0.0,17.98,2.139,2.136,0.0,-5722800000.0,457100000.0,457100000.0,0.0,,,,,0.0,235600000.0,1.0,211889502.0,211573000.0,,2.16,42308500000.0,0.0,84100000.0,0.0,199.971,
29,CITGQ,MRQ,2002-06-30,2002-06-30,2002-06-30,2019-10-15,-50600000.0,41336700000.0,,,,,22.547,-555400000.0,2080600000.0,2080600000.0,0.0,-2397800000.0,,8.1,34603100000.0,,,34603100000.0,0.0,304600000.0,0.0,,0.0,-1995200000.0,-1690600000.0,-6.917,-1690600000.0,-1995200000.0,-2276500000.0,-11.33,-11.33,-11.33,4514300000.0,,4514300000.0,,,,-621000000.0,-3.102,1.0,244400000.0,1.0,384400000.0,281300000.0,73474800000.0,,0.0,27847300000.0,,,36564300000.0,,,,-229100000.0,0.0,0.0,-1158500000.0,0.0,-754200000.0,590700000.0,1122700000.0,-65600000.0,51900000.0,-2397800000.0,-2397800000.0,-2397800000.0,0.0,0.0,-9.811,2236900000.0,-1992500000.0,0.0,0.0,,,,6689700000.0,0.0,,,,0.0,-5857500000.0,244400000.0,244400000.0,0.0,,,,,0.0,237900000.0,1.0,200216534.0,200216534.0,,1.221,40952300000.0,0.0,121300000.0,0.0,204.54,
30,CITGQ,MRQ,2002-03-31,2002-03-31,2002-03-31,2019-10-15,,,,,,,,-472800000.0,,,0.0,-4619700000.0,,,,,,,,321200000.0,,,0.0,-4264300000.0,-3943100000.0,-8.125,-3943100000.0,-4264300000.0,-4569300000.0,-21.84,-21.84,-21.84,,,,,,,-227800000.0,-1.138,1.0,485300000.0,1.0,,305000000.0,,,,,,,,,,,958400000.0,0.0,0.0,-339800000.0,0.0,-71400000.0,784800000.0,1276700000.0,245000000.0,-2100000.0,-4619700000.0,-4619700000.0,-4619700000.0,0.0,0.0,-9.519,4746900000.0,-4261600000.0,,0.0,,,,,0.0,,,,,,485300000.0,485300000.0,0.0,,,,,0.0,234200000.0,1.0,200216534.0,200216534.0,,2.424,,,50400000.0,,,
31,CITGQ,MRQ,2001-09-30,2001-09-30,2001-09-30,2019-10-15,-76800000.0,51349300000.0,,,,,29.706,742000000.0,808000000.0,808000000.0,,,,7.59,43107900000.0,,,43107900000.0,0.0,-503200000.0,0.0,,0.0,,,,,,,,,,5947600000.0,,5947600000.0,,,,-988500000.0,-4.937,1.0,,,6547500000.0,,87101700000.0,,0.0,33401400000.0,,,45141700000.0,,,,-2685400000.0,0.0,-27600000.0,-4090700000.0,79000000.0,-3294600000.0,2339700000.0,1552100000.0,-1730500000.0,0.0,,,,,,,,,0.0,,,,,6402800000.0,,,,,362700000.0,181900000.0,,,,,,,,0.0,,1.0,200216534.0,200216534.0,,,44801800000.0,0.0,,0.0,223.767,
32,CITGQ,MRQ,2001-06-30,2001-06-30,2001-06-30,2019-10-15,,,,,,,,,,,0.0,71200000.0,,,,,,,,,,,0.0,125100000.0,,,,125100000.0,125100000.0,,,,,,,,,,,,1.0,223400000.0,1.0,,0.0,,,,,,,,,,,,,,,,,,,,,71200000.0,71200000.0,71200000.0,0.0,0.0,0.319,97400000.0,126000000.0,,,,,,,0.0,,,,,,223400000.0,223400000.0,0.0,,,,,,83000000.0,1.0,,,,,,,53900000.0,,,
0,CITGQ,MRT,2009-09-30,2009-09-30,2009-09-30,2019-10-15,-68500000.0,69188600000.0,74078425000.0,,,0.004,12.968,-1891500000.0,5810700000.0,5810700000.0,0.0,-3179200000.0,,12.597,55643600000.0,,,55643600000.0,0.0,1486200000.0,5233700000.0,0.099,0.12,-3284100000.0,-1797900000.0,-6.228,-1797900000.0,-3284100000.0,-3284100000.0,-8.38,-8.38,-8.38,5085800000.0,6678150000.0,5085800000.0,52766119124.0,-16.0,-29.349,-780500000.0,-1.99,1.0,288700000.0,1.0,0.0,0.0,119021500000.0,127918175000.0,0.0,45115700000.0,,,64067700000.0,,,474419124.0,-699700000.0,44200000.0,-210500000.0,-12023700000.0,-141000000.0,-6540500000.0,4729800000.0,6577100000.0,1111000000.0,0.0,-3179000000.0,-3362600000.0,-3362600000.0,57000000.0,-200000.0,-11.647,3738700000.0,-3450000000.0,0.0,-0.014,0.093,-0.141,-0.144,13233600000.0,183600000.0,1.21,1.643,1.644,0.0,-8971100000.0,288700000.0,288700000.0,0.0,-0.045,-0.504,-0.026,-11.375,0.0,-928000000.0,1.0,392081921.0,392195000.0,392195000.0,0.736,69188600000.0,0.0,-105100000.0,0.0,176.414,
1,CITGQ,MRT,2009-06-30,2009-06-30,2009-06-30,2019-10-15,-134700000.0,71019200000.0,76992600000.0,,,0.018,15.566,-2296300000.0,4467700000.0,4467700000.0,0.0,-2442100000.0,,10.676,56759400000.0,,,56759400000.0,0.0,1468200000.0,5378700000.0,0.102,0.22,-2683000000.0,-1214800000.0,-0.874,-1214800000.0,-2683000000.0,-2683000000.0,-6.75,-6.75,-6.75,6078900000.0,6835700000.0,6078900000.0,57029034301.0,-21.0,-46.945,-2436700000.0,-6.239,1.0,1389800000.0,1.0,0.0,0.0,123310900000.0,133649425000.0,0.0,47512600000.0,,,64901200000.0,,,836134301.0,-3762000000.0,1259200000.0,-210400000.0,-13551600000.0,-190600000.0,-7590800000.0,3969200000.0,5006300000.0,-140400000.0,0.0,-2442400000.0,-2604900000.0,-2604900000.0,52600000.0,300000.0,-1.874,4280800000.0,-2891000000.0,0.0,-0.033,0.138,-0.321,-0.319,13380100000.0,162500000.0,2.15,0.602,0.604,0.0,-7896600000.0,1389800000.0,1389800000.0,0.0,-0.034,-0.381,-0.02,-1.93,0.0,-928000000.0,1.0,388899675.0,390535000.0,390535000.0,3.559,71019200000.0,0.0,-240600000.0,0.0,181.851,
2,CITGQ,MRT,2009-03-31,2009-03-31,2009-03-31,2019-10-15,-232900000.0,75657000000.0,81192650000.0,,,0.03,19.087,-2634200000.0,5991300000.0,5991300000.0,0.0,-2891000000.0,,9.185,62184200000.0,,,62184200000.0,0.0,1448100000.0,3024900000.0,0.112,0.32,-3559200000.0,-2111100000.0,-0.879,-2111100000.0,-3559200000.0,-3559200000.0,-10.33,-10.33,-10.33,7423600000.0,6854650000.0,7423600000.0,59542794928.0,-17.0,-28.205,-2539000000.0,-6.528,1.0,2401500000.0,1.0,694700000.0,0.0,131155200000.0,139963675000.0,0.0,49915100000.0,,,68188600000.0,,,1107994928.0,-3603600000.0,1599800000.0,1311800000.0,-13407400000.0,-186300000.0,-8840600000.0,5141800000.0,6176200000.0,95200000.0,0.0,-2891800000.0,-3009400000.0,-3009400000.0,2168400000.0,800000.0,-1.253,3617600000.0,-1216100000.0,309500000.0,-0.031,0.149,-0.368,-0.276,13175200000.0,117600000.0,2.85,0.461,0.462,0.0,-6217200000.0,2401500000.0,2401500000.0,0.0,-0.037,-0.439,-0.025,-1.482,0.0,-928000000.0,1.0,388770150.0,388940000.0,388940000.0,6.174,74962300000.0,0.0,-667400000.0,0.0,192.735,
3,CITGQ,MRT,2008-12-31,2008-12-31,2008-12-31,2019-10-15,-205600000.0,80448900000.0,86209325000.0,,,0.022,31.359,-2611600000.0,8365800000.0,8365800000.0,0.0,-2799500000.0,,8.897,66800600000.0,,,66800600000.0,0.0,1407800000.0,2626800000.0,0.121,0.55,-3753100000.0,-2345300000.0,-1.228,-2345300000.0,-3753100000.0,-3753100000.0,-11.06,-11.06,-11.06,8124300000.0,6659650000.0,8124300000.0,63086246375.0,-17.0,-26.899,-2390700000.0,-9.228,1.0,1910200000.0,1.0,698600000.0,0.0,138185100000.0,148729500000.0,0.0,52399200000.0,,,72279800000.0,,,1296346374.0,865300000.0,1555600000.0,1343000000.0,-3097600000.0,-199900000.0,852700000.0,-208300000.0,847700000.0,220900000.0,0.0,-2799500000.0,-2864200000.0,-2864200000.0,2166400000.0,0.0,-1.499,2986500000.0,-1076300000.0,0.0,-0.05,0.16,-0.453,-0.41,12706400000.0,64700000.0,4.54,0.679,0.616,0.0,-5814000000.0,1910200000.0,1910200000.0,0.0,-0.033,-0.43,-0.025,-1.965,0.0,0.0,1.0,285538849.0,259070000.0,259070000.0,7.373,79750300000.0,0.0,-953600000.0,0.0,307.833,
4,CITGQ,MRT,2008-09-30,2008-09-30,2008-09-30,2019-10-15,139900000.0,80845300000.0,88750450000.0,,,0.042,20.02,-2772600000.0,7426100000.0,7426100000.0,0.0,-2715200000.0,,13.134,69216000000.0,,,69216000000.0,0.0,1349100000.0,2248300000.0,0.101,0.7,-3428900000.0,-2079800000.0,-0.564,-2079800000.0,-3428900000.0,-3428900000.0,-11.02,-11.01,-11.02,5716000000.0,6368725000.0,5716000000.0,63900201341.0,-19.0,-30.724,-1092400000.0,-3.826,1.0,3689000000.0,1.0,688700000.0,0.0,141946500000.0,152632225000.0,0.0,55497700000.0,,,75076000000.0,,,1986101340.0,1852500000.0,1532000000.0,1581700000.0,142000000.0,-200800000.0,803200000.0,-630900000.0,609700000.0,1680200000.0,0.0,-2726500000.0,-2778300000.0,-2778300000.0,2295000000.0,11300000.0,-0.753,4487100000.0,-798100000.0,0.0,-0.064,0.347,-0.715,-0.632,12359500000.0,51800000.0,6.96,0.538,0.539,0.0,-5608700000.0,3689000000.0,3689000000.0,0.0,-0.031,-0.436,-0.022,-0.929,-400000.0,-1026400000.0,1.0,285359388.0,285509000.0,285509000.0,12.921,80156600000.0,0.0,-702400000.0,0.0,280.75,
5,CITGQ,MRT,2008-06-30,2008-06-30,2008-06-30,2019-10-15,240800000.0,87819400000.0,90773725000.0,,,0.041,23.28,-2804900000.0,9187000000.0,9187000000.0,0.0,-2457800000.0,,13.26,71101100000.0,,,71101100000.0,0.0,1305300000.0,2002100000.0,0.125,0.85,-3098000000.0,-1792700000.0,-0.478,-1792700000.0,-3098000000.0,-3098000000.0,-10.15,-10.14,-10.15,6154700000.0,6732075000.0,6154700000.0,73578926108.0,-24.0,-41.044,-11000000.0,-0.042,1.0,3753400000.0,1.0,1165600000.0,0.0,148567900000.0,157091850000.0,0.0,54675900000.0,,,81611000000.0,,,1924626108.0,2764400000.0,240900000.0,1548100000.0,3985700000.0,-207600000.0,4299900000.0,-4329400000.0,-1765400000.0,2793900000.0,0.0,-2468600000.0,-2507800000.0,-2507800000.0,2546700000.0,10800000.0,-0.668,3758400000.0,-5000000.0,0.0,-0.084,0.313,-0.767,-0.671,12342400000.0,39200000.0,6.81,0.513,0.48,0.0,-5291400000.0,3753400000.0,3753400000.0,0.0,-0.028,-0.373,-0.02,-0.825,7100000.0,-683000000.0,1.0,282617637.0,264381000.0,264381000.0,14.197,86653800000.0,0.0,-629400000.0,0.0,327.761,
6,CITGQ,MRT,2008-03-31,2008-03-31,2008-03-31,2019-10-15,152800000.0,95723700000.0,90109675000.0,,,0.044,34.767,-2829400000.0,10340300000.0,10340300000.0,0.0,-516700000.0,,13.4,81994600000.0,,,81994600000.0,0.0,1323400000.0,2406500000.0,0.084,1.0,-857600000.0,465800000.0,0.118,465800000.0,-857600000.0,-857600000.0,-2.97,-2.95,-2.97,6643600000.0,7021850000.0,6643600000.0,71074390988.0,-83.0,152.586,-729100000.0,-3.815,1.0,3962000000.0,1.0,1159500000.0,0.0,166218500000.0,157826300000.0,0.0,66185800000.0,,,89025800000.0,,,2266090988.0,5726400000.0,-2153600000.0,-69500000.0,12639600000.0,-218700000.0,12016500000.0,-8390400000.0,-3407400000.0,2100300000.0,0.0,-527700000.0,-557700000.0,-557700000.0,910000000.0,11000000.0,-0.141,3535300000.0,426700000.0,0.0,-0.337,0.341,-4.063,-3.99,12203700000.0,30000000.0,11.85,0.572,0.572,0.0,-3207000000.0,3962000000.0,3962000000.0,0.0,-0.006,-0.079,-0.005,-0.216,24700000.0,-331300000.0,1.0,191231307.0,191091000.0,191091000.0,20.734,94564200000.0,0.0,-329900000.0,0.0,494.865,
7,CITGQ,MRT,2007-12-31,2007-12-31,2007-12-31,2019-10-15,194800000.0,90613400000.0,86693675000.0,,,0.048,36.364,-2865200000.0,6752500000.0,6752500000.0,0.0,-81000000.0,,12.01,71087600000.0,,,71087600000.0,0.0,1280800000.0,2615600000.0,0.042,1.0,-275400000.0,1005400000.0,0.242,1005400000.0,-275400000.0,-275400000.0,-0.58,-0.57,-0.58,6960600000.0,7217925000.0,6960600000.0,76862479487.0,-279.0,76.45,-536200000.0,-2.801,1.0,4147100000.0,1.0,1152500000.0,0.0,153796000000.0,153156450000.0,0.0,54455700000.0,,,83595300000.0,,,4556779487.0,2033700000.0,-3989200000.0,-519800000.0,10682100000.0,-221900000.0,10458400000.0,-10753700000.0,-3899300000.0,2329000000.0,0.0,-81000000.0,-111000000.0,-111000000.0,873000000.0,0.0,-0.027,3051100000.0,1096000000.0,901400000.0,-1.724,0.655,-41.052,-41.431,12610500000.0,30000000.0,24.03,1.099,1.109,0.0,-2949800000.0,4147100000.0,4147100000.0,0.0,-0.001,-0.015,-0.002,-0.066,42200000.0,0.0,1.0,189628776.0,191412000.0,193927000.0,21.666,89460900000.0,0.0,-194400000.0,0.0,467.374,
8,CITGQ,MRT,2007-09-30,2007-09-30,2007-09-30,2019-10-15,200400000.0,88938400000.0,83411750000.0,,,0.044,37.748,-2980500000.0,4998000000.0,4998000000.0,0.0,309100000.0,,11.398,77303700000.0,,,77303700000.0,0.0,1159700000.0,3023700000.0,0.024,0.95,244500000.0,1404200000.0,0.378,1404200000.0,244500000.0,244500000.0,1.4,1.36,1.4,7169400000.0,7415550000.0,7169400000.0,75394717911.0,308.0,53.692,-1646700000.0,-8.67,1.0,3710700000.0,1.0,1459100000.0,0.0,159785000000.0,148321300000.0,0.0,66524300000.0,,,81714600000.0,,,7670117911.0,1378200000.0,-4667300000.0,-547900000.0,10795400000.0,-219800000.0,13084800000.0,-13040400000.0,-5392600000.0,1333800000.0,0.0,309100000.0,279100000.0,279100000.0,606100000.0,0.0,0.075,2368100000.0,1342600000.0,0.0,0.679,1.07,27.482,28.714,11930300000.0,30000000.0,40.2,2.067,2.058,0.0,-2967900000.0,3710700000.0,3710700000.0,0.0,0.003,0.038,0.002,0.066,58900000.0,31300000.0,1.0,190798953.0,189930000.0,191527000.0,19.537,87479300000.0,0.0,-64600000.0,0.0,460.587,
9,CITGQ,MRT,2007-06-30,2007-06-30,2007-06-30,2019-10-15,217000000.0,85163200000.0,79474550000.0,,,0.048,38.131,-2858800000.0,5433400000.0,5433400000.0,0.0,646200000.0,,10.638,73158000000.0,,,73158000000.0,0.0,1218600000.0,3352300000.0,0.016,0.9,716900000.0,1935500000.0,0.512,1935500000.0,716900000.0,716900000.0,3.1,3.04,3.1,7313800000.0,7513000000.0,7313800000.0,77247370892.0,108.0,39.911,-1675400000.0,-8.735,1.0,3777700000.0,1.0,1382100000.0,0.0,151505700000.0,140850300000.0,0.0,62760700000.0,,,77802200000.0,,,10515570892.0,2917000000.0,-4590400000.0,-568100000.0,11951600000.0,-211400000.0,14212700000.0,-12479100000.0,-5029900000.0,1183400000.0,0.0,646200000.0,616200000.0,616200000.0,358800000.0,0.0,0.163,2382600000.0,1395100000.0,0.0,0.29,1.438,17.065,17.687,11932500000.0,30000000.0,54.83,2.784,2.784,0.0,-2872600000.0,3777700000.0,3777700000.0,0.0,0.008,0.082,0.005,0.19,70800000.0,39600000.0,1.0,191784988.0,191808000.0,195349000.0,19.695,83781100000.0,0.0,70700000.0,0.0,436.797,
10,CITGQ,MRT,2007-03-31,2007-03-31,2007-03-31,2019-10-15,121500000.0,82059700000.0,75120600000.0,,,0.048,38.269,-2978200000.0,3464400000.0,3464400000.0,0.0,1016700000.0,,10.042,70196200000.0,,,70196200000.0,0.0,1144200000.0,2908800000.0,0.016,0.85,1313900000.0,2458100000.0,0.685,2458100000.0,1313900000.0,1313900000.0,4.98,4.89,4.98,7427900000.0,7537275000.0,7427900000.0,70617600083.0,54.0,28.729,-1663900000.0,-8.572,1.0,3591000000.0,1.0,1252400000.0,0.0,147539100000.0,133023550000.0,0.0,62609300000.0,,,74592200000.0,,,10239900083.0,1265500000.0,-2699000000.0,-555100000.0,12293100000.0,-203700000.0,14462300000.0,-14511100000.0,-8833900000.0,1314300000.0,0.0,1016700000.0,986700000.0,986700000.0,-120300000.0,0.0,0.275,2340800000.0,1250200000.0,0.0,0.171,1.379,10.378,10.627,11294400000.0,30000000.0,52.92,2.852,2.86,0.0,-2689600000.0,3591000000.0,3591000000.0,0.0,0.013,0.131,0.01,0.366,71600000.0,32700000.0,1.0,193497734.0,194099000.0,197922000.0,18.501,80807300000.0,0.0,297200000.0,0.0,416.32,
11,CITGQ,MRT,2006-12-31,2006-12-31,2006-12-31,2019-10-15,129600000.0,77485700000.0,70788300000.0,,,0.05,38.967,-2860200000.0,4458400000.0,4458400000.0,0.0,1046000000.0,,8.992,62436500000.0,,,62436500000.0,0.0,1066400000.0,2399600000.0,0.014,0.8,1410400000.0,2476800000.0,0.702,2476800000.0,1410400000.0,1410400000.0,5.11,5.0,5.11,7751100000.0,7481525000.0,7751100000.0,68798522124.0,49.0,27.777,-1611900000.0,-8.104,1.0,3527300000.0,1.0,1008400000.0,0.0,134455400000.0,124800025000.0,0.0,57258700000.0,,,69694700000.0,,,11059122124.0,931900000.0,-854700000.0,-124500000.0,9143600000.0,-193500000.0,11197000000.0,-11513400000.0,-7798500000.0,1248300000.0,0.0,1046000000.0,1015800000.0,1015800000.0,-120300000.0,0.0,0.288,2319200000.0,1208100000.0,0.0,0.157,1.427,10.887,10.914,11017900000.0,30200000.0,55.77,3.135,3.145,0.0,-2838900000.0,3527300000.0,3527300000.0,0.0,0.014,0.136,0.011,0.4,74900000.0,0.0,1.0,198298765.0,198912000.0,203111000.0,17.733,76477300000.0,0.0,364400000.0,0.0,384.478,
12,CITGQ,MRT,2006-09-30,2006-09-30,2006-09-30,2019-10-15,165500000.0,73189600000.0,67263525000.0,,,0.041,38.039,-2546600000.0,3344300000.0,3344300000.0,0.0,1035000000.0,,8.677,61083700000.0,,,61083700000.0,0.0,1039300000.0,2210300000.0,0.016,0.76,1394800000.0,2434100000.0,0.89,2434100000.0,1394800000.0,1394800000.0,5.02,4.92,5.02,7559200000.0,7284425000.0,7559200000.0,63154315931.0,45.0,25.946,-776800000.0,-3.909,1.0,2735900000.0,1.0,1028000000.0,0.0,129901000000.0,118878375000.0,0.0,55416800000.0,,,65592000000.0,,,9669415931.0,1355300000.0,-400300000.0,-175000000.0,10767300000.0,-186500000.0,10695600000.0,-11110100000.0,-8163200000.0,1769800000.0,0.0,1035000000.0,1004800000.0,1004800000.0,0.0,0.0,0.367,1339100000.0,1396800000.0,0.0,0.151,1.279,9.623,9.687,10472500000.0,30200000.0,48.63,3.534,3.532,0.0,-3057200000.0,2735900000.0,2735900000.0,0.0,0.015,0.138,0.012,0.51,69200000.0,1319500000.0,1.0,198836437.0,198724000.0,202151000.0,13.767,72161600000.0,0.0,359800000.0,0.0,363.125,
13,CITGQ,MRT,2006-06-30,2006-06-30,2006-06-30,2019-10-15,222900000.0,67747400000.0,64003675000.0,,,0.041,37.205,-2877500000.0,2453300000.0,2453300000.0,0.0,953300000.0,,8.136,55938200000.0,,,55938200000.0,0.0,880700000.0,1395100000.0,0.014,0.72,1360200000.0,2240900000.0,0.854,2240900000.0,1360200000.0,1360200000.0,4.6,4.5,4.6,7410900000.0,7047575000.0,7410900000.0,61351649862.0,45.0,27.378,-604500000.0,-3.035,1.0,2622800000.0,1.0,1033600000.0,0.0,120198700000.0,112997475000.0,0.0,51136800000.0,,,60297800000.0,,,10423649862.0,127400000.0,-926600000.0,-642400000.0,8592200000.0,-176500000.0,8513800000.0,-10659400000.0,-6688100000.0,2273000000.0,0.0,953300000.0,925400000.0,925400000.0,0.0,0.0,0.353,1260000000.0,1362800000.0,0.0,0.157,1.407,11.264,11.367,10583600000.0,27900000.0,52.29,3.974,3.971,0.0,-3307500000.0,2622800000.0,2622800000.0,0.0,0.014,0.131,0.012,0.519,59400000.0,1248900000.0,1.0,199343084.0,199189000.0,203923000.0,13.167,66713800000.0,0.0,406900000.0,0.0,334.927,
14,CITGQ,MRT,2006-03-31,2006-03-31,2006-03-31,2019-10-15,151100000.0,64730500000.0,61393150000.0,,,0.042,36.122,-2680200000.0,2265700000.0,2265700000.0,0.0,958900000.0,,7.977,53193700000.0,,,53193700000.0,0.0,888100000.0,687900000.0,0.013,0.68,1386800000.0,2274900000.0,0.875,2274900000.0,1386800000.0,1386800000.0,4.6,4.5,4.6,7204900000.0,6806550000.0,7204900000.0,59067171443.0,43.0,25.965,-291700000.0,-1.462,1.0,2599200000.0,1.0,1013500000.0,0.0,114645000000.0,108246925000.0,0.0,48889100000.0,,,57475400000.0,,,10673471443.0,651000000.0,-630200000.0,-573200000.0,6218300000.0,-162300000.0,6110700000.0,-7848200000.0,-4471300000.0,2388500000.0,0.0,958900000.0,938500000.0,938500000.0,0.0,0.0,0.361,1209200000.0,1390000000.0,0.0,0.148,1.481,11.373,11.635,10166000000.0,20400000.0,53.52,4.106,4.107,0.0,-3502700000.0,2599200000.0,2599200000.0,0.0,0.015,0.138,0.013,0.534,64100000.0,1172900000.0,1.0,199429586.0,199462000.0,204455000.0,13.031,63717000000.0,0.0,427900000.0,0.0,319.444,
15,CITGQ,MRT,2005-12-31,2005-12-31,2005-12-31,2019-10-15,115200000.0,63386600000.0,59406675000.0,,,0.043,33.79,-2428200000.0,3658600000.0,3658600000.0,0.0,949100000.0,,8.097,52052300000.0,,,52052300000.0,0.0,922000000.0,261900000.0,0.012,0.61,1413300000.0,2335300000.0,0.914,2335300000.0,1413300000.0,1413300000.0,4.54,4.44,4.54,6962700000.0,6589125000.0,6962700000.0,57575391649.0,41.0,24.654,506800000.0,2.459,1.0,2555600000.0,1.0,1011500000.0,0.0,110768800000.0,104836625000.0,0.0,45824100000.0,,,56374100000.0,,,10344391649.0,1137300000.0,-985400000.0,-584700000.0,5015400000.0,-141400000.0,4895300000.0,-6693000000.0,-3279400000.0,2935000000.0,0.0,949100000.0,936400000.0,936400000.0,0.0,0.0,0.366,1139000000.0,1416600000.0,0.0,0.134,1.486,11.047,11.405,9635700000.0,12700000.0,51.78,4.048,4.175,0.0,-3691400000.0,2555600000.0,2555600000.0,0.0,0.016,0.142,0.013,0.553,43300000.0,1113800000.0,1.0,199775814.0,206059000.0,210734000.0,12.402,62375100000.0,0.0,464200000.0,0.0,302.705,
16,CITGQ,MRT,2005-09-30,2005-09-30,2005-09-30,2019-10-15,-50600000.0,60150200000.0,56337850000.0,,,0.044,32.554,-2423200000.0,1935400000.0,1935400000.0,0.0,897100000.0,,8.09,49166400000.0,,,49166400000.0,0.0,836700000.0,0.0,0.013,0.58,1386000000.0,2222700000.0,0.889,2222700000.0,1386000000.0,1386000000.0,4.27,4.18,4.27,6611800000.0,6362225000.0,6611800000.0,53989204262.0,39.0,24.29,852200000.0,4.196,1.0,2500400000.0,1.0,1003800000.0,0.0,106377400000.0,99613600000.0,0.0,45061700000.0,,,53488600000.0,,,9113204262.0,-224700000.0,-740100000.0,-583500000.0,2864100000.0,-127200000.0,2653200000.0,-6153300000.0,-2912800000.0,3275400000.0,0.0,897100000.0,891900000.0,891900000.0,0.0,0.0,0.357,1110700000.0,1389700000.0,0.0,0.136,1.378,10.218,10.581,9184400000.0,5200000.0,45.18,3.645,3.67,0.0,-3905700000.0,2500400000.0,2500400000.0,0.0,0.016,0.14,0.014,0.554,56200000.0,1085500000.0,1.0,201708815.0,203103000.0,207952000.0,12.311,59146400000.0,0.0,488900000.0,0.0,291.214,
17,CITGQ,MRT,2005-06-30,2005-06-30,2005-06-30,2019-10-15,-29600000.0,57305300000.0,53803725000.0,,,0.046,30.625,-1982600000.0,2231700000.0,2231700000.0,0.0,864400000.0,,7.881,47026000000.0,,,47026000000.0,0.0,895200000.0,0.0,0.013,0.55,1384200000.0,2279400000.0,0.925,2279400000.0,1384200000.0,1384200000.0,4.1,4.02,4.1,6446800000.0,6168525000.0,6446800000.0,54201379699.0,39.0,23.779,708200000.0,3.364,1.0,2465000000.0,1.0,903100000.0,0.0,101196500000.0,95136675000.0,0.0,42443500000.0,,,50809200000.0,,,9044379699.0,454000000.0,-939400000.0,-62300000.0,3792900000.0,-116900000.0,3546500000.0,-5783300000.0,-2855300000.0,2690800000.0,0.0,864400000.0,864400000.0,864400000.0,0.0,0.0,0.351,1077700000.0,1387300000.0,0.0,0.134,1.403,10.463,10.48,8642900000.0,0.0,42.97,3.669,3.67,0.0,-4084300000.0,2465000000.0,2465000000.0,0.0,0.016,0.14,0.015,0.562,46600000.0,1052500000.0,1.0,210481259.0,210506000.0,214699000.0,11.71,56402200000.0,0.0,519800000.0,0.0,267.936,
18,CITGQ,MRT,2005-03-31,2005-03-31,2005-03-31,2019-10-15,31200000.0,56784600000.0,51148025000.0,,,0.046,30.074,-1603700000.0,1638100000.0,1638100000.0,0.0,791900000.0,,7.956,46763700000.0,,,46763700000.0,0.0,886100000.0,0.0,0.014,0.52,1291600000.0,2177700000.0,0.935,2177700000.0,1291600000.0,1291600000.0,3.75,3.68,3.75,6335200000.0,5979775000.0,6335200000.0,47374255632.0,37.0,21.754,255400000.0,1.212,1.0,2329700000.0,1.0,906400000.0,0.0,101003800000.0,90429400000.0,0.0,43164200000.0,,,50400600000.0,,,8012355632.0,47200000.0,-1073300000.0,-62300000.0,3674600000.0,-110700000.0,3472200000.0,-5284100000.0,-2552600000.0,1859100000.0,0.0,791900000.0,791900000.0,791900000.0,0.0,0.0,0.34,1036100000.0,1293600000.0,0.0,0.139,1.265,10.118,10.133,8313100000.0,0.0,38.0,3.439,3.436,0.0,-4299300000.0,2329700000.0,2329700000.0,0.0,0.015,0.132,0.014,0.554,23500000.0,1036100000.0,1.0,210851464.0,210656000.0,215090000.0,11.059,55878200000.0,0.0,499700000.0,0.0,265.258,
19,CITGQ,MRT,2004-12-31,2004-12-31,2004-12-31,2019-10-15,-58400000.0,51111300000.0,48514975000.0,,,0.046,28.695,-1546200000.0,2210200000.0,2210200000.0,0.0,753600000.0,,7.434,41572100000.0,,,41572100000.0,0.0,886000000.0,0.0,0.011,0.52,1236800000.0,2122800000.0,0.961,2122800000.0,1236800000.0,1236800000.0,3.57,3.5,3.57,6055100000.0,5769150000.0,6055100000.0,48680932230.0,39.0,22.932,95000000.0,0.45,1.0,2208200000.0,1.0,596500000.0,0.0,89876700000.0,85704850000.0,0.0,37300000000.0,,,45015800000.0,,,9630532230.0,236500000.0,-726800000.0,-62300000.0,3851300000.0,-110900000.0,3650000000.0,-5054700000.0,-2659600000.0,1641200000.0,0.0,753600000.0,753600000.0,753600000.0,0.0,0.0,0.341,1012100000.0,1196100000.0,0.0,0.146,1.59,12.779,12.835,8290900000.0,0.0,45.82,4.361,4.379,0.0,-4499100000.0,2208200000.0,2208200000.0,0.0,0.016,0.131,0.014,0.56,23500000.0,1012100000.0,1.0,210181847.0,211017000.0,215054000.0,10.465,50514800000.0,0.0,483200000.0,0.0,239.387,
20,CITGQ,MRT,2004-09-30,2004-09-30,2004-09-30,2019-10-15,-81100000.0,50013700000.0,47322850000.0,,,0.043,27.731,-1298500000.0,2160100000.0,2160100000.0,0.0,705000000.0,,7.561,41210500000.0,,,41210500000.0,0.0,1002700000.0,0.0,0.014,0.51,1154800000.0,2157500000.0,1.071,2157500000.0,1154800000.0,1154800000.0,3.32,3.28,3.32,5837000000.0,5603925000.0,5837000000.0,44083657483.0,38.0,20.433,233900000.0,1.111,1.0,2014800000.0,1.0,594400000.0,0.0,88469700000.0,83596825000.0,0.0,36850600000.0,,,44136000000.0,,,7882357483.0,-108900000.0,-724800000.0,0.0,3491800000.0,-109100000.0,3296400000.0,-4937700000.0,-2768700000.0,1532400000.0,0.0,705000000.0,705000000.0,705000000.0,0.0,0.0,0.35,952300000.0,1062500000.0,0.0,0.154,1.35,11.181,11.262,7932900000.0,0.0,37.39,3.912,3.906,0.0,-4675600000.0,2014800000.0,2014800000.0,0.0,0.015,0.126,0.014,0.573,0.0,952300000.0,1.0,210814589.0,210489000.0,214179000.0,9.572,49419300000.0,0.0,449800000.0,0.0,234.783,
21,CITGQ,MRT,2004-06-30,2004-06-30,2004-06-30,2019-10-15,-118100000.0,46682500000.0,46194575000.0,,,0.042,26.908,-1290000000.0,1777700000.0,1777700000.0,0.0,668900000.0,,7.195,37979000000.0,,,37979000000.0,0.0,1007600000.0,0.0,0.013,0.5,1095600000.0,2103200000.0,1.085,2103200000.0,1095600000.0,1095600000.0,3.15,3.11,3.15,5691800000.0,5439900000.0,5691800000.0,44445657372.0,41.0,21.132,738000000.0,3.489,1.0,1937800000.0,1.0,516400000.0,0.0,82367400000.0,81468900000.0,0.0,34045000000.0,,,40952600000.0,,,8106957372.0,354400000.0,0.0,0.0,2311400000.0,-106900000.0,2165000000.0,-3838600000.0,-2569700000.0,2028000000.0,0.0,668900000.0,668900000.0,668900000.0,0.0,0.0,0.345,934500000.0,1003300000.0,0.0,0.159,1.424,12.12,12.156,7838800000.0,0.0,38.29,4.184,4.18,0.0,-4831800000.0,1937800000.0,1937800000.0,0.0,0.014,0.123,0.013,0.565,0.0,934500000.0,1.0,211725186.0,211532000.0,215359000.0,9.161,46166100000.0,0.0,426700000.0,0.0,218.246,
22,CITGQ,MRT,2004-03-31,2004-03-31,2004-03-31,2019-10-15,-196400000.0,46252400000.0,45320125000.0,,,0.041,25.929,-2031600000.0,1356500000.0,1356500000.0,0.0,629200000.0,,7.414,37695200000.0,,,37695200000.0,0.0,1046000000.0,0.0,0.013,0.49,1032300000.0,2078300000.0,1.126,2078300000.0,1032300000.0,1032300000.0,2.97,2.94,2.97,5492700000.0,5281350000.0,5492700000.0,43650392005.0,42.0,21.003,670000000.0,3.163,1.0,1845500000.0,1.0,485500000.0,0.0,82105600000.0,79945550000.0,0.0,33921500000.0,,,40721100000.0,,,8060892005.0,-668900000.0,0.0,0.0,1378500000.0,-104400000.0,1262500000.0,-4633000000.0,-2563900000.0,2701600000.0,0.0,629200000.0,629200000.0,629200000.0,0.0,0.0,0.341,902800000.0,942700000.0,0.0,0.165,1.468,12.811,12.811,7576200000.0,0.0,38.05,4.368,4.368,0.0,-4980500000.0,1845500000.0,1845500000.0,0.0,0.014,0.119,0.013,0.559,0.0,902800000.0,1.0,211849987.0,211839000.0,215809000.0,8.712,45766900000.0,0.0,403100000.0,0.0,216.046,
23,CITGQ,MRT,2003-12-31,2003-12-31,2003-12-31,2019-10-15,-141600000.0,46342800000.0,44569325000.0,,,0.04,25.483,-2096300000.0,1973700000.0,1973700000.0,0.0,566900000.0,,7.584,37563200000.0,,,37563200000.0,0.0,1086600000.0,0.0,0.013,0.48,931900000.0,2018500000.0,1.137,2018500000.0,931900000.0,931900000.0,2.68,2.66,2.68,5394200000.0,5157325000.0,5394200000.0,42514364204.0,46.0,21.062,385900000.0,1.823,1.0,1775100000.0,1.0,487700000.0,0.0,81444600000.0,78376425000.0,0.0,32955600000.0,,,40909600000.0,,,7668264204.0,-62900000.0,0.0,0.0,1842900000.0,-101800000.0,1737500000.0,-4282600000.0,-2108500000.0,2482200000.0,0.0,566900000.0,566900000.0,566900000.0,0.0,0.0,0.319,888200000.0,886900000.0,0.0,0.179,1.422,13.527,13.414,7615500000.0,0.0,35.95,4.32,4.287,0.0,-5141800000.0,1775100000.0,1775100000.0,0.0,0.013,0.11,0.012,0.525,0.0,888200000.0,1.0,213303594.0,211681000.0,213143000.0,8.386,45855100000.0,0.0,365000000.0,0.0,216.624,
24,CITGQ,MRT,2003-09-30,2003-09-30,2003-09-30,2019-10-15,-227600000.0,45500600000.0,43466725000.0,,,0.042,24.469,-2121200000.0,2269000000.0,2269000000.0,0.0,553000000.0,,7.775,37115100000.0,,,37115100000.0,0.0,1118900000.0,0.0,0.017,0.48,911700000.0,2030600000.0,1.11,2030600000.0,911700000.0,911700000.0,2.62,2.61,2.62,5180900000.0,5026450000.0,5180900000.0,39565696917.0,43.0,19.485,-156800000.0,-0.741,1.0,1829200000.0,1.0,388700000.0,0.0,79958000000.0,76376825000.0,0.0,30608000000.0,,,40279800000.0,,,6086596917.0,-5400000.0,0.0,0.0,1347300000.0,-101700000.0,1244400000.0,-3214200000.0,-1111700000.0,1964400000.0,0.0,553000000.0,553000000.0,553000000.0,0.0,0.0,0.302,909200000.0,920000000.0,0.0,0.183,1.175,11.007,10.977,7485300000.0,0.0,28.76,3.327,3.329,0.0,-5271500000.0,1829200000.0,1829200000.0,0.0,0.013,0.11,0.012,0.498,0.0,909200000.0,1.0,211634107.0,211735000.0,213529000.0,8.639,45111900000.0,0.0,358700000.0,0.0,213.058,
25,CITGQ,MRT,2003-06-30,2003-06-30,2003-06-30,2019-10-15,-228500000.0,43184700000.0,42769200000.0,,,0.042,23.903,-2105000000.0,1423300000.0,1423300000.0,0.0,539900000.0,,7.488,34902400000.0,,,34902400000.0,0.0,1176300000.0,0.0,0.015,0.36,888100000.0,2064400000.0,1.138,2064400000.0,888100000.0,888100000.0,2.56,2.56,2.56,5057600000.0,4920675000.0,5057600000.0,38179579380.0,43.0,18.494,-1112100000.0,-5.256,1.0,1813400000.0,1.0,389800000.0,0.0,76274000000.0,75138300000.0,0.0,28868700000.0,,,37870700000.0,,,5215279380.0,-657300000.0,0.0,254600000.0,-319000000.0,-76200000.0,582900000.0,-2233100000.0,-68900000.0,992900000.0,0.0,539900000.0,539900000.0,539900000.0,0.0,0.0,0.298,914500000.0,898900000.0,0.0,0.141,1.031,9.66,9.629,7560000000.0,0.0,24.65,2.876,2.876,0.0,-5393800000.0,1813400000.0,1813400000.0,0.0,0.013,0.11,0.012,0.49,0.0,914500000.0,1.0,211573200.0,211588000.0,,8.57,42794900000.0,0.0,348200000.0,0.0,202.256,
26,CITGQ,MRT,2003-03-31,2003-03-31,2003-03-31,2019-10-15,-177200000.0,43249200000.0,42307200000.0,,,0.038,23.616,-1638800000.0,2025400000.0,2025400000.0,0.0,-1994800000.0,,7.604,34989700000.0,,,34989700000.0,0.0,1200000000.0,0.0,0.014,0.24,-1333200000.0,-133200000.0,-0.083,-133200000.0,-1333200000.0,-1614500000.0,-9.42,-9.42,-9.42,4996600000.0,4784850000.0,4996600000.0,35481824152.0,-27.0,-266.38,-1115800000.0,-5.274,1.0,1608300000.0,1.0,384400000.0,281300000.0,75829100000.0,74438500000.0,0.0,29170600000.0,,,37995800000.0,,,3567124152.0,-284300000.0,0.0,254600000.0,-1313700000.0,-50800000.0,17900000.0,-825200000.0,843000000.0,523000000.0,51900000.0,-1994800000.0,-1994800000.0,-1994800000.0,0.0,0.0,-1.24,2930700000.0,-1322400000.0,0.0,-0.025,0.714,-1.788,-1.79,6831400000.0,0.0,16.86,2.218,2.218,0.0,-5505300000.0,1608300000.0,1608300000.0,0.0,-0.047,-0.417,-0.018,-0.829,0.0,931700000.0,1.0,211573200.0,211573000.0,,7.602,42864800000.0,0.0,380300000.0,0.0,202.601,
27,CITGQ,MRT,2002-12-31,2002-12-31,2002-12-31,2019-10-15,-200700000.0,41932400000.0,,,,,23.021,-1778200000.0,2036600000.0,2036600000.0,0.0,-6741500000.0,,7.556,33951300000.0,,,33951300000.0,0.0,1232400000.0,0.0,0.006,0.12,-5807400000.0,-4575000000.0,-2.764,-4575000000.0,-5807400000.0,-6393700000.0,-31.86,-31.86,-31.86,4870700000.0,,4870700000.0,36842234720.0,-6.0,-8.053,-1508900000.0,-7.132,1.0,1655400000.0,1.0,400900000.0,586300000.0,73446200000.0,,0.0,29525300000.0,,,36804500000.0,,,4146834720.0,685300000.0,0.0,254600000.0,-2495800000.0,-25400000.0,-870400000.0,1286400000.0,3071700000.0,269300000.0,49800000.0,-6741500000.0,-6741500000.0,-6741500000.0,0.0,0.0,-4.072,7452000000.0,-5796600000.0,0.0,-0.004,0.851,-0.615,-0.615,6704600000.0,0.0,19.6,2.505,2.505,0.0,-5606900000.0,1655400000.0,1655400000.0,0.0,,,,-3.508,0.0,940300000.0,1.0,211573200.0,211573000.0,,7.824,41531500000.0,0.0,347800000.0,0.0,196.299,
28,CITGQ,MRT,2002-09-30,2002-09-30,2002-09-30,2019-10-15,-196300000.0,42710500000.0,47029900000.0,,,0.038,22.488,-1877200000.0,2274400000.0,2274400000.0,0.0,-6698700000.0,,7.923,34969800000.0,,,34969800000.0,0.0,1286500000.0,0.0,0.0,0.0,-5662100000.0,-4375600000.0,-2.457,-4375600000.0,-5662100000.0,-6324700000.0,-31.66,-31.66,-31.66,4757800000.0,5352700000.0,4757800000.0,36332273246.0,-6.0,-8.303,-742900000.0,-3.511,1.0,1781100000.0,1.0,402000000.0,662600000.0,75003900000.0,81052800000.0,0.0,30111100000.0,,,37695000000.0,,,3809773246.0,1466400000.0,0.0,254600000.0,-3429300000.0,0.0,-2251200000.0,2583300000.0,4513000000.0,1134300000.0,0.0,-6698700000.0,-6698700000.0,-6698700000.0,0.0,0.0,-3.761,7432700000.0,-5651600000.0,0.0,0.0,0.801,-0.569,-0.568,6567400000.0,0.0,17.98,2.139,2.136,0.0,-5722800000.0,1781100000.0,1781100000.0,0.0,-0.142,-1.251,-0.07,-3.179,0.0,921000000.0,1.0,211889502.0,211573000.0,211695000.0,8.418,42308500000.0,0.0,374000000.0,0.0,199.971,
29,CITGQ,MRT,2002-06-30,2002-06-30,2002-06-30,2019-10-15,-50600000.0,41336700000.0,,,,,22.547,,2080600000.0,2080600000.0,,,,8.1,34603100000.0,,,34603100000.0,0.0,,0.0,,0.0,,,,,,,,,,4514300000.0,,4514300000.0,,,,,,1.0,,,384400000.0,,73474800000.0,,0.0,27847300000.0,,,36564300000.0,,,,,,,,,,,,,,,,,,,,,,0.0,,,,,6689700000.0,,,,,0.0,-5857500000.0,,,,,,,,,,1.0,200216534.0,200216534.0,,,40952300000.0,0.0,,0.0,204.54,
30,CITGQ,MRT,2002-03-31,2002-03-31,2002-03-31,2019-10-15,,,,,,,,,,,,,,,,,,,,,,,0.0,,,,,,,,,,,,,,,,,,1.0,,,,,,,,,,,,,,,,,,,,,,,,,,,,,,,,,,,,,,,,,,,,,,,,,,,,,,1.0,200216534.0,200216534.0,,,,,,,,
31,CITGQ,MRT,2001-09-30,2001-09-30,2001-09-30,2019-10-15,-76800000.0,51349300000.0,,,,,29.706,,808000000.0,808000000.0,,,,7.59,43107900000.0,,,43107900000.0,0.0,,0.0,,0.0,,,,,,,,,,5947600000.0,,5947600000.0,,,,,,1.0,,,6547500000.0,,87101700000.0,,0.0,33401400000.0,,,45141700000.0,,,,,,,,,,,,,,,,,,,,,,0.0,,,,,6402800000.0,,,,,362700000.0,181900000.0,,,,,,,,,,1.0,200216534.0,200216534.0,,,44801800000.0,0.0,,0.0,223.767,
32,CITGQ,MRT,2001-06-30,2001-06-30,2001-06-30,2019-10-15,,,,,,,,,,,,,,,,,,,,,,,0.0,,,,,,,,,,,,,,,,,,1.0,,,,,,,,,,,,,,,,,,,,,,,,,,,,,,,,,,,,,,,,,,,,,,,,,,,,,,1.0,,,,,,,,,,
33,CITGQ,MRT,2001-06-30,2001-06-01,2001-06-01,2019-10-15,,,,,,,,-694000000.0,,,0.0,80500000.0,,,,,,,,642400000.0,,,0.0,166400000.0,808800000.0,1.141,808800000.0,166400000.0,165300000.0,0.38,0.38,0.38,,,,,,,367400000.0,,1.0,709100000.0,1.0,,1100000.0,,,,,,,,,,,1344300000.0,0.0,0.0,560000000.0,-52900000.0,535500000.0,-252600000.0,465800000.0,1061400000.0,0.0,80500000.0,80500000.0,80500000.0,0.0,0.0,0.114,537800000.0,171300000.0,,0.0,,,,,0.0,,,,,,709100000.0,709100000.0,0.0,,,,0.235,0.0,446000000.0,1.0,,,,,,,84800000.0,,,
34,CITGQ,MRT,2000-12-31,2000-12-31,2000-12-31,2019-10-15,,,,,,,,-2457600000.0,,,0.0,611600000.0,,,,,,,,1408700000.0,,,0.0,992800000.0,2401500000.0,1.129,2401500000.0,992800000.0,992800000.0,2.89,2.89,2.89,,,,,,,-552400000.0,,1.0,2126200000.0,1.0,,0.0,,,,,,,,,,,-258400000.0,0.0,-67200000.0,2560400000.0,-105900000.0,2387300000.0,-4550900000.0,-2013900000.0,1905200000.0,-2900000.0,611600000.0,611600000.0,611600000.0,0.0,0.0,0.288,1121500000.0,1004700000.0,,0.0,,,,,0.0,,,,,,2126200000.0,2126200000.0,0.0,,,,0.467,0.0,1035200000.0,1.0,,,,,,,381200000.0,,,
