None,ticker,dimension,calendardate,datekey,reportperiod,lastupdated,accoci,assets,assetsavg,assetsc,assetsnc,assetturnover,bvps,capex,cashneq,cashnequsd,cor,consolinc,currentratio,de,debt,debtc,debtnc,debtusd,deferredrev,depamor,deposits,divyield,dps,ebit,ebitda,ebitdamargin,ebitdausd,ebitusd,ebt,eps,epsdil,epsusd,equity,equityavg,equityusd,ev,evebit,evebitda,fcf,fcfps,fxusd,gp,grossmargin,intangibles,intexp,invcap,invcapavg,inventory,investments,investmentsc,investmentsnc,liabilities,liabilitiesc,liabilitiesnc,marketcap,ncf,ncfbus,ncfcommon,ncfdebt,ncfdiv,ncff,ncfi,ncfinv,ncfo,ncfx,netinc,netinccmn,netinccmnusd,netincdis,netincnci,netmargin,opex,opinc,payables,payoutratio,pb,pe,pe1,ppnenet,prefdivis,price,ps,ps1,receivables,retearn,revenue,revenueusd,rnd,roa,roe,roic,ros,sbcomp,sgna,sharefactor,sharesbas,shareswa,shareswadil,sps,tangibles,taxassets,taxexp,taxliabilities,tbvps,workingcapital
0,CCTYQ,MRY,2008-12-31,2008-02-29,2008-02-29,2021-08-25,118060000.0,3745930000.0,4152741750.0,2439720000.0,1306210000.0,2.828,9.103,-253931000.0,296055000.0,296055000.0,9318174000.0,-319897000.0,1.519,1.492,68632000.0,11582000.0,57050000.0,68632000.0,0.0,187621000.0,0.0,0.036,0.16,-350943000.0,-163322000.0,-0.014,-163322000.0,-350943000.0,-352123000.0,-1.94,-1.94,-1.94,1503175000.0,1569768750.0,1503175000.0,630076498.0,-2.0,-3.858,-283702000.0,-1.718,1.0,2425517000.0,0.207,136431000.0,1180000.0,1776389000.0,1873818250.0,1573560000.0,1366000.0,1366000.0,0.0,2242755000.0,1605687000.0,637068000.0,744178498.0,154914000.0,0.0,-41850000.0,-87943000.0,-26844000.0,-157912000.0,341171000.0,596584000.0,-29771000.0,1426000.0,-319897000.0,-319897000.0,-319897000.0,-1456000.0,0.0,-0.027,2796104000.0,-370587000.0,1144480000.0,-0.082,0.495,-2.326,-2.278,1037321000.0,0.0,4.42,0.063,0.062,330599000.0,981112000.0,11743691000.0,11743691000.0,0.0,-0.077,-0.204,-0.187,-0.03,21610000.0,2770104000.0,1.0,168366176.0,165134000.0,165134000.0,71.116,3609499000.0,196788000.0,-32226000.0,53266000.0,21.858,834033000.0
1,CCTYQ,MRY,2007-12-31,2007-02-28,2007-02-28,2021-08-25,25438000.0,4007283000.0,4379440750.0,2883512000.0,1123771000.0,2.838,10.509,-247105000.0,141141000.0,141141000.0,9501438000.0,-8281000.0,1.682,1.237,57649000.0,7162000.0,50487000.0,57649000.0,0.0,181473000.0,0.0,0.006,0.115,23748000.0,205221000.0,0.017,205221000.0,23748000.0,22229000.0,-0.05,-0.05,-0.05,1791244000.0,1892564500.0,1791244000.0,2981797438.0,126.0,14.53,72546000.0,0.426,1.0,2928316000.0,0.236,141059000.0,1519000.0,2068703000.0,1915478750.0,1636507000.0,598341000.0,598341000.0,0.0,2216039000.0,1714029000.0,502010000.0,3338710438.0,-174829000.0,0.0,-147541000.0,-7416000.0,-20126000.0,-161370000.0,-331751000.0,-76037000.0,319651000.0,-1359000.0,-8281000.0,-8281000.0,-8281000.0,-128000.0,0.0,-0.001,2933619000.0,-5303000.0,1203914000.0,-2.3,1.864,-403.177,-380.0,921027000.0,0.0,19.0,0.269,0.261,382555000.0,1336317000.0,12429754000.0,12429754000.0,0.0,-0.002,-0.004,0.012,0.002,26727000.0,2841619000.0,1.0,175721602.0,170448000.0,170448000.0,72.924,3866224000.0,109500000.0,30510000.0,0.0,22.683,1169483000.0
2,CCTYQ,MRY,2006-12-31,2006-02-28,2006-02-28,2021-08-25,44287000.0,4069044000.0,4075380000.0,2833341000.0,1235703000.0,2.825,11.015,-199030000.0,315970000.0,315970000.0,8703683000.0,139746000.0,1.746,1.082,81236000.0,29251000.0,51985000.0,81236000.0,0.0,163226000.0,0.0,0.003,0.07,228885000.0,392111000.0,0.034,392111000.0,228885000.0,225742000.0,0.79,0.77,0.79,1954633000.0,1921560750.0,1954633000.0,3859719694.0,17.0,9.843,156028000.0,0.879,1.0,2810468000.0,0.244,254371000.0,3143000.0,1957609000.0,1674867500.0,1698026000.0,521992000.0,521992000.0,0.0,2114411000.0,1622330000.0,492081000.0,4254096694.0,-563690000.0,0.0,-300438000.0,-3276000.0,-12844000.0,-318434000.0,-601969000.0,-394850000.0,355058000.0,1655000.0,139746000.0,139746000.0,139746000.0,5350000.0,0.0,0.012,2595706000.0,214762000.0,1052659000.0,0.089,2.176,30.442,30.418,839356000.0,0.0,24.03,0.369,0.37,220869000.0,1364740000.0,11514151000.0,11514151000.0,0.0,0.034,0.073,0.137,0.02,24386000.0,2595706000.0,1.0,177032738.0,177456000.0,180653000.0,64.885,3814673000.0,133058000.0,85996000.0,75909000.0,21.496,1211011000.0
3,CCTYQ,MRY,2005-12-31,2005-02-28,2005-02-28,2021-08-25,25100000.0,3840010000.0,3889117750.0,2745157000.0,1094853000.0,2.678,10.751,-155092000.0,879660000.0,879660000.0,7861364000.0,61658000.0,2.087,0.846,20832000.0,888000.0,19944000.0,20832000.0,0.0,153448000.0,0.0,0.004,0.07,102505000.0,255953000.0,0.025,255953000.0,102505000.0,98054000.0,0.32,0.31,0.32,2079927000.0,2098635000.0,2079927000.0,2275038617.0,22.0,8.889,227062000.0,1.174,1.0,2552160000.0,0.245,247215000.0,4451000.0,1418483000.0,1286375500.0,1455170000.0,125325000.0,125325000.0,0.0,1760083000.0,1315484000.0,444599000.0,2989651617.0,70619000.0,213537000.0,-232676000.0,7192000.0,-13848000.0,-240056000.0,-73495000.0,-125325000.0,382154000.0,2016000.0,61658000.0,61658000.0,61658000.0,-1089000.0,0.0,0.006,2470712000.0,81448000.0,806303000.0,0.219,1.437,48.488,48.844,726940000.0,0.0,15.63,0.287,0.29,230605000.0,1239714000.0,10413524000.0,10413524000.0,0.0,0.016,0.029,0.08,0.01,18305000.0,2470712000.0,1.0,191276495.0,193466000.0,196227000.0,53.826,3592795000.0,111129000.0,36396000.0,75183000.0,18.571,1429673000.0
4,CCTYQ,MRY,2004-12-31,2004-02-29,2004-02-29,2021-08-25,0.0,3730526000.0,3870177250.0,2919061000.0,811465000.0,2.547,10.803,-135342000.0,783471000.0,783471000.0,7573049000.0,-89269000.0,2.565,0.677,23806000.0,1115000.0,22691000.0,23806000.0,0.0,197607000.0,0.0,0.006,0.07,-85520000.0,112087000.0,0.011,112087000.0,-85520000.0,-89722000.0,-0.43,-0.43,-0.43,2223961000.0,2208394750.0,2223961000.0,1922878433.0,-22.0,17.155,-215580000.0,-1.047,1.0,2284008000.0,0.232,0.0,4202000.0,1832663000.0,1840232000.0,1517256000.0,0.0,0.0,0.0,1506565000.0,1138198000.0,368367000.0,2353981433.0,-101199000.0,0.0,-72962000.0,-1458000.0,-14660000.0,-89080000.0,68119000.0,0.0,-80238000.0,0.0,-89269000.0,-89269000.0,-89269000.0,88482000.0,0.0,-0.009,2320321000.0,-36313000.0,833825000.0,-0.163,1.058,-26.37,-26.0,677107000.0,0.0,11.18,0.239,0.233,596246000.0,1199411000.0,9857057000.0,9857057000.0,0.0,-0.023,-0.04,-0.046,-0.009,37579000.0,2281663000.0,1.0,210552901.0,205865000.0,205865000.0,47.881,3730526000.0,88146000.0,-453000.0,150585000.0,18.121,1780863000.0
5,CCTYQ,MRY,2003-12-31,2003-02-28,2003-02-28,2021-08-25,0.0,3841264000.0,4357400000.0,3087910000.0,753354000.0,2.308,11.456,-90869000.0,884670000.0,884670000.0,7647992000.0,82263000.0,2.422,0.618,12664000.0,1410000.0,11254000.0,12664000.0,0.0,159800000.0,0.0,0.016,0.07,83175000.0,242975000.0,0.024,242975000.0,83175000.0,82082000.0,0.29,0.29,0.29,2373868000.0,2552514750.0,2373868000.0,563976433.0,7.0,2.321,-253978000.0,-1.226,1.0,2406872000.0,0.239,0.0,1093000.0,1694233000.0,2049716750.0,1409736000.0,0.0,0.0,0.0,1467396000.0,1275025000.0,192371000.0,930529433.0,-363576000.0,0.0,8901000.0,-25262000.0,-14687000.0,-30750000.0,-90869000.0,0.0,-163109000.0,0.0,82263000.0,82263000.0,82263000.0,-87572000.0,0.0,0.008,2438561000.0,-31689000.0,963701000.0,0.241,0.392,11.312,15.241,649593000.0,0.0,4.42,0.093,0.091,379526000.0,1303340000.0,10054864000.0,10054864000.0,0.0,0.019,0.032,0.041,0.008,51651000.0,2385310000.0,1.0,210527021.0,207217000.0,207217000.0,48.523,3841264000.0,64509000.0,-181000.0,135856000.0,18.537,1812885000.0
6,CCTYQ,MRY,2002-12-31,2002-02-28,2002-02-28,2021-08-25,0.0,4542033000.0,4296833250.0,3652711000.0,889322000.0,2.215,13.306,-84119000.0,1248246000.0,1248246000.0,7190259000.0,199930000.0,2.225,0.661,37926000.0,23862000.0,14064000.0,37926000.0,0.0,134371000.0,0.0,0.004,0.07,239899000.0,374270000.0,0.039,374270000.0,239899000.0,239018000.0,0.84,0.83,0.84,2734438000.0,2555118500.0,2734438000.0,3142305697.0,13.0,8.396,802435000.0,3.905,1.0,2327972000.0,0.245,0.0,881000.0,1690386000.0,2044756750.0,1234243000.0,0.0,0.0,0.0,1807595000.0,1641327000.0,166268000.0,3731947697.0,810917000.0,0.0,17920000.0,-19604000.0,-14556000.0,121348000.0,-84119000.0,0.0,886554000.0,0.0,199930000.0,199930000.0,199930000.0,-132374000.0,0.0,0.021,2260689000.0,67283000.0,1019519000.0,0.083,1.365,18.666,21.286,732802000.0,0.0,17.88,0.392,0.386,553273000.0,1801554000.0,9518231000.0,9518231000.0,0.0,0.047,0.078,0.117,0.025,40862000.0,2218060000.0,1.0,208721907.0,205501000.0,206843000.0,46.317,4542033000.0,2647000.0,39088000.0,216993000.0,22.102,2011384000.0
7,CCTYQ,MRY,2001-12-31,2001-02-28,2001-02-28,2021-08-25,0.0,3871333000.0,4037136250.0,2847179000.0,1024154000.0,2.559,11.564,-174533000.0,446131000.0,446131000.0,7866089000.0,160802000.0,2.204,0.643,249725000.0,133588000.0,116137000.0,249725000.0,92165000.0,126297000.0,0.0,0.005,0.07,238712000.0,365009000.0,0.035,365009000.0,238712000.0,231439000.0,0.73,0.73,0.73,2356483000.0,2288611500.0,2356483000.0,3401305456.0,14.0,9.318,-24159000.0,-0.119,1.0,2463893000.0,0.239,0.0,7273000.0,2383328000.0,2514903500.0,1757664000.0,0.0,0.0,0.0,1514850000.0,1291599000.0,223251000.0,3121328456.0,-196623000.0,0.0,26912000.0,-157642000.0,-14346000.0,-145339000.0,-174533000.0,0.0,150374000.0,0.0,160802000.0,160802000.0,160802000.0,-45564000.0,0.0,0.016,2347545000.0,116348000.0,902560000.0,0.096,1.325,19.411,20.781,988947000.0,0.0,15.17,0.302,0.299,585761000.0,1597315000.0,10329982000.0,10329982000.0,0.0,0.04,0.07,0.095,0.023,11365000.0,2347545000.0,1.0,205756655.0,203774000.0,205830000.0,50.693,3871333000.0,0.0,70637000.0,107428000.0,18.998,1555580000.0
8,CCTYQ,MRY,2000-12-31,2000-02-29,2000-02-29,2021-08-25,0.0,3955348000.0,3833127000.0,2942615000.0,1012733000.0,3.337,10.639,-122117000.0,643933000.0,643933000.0,9928238000.0,197590000.0,2.093,0.846,429590000.0,180349000.0,249241000.0,429590000.0,130020000.0,148164000.0,0.0,0.002,0.061,438939000.0,587103000.0,0.046,587103000.0,438939000.0,414733000.0,0.98,0.98,0.98,2142174000.0,1968967500.0,2142174000.0,8871922718.0,20.0,15.111,516164000.0,2.564,1.0,2862557000.0,0.224,0.0,24206000.0,2334846000.0,2625908250.0,1689209000.0,0.0,0.0,0.0,1813174000.0,1406159000.0,407015000.0,8231281718.0,378053000.0,-34849000.0,6942000.0,-7718000.0,-14207000.0,-13069000.0,-156966000.0,0.0,638281000.0,0.0,197590000.0,197590000.0,197590000.0,130240000.0,0.0,0.015,2309593000.0,552964000.0,960131000.0,0.062,3.842,41.658,41.263,965181000.0,0.0,40.438,0.644,0.637,593276000.0,1450859000.0,12790795000.0,12790795000.0,0.0,0.052,0.1,0.167,0.034,12096000.0,2309593000.0,1.0,203555653.0,201345000.0,204321000.0,63.527,3955348000.0,0.0,217143000.0,88872000.0,19.645,1536456000.0
9,CCTYQ,MRY,1999-12-31,1999-02-28,1999-02-28,2021-08-25,0.0,3445266000.0,3553246500.0,2394515000.0,1050751000.0,3.042,9.607,-78737000.0,265880000.0,265880000.0,8354230000.0,142924000.0,2.484,0.808,437308000.0,10723000.0,426585000.0,437308000.0,112085000.0,129727000.0,0.0,0.001,0.018,369400000.0,499127000.0,0.046,499127000.0,369400000.0,341081000.0,0.75,0.75,0.75,1905130000.0,1816492750.0,1905130000.0,6224515042.0,17.0,12.471,240291000.0,1.212,1.0,2456238000.0,0.227,0.0,28319000.0,2652889000.0,2813154250.0,1517675000.0,0.0,0.0,0.0,1540136000.0,963805000.0,576331000.0,5449974042.0,149268000.0,-41562000.0,34301000.0,-2261000.0,-13981000.0,20383000.0,-120299000.0,0.0,319028000.0,0.0,142924000.0,142924000.0,142924000.0,-68546000.0,0.0,0.013,2086838000.0,369400000.0,799733000.0,0.024,2.861,38.132,36.167,1005773000.0,0.0,27.125,0.504,0.498,574316000.0,1267476000.0,10810468000.0,10810468000.0,0.0,0.04,0.079,0.131,0.034,0.0,2086838000.0,1.0,200920702.0,198304000.0,200812000.0,54.515,3445266000.0,0.0,198157000.0,47425000.0,17.374,1430710000.0
10,CCTYQ,MRY,1998-12-31,1998-02-28,1998-02-28,2021-08-25,0.0,3231701000.0,3156437000.0,2146349000.0,1085352000.0,2.81,8.824,-278734000.0,116612000.0,116612000.0,6827133000.0,104311000.0,2.369,0.868,431569000.0,7277000.0,424292000.0,431569000.0,145107000.0,114860000.0,0.0,0.0,0.0,228389000.0,343249000.0,0.039,343249000.0,228389000.0,201528000.0,0.57,0.57,0.57,1730039000.0,1672447500.0,1730039000.0,4545678597.0,20.0,13.243,-50527000.0,-0.258,1.0,2043664000.0,0.23,0.0,26861000.0,2640832000.0,2557419000.0,1410545000.0,0.0,0.0,0.0,1501662000.0,905826000.0,595836000.0,3814182597.0,-86031000.0,0.0,22311000.0,-558000.0,-13792000.0,10314000.0,-278734000.0,0.0,228207000.0,0.0,104311000.0,104311000.0,104311000.0,-20636000.0,0.0,0.012,1815275000.0,228389000.0,765391000.0,0.0,2.205,36.565,33.882,1048434000.0,0.0,19.312,0.43,0.427,598035000.0,1138533000.0,8870797000.0,8870797000.0,0.0,0.033,0.062,0.089,0.026,0.0,1815275000.0,1.0,197498128.0,196054000.0,198408000.0,45.247,3231701000.0,0.0,97217000.0,26793000.0,16.484,1240523000.0
11,CCTYQ,MRY,1997-12-31,1997-02-28,1997-02-28,2021-08-25,0.0,3081173000.0,,2163133000.0,918040000.0,,8.297,-209263000.0,202643000.0,202643000.0,5902711000.0,136414000.0,2.585,0.908,432127000.0,1837000.0,430290000.0,432127000.0,166295000.0,98977000.0,0.0,0.0,0.0,249806000.0,348783000.0,0.046,348783000.0,249806000.0,220024000.0,0.695,0.695,0.695,1614856000.0,,1614856000.0,,,,-195025000.0,-1.002,1.0,1761100000.0,0.23,0.0,29782000.0,2474006000.0,,1392363000.0,0.0,0.0,0.0,1466317000.0,836651000.0,629666000.0,,158939000.0,0.0,15385000.0,-60557000.0,-13199000.0,353964000.0,-209263000.0,0.0,14238000.0,0.0,136414000.0,136414000.0,136414000.0,0.0,0.0,0.018,1511294000.0,249806000.0,720754000.0,0.0,,,22.482,886091000.0,0.0,15.625,,0.397,531974000.0,1048014000.0,7663811000.0,7663811000.0,0.0,,,,0.033,0.0,1511294000.0,1.0,,194622000.0,196944000.0,39.378,3081173000.0,21340000.0,83610000.0,41641000.0,15.832,1326482000.0
12,CCTYQ,MRY,1996-12-31,1996-02-28,1996-02-28,2021-08-25,,,,,,,,-266721000.0,,,5394293000.0,179375000.0,,,,,,,,79812000.0,,0.0,0.0,312400000.0,392212000.0,0.056,392212000.0,312400000.0,287000000.0,0.92,0.92,0.92,,,,,,,-322041000.0,-1.667,1.0,1634830000.0,0.233,,25400000.0,,,,,,,,,,,-3258000.0,0.0,18245000.0,311701000.0,-11163000.0,318783000.0,-266721000.0,0.0,-55320000.0,0.0,179375000.0,179375000.0,179375000.0,0.0,0.0,0.026,1322430000.0,312400000.0,,0.0,,,16.304,,0.0,15.0,,0.412,,,7029123000.0,7029123000.0,0.0,,,,0.044,0.0,1322430000.0,1.0,,193146000.0,195378000.0,36.393,,,107625000.0,,,
0,CCTYQ,MRQ,2008-09-30,2008-08-31,2008-08-31,2021-08-25,94488000.0,3400080000.0,,2168686000.0,1231394000.0,,6.512,-45725000.0,91235000.0,91235000.0,1882404000.0,-239174000.0,1.285,2.158,281769000.0,229203000.0,52566000.0,281769000.0,0.0,46107000.0,0.0,0.067,0.0,-231222000.0,-185115000.0,-0.077,-185115000.0,-231222000.0,-235656000.0,-1.45,-1.45,-1.45,1076752000.0,,1076752000.0,340105865.0,-1.0,-0.968,-116542000.0,-0.705,1.0,508998000.0,0.213,129730000.0,4434000.0,1773634000.0,,1508944000.0,1268000.0,1268000.0,0.0,2323328000.0,1687250000.0,636078000.0,303321865.0,387000.0,0.0,0.0,118082000.0,13000.0,117318000.0,-45508000.0,0.0,-70817000.0,-606000.0,-239174000.0,-239174000.0,-239174000.0,0.0,0.0,-0.1,741042000.0,-232044000.0,1022628000.0,0.0,0.282,-0.5,-0.489,966707000.0,0.0,1.8,0.027,0.026,329516000.0,570462000.0,2391402000.0,2391402000.0,0.0,,,,,5396000.0,668042000.0,1.0,168512147.0,165353000.0,165353000.0,14.462,3270350000.0,193855000.0,3518000.0,48446000.0,19.778,481436000.0
1,CCTYQ,MRQ,2008-06-30,2008-05-31,2008-05-31,2021-08-25,115922000.0,3649323000.0,,2349558000.0,1299765000.0,,8.08,-27873000.0,90848000.0,90848000.0,1822400000.0,-164815000.0,1.39,1.738,127632000.0,66801000.0,60831000.0,127632000.0,0.0,45775000.0,0.0,0.033,0.04,-160167000.0,-114392000.0,-0.05,-114392000.0,-160167000.0,-161849000.0,-1.0,-1.0,-1.0,1332731000.0,,1332731000.0,601350974.0,-1.0,-2.448,-303399000.0,-1.839,1.0,478674000.0,0.208,134479000.0,1682000.0,1860934000.0,,1686314000.0,1329000.0,1329000.0,0.0,2316592000.0,1690694000.0,625898000.0,828773974.0,-205207000.0,0.0,0.0,104865000.0,-6663000.0,98165000.0,-27734000.0,0.0,-275526000.0,-112000.0,-164815000.0,-164815000.0,-164815000.0,0.0,0.0,-0.072,640009000.0,-161335000.0,1220638000.0,-0.04,0.622,-1.927,-1.881,1037808000.0,0.0,4.91,0.072,0.07,307033000.0,809624000.0,2301074000.0,2301074000.0,0.0,,,,,3208000.0,640009000.0,1.0,168793070.0,164949000.0,164949000.0,13.95,3514844000.0,190336000.0,2966000.0,42970000.0,21.309,658864000.0
2,CCTYQ,MRQ,2008-03-31,2008-02-29,2008-02-29,2021-08-25,118060000.0,3745930000.0,,2439720000.0,1306210000.0,,9.114,-52494000.0,296055000.0,296055000.0,2896868000.0,4851000.0,1.519,1.492,68632000.0,11582000.0,57050000.0,68632000.0,0.0,46438000.0,0.0,0.036,0.04,-1787000.0,44651000.0,0.012,44651000.0,-1787000.0,-2405000.0,0.03,0.03,0.03,1503175000.0,,1503175000.0,630076498.0,-2.0,-3.858,10595000.0,0.064,1.0,753632000.0,0.206,136431000.0,618000.0,1776389000.0,,1573560000.0,1366000.0,1366000.0,0.0,2242755000.0,1605687000.0,637068000.0,744178498.0,101133000.0,0.0,10000.0,-189387000.0,-6693000.0,-197015000.0,233791000.0,286149000.0,63089000.0,1268000.0,4851000.0,4851000.0,4851000.0,-340000.0,0.0,0.001,761802000.0,-8170000.0,1144480000.0,1.333,0.495,-2.326,-2.278,1037321000.0,0.0,4.42,0.063,0.062,330599000.0,981112000.0,3650500000.0,3650500000.0,0.0,,,,,5002000.0,735802000.0,1.0,168366176.0,164936000.0,164936000.0,22.133,3609499000.0,196788000.0,-7256000.0,53266000.0,21.884,834033000.0
3,CCTYQ,MRQ,2007-12-31,2007-11-30,2007-11-30,2021-08-25,56158000.0,4999615000.0,,3772775000.0,1226840000.0,,8.724,-76683000.0,194922000.0,194922000.0,2397997000.0,-207346000.0,1.266,2.475,80820000.0,29282000.0,51538000.0,80820000.0,0.0,42691000.0,0.0,0.025,0.04,-139148000.0,-96457000.0,-0.033,-96457000.0,-139148000.0,-139543000.0,-1.26,-1.26,-1.26,1438662000.0,,1438662000.0,1018668245.0,-3.0,-7.77,-48462000.0,-0.294,1.0,565689000.0,0.191,161212000.0,395000.0,1744525000.0,,2591675000.0,288137000.0,288137000.0,0.0,3560953000.0,2979776000.0,581177000.0,1090585245.0,64023000.0,0.0,175000.0,114772000.0,-6661000.0,108213000.0,-71025000.0,5585000.0,28221000.0,-1386000.0,-207346000.0,-207346000.0,-207346000.0,-652000.0,0.0,-0.07,708039000.0,-142350000.0,2371493000.0,-0.032,0.758,-3.315,-3.235,1025040000.0,0.0,6.47,0.091,0.089,447319000.0,982965000.0,2963686000.0,2963686000.0,0.0,,,,,4318000.0,708039000.0,1.0,168560316.0,164916000.0,164916000.0,17.971,4838403000.0,181805000.0,67803000.0,38316000.0,29.339,792999000.0
4,CCTYQ,MRQ,2007-09-30,2007-08-31,2007-08-31,2021-08-25,44783000.0,4037508000.0,,2847132000.0,1190376000.0,,9.931,-70085000.0,130899000.0,130899000.0,2097957000.0,-62836000.0,1.529,1.466,58982000.0,8272000.0,50710000.0,58982000.0,0.0,48349000.0,0.0,0.015,0.04,-127822000.0,-79473000.0,-0.03,-79473000.0,-127822000.0,-127946000.0,-0.38,-0.38,-0.38,1637049000.0,,1637049000.0,1781747737.0,-8.0,-82.176,52202000.0,0.317,1.0,546011000.0,0.207,153709000.0,124000.0,1949854000.0,,1833226000.0,293503000.0,293503000.0,0.0,2400459000.0,1862028000.0,538431000.0,1833515737.0,18590000.0,0.0,1485000.0,12956000.0,-6708000.0,7088000.0,-111688000.0,-41735000.0,122287000.0,903000.0,-62836000.0,-62836000.0,-62836000.0,-218000.0,0.0,-0.024,677909000.0,-131898000.0,1403415000.0,-0.105,1.12,-12.903,-12.651,974421000.0,0.0,10.88,0.151,0.148,304957000.0,1196982000.0,2643968000.0,2643968000.0,0.0,,,,,7348000.0,677909000.0,1.0,168521667.0,164837000.0,164837000.0,16.04,3883799000.0,237276000.0,-65110000.0,21136000.0,23.561,985104000.0
5,CCTYQ,MRQ,2007-06-30,2007-05-31,2007-05-31,2021-08-25,42059000.0,3827914000.0,,2668283000.0,1159631000.0,,10.252,-54669000.0,112309000.0,112309000.0,1925352000.0,-54566000.0,1.669,1.251,60541000.0,11580000.0,48961000.0,60541000.0,0.0,50143000.0,0.0,0.009,0.04,-82186000.0,-32043000.0,-0.013,-32043000.0,-82186000.0,-82229000.0,-0.33,-0.33,-0.33,1700189000.0,,1700189000.0,2660301198.0,-39.0,22.033,-298037000.0,-1.797,1.0,560185000.0,0.225,153138000.0,43000.0,2024505000.0,,1745934000.0,251789000.0,251789000.0,0.0,2127725000.0,1598503000.0,529222000.0,2743793198.0,-28832000.0,0.0,-43520000.0,-26284000.0,-6782000.0,-76198000.0,290093000.0,346585000.0,-243368000.0,641000.0,-54566000.0,-54566000.0,-54566000.0,-246000.0,0.0,-0.022,648354000.0,-88169000.0,1165842000.0,-0.121,1.614,-39.639,-38.262,941662000.0,0.0,16.07,0.223,0.216,342243000.0,1266534000.0,2485537000.0,2485537000.0,0.0,,,,,4942000.0,648354000.0,1.0,170740087.0,165842000.0,165842000.0,14.987,3674776000.0,162734000.0,-27663000.0,10782000.0,22.158,1069780000.0
6,CCTYQ,MRQ,2007-03-31,2007-02-28,2007-02-28,2021-08-25,25438000.0,4007283000.0,,2883512000.0,1123771000.0,,10.555,-47538000.0,141141000.0,141141000.0,3008097000.0,-4254000.0,1.682,1.237,57649000.0,7162000.0,50487000.0,57649000.0,0.0,46690000.0,0.0,0.006,0.04,30178000.0,76868000.0,0.019,76868000.0,30178000.0,30018000.0,-0.03,-0.03,-0.03,1791244000.0,,1791244000.0,2981797438.0,126.0,14.53,58334000.0,0.344,1.0,946562000.0,0.239,141059000.0,160000.0,2068703000.0,,1636507000.0,598341000.0,598341000.0,0.0,2216039000.0,1714029000.0,502010000.0,3338710438.0,-305564000.0,0.0,-98559000.0,-108234000.0,-6964000.0,-213567000.0,-196774000.0,-147505000.0,105872000.0,-1095000.0,-4254000.0,-4254000.0,-4254000.0,-2941000.0,0.0,-0.001,927891000.0,18671000.0,1203914000.0,-1.333,1.864,-403.177,-380.0,921027000.0,0.0,19.0,0.269,0.261,382555000.0,1336317000.0,3954659000.0,3954659000.0,0.0,,,,,4334000.0,835891000.0,1.0,175721602.0,169707000.0,169707000.0,23.303,3866224000.0,109500000.0,34272000.0,0.0,22.782,1169483000.0
7,CCTYQ,MRQ,2006-12-31,2006-11-30,2006-11-30,2021-08-25,42375000.0,5269276000.0,,3978045000.0,1291231000.0,,11.212,-96642000.0,446705000.0,446705000.0,2384135000.0,-20440000.0,1.383,1.747,89792000.0,42313000.0,47479000.0,89792000.0,0.0,46632000.0,0.0,0.004,0.04,-33666000.0,12966000.0,0.004,12966000.0,-33666000.0,-34700000.0,-0.12,-0.12,-0.12,1918003000.0,,1918003000.0,4162912270.0,19.0,10.373,191270000.0,1.118,1.0,675847000.0,0.221,242017000.0,1034000.0,1794710000.0,,2531486000.0,451182000.0,451182000.0,0.0,3351273000.0,2875636000.0,475637000.0,4372012270.0,150575000.0,0.0,29694000.0,77984000.0,-7006000.0,103090000.0,-240185000.0,-146555000.0,287912000.0,-242000.0,-20440000.0,-20440000.0,-20440000.0,491000.0,0.0,-0.007,714766000.0,-38919000.0,2283227000.0,-0.333,2.279,31.834,32.0,935872000.0,0.0,24.96,0.355,0.347,420876000.0,1351994000.0,3059982000.0,3059982000.0,0.0,,,,,6000000.0,714766000.0,1.0,175160748.0,171063000.0,171063000.0,17.888,5027259000.0,132577000.0,-14260000.0,0.0,29.388,1102409000.0
8,CCTYQ,MRQ,2006-09-30,2006-08-31,2006-08-31,2021-08-25,51073000.0,4129884000.0,,2844523000.0,1285361000.0,,11.268,-66243000.0,296130000.0,296130000.0,2148355000.0,10041000.0,1.645,1.156,87030000.0,38839000.0,48191000.0,87030000.0,0.0,45299000.0,0.0,0.003,0.018,17653000.0,62952000.0,0.022,62952000.0,17653000.0,17540000.0,0.06,0.06,0.06,1915253000.0,,1915253000.0,3796880618.0,14.0,8.56,12430000.0,0.073,1.0,670143000.0,0.238,255685000.0,113000.0,1935769000.0,,1849480000.0,303455000.0,303455000.0,0.0,2214631000.0,1729330000.0,485301000.0,4109675618.0,-96292000.0,0.0,-46080000.0,9630000.0,-3070000.0,-35624000.0,-139134000.0,-63017000.0,78673000.0,-207000.0,10041000.0,10041000.0,10041000.0,1614000.0,0.0,0.004,656670000.0,13473000.0,1271854000.0,0.3,2.146,24.474,24.594,884626000.0,0.0,23.61,0.338,0.33,303085000.0,1374995000.0,2818498000.0,2818498000.0,0.0,,,,,7731000.0,656670000.0,1.0,174065041.0,169973000.0,174659000.0,16.582,3874199000.0,135981000.0,7499000.0,5177000.0,22.793,1115193000.0
9,CCTYQ,MRQ,2006-06-30,2006-05-31,2006-05-31,2021-08-25,52062000.0,4111320000.0,,2873991000.0,1237329000.0,,11.375,-36682000.0,392422000.0,392422000.0,1960851000.0,6372000.0,1.714,1.113,79627000.0,29628000.0,49999000.0,79627000.0,0.0,42852000.0,0.0,0.002,0.018,9583000.0,52435000.0,0.02,52435000.0,9583000.0,9371000.0,0.04,0.04,0.04,1945758000.0,,1945758000.0,5026538277.0,19.0,11.872,-189488000.0,-1.108,1.0,635764000.0,0.245,259286000.0,212000.0,1862733000.0,,1931370000.0,241863000.0,241863000.0,0.0,2165562000.0,1676506000.0,489056000.0,5261272277.0,76452000.0,0.0,-32596000.0,13204000.0,-3086000.0,-15269000.0,244342000.0,281040000.0,-152806000.0,185000.0,6372000.0,6372000.0,6372000.0,708000.0,0.0,0.002,634292000.0,1472000.0,1229197000.0,0.45,2.704,33.043,33.022,837394000.0,0.0,30.05,0.443,0.433,211582000.0,1368026000.0,2596615000.0,2596615000.0,0.0,,,,,8662000.0,634292000.0,1.0,175083936.0,171054000.0,176256000.0,15.18,3852034000.0,129847000.0,2999000.0,8175000.0,22.519,1197485000.0
10,CCTYQ,MRQ,2006-03-31,2006-02-28,2006-02-28,2021-08-25,44287000.0,4069044000.0,,2833341000.0,1235703000.0,,11.394,-58049000.0,315970000.0,315970000.0,2884905000.0,141365000.0,1.746,1.082,81236000.0,29251000.0,51985000.0,81236000.0,0.0,45320000.0,0.0,0.003,0.018,227637000.0,272957000.0,0.071,272957000.0,227637000.0,226237000.0,0.8,0.78,0.8,1954633000.0,,1954633000.0,3859719694.0,17.0,9.843,395889000.0,2.308,1.0,942920000.0,0.246,254371000.0,1400000.0,1957609000.0,,1698026000.0,521992000.0,521992000.0,0.0,2114411000.0,1622330000.0,492081000.0,4254096694.0,-101832000.0,0.0,-27678000.0,-81110000.0,-3107000.0,-111955000.0,-445755000.0,-388847000.0,453938000.0,1940000.0,141365000.0,141365000.0,141365000.0,1597000.0,0.0,0.037,717931000.0,224989000.0,1052659000.0,0.022,2.176,30.442,30.418,839356000.0,0.0,24.03,0.369,0.37,220869000.0,1364740000.0,3827825000.0,3827825000.0,0.0,,,,,6694000.0,717931000.0,1.0,177032738.0,171546000.0,175628000.0,22.314,3814673000.0,133058000.0,84872000.0,75909000.0,22.237,1211011000.0
11,CCTYQ,MRQ,2005-12-31,2005-11-30,2005-11-30,2021-08-25,37587000.0,4717444000.0,,3507907000.0,1209537000.0,,10.524,-41591000.0,493659000.0,493659000.0,2201371000.0,10142000.0,1.439,1.57,99282000.0,70048000.0,29234000.0,99282000.0,0.0,37553000.0,0.0,0.003,0.018,17670000.0,55223000.0,0.019,55223000.0,17670000.0,16557000.0,0.06,0.06,0.06,1835819000.0,,1835819000.0,3241960917.0,23.0,10.475,-147508000.0,-0.846,1.0,700014000.0,0.241,258356000.0,1113000.0,1627586000.0,,2681045000.0,42274000.0,42274000.0,0.0,2881625000.0,2437125000.0,444500000.0,3811713917.0,30163000.0,0.0,-98907000.0,107759000.0,-3220000.0,5692000.0,130902000.0,168285000.0,-105917000.0,-514000.0,10142000.0,10142000.0,10142000.0,10000.0,0.0,0.003,686668000.0,13346000.0,2127047000.0,0.3,2.076,45.484,47.568,815393000.0,0.0,20.93,0.344,0.329,189749000.0,1233989000.0,2901385000.0,2901385000.0,0.0,,,,,8190000.0,686668000.0,1.0,182117244.0,174438000.0,177509000.0,16.633,4459088000.0,133512000.0,6415000.0,0.0,25.563,1070782000.0
12,CCTYQ,MRQ,2005-09-30,2005-08-31,2005-08-31,2021-08-25,33551000.0,3708843000.0,,2549269000.0,1159574000.0,,10.689,-65331000.0,601983000.0,601983000.0,1947449000.0,1348000.0,1.873,0.938,32230000.0,18290000.0,13940000.0,32230000.0,0.0,39165000.0,0.0,0.004,0.018,3628000.0,42793000.0,0.017,42793000.0,3628000.0,3413000.0,0.01,0.01,0.01,1913909000.0,,1913909000.0,2550316781.0,23.0,9.284,44265000.0,0.247,1.0,609642000.0,0.238,257475000.0,215000.0,1520432000.0,,1669204000.0,75834000.0,75834000.0,0.0,1794934000.0,1361183000.0,433751000.0,3135170781.0,-156010000.0,0.0,-89841000.0,-67944000.0,-3217000.0,-161002000.0,-105025000.0,-26600000.0,109596000.0,421000.0,1348000.0,1348000.0,1348000.0,2517000.0,0.0,0.001,608099000.0,1543000.0,1137652000.0,1.8,1.638,46.268,48.257,771483000.0,0.0,16.89,0.292,0.282,113903000.0,1227066000.0,2557091000.0,2557091000.0,0.0,,,,,6501000.0,608099000.0,1.0,185622900.0,179057000.0,181801000.0,14.281,3451368000.0,122294000.0,2065000.0,0.0,19.275,1188086000.0
13,CCTYQ,MRQ,2005-06-30,2005-05-31,2005-05-31,2021-08-25,20820000.0,3806189000.0,,2726020000.0,1080169000.0,,10.729,-34059000.0,598317000.0,598317000.0,1669958000.0,-13109000.0,1.96,0.92,13463000.0,1329000.0,12134000.0,13463000.0,0.0,41188000.0,0.0,0.004,0.018,-20050000.0,21138000.0,0.009,21138000.0,-20050000.0,-20465000.0,-0.07,-0.07,-0.07,1981882000.0,,1981882000.0,2218564630.0,24.0,8.991,-136618000.0,-0.74,1.0,557892000.0,0.25,236324000.0,415000.0,1593843000.0,,1677981000.0,200339000.0,200339000.0,0.0,1824307000.0,1391168000.0,433139000.0,3085814630.0,-336011000.0,0.0,-84012000.0,38019000.0,-3300000.0,-51169000.0,-182091000.0,-147688000.0,-102559000.0,-192000.0,-13109000.0,-13109000.0,-13109000.0,1226000.0,0.0,-0.006,583008000.0,-25116000.0,1169508000.0,-0.257,1.557,56.631,58.536,716640000.0,0.0,16.39,0.293,0.287,164517000.0,1228936000.0,2227850000.0,2227850000.0,0.0,,,,,3001000.0,583008000.0,1.0,188274230.0,184729000.0,184729000.0,12.06,3569865000.0,125123000.0,-7356000.0,0.0,19.325,1334852000.0
14,CCTYQ,MRQ,2005-03-31,2005-02-28,2005-02-28,2021-08-25,25100000.0,3840010000.0,,2745157000.0,1094853000.0,,11.069,-22790000.0,879660000.0,879660000.0,2581844000.0,85422000.0,2.087,0.846,20832000.0,888000.0,19944000.0,20832000.0,0.0,53401000.0,0.0,0.004,0.018,136948000.0,190349000.0,0.056,190349000.0,136948000.0,134122000.0,0.44,0.43,0.44,2079927000.0,,2079927000.0,2275038617.0,22.0,8.889,257712000.0,1.372,1.0,828401000.0,0.243,247215000.0,2826000.0,1418483000.0,,1455170000.0,125325000.0,125325000.0,0.0,1760083000.0,1315484000.0,444599000.0,2989651617.0,101612000.0,6348000.0,-43473000.0,12090000.0,-3350000.0,-35457000.0,-148382000.0,-125325000.0,280502000.0,667000.0,85422000.0,85422000.0,85422000.0,-2303000.0,0.0,0.025,708160000.0,120241000.0,806303000.0,0.041,1.437,48.488,48.844,726940000.0,0.0,15.63,0.287,0.29,230605000.0,1239714000.0,3410245000.0,3410245000.0,0.0,,,,,-1908000.0,728999000.0,1.0,191276495.0,187901000.0,198945000.0,18.149,3592795000.0,111129000.0,48700000.0,75183000.0,19.121,1429673000.0
15,CCTYQ,MRQ,2004-12-31,2004-11-30,2004-11-30,2021-08-25,34555000.0,4380480000.0,,3380669000.0,999811000.0,,10.75,-50628000.0,752478000.0,752478000.0,1894602000.0,-5900000.0,1.619,1.132,37865000.0,26109000.0,11756000.0,37865000.0,0.0,28674000.0,0.0,0.004,0.018,-8244000.0,20430000.0,0.008,20430000.0,-8244000.0,-8720000.0,-0.03,-0.03,-0.03,2054735000.0,,2054735000.0,2121911851.0,19.0,7.952,-141099000.0,-0.738,1.0,637839000.0,0.252,257513000.0,476000.0,1320088000.0,,2458876000.0,0.0,0.0,0.0,2325745000.0,2088266000.0,237479000.0,3046456851.0,-201330000.0,0.0,-65250000.0,8189000.0,-3423000.0,-60484000.0,-50628000.0,0.0,-90471000.0,253000.0,-5900000.0,-5900000.0,-5900000.0,0.0,0.0,-0.002,646083000.0,-8244000.0,1806028000.0,-0.6,1.483,46.301,48.719,645785000.0,0.0,15.59,0.294,0.288,126932000.0,1165149000.0,2532441000.0,2532441000.0,0.0,,,,,6265000.0,639641000.0,1.0,195410959.0,191135000.0,191135000.0,13.249,4122967000.0,80699000.0,-2820000.0,42197000.0,21.571,1292403000.0
16,CCTYQ,MRQ,2004-09-30,2004-08-31,2004-08-31,2021-08-25,9507000.0,3681868000.0,,2705712000.0,976156000.0,,10.749,-54783000.0,953808000.0,953808000.0,1785256000.0,-11923000.0,2.017,0.753,29263000.0,17284000.0,11979000.0,29263000.0,0.0,32421000.0,0.0,0.005,0.018,-17592000.0,14829000.0,0.006,14829000.0,-17592000.0,-18391000.0,-0.06,-0.06,-0.06,2099738000.0,,2099738000.0,1630987915.0,16.0,5.936,29028000.0,0.149,1.0,591201000.0,0.249,240012000.0,799000.0,1175957000.0,,1636993000.0,0.0,0.0,0.0,1582130000.0,1341354000.0,240776000.0,2584054915.0,-36763000.0,-65000.0,-54122000.0,-10675000.0,-3500000.0,-68297000.0,-54848000.0,0.0,83811000.0,684000.0,-11923000.0,-11923000.0,-11923000.0,507000.0,0.0,-0.005,608286000.0,-17085000.0,1090658000.0,-0.3,1.231,37.348,38.147,640322000.0,0.0,12.97,0.252,0.247,68026000.0,1174472000.0,2376457000.0,2376457000.0,0.0,,,,,8215000.0,599843000.0,1.0,199233224.0,195350000.0,195350000.0,12.165,3441856000.0,75827000.0,-6468000.0,58715000.0,17.619,1364358000.0
17,CCTYQ,MRQ,2004-06-30,2004-05-31,2004-05-31,2021-08-25,3295000.0,3654113000.0,,2697636000.0,956477000.0,,10.832,-26891000.0,990571000.0,990571000.0,1599662000.0,-5941000.0,2.156,0.692,37504000.0,12416000.0,25088000.0,37504000.0,0.0,38952000.0,0.0,0.006,0.018,-8607000.0,30345000.0,0.014,30345000.0,-8607000.0,-8957000.0,-0.03,-0.03,-0.03,2160140000.0,,2160140000.0,1619782185.0,-54.0,10.299,81421000.0,0.408,1.0,494719000.0,0.236,218827000.0,350000.0,1230974000.0,,1537752000.0,0.0,0.0,0.0,1493973000.0,1251245000.0,242728000.0,2379447185.0,207100000.0,207254000.0,-69831000.0,-2412000.0,-3575000.0,-75818000.0,180363000.0,0.0,108312000.0,412000.0,-5941000.0,-5941000.0,-5941000.0,707000.0,0.0,-0.003,508183000.0,-13464000.0,974037000.0,-0.6,1.102,-49.047,-52.043,620159000.0,0.0,11.97,0.238,0.238,115272000.0,1189895000.0,2094381000.0,2094381000.0,0.0,,,,,5733000.0,502229000.0,1.0,198784226.0,199429000.0,199429000.0,10.502,3435286000.0,91715000.0,-3016000.0,93386000.0,17.226,1446391000.0
18,CCTYQ,MRQ,2004-03-31,2004-02-29,2004-02-29,2021-08-25,0.0,3730526000.0,,2919061000.0,811465000.0,,10.848,-22348000.0,783471000.0,783471000.0,2547114000.0,89561000.0,2.565,0.677,23806000.0,1115000.0,22691000.0,23806000.0,0.0,54529000.0,0.0,0.006,0.018,146699000.0,201228000.0,0.06,201228000.0,146699000.0,143976000.0,0.44,0.44,0.44,2223961000.0,,2223961000.0,1922878433.0,-22.0,17.155,444104000.0,2.166,1.0,813499000.0,0.242,0.0,2723000.0,1832663000.0,,1517256000.0,0.0,0.0,0.0,1506565000.0,1138198000.0,368367000.0,2353981433.0,328128000.0,0.0,-68631000.0,-434000.0,-3692000.0,-72757000.0,181113000.0,0.0,466452000.0,0.0,89561000.0,89561000.0,89561000.0,5107000.0,0.0,0.027,678550000.0,134949000.0,833825000.0,0.041,1.058,-26.37,-26.0,677107000.0,0.0,11.18,0.239,0.233,596246000.0,1199411000.0,3360613000.0,3360613000.0,0.0,,,,,7980000.0,670313000.0,1.0,210552901.0,205016000.0,205016000.0,16.392,3730526000.0,88146000.0,54415000.0,150585000.0,18.196,1780863000.0
19,CCTYQ,MRQ,2003-12-31,2003-11-30,2003-11-30,2021-08-25,0.0,4406377000.0,,3714435000.0,691942000.0,,10.52,-39351000.0,455343000.0,455343000.0,1872600000.0,-2509000.0,1.839,1.029,24240000.0,1253000.0,22987000.0,24240000.0,0.0,45359000.0,0.0,0.005,0.018,-16991000.0,28368000.0,0.012,28368000.0,-16991000.0,-17160000.0,-0.01,-0.01,-0.01,2171820000.0,,2171820000.0,2106131140.0,-14.0,50.666,-505725000.0,-2.45,1.0,534824000.0,0.222,0.0,169000.0,1955281000.0,,2651078000.0,0.0,0.0,0.0,2234557000.0,2019993000.0,214564000.0,2727207140.0,-177729000.0,0.0,10165000.0,-356000.0,-3668000.0,6141000.0,-39351000.0,0.0,-466374000.0,0.0,-2509000.0,-2509000.0,-2509000.0,-25546000.0,0.0,-0.001,582992000.0,-48168000.0,1793866000.0,-1.8,1.256,-21.423,-21.0,631560000.0,0.0,13.02,0.279,0.275,511557000.0,1209850000.0,2407424000.0,2407424000.0,0.0,,,,,10544000.0,572217000.0,1.0,209462914.0,206441000.0,206441000.0,11.662,4406377000.0,30573000.0,-14651000.0,87691000.0,21.344,1694442000.0
20,CCTYQ,MRQ,2003-09-30,2003-08-31,2003-08-31,2021-08-25,0.0,3720437000.0,,3033993000.0,686444000.0,,10.459,-53064000.0,633072000.0,633072000.0,1668325000.0,-129625000.0,2.192,0.725,11996000.0,1366000.0,10630000.0,11996000.0,0.0,48234000.0,0.0,0.007,0.018,-150892000.0,-102658000.0,-0.048,-102658000.0,-150892000.0,-151195000.0,-0.63,-0.63,-0.63,2156503000.0,,2156503000.0,1574966598.0,-10.0,94.439,20574000.0,0.1,1.0,487375000.0,0.226,0.0,303000.0,1715468000.0,,1554432000.0,0.0,0.0,0.0,1563934000.0,1383893000.0,180041000.0,2178276598.0,17428000.0,0.0,-1272000.0,-338000.0,-3652000.0,-5262000.0,-53064000.0,0.0,73638000.0,0.0,-129625000.0,-129625000.0,-129625000.0,90314000.0,0.0,-0.06,556722000.0,-69347000.0,1186880000.0,-0.029,1.01,-15.279,-14.9,625532000.0,0.0,10.43,0.222,0.219,786310000.0,1212045000.0,2155700000.0,2155700000.0,0.0,,,,,12766000.0,544591000.0,1.0,208847229.0,206177000.0,206177000.0,10.456,3720437000.0,25435000.0,-21570000.0,68962000.0,18.045,1650100000.0
21,CCTYQ,MRQ,2003-06-30,2003-05-31,2003-05-31,2021-08-25,0.0,3623369000.0,,2951705000.0,671664000.0,,11.084,-20579000.0,615644000.0,615644000.0,1485010000.0,-46696000.0,2.539,0.588,12334000.0,1469000.0,10865000.0,12334000.0,0.0,49485000.0,0.0,0.01,0.018,-64336000.0,-14851000.0,-0.008,-14851000.0,-64336000.0,-65343000.0,-0.23,-0.23,-0.23,2281295000.0,,2281295000.0,617740516.0,754.0,3.543,-174533000.0,-0.848,1.0,448310000.0,0.232,0.0,1007000.0,1857516000.0,,1328659000.0,0.0,0.0,0.0,1342074000.0,1162543000.0,179531000.0,1489746516.0,-269026000.0,0.0,-13224000.0,-330000.0,-3648000.0,-17202000.0,-20579000.0,0.0,-153954000.0,0.0,-46696000.0,-46696000.0,-46696000.0,18607000.0,0.0,-0.024,502057000.0,-53747000.0,900424000.0,-0.078,0.653,196.407,-239.667,621067000.0,0.0,7.19,0.151,0.15,943908000.0,1339942000.0,1933320000.0,1933320000.0,0.0,,,,,6289000.0,494542000.0,1.0,207197012.0,205828000.0,205828000.0,9.393,3623369000.0,26370000.0,-18647000.0,128531000.0,17.604,1789162000.0
22,CCTYQ,MRQ,2003-03-31,2003-02-28,2003-02-28,2021-08-25,0.0,3841264000.0,,3087910000.0,753354000.0,,11.44,-10815000.0,884670000.0,884670000.0,2474210000.0,51528000.0,2.422,0.618,12664000.0,1410000.0,11254000.0,12664000.0,0.0,46404000.0,0.0,0.016,0.018,84306000.0,130710000.0,0.04,130710000.0,84306000.0,83931000.0,0.25,0.25,0.25,2373868000.0,,2373868000.0,563976433.0,7.0,2.321,539271000.0,2.599,1.0,819520000.0,0.249,0.0,375000.0,1694233000.0,,1409736000.0,0.0,0.0,0.0,1467396000.0,1275025000.0,192371000.0,930529433.0,447131000.0,0.0,-814000.0,-58322000.0,-3684000.0,-62820000.0,-10815000.0,0.0,550086000.0,0.0,51528000.0,51528000.0,51528000.0,-1892000.0,0.0,0.016,738947000.0,80573000.0,963701000.0,0.072,0.392,11.312,15.241,649593000.0,0.0,4.42,0.093,0.091,379526000.0,1303340000.0,3293730000.0,3293730000.0,0.0,,,,,37297000.0,685696000.0,1.0,210527021.0,207505000.0,207505000.0,15.873,3841264000.0,64509000.0,32403000.0,135856000.0,18.512,1812885000.0
23,CCTYQ,MRQ,2002-12-31,2002-11-30,2002-11-30,2021-08-25,0.0,4332091000.0,,3631652000.0,700439000.0,,10.884,-20417000.0,437539000.0,437539000.0,1873573000.0,-17776000.0,1.908,0.919,70986000.0,59346000.0,11640000.0,70986000.0,0.0,36850000.0,0.0,0.007,0.018,-33374000.0,3476000.0,0.001,3476000.0,-33374000.0,-33542000.0,-0.09,-0.09,-0.09,2257895000.0,,2257895000.0,1323403550.0,7.0,4.04,-354162000.0,-1.707,1.0,548114000.0,0.226,0.0,168000.0,2062372000.0,,2374860000.0,0.0,0.0,0.0,2074196000.0,1903166000.0,171030000.0,2050865550.0,-334567000.0,0.0,1033000.0,57684000.0,-3673000.0,54598000.0,-20417000.0,0.0,-333745000.0,0.0,-17776000.0,-17776000.0,-17776000.0,-8350000.0,0.0,-0.007,592105000.0,-43991000.0,1575762000.0,-0.2,0.908,11.982,14.353,693157000.0,0.0,9.76,0.203,0.2,749359000.0,1310932000.0,2421687000.0,2421687000.0,0.0,,,,,4462000.0,592105000.0,1.0,210129667.0,207454000.0,207454000.0,11.673,4332091000.0,0.0,-15766000.0,127970000.0,20.882,1728486000.0
24,CCTYQ,MRQ,2002-09-30,2002-08-31,2002-08-31,2021-08-25,0.0,4659149000.0,,3759353000.0,899796000.0,,13.542,-38005000.0,846796000.0,846796000.0,1695316000.0,20529000.0,2.375,0.661,119334000.0,7338000.0,111996000.0,119334000.0,0.0,40800000.0,0.0,0.005,0.018,14223000.0,55023000.0,0.025,55023000.0,14223000.0,13673000.0,0.04,0.04,0.04,2805863000.0,,2805863000.0,1977550331.0,8.0,4.99,-277885000.0,-1.341,1.0,525888000.0,0.237,0.0,550000.0,2348712000.0,,2018209000.0,0.0,0.0,0.0,1853286000.0,1582975000.0,270311000.0,2926861331.0,-342451000.0,0.0,3097000.0,-48304000.0,-3674000.0,-49044000.0,-38005000.0,0.0,-239880000.0,0.0,20529000.0,20529000.0,20529000.0,-31714000.0,0.0,0.009,569349000.0,-43461000.0,1274904000.0,0.45,1.043,13.511,16.023,859868000.0,0.0,13.94,0.294,0.29,850765000.0,1842736000.0,2221204000.0,2221204000.0,0.0,,,,,4489000.0,569349000.0,1.0,209961358.0,207202000.0,207202000.0,10.72,4659149000.0,10464000.0,-6856000.0,136204000.0,22.486,2176378000.0
25,CCTYQ,MRQ,2002-06-30,2002-05-31,2002-05-31,2021-08-25,0.0,4597096000.0,,3700269000.0,896827000.0,,13.412,-21632000.0,1176002000.0,1176002000.0,1604893000.0,27982000.0,2.381,0.658,226691000.0,112957000.0,113734000.0,226691000.0,0.0,35746000.0,0.0,0.003,0.018,27213000.0,62959000.0,0.03,62959000.0,27213000.0,27213000.0,0.08,0.08,0.08,2772433000.0,,2772433000.0,3682406414.0,13.0,9.083,-161202000.0,-0.78,1.0,513350000.0,0.242,0.0,0.0,2093550000.0,,1742485000.0,0.0,0.0,0.0,1824663000.0,1554235000.0,270428000.0,4807564414.0,-133689000.0,0.0,5585000.0,23680000.0,-3656000.0,26516000.0,-21632000.0,0.0,-139570000.0,0.0,27982000.0,27982000.0,27982000.0,-29238000.0,0.0,0.013,535794000.0,-22444000.0,1108731000.0,0.225,1.734,22.791,26.64,858505000.0,0.0,22.91,0.449,0.442,745244000.0,1825880000.0,2118243000.0,2118243000.0,0.0,,,,,5403000.0,535794000.0,1.0,209845675.0,206710000.0,206710000.0,10.247,4597096000.0,6785000.0,-769000.0,161710000.0,22.239,2146034000.0
26,CCTYQ,MRQ,2002-03-31,2002-02-28,2002-02-28,2021-08-25,0.0,4542033000.0,,3652711000.0,889322000.0,,13.263,-3960000.0,1248246000.0,1248246000.0,2543341000.0,140425000.0,2.225,0.661,37926000.0,23862000.0,14064000.0,37926000.0,0.0,18202000.0,0.0,0.004,0.018,187888000.0,206090000.0,0.061,206090000.0,187888000.0,187426000.0,0.65,0.64,0.65,2734438000.0,,2734438000.0,3142305697.0,13.0,8.396,669060000.0,3.245,1.0,817884000.0,0.243,0.0,462000.0,1690386000.0,,1234243000.0,0.0,0.0,0.0,1807595000.0,1641327000.0,166268000.0,3731947697.0,548346000.0,0.0,8459000.0,-37399000.0,-3652000.0,-35612000.0,-3960000.0,0.0,673020000.0,0.0,140425000.0,140425000.0,140425000.0,-59968000.0,0.0,0.042,658011000.0,159873000.0,1019519000.0,0.028,1.365,18.666,21.286,732802000.0,0.0,17.88,0.392,0.386,553273000.0,1801554000.0,3361225000.0,3361225000.0,0.0,,,,,29593000.0,615382000.0,1.0,208721907.0,206170000.0,211538000.0,16.303,4542033000.0,2647000.0,47001000.0,216993000.0,22.031,2011384000.0
27,CCTYQ,MRQ,2001-12-31,2001-11-30,2001-11-30,2021-08-25,0.0,4871673000.0,,3977387000.0,894286000.0,,12.497,-99335000.0,709914000.0,709914000.0,1712025000.0,27688000.0,1.816,0.896,120272000.0,105060000.0,15212000.0,120272000.0,88493000.0,38487000.0,0.0,0.004,0.018,33758000.0,72245000.0,0.032,72245000.0,33758000.0,33348000.0,0.1,0.1,0.1,2568993000.0,,2568993000.0,2951860775.0,13.0,8.259,-253328000.0,-1.232,1.0,551151000.0,0.244,0.0,410000.0,2092250000.0,,2500678000.0,0.0,0.0,0.0,2302680000.0,2189781000.0,112899000.0,3655975775.0,-114952000.0,0.0,2672000.0,147981000.0,-3644000.0,147488000.0,-99335000.0,0.0,-153993000.0,0.0,27688000.0,27688000.0,27688000.0,-18443000.0,0.0,0.012,553669000.0,-2518000.0,1765244000.0,0.18,1.423,22.475,26.194,861059000.0,0.0,17.55,0.399,0.394,700713000.0,1645916000.0,2263176000.0,2263176000.0,0.0,,,,,4086000.0,553669000.0,1.0,208317708.0,205571000.0,206639000.0,11.009,4871673000.0,0.0,5660000.0,151239000.0,23.698,1787606000.0
28,CCTYQ,MRQ,2001-09-30,2001-08-31,2001-08-31,2021-08-25,0.0,3958880000.0,,3026407000.0,932473000.0,,12.359,48780000.0,823654000.0,823654000.0,2357050000.0,14850000.0,2.314,0.56,119539000.0,104011000.0,15528000.0,119539000.0,85880000.0,38500000.0,0.0,0.004,0.018,25605000.0,64105000.0,0.022,64105000.0,25605000.0,23951000.0,0.03,0.03,0.03,2537720000.0,,2537720000.0,3321784551.0,36.0,14.56,423934000.0,2.065,1.0,605070000.0,0.204,0.0,1654000.0,1946662000.0,,1560461000.0,0.0,0.0,0.0,1421160000.0,1308103000.0,113057000.0,3475195551.0,419153000.0,0.0,3248000.0,-131551000.0,-3639000.0,8411000.0,48780000.0,0.0,375154000.0,0.0,14850000.0,14850000.0,14850000.0,0.0,0.0,0.005,579465000.0,25605000.0,947405000.0,0.6,1.369,47.938,66.8,898222000.0,0.0,16.7,0.355,0.35,600600000.0,1621872000.0,2962120000.0,2962120000.0,0.0,,,,,3585000.0,579465000.0,1.0,208095542.0,205329000.0,206924000.0,14.426,3958880000.0,0.0,9101000.0,114666000.0,19.281,1718304000.0
29,CCTYQ,MRQ,2001-06-30,2001-05-31,2001-05-31,2021-08-25,0.0,3814747000.0,,2799475000.0,1015272000.0,,11.61,-29604000.0,404501000.0,404501000.0,2183268000.0,16967000.0,2.311,0.603,251090000.0,135254000.0,115836000.0,251090000.0,94454000.0,39182000.0,0.0,0.005,0.018,30359000.0,69541000.0,0.025,69541000.0,30359000.0,27367000.0,0.05,0.05,0.05,2379323000.0,,2379323000.0,2925934514.0,18.0,9.887,-37231000.0,-0.182,1.0,566353000.0,0.206,0.0,2992000.0,2449729000.0,,1731833000.0,0.0,0.0,0.0,1435424000.0,1211607000.0,223817000.0,3122340514.0,-41630000.0,0.0,3541000.0,1365000.0,-3621000.0,1061000.0,-29604000.0,0.0,-7627000.0,0.0,16967000.0,16967000.0,16967000.0,0.0,0.0,0.006,535994000.0,30359000.0,821591000.0,0.36,1.312,26.661,30.633,981031000.0,0.0,15.01,0.312,0.307,594228000.0,1610661000.0,2749621000.0,2749621000.0,0.0,,,,,3598000.0,535994000.0,1.0,208017356.0,204936000.0,205491000.0,13.417,3814747000.0,0.0,10400000.0,113494000.0,18.614,1587868000.0
30,CCTYQ,MRQ,2001-03-31,2001-02-28,2001-02-28,2021-08-25,0.0,3871333000.0,,2847179000.0,1024154000.0,,11.529,-16833000.0,446131000.0,446131000.0,661373000.0,103164000.0,2.204,0.643,249725000.0,133588000.0,116137000.0,249725000.0,92165000.0,20649000.0,0.0,0.005,0.018,130884000.0,151533000.0,0.128,151533000.0,130884000.0,138476000.0,0.49,0.5,0.49,2356483000.0,,2356483000.0,3401305456.0,14.0,9.318,467071000.0,2.285,1.0,526708000.0,0.443,0.0,-7592000.0,2383328000.0,,1757664000.0,0.0,0.0,0.0,1514850000.0,1291599000.0,223251000.0,3121328456.0,325442000.0,1325000.0,-5585000.0,-129897000.0,-3596000.0,-139470000.0,-15508000.0,0.0,483904000.0,0.0,103164000.0,103164000.0,103164000.0,-45564000.0,0.0,0.087,518188000.0,8520000.0,902560000.0,0.037,1.325,19.411,20.781,988947000.0,0.0,15.17,0.302,0.299,585761000.0,1597315000.0,1188081000.0,1188081000.0,0.0,,,,,11365000.0,518188000.0,1.0,205756655.0,204389000.0,206367000.0,5.813,3871333000.0,0.0,35312000.0,107428000.0,18.941,1555580000.0
31,CCTYQ,MRQ,2000-12-31,2000-11-30,2000-11-30,2021-08-25,0.0,4509116000.0,,3442633000.0,1066483000.0,,11.025,-101293000.0,121868000.0,121868000.0,2305141000.0,-62487000.0,1.712,1.004,401845000.0,283740000.0,118105000.0,401845000.0,106336000.0,38691000.0,0.0,0.006,0.018,-95725000.0,-57034000.0,-0.02,-57034000.0,-95725000.0,-100786000.0,-0.32,-0.32,-0.32,2250007000.0,,2250007000.0,2427134181.0,6.0,4.528,-428651000.0,-2.1,1.0,582128000.0,0.202,0.0,5061000.0,2778011000.0,,2653440000.0,0.0,0.0,0.0,2259109000.0,2011082000.0,248027000.0,2606653181.0,-310832000.0,0.0,-17234000.0,148664000.0,-3594000.0,126797000.0,-101293000.0,0.0,-327358000.0,0.0,-62487000.0,-62487000.0,-62487000.0,0.0,0.0,-0.022,677853000.0,-95725000.0,1504541000.0,-0.056,1.159,11.991,12.318,1021973000.0,0.0,12.688,0.196,0.195,564832000.0,1497747000.0,2887269000.0,2887269000.0,0.0,,,,,0.0,677853000.0,1.0,205450497.0,204079000.0,204079000.0,14.148,4509116000.0,0.0,-38299000.0,89054000.0,22.095,1431551000.0
32,CCTYQ,MRQ,2000-09-30,2000-08-31,2000-08-31,2021-08-25,0.0,3933452000.0,,2932133000.0,1001319000.0,,11.317,-40071000.0,432700000.0,432700000.0,2507986000.0,59467000.0,2.125,0.706,253181000.0,134788000.0,118393000.0,253181000.0,110202000.0,32389000.0,0.0,0.003,0.018,99497000.0,131886000.0,0.041,131886000.0,99497000.0,95914000.0,0.27,0.27,0.27,2306042000.0,,2306042000.0,5209460657.0,9.0,7.219,45563000.0,0.224,1.0,671795000.0,0.211,0.0,3583000.0,2373807000.0,,1846749000.0,0.0,0.0,0.0,1627410000.0,1380126000.0,247284000.0,5324767657.0,64654000.0,-1325000.0,32154000.0,442000.0,-3586000.0,30120000.0,-41396000.0,0.0,85634000.0,0.0,59467000.0,59467000.0,59467000.0,0.0,0.0,0.019,572298000.0,99497000.0,1017295000.0,0.067,2.309,16.065,16.11,954960000.0,0.0,25.938,0.397,0.395,614540000.0,1563828000.0,3179781000.0,3179781000.0,0.0,,,,,0.0,572298000.0,1.0,205292247.0,203770000.0,205494000.0,15.605,3933452000.0,0.0,36447000.0,82480000.0,19.303,1552007000.0
33,CCTYQ,MRQ,2000-06-30,2000-05-31,2000-05-31,2021-08-25,0.0,3834644000.0,,2838943000.0,995701000.0,,11.051,-16336000.0,368046000.0,368046000.0,2391589000.0,60658000.0,2.376,0.71,252739000.0,3798000.0,248941000.0,252739000.0,123045000.0,34568000.0,0.0,0.001,0.018,104056000.0,138624000.0,0.045,138624000.0,104056000.0,97835000.0,0.28,0.28,0.28,2241914000.0,,2241914000.0,9769336810.0,16.0,13.048,-108142000.0,-0.533,1.0,683262000.0,0.222,0.0,6221000.0,2524468000.0,,1848910000.0,0.0,0.0,0.0,1592730000.0,1194869000.0,397861000.0,9983679810.0,-275887000.0,0.0,17577000.0,-176851000.0,-3570000.0,-162786000.0,-16336000.0,0.0,-91806000.0,0.0,60658000.0,60658000.0,60658000.0,0.0,0.0,0.02,579206000.0,104056000.0,1000728000.0,0.064,4.453,28.818,28.509,946989000.0,0.0,48.75,0.758,0.751,589554000.0,1507947000.0,3074851000.0,3074851000.0,0.0,,,,,0.0,579206000.0,1.0,204793432.0,202865000.0,205877000.0,15.157,3834644000.0,0.0,37177000.0,87451000.0,18.902,1644074000.0
34,CCTYQ,MRQ,2000-03-31,2000-02-29,2000-02-29,2021-08-25,0.0,3955348000.0,,2942615000.0,1012733000.0,,10.605,986000.0,643933000.0,643933000.0,3236175000.0,159741000.0,2.093,0.846,429590000.0,180349000.0,249241000.0,429590000.0,130020000.0,41570000.0,0.0,0.002,0.018,280969000.0,322539000.0,0.078,322539000.0,280969000.0,273861000.0,0.8,0.8,0.8,2142174000.0,,2142174000.0,8871922718.0,20.0,15.111,865896000.0,4.287,1.0,920637000.0,0.221,0.0,7108000.0,2334846000.0,,1689209000.0,0.0,0.0,0.0,1813174000.0,1406159000.0,407015000.0,8231281718.0,568088000.0,0.0,-4782000.0,-286896000.0,-3561000.0,-295139000.0,986000.0,0.0,864910000.0,0.0,159741000.0,159741000.0,159741000.0,0.0,0.0,0.038,655883000.0,264754000.0,960131000.0,0.022,3.842,41.658,41.263,965181000.0,0.0,40.438,0.644,0.637,593276000.0,1450859000.0,4156812000.0,4156812000.0,0.0,,,,,12096000.0,655883000.0,1.0,203555653.0,201996000.0,204744000.0,20.579,3955348000.0,0.0,114120000.0,88872000.0,19.581,1536456000.0
35,CCTYQ,MRQ,1999-12-31,1999-11-30,1999-11-30,2021-08-25,0.0,4247635000.0,,3193286000.0,1054349000.0,,9.83,-38450000.0,75845000.0,75845000.0,2313697000.0,51578000.0,1.713,1.143,716486000.0,466177000.0,250309000.0,716486000.0,120466000.0,38888000.0,0.0,0.001,0.018,89694000.0,128582000.0,0.043,128582000.0,89694000.0,83190000.0,0.26,0.26,0.26,1981859000.0,,1981859000.0,10054653107.0,27.0,19.784,-393356000.0,-1.951,1.0,670910000.0,0.225,0.0,6504000.0,3024364000.0,,2385820000.0,0.0,0.0,0.0,2265776000.0,1863912000.0,401864000.0,9862313107.0,-165647000.0,0.0,-22296000.0,282654000.0,-3558000.0,256034000.0,-38450000.0,0.0,-354906000.0,0.0,51578000.0,51578000.0,51578000.0,0.0,0.0,0.017,581216000.0,89694000.0,1209817000.0,0.069,4.976,80.486,76.984,1007121000.0,0.0,48.5,0.819,0.812,648661000.0,1294679000.0,2984607000.0,2984607000.0,0.0,,,,,0.0,581216000.0,1.0,203346662.0,201610000.0,204525000.0,14.804,4247635000.0,0.0,31612000.0,77369000.0,21.069,1329374000.0
36,CCTYQ,MRQ,1999-09-30,1999-08-31,1999-08-31,2021-08-25,0.0,3716742000.0,,2661339000.0,1055403000.0,,9.542,-44391000.0,241492000.0,241492000.0,2290111000.0,74467000.0,1.93,0.935,433832000.0,183247000.0,250585000.0,433832000.0,137844000.0,33616000.0,0.0,0.001,0.018,125370000.0,158986000.0,0.054,158986000.0,125370000.0,120108000.0,0.37,0.37,0.37,1920913000.0,,1920913000.0,9085295784.0,27.0,19.423,185393000.0,0.921,1.0,668283000.0,0.226,0.0,5262000.0,2529945000.0,,1791767000.0,0.0,0.0,0.0,1795829000.0,1379137000.0,416692000.0,8721865784.0,164379000.0,-3571000.0,17572000.0,-6711000.0,-3550000.0,8811000.0,-47962000.0,0.0,229784000.0,0.0,74467000.0,74467000.0,74467000.0,0.0,0.0,0.025,542913000.0,125370000.0,1041555000.0,0.049,4.54,102.369,95.556,1005894000.0,0.0,43.0,0.747,0.742,556168000.0,1246659000.0,2958394000.0,2958394000.0,0.0,,,,,0.0,542913000.0,1.0,202834088.0,201315000.0,204551000.0,14.695,3716742000.0,0.0,45641000.0,41505000.0,18.462,1282202000.0
37,CCTYQ,MRQ,1999-06-30,1999-05-31,1999-05-31,2021-08-25,0.0,3412783000.0,,2367858000.0,1044925000.0,,9.133,-40262000.0,77113000.0,77113000.0,2088255000.0,-88196000.0,2.038,0.864,440543000.0,189688000.0,250855000.0,440543000.0,152120000.0,34090000.0,0.0,0.001,0.009,-40879000.0,-6789000.0,-0.003,-6789000.0,-40879000.0,-46211000.0,-0.44,-0.44,-0.44,1830924000.0,,1830924000.0,7435973534.0,26.0,17.718,-141769000.0,-0.707,1.0,602727000.0,0.224,0.0,5332000.0,2614478000.0,,1613671000.0,0.0,0.0,0.0,1581859000.0,1161735000.0,420124000.0,7264545534.0,-188767000.0,-31278000.0,16448000.0,3235000.0,-3538000.0,17225000.0,-71540000.0,0.0,-101507000.0,0.0,-88196000.0,-88196000.0,-88196000.0,130240000.0,0.0,-0.033,529581000.0,73146000.0,801913000.0,-0.02,3.968,172.166,149.609,992423000.0,0.0,35.906,0.647,0.641,586534000.0,1175742000.0,2690982000.0,2690982000.0,0.0,,,,,0.0,529581000.0,1.0,202319806.0,200466000.0,203470000.0,13.424,3412783000.0,14418000.0,41985000.0,17149000.0,17.024,1206123000.0
38,CCTYQ,MRQ,1999-03-31,1999-02-28,1999-02-28,2021-08-25,0.0,3445266000.0,,2394515000.0,1050751000.0,,9.572,48802000.0,265880000.0,265880000.0,2618024000.0,84685000.0,2.484,0.808,437308000.0,10723000.0,426585000.0,437308000.0,112085000.0,32153000.0,0.0,0.001,0.009,195297000.0,227450000.0,0.067,227450000.0,195297000.0,188337000.0,0.44,0.44,0.44,1905130000.0,,1905130000.0,6224515042.0,17.0,12.471,661222000.0,3.322,1.0,785358000.0,0.231,0.0,6960000.0,2652889000.0,,1517675000.0,0.0,0.0,0.0,1540136000.0,963805000.0,576331000.0,5449974042.0,147875000.0,-34005000.0,2385000.0,-457720000.0,-3514000.0,-458852000.0,14797000.0,0.0,612420000.0,0.0,84685000.0,84685000.0,84685000.0,-105007000.0,0.0,0.025,590061000.0,195297000.0,799733000.0,0.02,2.861,38.132,36.167,1005773000.0,0.0,27.125,0.504,0.498,574316000.0,1267476000.0,3403382000.0,3403382000.0,0.0,,,,,0.0,590061000.0,1.0,200920702.0,199036000.0,201790000.0,17.099,3445266000.0,0.0,103652000.0,47425000.0,17.31,1430710000.0
39,CCTYQ,MRQ,1998-12-31,1998-11-30,1998-11-30,2021-08-25,0.0,4142469000.0,,3014147000.0,1128322000.0,,9.123,-64582000.0,118005000.0,118005000.0,2025050000.0,14244000.0,1.733,1.286,892546000.0,465702000.0,426844000.0,892546000.0,133933000.0,30393000.0,0.0,0.0,0.009,57729000.0,88122000.0,0.034,88122000.0,57729000.0,50015000.0,0.08,0.08,0.08,1812054000.0,,1812054000.0,3990138909.0,14.0,9.698,-399129000.0,-2.01,1.0,593148000.0,0.227,0.0,7714000.0,3178174000.0,,2204933000.0,0.0,0.0,0.0,2330415000.0,1738836000.0,591579000.0,3637040909.0,24435000.0,-7557000.0,6491000.0,440360000.0,-3504000.0,443999000.0,-72139000.0,0.0,-334547000.0,0.0,14244000.0,14244000.0,14244000.0,16765000.0,0.0,0.005,535419000.0,57729000.0,1144356000.0,0.113,2.007,32.869,29.959,1089174000.0,0.0,18.125,0.355,0.351,631237000.0,1186305000.0,2618198000.0,2618198000.0,0.0,,,,,0.0,535419000.0,1.0,200664326.0,198616000.0,200721000.0,13.182,4142469000.0,0.0,35771000.0,40779000.0,20.857,1275311000.0
40,CCTYQ,MRQ,1998-09-30,1998-08-31,1998-08-31,2021-08-25,0.0,3393186000.0,,2312830000.0,1080356000.0,,9.053,-93255000.0,93570000.0,93570000.0,1945003000.0,31462000.0,2.28,0.891,446668000.0,23324000.0,423344000.0,446668000.0,132370000.0,35084000.0,0.0,0.0,0.0,75812000.0,110896000.0,0.044,110896000.0,75812000.0,69498000.0,0.16,0.16,0.16,1794171000.0,,1794171000.0,3433143725.0,13.0,9.023,-9000.0,0.0,1.0,572824000.0,0.228,0.0,6314000.0,2731705000.0,,1557054000.0,0.0,0.0,0.0,1599015000.0,1014579000.0,584436000.0,3087666725.0,7797000.0,0.0,11039000.0,15418000.0,-3494000.0,23511000.0,-93255000.0,0.0,93246000.0,0.0,31462000.0,31462000.0,31462000.0,11626000.0,0.0,0.012,497012000.0,75812000.0,861361000.0,0.0,1.721,28.498,25.945,1053118000.0,0.0,15.438,0.316,0.313,607584000.0,1175565000.0,2517827000.0,2517827000.0,0.0,,,,,0.0,497012000.0,1.0,200010800.0,198190000.0,200847000.0,12.704,3393186000.0,12149000.0,38036000.0,30601000.0,17.121,1298251000.0
41,CCTYQ,MRQ,1998-06-30,1998-05-31,1998-05-31,2021-08-25,0.0,3232065000.0,,2211059000.0,1021006000.0,,8.889,30298000.0,85773000.0,85773000.0,1766153000.0,12533000.0,2.491,0.842,431250000.0,7663000.0,423587000.0,431250000.0,138176000.0,32097000.0,0.0,0.0,0.0,32492000.0,64589000.0,0.028,64589000.0,32492000.0,25161000.0,0.07,0.07,0.07,1754616000.0,,1754616000.0,4532835892.0,19.0,12.902,-21793000.0,-0.11,1.0,504908000.0,0.222,0.0,7331000.0,2689849000.0,,1477377000.0,0.0,0.0,0.0,1477449000.0,887693000.0,589756000.0,4217878892.0,-30839000.0,0.0,14386000.0,-319000.0,-3469000.0,11725000.0,30298000.0,0.0,-52091000.0,0.0,12533000.0,12533000.0,12533000.0,8070000.0,0.0,0.006,464346000.0,40562000.0,781963000.0,0.0,2.404,40.413,36.848,991289000.0,0.0,21.188,0.454,0.45,601287000.0,1147597000.0,2271061000.0,2271061000.0,0.0,,,,,0.0,464346000.0,1.0,199073930.0,197382000.0,199894000.0,11.506,3232065000.0,13324000.0,12628000.0,31418000.0,16.375,1323366000.0
42,CCTYQ,MRQ,1998-03-31,1998-02-28,1998-02-28,2021-08-25,0.0,3231701000.0,,2146349000.0,1085352000.0,,8.806,-42734000.0,116612000.0,116612000.0,2177898000.0,52414000.0,2.369,0.868,431569000.0,7277000.0,424292000.0,431569000.0,145107000.0,21913000.0,0.0,0.0,0.0,125910000.0,147823000.0,0.052,147823000.0,125910000.0,117821000.0,0.295,0.295,0.295,1730039000.0,,1730039000.0,4545678597.0,20.0,13.243,450386000.0,2.293,1.0,671204000.0,0.236,0.0,8089000.0,2640832000.0,,1410545000.0,0.0,0.0,0.0,1501662000.0,905826000.0,595836000.0,3814182597.0,39717000.0,0.0,13149000.0,-376822000.0,-3457000.0,-364851000.0,-42734000.0,0.0,493120000.0,0.0,52414000.0,52414000.0,52414000.0,-20636000.0,0.0,0.018,545294000.0,125910000.0,765391000.0,0.0,2.205,36.565,33.882,1048434000.0,0.0,19.312,0.43,0.427,598035000.0,1138533000.0,2849102000.0,2849102000.0,0.0,,,,,0.0,545294000.0,1.0,197498128.0,196456000.0,198774000.0,14.502,3231701000.0,0.0,65407000.0,26793000.0,16.45,1240523000.0
43,CCTYQ,MRQ,1997-12-31,1997-11-30,1997-11-30,2021-08-25,0.0,3730031000.0,,2662933000.0,1067098000.0,,8.487,-112564000.0,76895000.0,76895000.0,1662466000.0,11937000.0,1.796,1.239,808391000.0,383696000.0,424695000.0,808391000.0,133379000.0,31053000.0,0.0,0.0,0.0,26112000.0,57165000.0,0.027,57165000.0,26112000.0,19255000.0,0.07,0.07,0.07,1665654000.0,,1665654000.0,,,,-464551000.0,-2.367,1.0,481753000.0,0.225,0.0,6857000.0,2978419000.0,,1983602000.0,0.0,0.0,0.0,2064377000.0,1483108000.0,581269000.0,3240203662.0,-91875000.0,0.0,2812000.0,373240000.0,-3455000.0,372676000.0,-112564000.0,0.0,-351987000.0,0.0,11937000.0,11937000.0,11937000.0,0.0,0.0,0.006,455641000.0,26112000.0,1000223000.0,0.0,1.945,26.966,,1027694000.0,0.0,16.406,0.384,0.382,552923000.0,1089576000.0,2144219000.0,2144219000.0,0.0,,,,,0.0,455641000.0,1.0,197498128.0,196266000.0,198680000.0,10.925,3730031000.0,0.0,7318000.0,30776000.0,19.005,1179825000.0
44,CCTYQ,MRQ,1997-09-30,1997-08-31,1997-08-31,2021-08-25,,,,,,,,-83938000.0,,,1548143000.0,27486000.0,,,,,,,,31793000.0,,0.0,0.0,49957000.0,81750000.0,0.04,81750000.0,49957000.0,44333000.0,0.14,0.14,0.14,,,,,,,-90390000.0,-0.461,1.0,472429000.0,0.234,,5624000.0,,,,,,,,,,,-90730000.0,0.0,2435000.0,676000.0,-3445000.0,-340000.0,-83938000.0,0.0,-6452000.0,0.0,27486000.0,27486000.0,27486000.0,0.0,0.0,0.014,422472000.0,49957000.0,,0.0,,,,,0.0,17.812,,0.428,,,2020572000.0,2020572000.0,0.0,,,,,0.0,422472000.0,1.0,,196080000.0,198342000.0,10.305,,,16847000.0,,,
45,CCTYQ,MRQ,1997-06-30,1997-05-31,1997-05-31,2021-08-25,,,,,,,,-39498000.0,,,1438626000.0,12474000.0,,,,,,,,30101000.0,,0.0,0.0,26410000.0,56511000.0,0.03,56511000.0,26410000.0,20119000.0,0.065,0.065,0.065,,,,,,,54028000.0,0.276,1.0,418278000.0,0.225,,6291000.0,,,,,,,,,,,56857000.0,0.0,3915000.0,2348000.0,-3435000.0,2829000.0,-39498000.0,0.0,93526000.0,0.0,12474000.0,12474000.0,12474000.0,0.0,0.0,0.007,391868000.0,26410000.0,,0.0,,,,,0.0,19.75,,,,,1856904000.0,1856904000.0,0.0,,,,,0.0,391868000.0,1.0,,195420000.0,197840000.0,9.502,,,7645000.0,,,
46,CCTYQ,MRQ,1997-03-31,1997-02-28,1997-02-28,2021-08-25,0.0,3081173000.0,,2163133000.0,918040000.0,,8.297,-9726000.0,202643000.0,202643000.0,1837912000.0,68261000.0,2.585,0.908,432127000.0,1837000.0,430290000.0,432127000.0,166295000.0,24363000.0,0.0,0.0,0.0,119539000.0,143902000.0,0.06,143902000.0,119539000.0,110105000.0,,,,1614856000.0,,1614856000.0,,,,339760000.0,1.746,1.0,579643000.0,0.24,0.0,9434000.0,2474006000.0,,1392363000.0,0.0,0.0,0.0,1466317000.0,836651000.0,629666000.0,,161333000.0,0.0,5224000.0,-592557000.0,-3429000.0,-178427000.0,-9726000.0,0.0,349486000.0,0.0,68261000.0,68261000.0,68261000.0,0.0,0.0,0.028,460104000.0,119539000.0,720754000.0,,,,22.482,886091000.0,0.0,15.625,,0.397,531974000.0,1048014000.0,2417555000.0,2417555000.0,0.0,,,,,0.0,460104000.0,1.0,,194622000.0,,12.422,3081173000.0,21340000.0,41844000.0,41641000.0,15.832,1326482000.0
47,CCTYQ,MRQ,1996-12-31,1996-11-30,1996-11-30,2021-08-25,,,,,,,,,,,1441088000.0,19787000.0,,,,,,,,,,0.0,0.0,41055000.0,,,,41055000.0,31933000.0,,,,,,,,,,,,1.0,422859000.0,0.227,,9122000.0,,,,,,,,,,,,,,,,,,,,,19787000.0,19787000.0,19787000.0,0.0,0.0,0.011,381804000.0,41055000.0,,,,,,,0.0,16.688,,,,,1863947000.0,1863947000.0,0.0,,,,,,381804000.0,1.0,,,,,,,12146000.0,,,
0,CCTYQ,MRT,2008-09-30,2008-08-31,2008-08-31,2021-08-25,94488000.0,3400080000.0,3948737000.0,2168686000.0,1231394000.0,2.863,6.512,-202775000.0,91235000.0,91235000.0,8999669000.0,-606484000.0,1.285,2.158,281769000.0,229203000.0,52566000.0,281769000.0,0.0,181011000.0,0.0,0.067,0.12,-532324000.0,-351313000.0,-0.031,-351313000.0,-532324000.0,-539453000.0,-3.68,-3.68,-3.68,1076752000.0,1337830000.0,1076752000.0,340105865.0,-1.0,-0.968,-457808000.0,-2.769,1.0,2306993000.0,0.204,129730000.0,7129000.0,1773634000.0,1788870500.0,1508944000.0,1268000.0,1268000.0,0.0,2323328000.0,1687250000.0,636078000.0,303321865.0,-39664000.0,0.0,185000.0,148332000.0,-20004000.0,126681000.0,89524000.0,291734000.0,-255033000.0,-836000.0,-606484000.0,-606484000.0,-606484000.0,-992000.0,0.0,-0.054,2850892000.0,-543899000.0,1022628000.0,-0.033,0.282,-0.5,-0.489,966707000.0,0.0,1.8,0.027,0.026,329516000.0,570462000.0,11306662000.0,11306662000.0,0.0,-0.154,-0.453,-0.298,-0.047,17924000.0,2751892000.0,1.0,168512147.0,165353000.0,165353000.0,68.379,3270350000.0,193855000.0,67031000.0,48446000.0,19.778,481436000.0
1,CCTYQ,MRT,2008-06-30,2008-05-31,2008-05-31,2021-08-25,115922000.0,3649323000.0,4108094000.0,2349558000.0,1299765000.0,2.814,8.08,-227135000.0,90848000.0,90848000.0,9215222000.0,-430146000.0,1.39,1.738,127632000.0,66801000.0,60831000.0,127632000.0,0.0,183253000.0,0.0,0.033,0.16,-428924000.0,-245671000.0,-0.021,-245671000.0,-428924000.0,-431743000.0,-2.61,-2.61,-2.61,1332731000.0,1477904250.0,1332731000.0,601350974.0,-1.0,-2.448,-289064000.0,-1.752,1.0,2344006000.0,0.203,134479000.0,2819000.0,1860934000.0,1832925500.0,1686314000.0,1329000.0,1329000.0,0.0,2316592000.0,1690694000.0,625898000.0,828773974.0,-21461000.0,0.0,1670000.0,43206000.0,-26725000.0,16451000.0,23344000.0,249999000.0,-61929000.0,673000.0,-430146000.0,-430146000.0,-430146000.0,-1210000.0,0.0,-0.037,2787759000.0,-443753000.0,1220638000.0,-0.061,0.622,-1.927,-1.881,1037808000.0,0.0,4.91,0.072,0.07,307033000.0,809624000.0,11559228000.0,11559228000.0,0.0,-0.105,-0.291,-0.234,-0.037,19876000.0,2761759000.0,1.0,168793070.0,164949000.0,164949000.0,70.078,3514844000.0,190336000.0,-1597000.0,42970000.0,21.309,658864000.0
2,CCTYQ,MRT,2008-03-31,2008-02-29,2008-02-29,2021-08-25,118060000.0,3745930000.0,4152741750.0,2439720000.0,1306210000.0,2.828,9.103,-253931000.0,296055000.0,296055000.0,9318174000.0,-319897000.0,1.519,1.492,68632000.0,11582000.0,57050000.0,68632000.0,0.0,187621000.0,0.0,0.036,0.16,-350943000.0,-163322000.0,-0.014,-163322000.0,-350943000.0,-352123000.0,-1.94,-1.94,-1.94,1503175000.0,1569768750.0,1503175000.0,630076498.0,-2.0,-3.858,-283702000.0,-1.718,1.0,2425517000.0,0.207,136431000.0,1180000.0,1776389000.0,1873818250.0,1573560000.0,1366000.0,1366000.0,0.0,2242755000.0,1605687000.0,637068000.0,744178498.0,154914000.0,0.0,-41850000.0,-87943000.0,-26844000.0,-157912000.0,341171000.0,596584000.0,-29771000.0,1426000.0,-319897000.0,-319897000.0,-319897000.0,-1456000.0,0.0,-0.027,2796104000.0,-370587000.0,1144480000.0,-0.082,0.495,-2.326,-2.278,1037321000.0,0.0,4.42,0.063,0.062,330599000.0,981112000.0,11743691000.0,11743691000.0,0.0,-0.077,-0.204,-0.187,-0.03,21610000.0,2770104000.0,1.0,168366176.0,165134000.0,165134000.0,71.116,3609499000.0,196788000.0,-32226000.0,53266000.0,21.858,834033000.0
3,CCTYQ,MRT,2007-12-31,2007-11-30,2007-11-30,2021-08-25,56158000.0,4999615000.0,4218080000.0,3772775000.0,1226840000.0,2.856,8.724,-248975000.0,194922000.0,194922000.0,9429403000.0,-329002000.0,1.266,2.475,80820000.0,29282000.0,51538000.0,80820000.0,0.0,187873000.0,0.0,0.025,0.16,-318978000.0,-131105000.0,-0.011,-131105000.0,-318978000.0,-319700000.0,-2.0,-2.0,-2.0,1438662000.0,1641786000.0,1438662000.0,1018668245.0,-3.0,-7.77,-235963000.0,-1.431,1.0,2618447000.0,0.217,161212000.0,722000.0,1744525000.0,1946896750.0,2591675000.0,288137000.0,288137000.0,0.0,3560953000.0,2979776000.0,581177000.0,1090585245.0,-251783000.0,0.0,-140419000.0,-6790000.0,-27115000.0,-174464000.0,-89394000.0,162930000.0,13012000.0,-937000.0,-329002000.0,-329002000.0,-329002000.0,-4057000.0,0.0,-0.027,2962193000.0,-343746000.0,2371493000.0,-0.08,0.758,-3.315,-3.235,1025040000.0,0.0,6.47,0.091,0.089,447319000.0,982965000.0,12047850000.0,12047850000.0,0.0,-0.078,-0.2,-0.164,-0.026,20942000.0,2870193000.0,1.0,168560316.0,164916000.0,164916000.0,73.054,4838403000.0,181805000.0,9302000.0,38316000.0,29.339,792999000.0
4,CCTYQ,MRT,2007-09-30,2007-08-31,2007-08-31,2021-08-25,44783000.0,4037508000.0,4285495250.0,2847132000.0,1190376000.0,2.834,9.931,-268934000.0,130899000.0,130899000.0,9415541000.0,-142096000.0,1.529,1.466,58982000.0,8272000.0,50710000.0,58982000.0,0.0,191814000.0,0.0,0.015,0.16,-213496000.0,-21682000.0,-0.002,-21682000.0,-213496000.0,-214857000.0,-0.86,-0.86,-0.86,1637049000.0,1761621250.0,1637049000.0,1781747737.0,-8.0,-82.176,3769000.0,0.023,1.0,2728605000.0,0.225,153709000.0,1361000.0,1949854000.0,1959443000.0,1833226000.0,293503000.0,293503000.0,0.0,2400459000.0,1862028000.0,538431000.0,1833515737.0,-165231000.0,0.0,-110900000.0,-43578000.0,-27460000.0,-179587000.0,-258554000.0,10790000.0,272703000.0,207000.0,-142096000.0,-142096000.0,-142096000.0,-2914000.0,0.0,-0.012,2968920000.0,-240315000.0,1403415000.0,-0.186,1.12,-12.903,-12.651,974421000.0,0.0,10.88,0.151,0.148,304957000.0,1196982000.0,12144146000.0,12144146000.0,0.0,-0.033,-0.081,-0.109,-0.018,22624000.0,2876920000.0,1.0,168521667.0,164837000.0,164837000.0,73.674,3883799000.0,237276000.0,-72761000.0,21136000.0,23.561,985104000.0
5,CCTYQ,MRT,2007-06-30,2007-05-31,2007-05-31,2021-08-25,42059000.0,3827914000.0,4308589250.0,2668283000.0,1159631000.0,2.859,10.252,-265092000.0,112309000.0,112309000.0,9465939000.0,-69219000.0,1.669,1.251,60541000.0,11580000.0,48961000.0,60541000.0,0.0,188764000.0,0.0,0.009,0.138,-68021000.0,120743000.0,0.01,120743000.0,-68021000.0,-69371000.0,-0.42,-0.42,-0.42,1700189000.0,1831172250.0,1700189000.0,2660301198.0,-39.0,22.033,-36003000.0,-0.217,1.0,2852737000.0,0.232,153138000.0,1350000.0,2024505000.0,1955921750.0,1745934000.0,251789000.0,251789000.0,0.0,2127725000.0,1598503000.0,529222000.0,2743793198.0,-280113000.0,0.0,-158465000.0,-46904000.0,-23822000.0,-222299000.0,-286000000.0,-10492000.0,229089000.0,-903000.0,-69219000.0,-69219000.0,-69219000.0,-1082000.0,0.0,-0.006,2947681000.0,-94944000.0,1165842000.0,-0.329,1.614,-39.639,-38.262,941662000.0,0.0,16.07,0.223,0.216,342243000.0,1266534000.0,12318676000.0,12318676000.0,0.0,-0.016,-0.038,-0.035,-0.006,23007000.0,2855681000.0,1.0,170740087.0,165842000.0,165842000.0,74.28,3674776000.0,162734000.0,-152000.0,10782000.0,22.158,1069780000.0
6,CCTYQ,MRT,2007-03-31,2007-02-28,2007-02-28,2021-08-25,25438000.0,4007283000.0,4379440750.0,2883512000.0,1123771000.0,2.838,10.509,-247105000.0,141141000.0,141141000.0,9501438000.0,-8281000.0,1.682,1.237,57649000.0,7162000.0,50487000.0,57649000.0,0.0,181473000.0,0.0,0.006,0.115,23748000.0,205221000.0,0.017,205221000.0,23748000.0,22229000.0,-0.05,-0.05,-0.05,1791244000.0,1892564500.0,1791244000.0,2981797438.0,126.0,14.53,72546000.0,0.426,1.0,2928316000.0,0.236,141059000.0,1519000.0,2068703000.0,1915478750.0,1636507000.0,598341000.0,598341000.0,0.0,2216039000.0,1714029000.0,502010000.0,3338710438.0,-174829000.0,0.0,-147541000.0,-7416000.0,-20126000.0,-161370000.0,-331751000.0,-76037000.0,319651000.0,-1359000.0,-8281000.0,-8281000.0,-8281000.0,-128000.0,0.0,-0.001,2933619000.0,-5303000.0,1203914000.0,-2.3,1.864,-403.177,-380.0,921027000.0,0.0,19.0,0.269,0.261,382555000.0,1336317000.0,12429754000.0,12429754000.0,0.0,-0.002,-0.004,0.012,0.002,26727000.0,2841619000.0,1.0,175721602.0,170448000.0,170448000.0,72.924,3866224000.0,109500000.0,30510000.0,0.0,22.683,1169483000.0
7,CCTYQ,MRT,2006-12-31,2006-11-30,2006-11-30,2021-08-25,42375000.0,5269276000.0,4394881000.0,3978045000.0,1291231000.0,2.799,11.212,-257616000.0,446705000.0,446705000.0,9378246000.0,137338000.0,1.383,1.747,89792000.0,42313000.0,47479000.0,89792000.0,0.0,180103000.0,0.0,0.004,0.093,221207000.0,401310000.0,0.033,401310000.0,221207000.0,218448000.0,0.78,0.76,0.78,1918003000.0,1933411750.0,1918003000.0,4162912270.0,19.0,10.373,410101000.0,2.397,1.0,2924674000.0,0.238,242017000.0,2759000.0,1794710000.0,1887705250.0,2531486000.0,451182000.0,451182000.0,0.0,3351273000.0,2875636000.0,475637000.0,4372012270.0,28903000.0,0.0,-76660000.0,19708000.0,-16269000.0,-59758000.0,-580732000.0,-317379000.0,667717000.0,1676000.0,137338000.0,137338000.0,137338000.0,4410000.0,0.0,0.011,2723659000.0,201015000.0,2283227000.0,0.119,2.279,31.834,32.0,935872000.0,0.0,24.96,0.355,0.347,420876000.0,1351994000.0,12302920000.0,12302920000.0,0.0,0.031,0.071,0.117,0.018,29087000.0,2723659000.0,1.0,175160748.0,171063000.0,171063000.0,71.92,5027259000.0,132577000.0,81110000.0,0.0,29.388,1102409000.0
8,CCTYQ,MRT,2006-09-30,2006-08-31,2006-08-31,2021-08-25,51073000.0,4129884000.0,4256923000.0,2844523000.0,1285361000.0,2.853,11.268,-202565000.0,296130000.0,296130000.0,9195482000.0,167920000.0,1.645,1.156,87030000.0,38839000.0,48191000.0,87030000.0,0.0,171024000.0,0.0,0.003,0.07,272543000.0,443567000.0,0.037,443567000.0,272543000.0,269705000.0,0.96,0.94,0.96,1915253000.0,1912865750.0,1915253000.0,3796880618.0,14.0,8.56,71323000.0,0.42,1.0,2948841000.0,0.243,255685000.0,2838000.0,1935769000.0,1845924250.0,1849480000.0,303455000.0,303455000.0,0.0,2214631000.0,1729330000.0,485301000.0,4109675618.0,-91509000.0,0.0,-205261000.0,49483000.0,-12483000.0,-157156000.0,-209645000.0,-2539000.0,273888000.0,1404000.0,167920000.0,167920000.0,167920000.0,3929000.0,0.0,0.014,2695561000.0,253280000.0,1271854000.0,0.073,2.146,24.474,24.594,884626000.0,0.0,23.61,0.338,0.33,303085000.0,1374995000.0,12144323000.0,12144323000.0,0.0,0.039,0.088,0.148,0.022,31277000.0,2695561000.0,1.0,174065041.0,169973000.0,174659000.0,71.449,3874199000.0,135981000.0,101785000.0,5177000.0,22.793,1115193000.0
9,CCTYQ,MRT,2006-06-30,2006-05-31,2006-05-31,2021-08-25,52062000.0,4111320000.0,4151662750.0,2873991000.0,1237329000.0,2.862,11.375,-201653000.0,392422000.0,392422000.0,8994576000.0,159227000.0,1.714,1.113,79627000.0,29628000.0,49999000.0,79627000.0,0.0,164890000.0,0.0,0.002,0.07,258518000.0,423408000.0,0.036,423408000.0,258518000.0,255578000.0,0.91,0.89,0.91,1945758000.0,1912529750.0,1945758000.0,5026538277.0,19.0,11.872,103158000.0,0.603,1.0,2888340000.0,0.243,259286000.0,2940000.0,1862733000.0,1742090000.0,1931370000.0,241863000.0,241863000.0,0.0,2165562000.0,1676506000.0,489056000.0,5261272277.0,-151227000.0,0.0,-249022000.0,-28091000.0,-12630000.0,-282534000.0,-175536000.0,33878000.0,304811000.0,2032000.0,159227000.0,159227000.0,159227000.0,4832000.0,0.0,0.013,2646990000.0,241350000.0,1229197000.0,0.077,2.704,33.043,33.022,837394000.0,0.0,30.05,0.443,0.433,211582000.0,1368026000.0,11882916000.0,11882916000.0,0.0,0.038,0.083,0.148,0.022,30047000.0,2646990000.0,1.0,175083936.0,171054000.0,176256000.0,69.469,3852034000.0,129847000.0,96351000.0,8175000.0,22.519,1197485000.0
10,CCTYQ,MRT,2006-03-31,2006-02-28,2006-02-28,2021-08-25,44287000.0,4069044000.0,4075380000.0,2833341000.0,1235703000.0,2.825,11.015,-199030000.0,315970000.0,315970000.0,8703683000.0,139746000.0,1.746,1.082,81236000.0,29251000.0,51985000.0,81236000.0,0.0,163226000.0,0.0,0.003,0.07,228885000.0,392111000.0,0.034,392111000.0,228885000.0,225742000.0,0.79,0.77,0.79,1954633000.0,1921560750.0,1954633000.0,3859719694.0,17.0,9.843,156028000.0,0.879,1.0,2810468000.0,0.244,254371000.0,3143000.0,1957609000.0,1674867500.0,1698026000.0,521992000.0,521992000.0,0.0,2114411000.0,1622330000.0,492081000.0,4254096694.0,-563690000.0,0.0,-300438000.0,-3276000.0,-12844000.0,-318434000.0,-601969000.0,-394850000.0,355058000.0,1655000.0,139746000.0,139746000.0,139746000.0,5350000.0,0.0,0.012,2595706000.0,214762000.0,1052659000.0,0.089,2.176,30.442,30.418,839356000.0,0.0,24.03,0.369,0.37,220869000.0,1364740000.0,11514151000.0,11514151000.0,0.0,0.034,0.073,0.137,0.02,24386000.0,2595706000.0,1.0,177032738.0,177456000.0,180653000.0,64.885,3814673000.0,133058000.0,85996000.0,75909000.0,21.496,1211011000.0
11,CCTYQ,MRT,2005-12-31,2005-11-30,2005-11-30,2021-08-25,37587000.0,4717444000.0,4018121500.0,3507907000.0,1209537000.0,2.762,10.524,-163771000.0,493659000.0,493659000.0,8400622000.0,83803000.0,1.439,1.57,99282000.0,70048000.0,29234000.0,99282000.0,0.0,171307000.0,0.0,0.003,0.07,138196000.0,309503000.0,0.028,309503000.0,138196000.0,133627000.0,0.44,0.43,0.44,1835819000.0,1952884250.0,1835819000.0,3241960917.0,23.0,10.475,17851000.0,0.102,1.0,2695949000.0,0.243,258356000.0,4569000.0,1627586000.0,1540086000.0,2681045000.0,42274000.0,42274000.0,0.0,2881625000.0,2437125000.0,444500000.0,3811713917.0,-360246000.0,6348000.0,-316233000.0,89924000.0,-13087000.0,-241936000.0,-304596000.0,-131328000.0,181622000.0,382000.0,83803000.0,83803000.0,83803000.0,1450000.0,0.0,0.008,2585935000.0,110014000.0,2127047000.0,0.159,2.076,45.484,47.568,815393000.0,0.0,20.93,0.344,0.329,189749000.0,1233989000.0,11096571000.0,11096571000.0,0.0,0.021,0.043,0.09,0.012,15784000.0,2606774000.0,1.0,182117244.0,174438000.0,177509000.0,63.613,4459088000.0,133512000.0,49824000.0,0.0,25.563,1070782000.0
12,CCTYQ,MRT,2005-09-30,2005-08-31,2005-08-31,2021-08-25,33551000.0,3708843000.0,3933880500.0,2549269000.0,1159574000.0,2.727,10.689,-172808000.0,601983000.0,601983000.0,8093853000.0,67761000.0,1.873,0.938,32230000.0,18290000.0,13940000.0,32230000.0,0.0,162428000.0,0.0,0.004,0.07,112282000.0,274710000.0,0.026,274710000.0,112282000.0,108350000.0,0.35,0.34,0.35,1913909000.0,2007613250.0,1913909000.0,2550316781.0,23.0,9.284,24260000.0,0.135,1.0,2633774000.0,0.246,257475000.0,3932000.0,1520432000.0,1463211500.0,1669204000.0,75834000.0,75834000.0,0.0,1794934000.0,1361183000.0,433751000.0,3135170781.0,-591739000.0,6348000.0,-282576000.0,-9646000.0,-13290000.0,-308112000.0,-486126000.0,-299613000.0,197068000.0,1149000.0,67761000.0,67761000.0,67761000.0,1440000.0,0.0,0.006,2545350000.0,88424000.0,1137652000.0,0.2,1.638,46.268,48.257,771483000.0,0.0,16.89,0.292,0.282,113903000.0,1227066000.0,10727627000.0,10727627000.0,0.0,0.017,0.034,0.077,0.01,13859000.0,2559747000.0,1.0,185622900.0,179057000.0,181801000.0,59.912,3451368000.0,122294000.0,40589000.0,0.0,19.275,1188086000.0
13,CCTYQ,MRT,2005-06-30,2005-05-31,2005-05-31,2021-08-25,20820000.0,3806189000.0,3927136750.0,2726020000.0,1080169000.0,2.686,10.729,-162260000.0,598317000.0,598317000.0,7931660000.0,54490000.0,1.96,0.92,13463000.0,1329000.0,12134000.0,13463000.0,0.0,155684000.0,0.0,0.004,0.07,91062000.0,246746000.0,0.023,246746000.0,91062000.0,86546000.0,0.28,0.27,0.28,1981882000.0,2054070500.0,1981882000.0,2218564630.0,24.0,8.991,9023000.0,0.049,1.0,2615333000.0,0.248,236324000.0,4516000.0,1593843000.0,1377092750.0,1677981000.0,200339000.0,200339000.0,0.0,1824307000.0,1391168000.0,433139000.0,3085814630.0,-472492000.0,6283000.0,-246857000.0,47623000.0,-13573000.0,-215407000.0,-435949000.0,-273013000.0,171283000.0,1412000.0,54490000.0,54490000.0,54490000.0,-570000.0,0.0,0.005,2545537000.0,69796000.0,1169508000.0,0.25,1.557,56.631,58.536,716640000.0,0.0,16.39,0.293,0.287,164517000.0,1228936000.0,10546993000.0,10546993000.0,0.0,0.014,0.027,0.066,0.009,15573000.0,2551491000.0,1.0,188274230.0,184729000.0,184729000.0,57.094,3569865000.0,125123000.0,32056000.0,0.0,19.325,1334852000.0
14,CCTYQ,MRT,2005-03-31,2005-02-28,2005-02-28,2021-08-25,25100000.0,3840010000.0,3889117750.0,2745157000.0,1094853000.0,2.678,10.751,-155092000.0,879660000.0,879660000.0,7861364000.0,61658000.0,2.087,0.846,20832000.0,888000.0,19944000.0,20832000.0,0.0,153448000.0,0.0,0.004,0.07,102505000.0,255953000.0,0.025,255953000.0,102505000.0,98054000.0,0.32,0.31,0.32,2079927000.0,2098635000.0,2079927000.0,2275038617.0,22.0,8.889,227062000.0,1.174,1.0,2552160000.0,0.245,247215000.0,4451000.0,1418483000.0,1286375500.0,1455170000.0,125325000.0,125325000.0,0.0,1760083000.0,1315484000.0,444599000.0,2989651617.0,70619000.0,213537000.0,-232676000.0,7192000.0,-13848000.0,-240056000.0,-73495000.0,-125325000.0,382154000.0,2016000.0,61658000.0,61658000.0,61658000.0,-1089000.0,0.0,0.006,2470712000.0,81448000.0,806303000.0,0.219,1.437,48.488,48.844,726940000.0,0.0,15.63,0.287,0.29,230605000.0,1239714000.0,10413524000.0,10413524000.0,0.0,0.016,0.029,0.08,0.01,18305000.0,2470712000.0,1.0,191276495.0,193466000.0,196227000.0,53.826,3592795000.0,111129000.0,36396000.0,75183000.0,18.571,1429673000.0
15,CCTYQ,MRT,2004-12-31,2004-11-30,2004-11-30,2021-08-25,34555000.0,4380480000.0,3861746750.0,3380669000.0,999811000.0,2.684,10.75,-154650000.0,752478000.0,752478000.0,7826634000.0,65797000.0,1.619,1.132,37865000.0,26109000.0,11756000.0,37865000.0,0.0,154576000.0,0.0,0.004,0.07,112256000.0,266832000.0,0.026,266832000.0,112256000.0,107908000.0,0.32,0.32,0.32,2054735000.0,2134643500.0,2054735000.0,2121911851.0,19.0,7.952,413454000.0,2.163,1.0,2537258000.0,0.245,257513000.0,4348000.0,1320088000.0,1389920500.0,2458876000.0,0.0,0.0,0.0,2325745000.0,2088266000.0,237479000.0,3046456851.0,297135000.0,207189000.0,-257834000.0,-5332000.0,-14190000.0,-277356000.0,256000000.0,0.0,568104000.0,1349000.0,65797000.0,65797000.0,65797000.0,6321000.0,0.0,0.006,2441102000.0,96156000.0,1806028000.0,0.219,1.483,46.301,48.719,645785000.0,0.0,15.59,0.294,0.288,126932000.0,1165149000.0,10363892000.0,10363892000.0,0.0,0.017,0.031,0.081,0.011,28193000.0,2412026000.0,1.0,195410959.0,191135000.0,191135000.0,54.223,4122967000.0,80699000.0,42111000.0,42197000.0,21.571,1292403000.0
16,CCTYQ,MRT,2004-09-30,2004-08-31,2004-08-31,2021-08-25,9507000.0,3681868000.0,3868221000.0,2705712000.0,976156000.0,2.647,10.749,-143373000.0,953808000.0,953808000.0,7804632000.0,69188000.0,2.017,0.753,29263000.0,17284000.0,11979000.0,29263000.0,0.0,171261000.0,0.0,0.005,0.07,103509000.0,274770000.0,0.027,274770000.0,103509000.0,99468000.0,0.34,0.34,0.34,2099738000.0,2163914750.0,2099738000.0,1630987915.0,16.0,5.936,48828000.0,0.25,1.0,2434243000.0,0.238,240012000.0,4041000.0,1175957000.0,1548718750.0,1636993000.0,0.0,0.0,0.0,1582130000.0,1341354000.0,240776000.0,2584054915.0,320736000.0,207189000.0,-182419000.0,-13877000.0,-14435000.0,-210731000.0,267277000.0,0.0,192201000.0,1096000.0,69188000.0,69188000.0,69188000.0,-19225000.0,0.0,0.007,2378011000.0,56232000.0,1090658000.0,0.206,1.231,37.348,38.147,640322000.0,0.0,12.97,0.252,0.247,68026000.0,1174472000.0,10238875000.0,10238875000.0,0.0,0.018,0.032,0.067,0.01,32472000.0,2344602000.0,1.0,199233224.0,195350000.0,195350000.0,52.413,3441856000.0,75827000.0,30280000.0,58715000.0,17.619,1364358000.0
17,CCTYQ,MRT,2004-06-30,2004-05-31,2004-05-31,2021-08-25,3295000.0,3654113000.0,3877863250.0,2697636000.0,956477000.0,2.583,10.832,-141654000.0,990571000.0,990571000.0,7687701000.0,-48514000.0,2.156,0.692,37504000.0,12416000.0,25088000.0,37504000.0,0.0,187074000.0,0.0,0.006,0.07,-29791000.0,157283000.0,0.016,157283000.0,-29791000.0,-33336000.0,-0.23,-0.23,-0.23,2160140000.0,2178106000.0,2160140000.0,1619782185.0,-54.0,10.299,40374000.0,0.202,1.0,2330417000.0,0.233,218827000.0,3545000.0,1230974000.0,1683596500.0,1537752000.0,0.0,0.0,0.0,1493973000.0,1251245000.0,242728000.0,2379447185.0,374927000.0,207254000.0,-129569000.0,-3540000.0,-14587000.0,-147696000.0,269061000.0,0.0,182028000.0,412000.0,-48514000.0,-48514000.0,-48514000.0,70582000.0,0.0,-0.005,2326447000.0,3970000.0,974037000.0,-0.304,1.102,-49.047,-52.043,620159000.0,0.0,11.97,0.238,0.238,115272000.0,1189895000.0,10018118000.0,10018118000.0,0.0,-0.013,-0.022,-0.018,-0.003,37023000.0,2289350000.0,1.0,198784226.0,199429000.0,199429000.0,50.234,3435286000.0,91715000.0,15178000.0,93386000.0,17.226,1446391000.0
18,CCTYQ,MRT,2004-03-31,2004-02-29,2004-02-29,2021-08-25,0.0,3730526000.0,3870177250.0,2919061000.0,811465000.0,2.547,10.803,-135342000.0,783471000.0,783471000.0,7573049000.0,-89269000.0,2.565,0.677,23806000.0,1115000.0,22691000.0,23806000.0,0.0,197607000.0,0.0,0.006,0.07,-85520000.0,112087000.0,0.011,112087000.0,-85520000.0,-89722000.0,-0.43,-0.43,-0.43,2223961000.0,2208394750.0,2223961000.0,1922878433.0,-22.0,17.155,-215580000.0,-1.047,1.0,2284008000.0,0.232,0.0,4202000.0,1832663000.0,1840232000.0,1517256000.0,0.0,0.0,0.0,1506565000.0,1138198000.0,368367000.0,2353981433.0,-101199000.0,0.0,-72962000.0,-1458000.0,-14660000.0,-89080000.0,68119000.0,0.0,-80238000.0,0.0,-89269000.0,-89269000.0,-89269000.0,88482000.0,0.0,-0.009,2320321000.0,-36313000.0,833825000.0,-0.163,1.058,-26.37,-26.0,677107000.0,0.0,11.18,0.239,0.233,596246000.0,1199411000.0,9857057000.0,9857057000.0,0.0,-0.023,-0.04,-0.046,-0.009,37579000.0,2281663000.0,1.0,210552901.0,205865000.0,205865000.0,47.881,3730526000.0,88146000.0,-453000.0,150585000.0,18.121,1780863000.0
19,CCTYQ,MRT,2003-12-31,2003-11-30,2003-11-30,2021-08-25,0.0,4406377000.0,3897861750.0,3714435000.0,691942000.0,2.512,10.52,-123809000.0,455343000.0,455343000.0,7500145000.0,-127302000.0,1.839,1.029,24240000.0,1253000.0,22987000.0,24240000.0,0.0,189482000.0,0.0,0.005,0.07,-147913000.0,41569000.0,0.004,41569000.0,-147913000.0,-149767000.0,-0.62,-0.62,-0.62,2171820000.0,2245871500.0,2171820000.0,2106131140.0,-14.0,50.666,-120413000.0,-0.583,1.0,2290029000.0,0.234,0.0,1854000.0,1955281000.0,1805624500.0,2651078000.0,0.0,0.0,0.0,2234557000.0,2019993000.0,214564000.0,2727207140.0,17804000.0,0.0,-5145000.0,-59346000.0,-14652000.0,-79143000.0,-123809000.0,0.0,3396000.0,0.0,-127302000.0,-127302000.0,-127302000.0,81483000.0,0.0,-0.013,2380718000.0,-90689000.0,1793866000.0,-0.113,1.256,-21.423,-21.0,631560000.0,0.0,13.02,0.279,0.275,511557000.0,1209850000.0,9790174000.0,9790174000.0,0.0,-0.033,-0.057,-0.082,-0.015,66896000.0,2297046000.0,1.0,209462914.0,206441000.0,206441000.0,47.424,4406377000.0,30573000.0,-22465000.0,87691000.0,21.344,1694442000.0
20,CCTYQ,MRT,2003-09-30,2003-08-31,2003-08-31,2021-08-25,0.0,3720437000.0,3879290250.0,3033993000.0,686444000.0,2.527,10.459,-104875000.0,633072000.0,633072000.0,7501118000.0,-142569000.0,2.192,0.725,11996000.0,1366000.0,10630000.0,11996000.0,0.0,180973000.0,0.0,0.007,0.07,-164296000.0,16677000.0,0.002,16677000.0,-164296000.0,-166149000.0,-0.7,-0.7,-0.7,2156503000.0,2267390250.0,2156503000.0,1574966598.0,-10.0,94.439,31150000.0,0.151,1.0,2303319000.0,0.235,0.0,1853000.0,1715468000.0,1832397250.0,1554432000.0,0.0,0.0,0.0,1563934000.0,1383893000.0,180041000.0,2178276598.0,-139034000.0,0.0,-14277000.0,-1306000.0,-14657000.0,-30686000.0,-104875000.0,0.0,136025000.0,0.0,-142569000.0,-142569000.0,-142569000.0,98679000.0,0.0,-0.015,2389831000.0,-86512000.0,1186880000.0,-0.1,1.01,-15.279,-14.9,625532000.0,0.0,10.43,0.222,0.219,786310000.0,1212045000.0,9804437000.0,9804437000.0,0.0,-0.037,-0.063,-0.09,-0.017,60814000.0,2316934000.0,1.0,208847229.0,206177000.0,206177000.0,47.553,3720437000.0,25435000.0,-23580000.0,68962000.0,18.045,1650100000.0
21,CCTYQ,MRT,2003-06-30,2003-05-31,2003-05-31,2021-08-25,0.0,3623369000.0,4113968250.0,2951705000.0,671664000.0,2.399,11.084,-89816000.0,615644000.0,615644000.0,7528109000.0,7585000.0,2.539,0.588,12334000.0,1469000.0,10865000.0,12334000.0,0.0,173539000.0,0.0,0.01,0.07,819000.0,174358000.0,0.018,174358000.0,819000.0,-1281000.0,-0.03,-0.03,-0.03,2281295000.0,2429730250.0,2281295000.0,617740516.0,754.0,3.543,-267309000.0,-1.299,1.0,2341832000.0,0.237,0.0,2100000.0,1857516000.0,1990708250.0,1328659000.0,0.0,0.0,0.0,1342074000.0,1162543000.0,179531000.0,1489746516.0,-498913000.0,0.0,-9908000.0,-49272000.0,-14679000.0,-74468000.0,-89816000.0,0.0,-177493000.0,0.0,7585000.0,7585000.0,7585000.0,-23349000.0,0.0,0.001,2402458000.0,-60626000.0,900424000.0,-2.333,0.653,196.407,-239.667,621067000.0,0.0,7.19,0.151,0.15,943908000.0,1339942000.0,9869941000.0,9869941000.0,0.0,0.002,0.003,0.0,0.0,52537000.0,2341692000.0,1.0,207197012.0,205828000.0,205828000.0,47.952,3623369000.0,26370000.0,-8866000.0,128531000.0,17.604,1789162000.0
22,CCTYQ,MRT,2003-03-31,2003-02-28,2003-02-28,2021-08-25,0.0,3841264000.0,4357400000.0,3087910000.0,753354000.0,2.308,11.456,-90869000.0,884670000.0,884670000.0,7647992000.0,82263000.0,2.422,0.618,12664000.0,1410000.0,11254000.0,12664000.0,0.0,159800000.0,0.0,0.016,0.07,83175000.0,242975000.0,0.024,242975000.0,83175000.0,82082000.0,0.29,0.29,0.29,2373868000.0,2552514750.0,2373868000.0,563976433.0,7.0,2.321,-253978000.0,-1.226,1.0,2406872000.0,0.239,0.0,1093000.0,1694233000.0,2049716750.0,1409736000.0,0.0,0.0,0.0,1467396000.0,1275025000.0,192371000.0,930529433.0,-363576000.0,0.0,8901000.0,-25262000.0,-14687000.0,-30750000.0,-90869000.0,0.0,-163109000.0,0.0,82263000.0,82263000.0,82263000.0,-87572000.0,0.0,0.008,2438561000.0,-31689000.0,963701000.0,0.241,0.392,11.312,15.241,649593000.0,0.0,4.42,0.093,0.091,379526000.0,1303340000.0,10054864000.0,10054864000.0,0.0,0.019,0.032,0.041,0.008,51651000.0,2385310000.0,1.0,210527021.0,207217000.0,207217000.0,48.523,3841264000.0,64509000.0,-181000.0,135856000.0,18.537,1812885000.0
23,CCTYQ,MRT,2002-12-31,2002-11-30,2002-11-30,2021-08-25,0.0,4332091000.0,4532592250.0,3631652000.0,700439000.0,2.233,10.884,-84014000.0,437539000.0,437539000.0,7717123000.0,171160000.0,1.908,0.919,70986000.0,59346000.0,11640000.0,70986000.0,0.0,131598000.0,0.0,0.007,0.07,195950000.0,327548000.0,0.032,327548000.0,195950000.0,194770000.0,0.68,0.67,0.68,2257895000.0,2642657250.0,2257895000.0,1323403550.0,7.0,4.04,-124189000.0,-0.599,1.0,2405236000.0,0.238,0.0,1180000.0,2062372000.0,2048755000.0,2374860000.0,0.0,0.0,0.0,2074196000.0,1903166000.0,171030000.0,2050865550.0,-262361000.0,0.0,18174000.0,-4339000.0,-14655000.0,-3542000.0,-84014000.0,0.0,-40175000.0,0.0,171160000.0,171160000.0,171160000.0,-129270000.0,0.0,0.017,2355259000.0,49977000.0,1575762000.0,0.103,0.908,11.982,14.353,693157000.0,0.0,9.76,0.203,0.2,749359000.0,1310932000.0,10122359000.0,10122359000.0,0.0,0.038,0.065,0.096,0.019,43947000.0,2312630000.0,1.0,210129667.0,207454000.0,207454000.0,48.793,4332091000.0,0.0,23610000.0,127970000.0,20.882,1728486000.0
24,CCTYQ,MRT,2002-09-30,2002-08-31,2002-08-31,2021-08-25,0.0,4659149000.0,4667487750.0,3759353000.0,899796000.0,2.135,13.542,-162932000.0,846796000.0,846796000.0,7555575000.0,216624000.0,2.375,0.661,119334000.0,7338000.0,111996000.0,119334000.0,0.0,133235000.0,0.0,0.005,0.07,263082000.0,396317000.0,0.04,396317000.0,263082000.0,261660000.0,0.87,0.86,0.87,2805863000.0,2720431750.0,2805863000.0,1977550331.0,8.0,4.99,-23355000.0,-0.113,1.0,2408273000.0,0.242,0.0,1422000.0,2348712000.0,2056224500.0,2018209000.0,0.0,0.0,0.0,1853286000.0,1582975000.0,270311000.0,2926861331.0,-42746000.0,0.0,19813000.0,85958000.0,-14626000.0,89348000.0,-162932000.0,0.0,139577000.0,0.0,216624000.0,216624000.0,216624000.0,-139363000.0,0.0,0.022,2316823000.0,91450000.0,1274904000.0,0.08,1.043,13.511,16.023,859868000.0,0.0,13.94,0.294,0.29,850765000.0,1842736000.0,9963848000.0,9963848000.0,0.0,0.046,0.08,0.128,0.026,43571000.0,2274194000.0,1.0,209961358.0,207202000.0,207202000.0,48.088,4659149000.0,10464000.0,45036000.0,136204000.0,22.486,2176378000.0
25,CCTYQ,MRT,2002-06-30,2002-05-31,2002-05-31,2021-08-25,0.0,4597096000.0,4492420500.0,3700269000.0,896827000.0,2.383,13.412,-76147000.0,1176002000.0,1176002000.0,8217309000.0,210945000.0,2.381,0.658,226691000.0,112957000.0,113734000.0,226691000.0,0.0,130935000.0,0.0,0.003,0.07,274464000.0,405399000.0,0.038,405399000.0,274464000.0,271938000.0,0.86,0.85,0.86,2772433000.0,2653396000.0,2772433000.0,3682406414.0,13.0,9.083,678464000.0,3.282,1.0,2487455000.0,0.232,0.0,2526000.0,2093550000.0,1955712000.0,1742485000.0,0.0,0.0,0.0,1824663000.0,1554235000.0,270428000.0,4807564414.0,718858000.0,0.0,19964000.0,2711000.0,-14591000.0,146803000.0,-76147000.0,0.0,754611000.0,0.0,210945000.0,210945000.0,210945000.0,-107649000.0,0.0,0.02,2326939000.0,160516000.0,1108731000.0,0.081,1.734,22.791,26.64,858505000.0,0.0,22.91,0.449,0.442,745244000.0,1825880000.0,10704764000.0,10704764000.0,0.0,0.047,0.08,0.14,0.026,42667000.0,2284310000.0,1.0,209845675.0,206710000.0,206710000.0,51.786,4597096000.0,6785000.0,60993000.0,161710000.0,22.239,2146034000.0
26,CCTYQ,MRT,2002-03-31,2002-02-28,2002-02-28,2021-08-25,0.0,4542033000.0,4296833250.0,3652711000.0,889322000.0,2.215,13.306,-84119000.0,1248246000.0,1248246000.0,7190259000.0,199930000.0,2.225,0.661,37926000.0,23862000.0,14064000.0,37926000.0,0.0,134371000.0,0.0,0.004,0.07,239899000.0,374270000.0,0.039,374270000.0,239899000.0,239018000.0,0.84,0.83,0.84,2734438000.0,2555118500.0,2734438000.0,3142305697.0,13.0,8.396,802435000.0,3.905,1.0,2327972000.0,0.245,0.0,881000.0,1690386000.0,2044756750.0,1234243000.0,0.0,0.0,0.0,1807595000.0,1641327000.0,166268000.0,3731947697.0,810917000.0,0.0,17920000.0,-19604000.0,-14556000.0,121348000.0,-84119000.0,0.0,886554000.0,0.0,199930000.0,199930000.0,199930000.0,-132374000.0,0.0,0.021,2260689000.0,67283000.0,1019519000.0,0.083,1.365,18.666,21.286,732802000.0,0.0,17.88,0.392,0.386,553273000.0,1801554000.0,9518231000.0,9518231000.0,0.0,0.047,0.078,0.117,0.025,40862000.0,2218060000.0,1.0,208721907.0,205501000.0,206843000.0,46.317,4542033000.0,2647000.0,39088000.0,216993000.0,22.102,2011384000.0
27,CCTYQ,MRT,2001-12-31,2001-11-30,2001-11-30,2021-08-25,0.0,4871673000.0,4129158250.0,3977387000.0,894286000.0,2.219,12.497,-96992000.0,709914000.0,709914000.0,6913716000.0,162669000.0,1.816,0.896,120272000.0,105060000.0,15212000.0,120272000.0,88493000.0,136818000.0,0.0,0.004,0.07,220606000.0,357424000.0,0.039,357424000.0,220606000.0,223142000.0,0.67,0.68,0.67,2568993000.0,2460629750.0,2568993000.0,2951860775.0,13.0,8.259,600446000.0,2.921,1.0,2249282000.0,0.245,0.0,-2536000.0,2092250000.0,2217992250.0,2500678000.0,0.0,0.0,0.0,2302680000.0,2189781000.0,112899000.0,3655975775.0,588013000.0,1325000.0,3876000.0,-112102000.0,-14500000.0,17490000.0,-95667000.0,0.0,697438000.0,0.0,162669000.0,162669000.0,162669000.0,-64007000.0,0.0,0.018,2187316000.0,61966000.0,1765244000.0,0.104,1.423,22.475,26.194,861059000.0,0.0,17.55,0.399,0.394,700713000.0,1645916000.0,9162998000.0,9162998000.0,0.0,0.039,0.066,0.099,0.024,22634000.0,2187316000.0,1.0,208317708.0,205571000.0,206639000.0,44.573,4871673000.0,0.0,60473000.0,151239000.0,23.698,1787606000.0
28,CCTYQ,MRT,2001-09-30,2001-08-31,2001-08-31,2021-08-25,0.0,3958880000.0,4038519000.0,3026407000.0,932473000.0,2.423,12.359,-98950000.0,823654000.0,823654000.0,7506832000.0,72494000.0,2.314,0.56,119539000.0,104011000.0,15528000.0,119539000.0,85880000.0,137022000.0,0.0,0.004,0.07,91123000.0,228145000.0,0.023,228145000.0,91123000.0,89008000.0,0.25,0.26,0.25,2537720000.0,2380883250.0,2537720000.0,3321784551.0,36.0,14.56,425123000.0,2.07,1.0,2280259000.0,0.233,0.0,2115000.0,1946662000.0,2389432500.0,1560461000.0,0.0,0.0,0.0,1421160000.0,1308103000.0,113057000.0,3475195551.0,392133000.0,1325000.0,-16030000.0,-111419000.0,-14450000.0,-3201000.0,-97625000.0,0.0,524073000.0,0.0,72494000.0,72494000.0,72494000.0,-45564000.0,0.0,0.007,2311500000.0,-31241000.0,947405000.0,0.28,1.369,47.938,66.8,898222000.0,0.0,16.7,0.355,0.35,600600000.0,1621872000.0,9787091000.0,9787091000.0,0.0,0.018,0.03,0.038,0.009,18548000.0,2311500000.0,1.0,208095542.0,205329000.0,206924000.0,47.665,3958880000.0,0.0,16514000.0,114666000.0,19.281,1718304000.0
29,CCTYQ,MRT,2001-06-30,2001-05-31,2001-05-31,2021-08-25,0.0,3814747000.0,4032162000.0,2799475000.0,1015272000.0,2.481,11.61,-187801000.0,404501000.0,404501000.0,7657768000.0,117111000.0,2.311,0.603,251090000.0,135254000.0,115836000.0,251090000.0,94454000.0,130911000.0,0.0,0.005,0.07,165015000.0,295926000.0,0.03,295926000.0,165015000.0,160971000.0,0.49,0.5,0.49,2379323000.0,2322963750.0,2379323000.0,2925934514.0,18.0,9.887,46752000.0,0.228,1.0,2346984000.0,0.235,0.0,4044000.0,2449729000.0,2496218750.0,1731833000.0,0.0,0.0,0.0,1435424000.0,1211607000.0,223817000.0,3122340514.0,37634000.0,0.0,12876000.0,20574000.0,-14397000.0,18508000.0,-187801000.0,0.0,234553000.0,0.0,117111000.0,117111000.0,117111000.0,-45564000.0,0.0,0.012,2304333000.0,42651000.0,821591000.0,0.143,1.312,26.661,30.633,981031000.0,0.0,15.01,0.312,0.307,594228000.0,1610661000.0,10004752000.0,10004752000.0,0.0,0.029,0.05,0.066,0.016,14963000.0,2304333000.0,1.0,208017356.0,204936000.0,205491000.0,48.819,3814747000.0,0.0,43860000.0,113494000.0,18.614,1587868000.0
30,CCTYQ,MRT,2001-03-31,2001-02-28,2001-02-28,2021-08-25,0.0,3871333000.0,4037136250.0,2847179000.0,1024154000.0,2.559,11.564,-174533000.0,446131000.0,446131000.0,7866089000.0,160802000.0,2.204,0.643,249725000.0,133588000.0,116137000.0,249725000.0,92165000.0,126297000.0,0.0,0.005,0.07,238712000.0,365009000.0,0.035,365009000.0,238712000.0,231439000.0,0.73,0.73,0.73,2356483000.0,2288611500.0,2356483000.0,3401305456.0,14.0,9.318,-24159000.0,-0.119,1.0,2463893000.0,0.239,0.0,7273000.0,2383328000.0,2514903500.0,1757664000.0,0.0,0.0,0.0,1514850000.0,1291599000.0,223251000.0,3121328456.0,-196623000.0,0.0,26912000.0,-157642000.0,-14346000.0,-145339000.0,-174533000.0,0.0,150374000.0,0.0,160802000.0,160802000.0,160802000.0,-45564000.0,0.0,0.016,2347545000.0,116348000.0,902560000.0,0.096,1.325,19.411,20.781,988947000.0,0.0,15.17,0.302,0.299,585761000.0,1597315000.0,10329982000.0,10329982000.0,0.0,0.04,0.07,0.095,0.023,11365000.0,2347545000.0,1.0,205756655.0,203774000.0,205830000.0,50.693,3871333000.0,0.0,70637000.0,107428000.0,18.998,1555580000.0
31,CCTYQ,MRT,2000-12-31,2000-11-30,2000-11-30,2021-08-25,0.0,4509116000.0,4058140000.0,3442633000.0,1066483000.0,3.277,11.025,-156714000.0,121868000.0,121868000.0,10440891000.0,217379000.0,1.712,1.004,401845000.0,283740000.0,118105000.0,401845000.0,106336000.0,147218000.0,0.0,0.006,0.07,388797000.0,536015000.0,0.04,536015000.0,388797000.0,366824000.0,1.03,1.03,1.03,2250007000.0,2235034250.0,2250007000.0,2427134181.0,6.0,4.528,374666000.0,1.836,1.0,2857822000.0,0.215,0.0,21973000.0,2778011000.0,2502783000.0,2653440000.0,0.0,0.0,0.0,2259109000.0,2011082000.0,248027000.0,2606653181.0,46023000.0,-1325000.0,27715000.0,-314641000.0,-14311000.0,-301008000.0,-158039000.0,0.0,531380000.0,0.0,217379000.0,217379000.0,217379000.0,0.0,0.0,0.016,2485240000.0,372582000.0,1504541000.0,0.068,1.159,11.991,12.318,1021973000.0,0.0,12.688,0.196,0.195,564832000.0,1497747000.0,13298713000.0,13298713000.0,0.0,0.054,0.097,0.155,0.029,12096000.0,2485240000.0,1.0,205450497.0,204079000.0,204079000.0,65.165,4509116000.0,0.0,149445000.0,89054000.0,22.095,1431551000.0
32,CCTYQ,MRT,2000-09-30,2000-08-31,2000-08-31,2021-08-25,0.0,3933452000.0,3992769750.0,2932133000.0,1001319000.0,3.355,11.317,-93871000.0,432700000.0,432700000.0,10449447000.0,331444000.0,2.125,0.706,253181000.0,134788000.0,118393000.0,253181000.0,110202000.0,147415000.0,0.0,0.003,0.07,574216000.0,721631000.0,0.054,721631000.0,574216000.0,550800000.0,1.61,1.61,1.61,2306042000.0,2167997250.0,2306042000.0,5209460657.0,9.0,7.219,409961000.0,2.012,1.0,2946604000.0,0.22,0.0,23416000.0,2373807000.0,2564371250.0,1846749000.0,0.0,0.0,0.0,1627410000.0,1380126000.0,247284000.0,5324767657.0,191208000.0,-1325000.0,22653000.0,-180651000.0,-14275000.0,-171771000.0,-95196000.0,0.0,503832000.0,0.0,331444000.0,331444000.0,331444000.0,0.0,0.0,0.025,2388603000.0,558001000.0,1017295000.0,0.043,2.309,16.065,16.11,954960000.0,0.0,25.938,0.397,0.395,614540000.0,1563828000.0,13396051000.0,13396051000.0,0.0,0.083,0.153,0.224,0.043,12096000.0,2388603000.0,1.0,205292247.0,203770000.0,205494000.0,65.741,3933452000.0,0.0,219356000.0,82480000.0,19.303,1552007000.0
33,CCTYQ,MRT,2000-06-30,2000-05-31,2000-05-31,2021-08-25,0.0,3834644000.0,3938592250.0,2838943000.0,995701000.0,3.345,11.051,-98191000.0,368046000.0,368046000.0,10231572000.0,346444000.0,2.376,0.71,252739000.0,3798000.0,248941000.0,252739000.0,123045000.0,148642000.0,0.0,0.001,0.07,600089000.0,748731000.0,0.057,748731000.0,600089000.0,574994000.0,1.71,1.71,1.71,2241914000.0,2071715000.0,2241914000.0,9769336810.0,16.0,13.048,549791000.0,2.71,1.0,2943092000.0,0.223,0.0,25095000.0,2524468000.0,2603405750.0,1848910000.0,0.0,0.0,0.0,1592730000.0,1194869000.0,397861000.0,9983679810.0,290933000.0,-3571000.0,8071000.0,-187804000.0,-14239000.0,-193080000.0,-101762000.0,0.0,647982000.0,0.0,346444000.0,346444000.0,346444000.0,0.0,0.0,0.026,2359218000.0,583874000.0,1000728000.0,0.041,4.453,28.818,28.509,946989000.0,0.0,48.75,0.758,0.751,589554000.0,1507947000.0,13174664000.0,13174664000.0,0.0,0.088,0.167,0.231,0.046,12096000.0,2359218000.0,1.0,204793432.0,202865000.0,205877000.0,64.943,3834644000.0,0.0,228550000.0,87451000.0,18.902,1644074000.0
34,CCTYQ,MRT,2000-03-31,2000-02-29,2000-02-29,2021-08-25,0.0,3955348000.0,3833127000.0,2942615000.0,1012733000.0,3.337,10.639,-122117000.0,643933000.0,643933000.0,9928238000.0,197590000.0,2.093,0.846,429590000.0,180349000.0,249241000.0,429590000.0,130020000.0,148164000.0,0.0,0.002,0.061,438939000.0,587103000.0,0.046,587103000.0,438939000.0,414733000.0,0.98,0.98,0.98,2142174000.0,1968967500.0,2142174000.0,8871922718.0,20.0,15.111,516164000.0,2.564,1.0,2862557000.0,0.224,0.0,24206000.0,2334846000.0,2625908250.0,1689209000.0,0.0,0.0,0.0,1813174000.0,1406159000.0,407015000.0,8231281718.0,378053000.0,-34849000.0,6942000.0,-7718000.0,-14207000.0,-13069000.0,-156966000.0,0.0,638281000.0,0.0,197590000.0,197590000.0,197590000.0,130240000.0,0.0,0.015,2309593000.0,552964000.0,960131000.0,0.062,3.842,41.658,41.263,965181000.0,0.0,40.438,0.644,0.637,593276000.0,1450859000.0,12790795000.0,12790795000.0,0.0,0.052,0.1,0.167,0.034,12096000.0,2309593000.0,1.0,203555653.0,201345000.0,204321000.0,63.527,3955348000.0,0.0,217143000.0,88872000.0,19.645,1536456000.0
35,CCTYQ,MRT,1999-12-31,1999-11-30,1999-11-30,2021-08-25,0.0,4247635000.0,3705606500.0,3193286000.0,1054349000.0,3.248,9.83,-74301000.0,75845000.0,75845000.0,9310087000.0,122534000.0,1.713,1.143,716486000.0,466177000.0,250309000.0,716486000.0,120466000.0,138747000.0,0.0,0.001,0.053,369482000.0,508229000.0,0.042,508229000.0,369482000.0,345424000.0,0.63,0.63,0.63,1981859000.0,1909706500.0,1981859000.0,10054653107.0,27.0,19.784,311490000.0,1.545,1.0,2727278000.0,0.227,0.0,24058000.0,3024364000.0,2705419000.0,2385820000.0,0.0,0.0,0.0,2265776000.0,1863912000.0,401864000.0,9862313107.0,-42160000.0,-68854000.0,14109000.0,-178542000.0,-14160000.0,-176782000.0,-143155000.0,0.0,385791000.0,0.0,122534000.0,122534000.0,122534000.0,25233000.0,0.0,0.01,2243771000.0,483507000.0,1209817000.0,0.084,4.976,80.486,76.984,1007121000.0,0.0,48.5,0.819,0.812,648661000.0,1294679000.0,12037365000.0,12037365000.0,0.0,0.033,0.064,0.137,0.031,0.0,2243771000.0,1.0,203346662.0,201610000.0,204525000.0,59.706,4247635000.0,0.0,222890000.0,77369000.0,21.069,1329374000.0
36,CCTYQ,MRT,1999-09-30,1999-08-31,1999-08-31,2021-08-25,0.0,3716742000.0,3679315000.0,2661339000.0,1055403000.0,3.172,9.542,-100433000.0,241492000.0,241492000.0,9021440000.0,85200000.0,1.93,0.935,433832000.0,183247000.0,250585000.0,433832000.0,137844000.0,130252000.0,0.0,0.001,0.044,337517000.0,467769000.0,0.04,467769000.0,337517000.0,312249000.0,0.45,0.45,0.45,1920913000.0,1867255250.0,1920913000.0,9085295784.0,27.0,19.423,305717000.0,1.519,1.0,2649516000.0,0.227,0.0,25268000.0,2529945000.0,2743871500.0,1791767000.0,0.0,0.0,0.0,1795829000.0,1379137000.0,416692000.0,8721865784.0,147922000.0,-76411000.0,42896000.0,-20836000.0,-14106000.0,11183000.0,-176844000.0,0.0,406150000.0,0.0,85200000.0,85200000.0,85200000.0,41998000.0,0.0,0.007,2197974000.0,451542000.0,1041555000.0,0.098,4.54,102.369,95.556,1005894000.0,0.0,43.0,0.747,0.742,556168000.0,1246659000.0,11670956000.0,11670956000.0,0.0,0.023,0.046,0.123,0.029,0.0,2197974000.0,1.0,202834088.0,201315000.0,204551000.0,57.974,3716742000.0,0.0,227049000.0,41505000.0,18.462,1282202000.0
37,CCTYQ,MRT,1999-06-30,1999-05-31,1999-05-31,2021-08-25,0.0,3412783000.0,3598426000.0,2367858000.0,1044925000.0,3.121,9.133,-149297000.0,77113000.0,77113000.0,8676332000.0,42195000.0,2.038,0.864,440543000.0,189688000.0,250855000.0,440543000.0,152120000.0,131720000.0,0.0,0.001,0.026,287959000.0,419679000.0,0.037,419679000.0,287959000.0,261639000.0,0.24,0.24,0.24,1830924000.0,1835569750.0,1830924000.0,7435973534.0,26.0,17.718,120315000.0,0.6,1.0,2554057000.0,0.227,0.0,26320000.0,2614478000.0,2794311500.0,1613671000.0,0.0,0.0,0.0,1581859000.0,1161735000.0,420124000.0,7264545534.0,-8660000.0,-72840000.0,36363000.0,1293000.0,-14050000.0,25883000.0,-222137000.0,0.0,269612000.0,0.0,42195000.0,42195000.0,42195000.0,53624000.0,0.0,0.004,2152073000.0,401984000.0,801913000.0,0.108,3.968,172.166,149.609,992423000.0,0.0,35.906,0.647,0.641,586534000.0,1175742000.0,11230389000.0,11230389000.0,0.0,0.012,0.023,0.103,0.026,0.0,2152073000.0,1.0,202319806.0,200466000.0,203470000.0,56.021,3412783000.0,14418000.0,219444000.0,17149000.0,17.024,1206123000.0
38,CCTYQ,MRT,1999-03-31,1999-02-28,1999-02-28,2021-08-25,0.0,3445266000.0,3553246500.0,2394515000.0,1050751000.0,3.042,9.607,-78737000.0,265880000.0,265880000.0,8354230000.0,142924000.0,2.484,0.808,437308000.0,10723000.0,426585000.0,437308000.0,112085000.0,129727000.0,0.0,0.001,0.018,369400000.0,499127000.0,0.046,499127000.0,369400000.0,341081000.0,0.75,0.75,0.75,1905130000.0,1816492750.0,1905130000.0,6224515042.0,17.0,12.471,240291000.0,1.212,1.0,2456238000.0,0.227,0.0,28319000.0,2652889000.0,2813154250.0,1517675000.0,0.0,0.0,0.0,1540136000.0,963805000.0,576331000.0,5449974042.0,149268000.0,-41562000.0,34301000.0,-2261000.0,-13981000.0,20383000.0,-120299000.0,0.0,319028000.0,0.0,142924000.0,142924000.0,142924000.0,-68546000.0,0.0,0.013,2086838000.0,369400000.0,799733000.0,0.024,2.861,38.132,36.167,1005773000.0,0.0,27.125,0.504,0.498,574316000.0,1267476000.0,10810468000.0,10810468000.0,0.0,0.04,0.079,0.131,0.034,0.0,2086838000.0,1.0,200920702.0,198304000.0,200812000.0,54.515,3445266000.0,0.0,198157000.0,47425000.0,17.374,1430710000.0
39,CCTYQ,MRT,1998-12-31,1998-11-30,1998-11-30,2021-08-25,0.0,4142469000.0,3499855250.0,3014147000.0,1128322000.0,2.93,9.123,-170273000.0,118005000.0,118005000.0,7914104000.0,110653000.0,1.733,1.286,892546000.0,465702000.0,426844000.0,892546000.0,133933000.0,119487000.0,0.0,0.0,0.009,291943000.0,411430000.0,0.04,411430000.0,291943000.0,262495000.0,0.605,0.605,0.605,1812054000.0,1772720000.0,1812054000.0,3990138909.0,14.0,9.698,29455000.0,0.148,1.0,2342084000.0,0.228,0.0,29448000.0,3178174000.0,2810140000.0,2204933000.0,0.0,0.0,0.0,2330415000.0,1738836000.0,591579000.0,3637040909.0,41110000.0,-7557000.0,45065000.0,78637000.0,-13924000.0,114384000.0,-177830000.0,0.0,199728000.0,0.0,110653000.0,110653000.0,110653000.0,15825000.0,0.0,0.011,2042071000.0,300013000.0,1144356000.0,0.015,2.007,32.869,29.959,1089174000.0,0.0,18.125,0.355,0.351,631237000.0,1186305000.0,10256188000.0,10256188000.0,0.0,0.032,0.062,0.104,0.028,0.0,2042071000.0,1.0,200664326.0,198616000.0,200721000.0,51.638,4142469000.0,0.0,151842000.0,40779000.0,20.857,1275311000.0
40,CCTYQ,MRT,1998-09-30,1998-08-31,1998-08-31,2021-08-25,0.0,3393186000.0,3396745750.0,2312830000.0,1080356000.0,2.88,9.053,-218255000.0,93570000.0,93570000.0,7551520000.0,108346000.0,2.28,0.891,446668000.0,23324000.0,423344000.0,446668000.0,132370000.0,120147000.0,0.0,0.0,0.0,260326000.0,380473000.0,0.039,380473000.0,260326000.0,231735000.0,0.595,0.595,0.595,1794171000.0,1736120000.0,1794171000.0,3433143725.0,13.0,9.023,-35967000.0,-0.181,1.0,2230689000.0,0.228,0.0,28591000.0,2731705000.0,2760201250.0,1557054000.0,0.0,0.0,0.0,1599015000.0,1014579000.0,584436000.0,3087666725.0,-75200000.0,0.0,41386000.0,11517000.0,-13875000.0,43061000.0,-218255000.0,0.0,182288000.0,0.0,108346000.0,108346000.0,108346000.0,-940000.0,0.0,0.011,1962293000.0,268396000.0,861361000.0,0.0,1.721,28.498,25.945,1053118000.0,0.0,15.438,0.316,0.313,607584000.0,1175565000.0,9782209000.0,9782209000.0,0.0,0.032,0.062,0.094,0.027,0.0,1962293000.0,1.0,200010800.0,198190000.0,200847000.0,49.358,3393186000.0,12149000.0,123389000.0,30601000.0,17.121,1298251000.0
41,CCTYQ,MRT,1998-06-30,1998-05-31,1998-05-31,2021-08-25,0.0,3232065000.0,,2211059000.0,1021006000.0,,8.889,-208938000.0,85773000.0,85773000.0,7154660000.0,104370000.0,2.491,0.842,431250000.0,7663000.0,423587000.0,431250000.0,138176000.0,116856000.0,0.0,0.0,0.0,234471000.0,351327000.0,0.038,351327000.0,234471000.0,206570000.0,0.575,0.575,0.575,1754616000.0,,1754616000.0,4532835892.0,19.0,12.902,-126348000.0,-0.64,1.0,2130294000.0,0.229,0.0,27901000.0,2689849000.0,,1477377000.0,0.0,0.0,0.0,1477449000.0,887693000.0,589756000.0,4217878892.0,-173727000.0,0.0,32782000.0,-3225000.0,-13826000.0,19210000.0,-208938000.0,0.0,82590000.0,0.0,104370000.0,104370000.0,104370000.0,-12566000.0,0.0,0.011,1887753000.0,242541000.0,781963000.0,0.0,2.404,40.413,36.848,991289000.0,0.0,21.188,0.454,0.45,601287000.0,1147597000.0,9284954000.0,9284954000.0,0.0,,,,0.025,0.0,1887753000.0,1.0,199073930.0,197382000.0,199894000.0,47.041,3232065000.0,13324000.0,102200000.0,31418000.0,16.375,1323366000.0
42,CCTYQ,MRT,1998-03-31,1998-02-28,1998-02-28,2021-08-25,0.0,3231701000.0,3156437000.0,2146349000.0,1085352000.0,2.81,8.824,-278734000.0,116612000.0,116612000.0,6827133000.0,104311000.0,2.369,0.868,431569000.0,7277000.0,424292000.0,431569000.0,145107000.0,114860000.0,0.0,0.0,0.0,228389000.0,343249000.0,0.039,343249000.0,228389000.0,201528000.0,0.57,0.57,0.57,1730039000.0,1672447500.0,1730039000.0,4545678597.0,20.0,13.243,-50527000.0,-0.258,1.0,2043664000.0,0.23,0.0,26861000.0,2640832000.0,2557419000.0,1410545000.0,0.0,0.0,0.0,1501662000.0,905826000.0,595836000.0,3814182597.0,-86031000.0,0.0,22311000.0,-558000.0,-13792000.0,10314000.0,-278734000.0,0.0,228207000.0,0.0,104311000.0,104311000.0,104311000.0,-20636000.0,0.0,0.012,1815275000.0,228389000.0,765391000.0,0.0,2.205,36.565,33.882,1048434000.0,0.0,19.312,0.43,0.427,598035000.0,1138533000.0,8870797000.0,8870797000.0,0.0,0.033,0.062,0.089,0.026,0.0,1815275000.0,1.0,197498128.0,196054000.0,198408000.0,45.247,3231701000.0,0.0,97217000.0,26793000.0,16.484,1240523000.0
43,CCTYQ,MRT,1997-12-31,1997-11-30,1997-11-30,2021-08-25,0.0,3730031000.0,,2662933000.0,1067098000.0,,8.487,-245726000.0,76895000.0,76895000.0,6487147000.0,120158000.0,1.796,1.239,808391000.0,383696000.0,424695000.0,808391000.0,133379000.0,117310000.0,0.0,0.0,0.0,222018000.0,339328000.0,0.04,339328000.0,222018000.0,193812000.0,,,,1665654000.0,,1665654000.0,,,,-161153000.0,-0.821,1.0,1952103000.0,0.231,0.0,28206000.0,2978419000.0,,1983602000.0,0.0,0.0,0.0,2064377000.0,1483108000.0,581269000.0,3240203662.0,35585000.0,0.0,14386000.0,-216293000.0,-13764000.0,196738000.0,-245726000.0,0.0,84573000.0,0.0,120158000.0,120158000.0,120158000.0,0.0,0.0,0.014,1730085000.0,222018000.0,1000223000.0,,1.945,26.966,,1027694000.0,0.0,16.406,0.384,0.382,552923000.0,1089576000.0,8439250000.0,8439250000.0,0.0,,,,0.026,0.0,1730085000.0,1.0,197498128.0,196266000.0,,42.999,3730031000.0,0.0,73654000.0,30776000.0,19.005,1179825000.0
44,CCTYQ,MRT,1997-09-30,1997-08-31,1997-08-31,2021-08-25,,,,,,,,,,,6265769000.0,128008000.0,,,,,,,,,,0.0,0.0,236961000.0,,,,236961000.0,206490000.0,,,,,,,,,,,,1.0,1893209000.0,0.232,,30471000.0,,,,,,,,,,,,,,,,,,,,,128008000.0,128008000.0,128008000.0,0.0,0.0,0.016,1656248000.0,236961000.0,,,,,,,0.0,17.812,,0.428,,,8158978000.0,8158978000.0,0.0,,,,0.029,,1656248000.0,1.0,,196080000.0,,41.61,,,78482000.0,,,
45,CCTYQ,MRT,1997-06-30,1997-05-31,1997-05-31,2021-08-25,,,,,,,,,,,,,,,,,,,,,,0.0,0.0,,,,,,,,,,,,,,,,,,1.0,,,,,,,,,,,,,,,,,,,,,,,,,,,,,,,,,,,,,,,,19.75,,,,,,,,,,,,,,1.0,,195420000.0,,,,,,,,
46,CCTYQ,MRT,1997-03-31,1997-02-28,1997-02-28,2021-08-25,0.0,3081173000.0,,2163133000.0,918040000.0,,8.297,-209263000.0,202643000.0,202643000.0,5902711000.0,136414000.0,2.585,0.908,432127000.0,1837000.0,430290000.0,432127000.0,166295000.0,98977000.0,0.0,0.0,0.0,249806000.0,348783000.0,0.046,348783000.0,249806000.0,220024000.0,0.695,0.695,0.695,1614856000.0,,1614856000.0,,,,-195025000.0,-1.002,1.0,1761100000.0,0.23,0.0,29782000.0,2474006000.0,,1392363000.0,0.0,0.0,0.0,1466317000.0,836651000.0,629666000.0,,158939000.0,0.0,15385000.0,-60557000.0,-13199000.0,353964000.0,-209263000.0,0.0,14238000.0,0.0,136414000.0,136414000.0,136414000.0,0.0,0.0,0.018,1511294000.0,249806000.0,720754000.0,0.0,,,22.482,886091000.0,0.0,15.625,,0.397,531974000.0,1048014000.0,7663811000.0,7663811000.0,0.0,,,,0.033,0.0,1511294000.0,1.0,,194622000.0,196944000.0,39.378,3081173000.0,21340000.0,83610000.0,41641000.0,15.832,1326482000.0
47,CCTYQ,MRT,1996-12-31,1996-11-30,1996-11-30,2021-08-25,,,,,,,,,,,,,,,,,,,,,,0.0,0.0,,,,,,,,,,,,,,,,,,1.0,,,,,,,,,,,,,,,,,,,,,,,,,,,,,,,,,,,,,,,,16.688,,,,,,,,,,,,,,1.0,,,,,,,,,,
48,CCTYQ,MRT,1996-03-31,1996-02-28,1996-02-28,2021-08-25,,,,,,,,-266721000.0,,,5394293000.0,179375000.0,,,,,,,,79812000.0,,0.0,0.0,312400000.0,392212000.0,0.056,392212000.0,312400000.0,287000000.0,0.92,0.92,0.92,,,,,,,-322041000.0,-1.667,1.0,1634830000.0,0.233,,25400000.0,,,,,,,,,,,-3258000.0,0.0,18245000.0,311701000.0,-11163000.0,318783000.0,-266721000.0,0.0,-55320000.0,0.0,179375000.0,179375000.0,179375000.0,0.0,0.0,0.026,1322430000.0,312400000.0,,0.0,,,16.304,,0.0,15.0,,0.412,,,7029123000.0,7029123000.0,0.0,,,,0.044,0.0,1322430000.0,1.0,,193146000.0,195378000.0,36.393,,,107625000.0,,,
