None,ticker,dimension,calendardate,datekey,reportperiod,lastupdated,accoci,assets,assetsavg,assetsc,assetsnc,assetturnover,bvps,capex,cashneq,cashnequsd,cor,consolinc,currentratio,de,debt,debtc,debtnc,debtusd,deferredrev,depamor,deposits,divyield,dps,ebit,ebitda,ebitdamargin,ebitdausd,ebitusd,ebt,eps,epsdil,epsusd,equity,equityavg,equityusd,ev,evebit,evebitda,fcf,fcfps,fxusd,gp,grossmargin,intangibles,intexp,invcap,invcapavg,inventory,investments,investmentsc,investmentsnc,liabilities,liabilitiesc,liabilitiesnc,marketcap,ncf,ncfbus,ncfcommon,ncfdebt,ncfdiv,ncff,ncfi,ncfinv,ncfo,ncfx,netinc,netinccmn,netinccmnusd,netincdis,netincnci,netmargin,opex,opinc,payables,payoutratio,pb,pe,pe1,ppnenet,prefdivis,price,ps,ps1,receivables,retearn,revenue,revenueusd,rnd,roa,roe,roic,ros,sbcomp,sgna,sharefactor,sharesbas,shareswa,shareswadil,sps,tangibles,taxassets,taxexp,taxliabilities,tbvps,workingcapital
0,CCTYQ,ARY,2008-12-31,2008-04-28,2008-02-29,2021-08-25,118060000,3745930000,4152741750.0,2439720000,1306210000,2.828,9.103,-253931000.0,296055000,296055000,9318174000.0,-319897000.0,1.519,1.492,68632000,11582000,57050000,68632000,0,187621000.0,0,0.035,0.16,-350943000.0,-163322000.0,-0.014,-163322000.0,-350943000.0,-352123000.0,-1.94,-1.94,-1.94,1503175000,1569768750.0,1503175000,537209607,-2.0,-3.289,-283702000.0,-1.718,1.0,2425517000.0,0.207,136431000,1180000.0,1776389000,1873818250.0,1573560000,1366000,1366000,0,2242755000,1605687000,637068000,764632607,154914000.0,0.0,-41850000.0,-87943000.0,-26844000.0,-157912000.0,341171000.0,596584000.0,-29771000.0,1426000.0,-319897000.0,-319897000.0,-319897000.0,-1456000.0,0.0,-0.027,2796104000.0,-370587000.0,1144480000,-0.082,0.509,-2.39,-2.335,1037321000,0.0,4.53,0.065,0.064,330599000,981112000,11743691000.0,11743691000.0,0.0,-0.077,-0.204,-0.187,-0.03,21610000.0,2770104000.0,1.0,168793070,165134000,165134000.0,71.116,3609499000,196788000,-32226000.0,53266000,21.858,834033000
1,CCTYQ,ARY,2007-12-31,2007-04-30,2007-02-28,2021-08-25,25438000,4007283000,4379440750.0,2883512000,1123771000,2.838,10.509,-247105000.0,141141000,141141000,9501438000.0,-8281000.0,1.682,1.237,57649000,7162000,50487000,57649000,0,181473000.0,0,0.007,0.115,23748000.0,205221000.0,0.017,205221000.0,23748000.0,22229000.0,-0.05,-0.05,-0.05,1791244000,1892564500.0,1791244000,2895922518,122.0,14.111,72546000.0,0.426,1.0,2928316000.0,0.236,141059000,1519000.0,2068703000,1915478750.0,1636507000,598341000,598341000,0,2216039000,1714029000,502010000,2979414518,-174829000.0,0.0,-147541000.0,-7416000.0,-20126000.0,-161370000.0,-331751000.0,-76037000.0,319651000.0,-1359000.0,-8281000.0,-8281000.0,-8281000.0,-128000.0,0.0,-0.001,2933619000.0,-5303000.0,1203914000,-2.3,1.663,-359.789,-349.0,921027000,0.0,17.45,0.24,0.239,382555000,1336317000,12429754000.0,12429754000.0,0.0,-0.002,-0.004,0.012,0.002,26727000.0,2841619000.0,1.0,170740087,170448000,170448000.0,72.924,3866224000,109500000,30510000.0,0,22.683,1169483000
2,CCTYQ,ARY,2006-12-31,2006-05-15,2006-02-28,2021-08-25,44287000,4069044000,4075380000.0,2833341000,1235703000,2.846,11.015,-199102000.0,315970000,315970000,8766754000.0,139746000.0,1.746,1.082,81236000,29251000,51985000,81236000,0,163839000.0,0,0.002,0.07,230859000.0,394698000.0,0.034,394698000.0,230859000.0,227716000.0,0.79,0.77,0.79,1954633000,1921560750.0,1954633000,4921487915,21.0,12.469,155956000.0,0.879,1.0,2830932000.0,0.244,254371000,3143000.0,1957609000,1674867500.0,1698026000,521992000,521992000,0,2114411000,1622330000,492081000,5156221915,-563690000.0,0.0,-300438000.0,19264000.0,-12844000.0,-318434000.0,-601969000.0,-394850000.0,355058000.0,1655000.0,139746000.0,139746000.0,139746000.0,9013000.0,0.0,0.012,2610533000.0,220399000.0,1052659000,0.089,2.638,36.897,37.278,839356000,0.0,29.45,0.445,0.451,220869000,1364740000,11597686000.0,11597686000.0,0.0,0.034,0.073,0.138,0.02,24386000.0,2583625000.0,1.0,175083936,177456000,180653000.0,65.355,3814673000,133058000,87970000.0,75909000,21.496,1211011000
3,CCTYQ,ARY,2005-12-31,2005-05-13,2005-02-28,2021-08-25,25100000,3789382000,3876460750.0,2685715000,1103667000,2.702,10.79,-162797000.0,879660000,879660000,7903641000.0,61658000.0,2.125,0.815,12410000,888000,11522000,12410000,0,154788000.0,0,0.004,0.07,99602000.0,254390000.0,0.024,254390000.0,99602000.0,97536000.0,0.32,0.31,0.32,2087434000,2100511750.0,2087434000,2098069122,21.0,8.247,293082000.0,1.515,1.0,2568723000.0,0.245,247215000,2066000.0,1411071000,1284522500.0,1459520000,125325000,125325000,0,1701948000,1263846000,438102000,2965319122,96189000.0,207083000.0,-232676000.0,-29861000.0,-13848000.0,-276385000.0,-81039000.0,-125325000.0,455879000.0,2016000.0,61658000.0,61658000.0,61658000.0,-1747000.0,0.0,0.006,2476432000.0,92291000.0,961718000,0.219,1.421,48.093,49.219,738802000,0.0,15.75,0.283,0.291,172995000,1247221000,10472364000.0,10472364000.0,0.0,0.016,0.029,0.078,0.01,18305000.0,2457032000.0,1.0,188274230,193466000,196227000.0,54.13,3542167000,103076000,35878000.0,72274000,18.309,1421869000
4,CCTYQ,ARY,2004-12-31,2004-05-10,2004-02-29,2021-08-25,0,3633000000,3845795750.0,2919061000,713939000,2.534,10.803,-129179000.0,783471000,783471000,7518120000.0,-89269000.0,2.481,0.634,23806000,1115000,22691000,23806000,0,197969000.0,0,0.006,0.07,-87918000.0,110051000.0,0.011,110051000.0,-87918000.0,-89722000.0,-0.43,-0.43,-0.43,2223961000,2208394750.0,2223961000,1395156010,-16.0,12.677,-260855000.0,-1.267,1.0,2227325000.0,0.229,0,1804000.0,1696632000,1806224250.0,1517256000,0,0,0,1409039000,1176703000,232336000,2154821010,-101199000.0,0.0,-72962000.0,-1458000.0,-14660000.0,-89080000.0,-129179000.0,0.0,-131676000.0,0.0,-89269000.0,-89269000.0,-89269000.0,88482000.0,0.0,-0.009,2259454000.0,-32129000.0,879635000,-0.163,0.969,-24.139,-25.209,585903000,0.0,10.84,0.221,0.229,579717000,1199411000,9745445000.0,9745445000.0,0.0,-0.023,-0.04,-0.049,-0.009,37579000.0,2220796000.0,1.0,198784226,205865000,205865000.0,47.339,3633000000,98934000,-453000.0,161373000,17.647,1742358000
5,CCTYQ,ARY,2003-12-31,2003-05-27,2003-02-28,2021-08-25,0,3799117000,4346863250.0,3102910000,696207000,2.29,11.3,-89919000.0,884670000,884670000,7603205000.0,106084000.0,2.424,0.622,12664000,1410000,11254000,12664000,0,157469000.0,0,0.011,0.053,132652000.0,290121000.0,0.029,290121000.0,132652000.0,131559000.0,0.4,0.4,0.4,2341575000,2544441500.0,2341575000,503782160,4.0,1.736,-348463000.0,-1.682,1.0,2350325000.0,0.236,0,1093000.0,1647042000,2037919000.0,1409736000,0,0,0,1457542000,1280069000,177473000,1375788160,-363576000.0,0.0,8901000.0,-25262000.0,-14687000.0,-30750000.0,-89919000.0,0.0,-258544000.0,0.0,106084000.0,106084000.0,106084000.0,-64519000.0,0.0,0.011,2344608000.0,5717000.0,963701000,0.175,0.588,12.969,16.6,649593000,0.0,6.64,0.138,0.138,775339000,1387515000,9953530000.0,9953530000.0,0.0,0.024,0.042,0.065,0.013,20828000.0,2344608000.0,1.0,207197012,207217000,209203000.0,48.034,3799117000,22362000,25475000.0,186182000,18.334,1822841000
6,CCTYQ,ARY,2002-12-31,2002-05-28,2002-02-28,2021-08-25,0,4539386000,4296171500.0,3652711000,886675000,2.977,13.306,-26571000.0,1251532000,1251532000,10059793000.0,218795000.0,2.225,0.66,126374000,112310000,14064000,126374000,149269000,150711000.0,0,0.003,0.088,358734000.0,509445000.0,0.04,509445000.0,358734000.0,352895000.0,0.93,0.93,0.93,2734438000,2555118500.0,2734438000,3485151480,10.0,6.841,810637000.0,3.945,1.0,2731675000.0,0.214,0,5839000.0,1772901000,2065385500.0,1633327000,0,0,0,1804948000,1641327000,163621000,4610309480,805401000.0,0.0,17920000.0,-123351000.0,-14556000.0,17601000.0,-26571000.0,0.0,837208000.0,0.0,218795000.0,218795000.0,218795000.0,0.0,0.0,0.017,2372941000.0,358734000.0,1106679000,0.075,1.686,21.071,23.624,853778000,0.0,21.97,0.36,0.353,726541000,1801554000,12791468000.0,12791468000.0,0.0,0.051,0.086,0.174,0.028,15678000.0,2372941000.0,1.0,209845675,205501000,207095000.0,62.245,4539386000,0,134100000.0,239290000,22.089,2011384000
7,CCTYQ,ARY,2001-12-31,2001-05-23,2001-02-28,2021-08-25,0,3871333000,4037136250.0,2847179000,1024154000,3.21,11.564,-169861000.0,446131000,446131000,10165376000.0,160802000.0,2.204,0.643,249725000,133588000,116137000,249725000,92165000,153090000.0,0,0.004,0.07,278740000.0,431830000.0,0.033,431830000.0,278740000.0,259357000.0,0.73,0.73,0.73,2356483000,2288611500.0,2356483000,3142272564,11.0,7.277,-14106000.0,-0.069,1.0,2793652000.0,0.216,0,19383000.0,2383328000,2514903500.0,1757664000,0,0,0,1514850000,1291599000,223251000,3338678564,-197802000.0,-1325000.0,38123000.0,-179865000.0,-14346000.0,-156197000.0,-171186000.0,0.0,155755000.0,0.0,160802000.0,160802000.0,160802000.0,0.0,0.0,0.012,2514912000.0,278740000.0,902560000,0.096,1.417,20.763,21.986,988947000,0.0,16.05,0.258,0.252,585761000,1597315000,12959028000.0,12959028000.0,0.0,0.04,0.07,0.111,0.022,0.0,2514912000.0,1.0,208017356,203774000,205830000.0,63.595,3871333000,0,98555000.0,107428000,18.998,1555580000
8,CCTYQ,ARY,2000-12-31,2000-05-23,2000-02-29,2021-08-25,0,3955348000,3833127000.0,2942615000,1012733000,3.291,10.639,-122117000.0,643933000,643933000,9751833000.0,197590000.0,2.093,0.846,429590000,180349000,249241000,429590000,130020000,148164000.0,0,0.001,0.061,438939000.0,587103000.0,0.047,587103000.0,438939000.0,414733000.0,0.98,0.96,0.98,2142174000,1968967500.0,2142174000,11676475646,27.0,19.888,471359000.0,2.341,1.0,2862557000.0,0.227,0,24206000.0,2334846000,2625908250.0,1689209000,0,0,0,1813174000,1406159000,407015000,11890818646,378053000.0,-34849000.0,50205000.0,-7718000.0,-14207000.0,31736000.0,-156966000.0,0.0,593476000.0,0.0,197590000.0,197590000.0,197590000.0,-130240000.0,0.0,0.016,2309593000.0,552964000.0,960131000,0.062,5.551,60.179,59.247,965181000,0.0,58.062,0.943,0.927,593276000,1450859000,12614390000.0,12614390000.0,0.0,0.052,0.1,0.167,0.035,0.0,2309593000.0,1.0,204793432,201345000,204321000.0,62.651,3955348000,0,217143000.0,88872000,19.645,1536456000
9,CCTYQ,ARY,1999-12-31,1999-05-25,1999-02-28,2021-08-25,0,3445266000,3553246500.0,2394515000,1050751000,3.041,9.607,-93324000.0,265880000,265880000,8359428000.0,142924000.0,2.484,0.808,437308000,10723000,426585000,437308000,112085000,140293000.0,0,0.001,0.018,258842000.0,399135000.0,0.037,399135000.0,258842000.0,230523000.0,0.74,0.74,0.74,1905130000,1816492750.0,1905130000,6746821695,26.0,16.904,160924000.0,0.812,1.0,2445019000.0,0.226,0,28319000.0,2652889000,2813154250.0,1517675000,0,0,0,1540136000,963805000,576331000,6575393695,149268000.0,-41562000.0,42165000.0,-2261000.0,-13981000.0,29906000.0,-134886000.0,0.0,254248000.0,0.0,142924000.0,142924000.0,142924000.0,0.0,0.0,0.013,2186177000.0,258842000.0,799733000,0.024,3.451,46.006,43.919,1005773000,0.0,32.5,0.609,0.597,574316000,1267476000,10804447000.0,10804447000.0,0.0,0.04,0.079,0.092,0.024,0.0,2186177000.0,1.0,202319806,198304000,200812000.0,54.484,3445266000,0,87599000.0,47425000,17.374,1430710000
10,CCTYQ,ARY,1998-12-31,1998-05-27,1998-02-28,2021-08-25,0,3231701000,,2146349000,1085352000,,8.824,-290926000.0,116612000,116612000,6827133000.0,104311000.0,2.369,0.868,431569000,7277000,424292000,431569000,145107000,116326000.0,0,0.0,0.0,195105000.0,311431000.0,0.035,311431000.0,195105000.0,168244000.0,0.565,0.565,0.565,1730039000,,1730039000,4433298927,23.0,14.235,-96345000.0,-0.491,1.0,2043664000.0,0.23,0,26861000.0,2640832000,,1410545000,0,0,0,1501662000,905826000,595836000,4118341927,-86031000.0,0.0,22311000.0,-558000.0,-13792000.0,10314000.0,-290926000.0,0.0,194581000.0,0.0,104311000.0,104311000.0,104311000.0,0.0,0.0,0.012,1848559000.0,195105000.0,765391000,0.0,2.38,39.481,36.615,1048434000,0.0,20.688,0.464,0.457,598035000,1138533000,8870797000.0,8870797000.0,0.0,,,,0.022,0.0,1848559000.0,1.0,199073930,196054000,198408000.0,45.247,3231701000,0,63933000.0,26793000,16.484,1240523000
0,CCTYQ,ARQ,2008-09-30,2008-09-30,2008-08-31,2021-08-25,94488000,3400080000,,2168686000,1231394000,,6.512,-45725000.0,91235000,91235000,1882404000.0,-239174000.0,1.285,2.158,281769000,229203000,52566000,281769000,0,46107000.0,0,0.158,0.0,-231222000.0,-185115000.0,-0.077,-185115000.0,-231222000.0,-235656000.0,-1.45,-1.45,-1.45,1076752000,,1076752000,318309273,-1.0,-0.906,-116542000.0,-0.705,1.0,508998000.0,0.213,129730000,4434000.0,1773634000,,1508944000,1268000,1268000,0,2323328000,1687250000,636078000,127775273,387000.0,0.0,0.0,118082000.0,13000.0,117318000.0,-45508000.0,0.0,-70817000.0,-606000.0,-239174000.0,-239174000.0,-239174000.0,0.0,0.0,-0.1,741042000.0,-232044000.0,1022628000,0.0,0.119,-0.211,-0.207,966707000,0.0,0.76,0.011,0.011,329516000,570462000,2391402000.0,2391402000.0,0.0,,,,,5396000.0,668042000.0,1.0,168125359,165353000,165353000.0,14.462,3270350000,193855000,3518000.0,48446000,19.778,481436000
1,CCTYQ,ARQ,2008-06-30,2008-06-30,2008-05-31,2021-08-25,115922000,3649323000,,2349558000,1299765000,,8.08,-27873000.0,90848000,90848000,1822400000.0,-164815000.0,1.39,1.738,127632000,66801000,60831000,127632000,0,45775000.0,0,0.055,0.04,-160167000.0,-114392000.0,-0.05,-114392000.0,-160167000.0,-161849000.0,-1.0,-1.0,-1.0,1332731000,,1332731000,523784105,-1.0,-2.132,-303399000.0,-1.839,1.0,478674000.0,0.208,134479000,1682000.0,1860934000,,1686314000,1329000,1329000,0,2316592000,1690694000,625898000,487000105,-205207000.0,0.0,0.0,104865000.0,-6663000.0,98165000.0,-27734000.0,0.0,-275526000.0,-112000.0,-164815000.0,-164815000.0,-164815000.0,0.0,0.0,-0.072,640009000.0,-161335000.0,1220638000,-0.04,0.365,-1.132,-1.107,1037808000,0.0,2.89,0.042,0.041,307033000,809624000,2301074000.0,2301074000.0,0.0,,,,,3208000.0,640009000.0,1.0,168512147,164949000,164949000.0,13.95,3514844000,190336000,2966000.0,42970000,21.309,658864000
2,CCTYQ,ARQ,2008-03-31,2008-04-28,2008-02-29,2021-08-25,118060000,3745930000,,2439720000,1306210000,,9.114,-52494000.0,296055000,296055000,2896868000.0,4851000.0,1.519,1.492,68632000,11582000,57050000,68632000,0,46438000.0,0,0.035,0.04,-1787000.0,44651000.0,0.012,44651000.0,-1787000.0,-2405000.0,0.03,0.03,0.03,1503175000,,1503175000,537209607,-2.0,-3.289,10595000.0,0.064,1.0,753632000.0,0.206,136431000,618000.0,1776389000,,1573560000,1366000,1366000,0,2242755000,1605687000,637068000,764632607,101133000.0,0.0,10000.0,-189387000.0,-6693000.0,-197015000.0,233791000.0,286149000.0,63089000.0,1268000.0,4851000.0,4851000.0,4851000.0,-340000.0,0.0,0.001,761802000.0,-8170000.0,1144480000,1.333,0.509,-2.39,-2.335,1037321000,0.0,4.53,0.065,0.064,330599000,981112000,3650500000.0,3650500000.0,0.0,,,,,5002000.0,735802000.0,1.0,168793070,164936000,164936000.0,22.133,3609499000,196788000,-7256000.0,53266000,21.884,834033000
3,CCTYQ,ARQ,2007-12-31,2008-01-09,2007-11-30,2021-08-25,56158000,4999615000,,3772775000,1226840000,,8.724,-76683000.0,194922000,194922000,2397997000.0,-207346000.0,1.266,2.475,80820000,29282000,51538000,80820000,0,42691000.0,0,0.042,0.04,-139148000.0,-96457000.0,-0.033,-96457000.0,-139148000.0,-139543000.0,-1.26,-1.26,-1.26,1438662000,,1438662000,530740454,-2.0,-3.73,-48462000.0,-0.294,1.0,565689000.0,0.191,161212000,395000.0,1744525000,,2591675000,288137000,288137000,0,3560953000,2979776000,581177000,644842454,64023000.0,0.0,175000.0,114772000.0,-6661000.0,108213000.0,-71025000.0,5585000.0,28221000.0,-1386000.0,-207346000.0,-207346000.0,-207346000.0,-652000.0,0.0,-0.07,708039000.0,-142350000.0,2371493000,-0.032,0.448,-1.934,-1.887,1025040000,0.0,3.83,0.054,0.053,447319000,982965000,2963686000.0,2963686000.0,0.0,,,,,4318000.0,708039000.0,1.0,168366176,164916000,164916000.0,17.971,4838403000,181805000,67803000.0,38316000,29.339,792999000
4,CCTYQ,ARQ,2007-09-30,2007-10-09,2007-08-31,2021-08-25,44783000,4037508000,,2847132000,1190376000,,9.931,-70085000.0,130899000,130899000,2097957000.0,-62836000.0,1.529,1.466,58982000,8272000,50710000,58982000,0,48349000.0,0,0.017,0.04,-127822000.0,-79473000.0,-0.03,-79473000.0,-127822000.0,-127946000.0,-0.38,-0.38,-0.38,1637049000,,1637049000,1478837907,-7.0,-60.998,52202000.0,0.317,1.0,546011000.0,0.207,153709000,124000.0,1949854000,,1833226000,293503000,293503000,0,2400459000,1862028000,538431000,1550754907,18590000.0,0.0,1485000.0,12956000.0,-6708000.0,7088000.0,-111688000.0,-41735000.0,122287000.0,903000.0,-62836000.0,-62836000.0,-62836000.0,-218000.0,0.0,-0.024,677909000.0,-131898000.0,1403415000,-0.105,0.947,-10.913,-10.698,974421000,0.0,9.2,0.128,0.125,304957000,1196982000,2643968000.0,2643968000.0,0.0,,,,,7348000.0,677909000.0,1.0,168560316,164837000,164837000.0,16.04,3883799000,237276000,-65110000.0,21136000,23.561,985104000
5,CCTYQ,ARQ,2007-06-30,2007-07-03,2007-05-31,2021-08-25,42059000,3827914000,,2668283000,1159631000,,10.252,-54669000.0,112309000,112309000,1925352000.0,-54566000.0,1.669,1.251,60541000,11580000,48961000,60541000,0,50143000.0,0,0.009,0.04,-82186000.0,-32043000.0,-0.013,-32043000.0,-82186000.0,-82229000.0,-0.33,-0.33,-0.33,1700189000,,1700189000,2511446555,-37.0,20.976,-298037000.0,-1.797,1.0,560185000.0,0.225,153138000,43000.0,2024505000,,1745934000,251789000,251789000,0,2127725000,1598503000,529222000,2563214555,-28832000.0,0.0,-43520000.0,-26284000.0,-6782000.0,-76198000.0,290093000.0,346585000.0,-243368000.0,641000.0,-54566000.0,-54566000.0,-54566000.0,-246000.0,0.0,-0.022,648354000.0,-88169000.0,1165842000,-0.121,1.508,-37.031,-36.214,941662000,0.0,15.21,0.208,0.205,342243000,1266534000,2485537000.0,2485537000.0,0.0,,,,,4942000.0,648354000.0,1.0,168521667,165842000,165842000.0,14.987,3674776000,162734000,-27663000.0,10782000,22.158,1069780000
6,CCTYQ,ARQ,2007-03-31,2007-04-30,2007-02-28,2021-08-25,25438000,4007283000,,2883512000,1123771000,,10.555,-47504000.0,141141000,141141000,2947996000.0,-8704000.0,1.682,1.237,57649000,7162000,50487000,57649000,0,42131000.0,0,0.007,0.04,23557000.0,65688000.0,0.017,65688000.0,23557000.0,23397000.0,-0.06,-0.06,-0.06,1791244000,,1791244000,2895922518,122.0,14.111,58368000.0,0.344,1.0,923293000.0,0.238,141059000,160000.0,2068703000,,1636507000,598341000,598341000,0,2216039000,1714029000,502010000,2979414518,-305564000.0,0.0,-98559000.0,-108234000.0,-6964000.0,-213567000.0,-196774000.0,-147505000.0,105872000.0,-1095000.0,-8704000.0,-8704000.0,-8704000.0,-2237000.0,0.0,-0.002,910539000.0,12754000.0,1203914000,-0.667,1.663,-359.789,-349.0,921027000,0.0,17.45,0.24,0.239,382555000,1336317000,3871289000.0,3871289000.0,0.0,,,,,4334000.0,818539000.0,1.0,170740087,169707000,155796000.0,22.812,3866224000,109500000,32101000.0,0,22.782,1169483000
7,CCTYQ,ARQ,2006-12-31,2007-01-05,2006-11-30,2021-08-25,42375000,5269276000,,3978045000,1291231000,,11.212,-96653000.0,446705000,446705000,2413492000.0,-15990000.0,1.383,1.747,89792000,42313000,47479000,89792000,0,48318000.0,0,0.005,0.04,-26734000.0,21584000.0,0.007,21584000.0,-26734000.0,-27768000.0,-0.09,-0.09,-0.09,1918003000,,1918003000,3032756703,13.0,7.121,191262000.0,1.118,1.0,688807000.0,0.222,242017000,1034000.0,1794710000,,2531486000,451182000,451182000,0,3351273000,2875636000,475637000,3389669703,150575000.0,0.0,29694000.0,77984000.0,-7006000.0,103090000.0,-240188000.0,-146555000.0,287915000.0,-242000.0,-15990000.0,-15990000.0,-15990000.0,364000.0,0.0,-0.005,720921000.0,-32114000.0,2283227000,-0.444,1.767,23.907,23.815,935872000,0.0,19.29,0.272,0.265,420876000,1351994000,3102299000.0,3102299000.0,0.0,,,,,6000000.0,720921000.0,1.0,175721602,171063000,171063000.0,18.135,5027259000,132577000,-11778000.0,0,29.388,1102409000
8,CCTYQ,ARQ,2006-09-30,2006-10-10,2006-08-31,2021-08-25,51073000,4129884000,,2844523000,1285361000,,11.268,-66253000.0,296130000,296130000,2163354000.0,10041000.0,1.645,1.156,87030000,38839000,48191000,87030000,0,46994000.0,0,0.003,0.018,17504000.0,64498000.0,0.023,64498000.0,17504000.0,17391000.0,0.06,0.06,0.06,1915253000,,1915253000,4564030383,17.0,9.999,12420000.0,0.073,1.0,675839000.0,0.238,255685000,113000.0,1935769000,,1849480000,303455000,303455000,0,2214631000,1729330000,485301000,4773130383,-96292000.0,0.0,-46080000.0,9630000.0,-3070000.0,-35624000.0,-139134000.0,-63017000.0,78673000.0,-207000.0,10041000.0,10041000.0,10041000.0,1338000.0,0.0,0.004,662791000.0,13048000.0,1271854000,0.3,2.492,28.425,28.385,884626000,0.0,27.25,0.389,0.378,303085000,1374995000,2839193000.0,2839193000.0,0.0,,,,,7731000.0,662791000.0,1.0,175160748,169973000,174659000.0,16.704,3874199000,135981000,7350000.0,5177000,22.793,1115193000
9,CCTYQ,ARQ,2006-06-30,2006-07-10,2006-05-31,2021-08-25,52062000,4111320000,,2873991000,1237329000,,11.375,-36695000.0,392422000,392422000,1976596000.0,6372000.0,1.714,1.113,79627000,29628000,49999000,79627000,0,44030000.0,0,0.003,0.018,9421000.0,53451000.0,0.02,53451000.0,9421000.0,9209000.0,0.04,0.04,0.04,1945758000,,1945758000,4061459480,16.0,9.487,-189504000.0,-1.108,1.0,640377000.0,0.245,259286000,212000.0,1862733000,,1931370000,241863000,241863000,0,2165562000,1676506000,489056000,4374254480,76452000.0,0.0,-32596000.0,13204000.0,-3086000.0,-15269000.0,244345000.0,281040000.0,-152809000.0,185000.0,6372000.0,6372000.0,6372000.0,407000.0,0.0,0.002,639368000.0,1009000.0,1229197000,0.45,2.248,27.472,27.615,837394000,0.0,25.13,0.365,0.359,211582000,1368026000,2616973000.0,2616973000.0,0.0,,,,,8662000.0,639368000.0,1.0,174065041,171054000,176256000.0,15.299,3852034000,129847000,2837000.0,8175000,22.519,1197485000
10,CCTYQ,ARQ,2006-03-31,2006-05-15,2006-02-28,2021-08-25,44287000,4069044000,,2833341000,1235703000,,11.394,-39081000.0,315970000,315970000,2943935000.0,141365000.0,1.746,1.082,81236000,29251000,51985000,81236000,0,54154000.0,0,0.002,0.018,232184000.0,286338000.0,0.073,286338000.0,232184000.0,230296000.0,0.8,0.78,0.8,1954633000,,1954633000,4921487915,21.0,12.469,394462000.0,2.299,1.0,957916000.0,0.246,254371000,1888000.0,1957609000,,1698026000,521992000,521992000,0,2114411000,1622330000,492081000,5156221915,-177689000.0,13255000.0,-27678000.0,-46957000.0,-3107000.0,-100282000.0,-512890000.0,-479047000.0,433543000.0,1940000.0,141365000.0,141365000.0,141365000.0,9013000.0,0.0,0.036,736192000.0,221724000.0,1052659000,0.022,2.638,36.897,37.278,839356000,0.0,29.45,0.445,0.451,220869000,1364740000,3901851000.0,3901851000.0,0.0,,,,,6694000.0,728634000.0,1.0,175083936,171546000,184334000.0,22.745,3814673000,133058000,88931000.0,75909000,22.237,1211011000
11,CCTYQ,ARQ,2005-12-31,2006-01-06,2005-11-30,2021-08-25,37587000,4717444000,,3507907000,1209537000,,10.524,-57332000.0,493659000,493659000,2202583000.0,10142000.0,1.439,1.57,99282000,70048000,29234000,99282000,0,34955000.0,0,0.003,0.018,17197000.0,52152000.0,0.018,52152000.0,17197000.0,16553000.0,0.06,0.06,0.06,1835819000,,1835819000,3666754010,28.0,12.928,-89747000.0,-0.514,1.0,703095000.0,0.242,258356000,644000.0,1627586000,,2681045000,42274000,42274000,0,2881625000,2437125000,444500000,4061131010,-108324000.0,-277000.0,-98907000.0,50506000.0,-3220000.0,-51621000.0,-23774000.0,33835000.0,-32415000.0,-514000.0,10142000.0,10142000.0,10142000.0,0.0,0.0,0.003,685898000.0,17197000.0,2127047000,0.3,2.212,48.46,52.136,815393000,0.0,22.94,0.361,0.355,189749000,1233989000,2905678000.0,2905678000.0,0.0,,,,,8190000.0,676577000.0,1.0,177032738,174438000,177509000.0,16.657,4459088000,133512000,6411000.0,0,25.563,1070782000
12,CCTYQ,ARQ,2005-09-30,2005-10-07,2005-08-31,2021-08-25,33551000,3708843000,,2549269000,1159574000,,10.689,-80022000.0,601983000,601983000,1949687000.0,1348000.0,1.873,0.938,32230000,18290000,13940000,32230000,0,33934000.0,0,0.004,0.018,2229000.0,36163000.0,0.014,36163000.0,2229000.0,2013000.0,0.01,0.01,0.01,1913909000,,1913909000,2557200079,24.0,9.668,-31775000.0,-0.177,1.0,612020000.0,0.239,257475000,216000.0,1520432000,,1669204000,75834000,75834000,0,1794934000,1361183000,433751000,3126953079,3666000.0,-12978000.0,-89841000.0,16056000.0,-3217000.0,-77002000.0,32000000.0,125000000.0,48247000.0,421000.0,1348000.0,1348000.0,1348000.0,0.0,0.0,0.001,609791000.0,2229000.0,1137652000,1.8,1.634,46.147,49.057,771483000,0.0,17.17,0.288,0.283,113903000,1227066000,2561707000.0,2561707000.0,0.0,,,,,6501000.0,603089000.0,1.0,182117244,179057000,181801000.0,14.307,3451368000,122294000,665000.0,0,19.275,1188086000
13,CCTYQ,ARQ,2005-06-30,2005-07-08,2005-05-31,2021-08-25,20820000,3806189000,,2726020000,1080169000,,10.729,-22667000.0,598317000,598317000,1670549000.0,-13109000.0,1.96,0.92,13463000,1329000,12134000,13463000,0,40796000.0,0,0.004,0.018,-20751000.0,20045000.0,0.009,20045000.0,-20751000.0,-21146000.0,-0.07,-0.07,-0.07,1981882000,,1981882000,2734083452,31.0,11.016,-116984000.0,-0.633,1.0,557901000.0,0.25,236324000,395000.0,1593843000,,1677981000,200339000,200339000,0,1824307000,1391168000,433139000,3318937452,-281343000.0,0.0,-84012000.0,-341000.0,-3300000.0,-89529000.0,-97305000.0,-74638000.0,-94317000.0,-192000.0,-13109000.0,-13109000.0,-13109000.0,0.0,0.0,-0.006,578652000.0,-20751000.0,1169508000,-0.257,1.675,60.909,63.857,716640000,0.0,17.88,0.312,0.311,164517000,1228936000,2228450000.0,2228450000.0,0.0,,,,,3001000.0,575325000.0,1.0,185622900,184729000,184729000.0,12.063,3569865000,125123000,-8037000.0,0,19.325,1334852000
14,CCTYQ,ARQ,2005-03-31,2005-05-13,2005-02-28,2021-08-25,25100000,3789382000,,2685715000,1103667000,,11.109,-41532000.0,879660000,879660000,2683647000.0,85422000.0,2.125,0.815,12410000,888000,11522000,12410000,0,41229000.0,0,0.004,0.018,134045000.0,175274000.0,0.049,175274000.0,134045000.0,133604000.0,0.44,0.43,0.44,2087434000,,2087434000,2098069122,21.0,8.247,323732000.0,1.723,1.0,883714000.0,0.248,247215000,441000.0,1411071000,,1459520000,125325000,125325000,0,1701948000,1263846000,438102000,2965319122,127182000.0,-106000.0,-43473000.0,-24963000.0,-3350000.0,-71786000.0,-166963000.0,-125325000.0,365264000.0,667000.0,85422000.0,85422000.0,85422000.0,-2961000.0,0.0,0.024,752630000.0,131084000.0,961718000,0.041,1.421,48.093,49.219,738802000,0.0,15.75,0.283,0.291,172995000,1247221000,3567361000.0,3567361000.0,0.0,,,,,-1908000.0,754069000.0,1.0,188274230,187901000,198945000.0,18.985,3542167000,103076000,48182000.0,72274000,18.851,1421869000
15,CCTYQ,ARQ,2004-12-31,2005-01-07,2004-11-30,2021-08-25,34555000,4380480000,,3380669000,999811000,,10.75,-42387000.0,752478000,752478000,1866350000.0,-5900000.0,1.619,1.132,37865000,26109000,11756000,37865000,0,41255000.0,0,0.005,0.018,-8244000.0,33011000.0,0.013,33011000.0,-8244000.0,-8720000.0,-0.03,-0.03,-0.03,2054735000,,2054735000,1892485627,21.0,7.301,-141099000.0,-0.738,1.0,627039000.0,0.251,257513000,476000.0,1320088000,,2458876000,0,0,0,2325745000,2088266000,237479000,2607098627,-201330000.0,0.0,-65250000.0,8189000.0,-3423000.0,-60484000.0,-42387000.0,0.0,-98712000.0,253000.0,-5900000.0,-5900000.0,-5900000.0,0.0,0.0,-0.002,635283000.0,-8244000.0,1806028000,-0.6,1.269,48.583,52.423,645785000,0.0,13.63,0.257,0.257,126932000,1165149000,2493389000.0,2493389000.0,0.0,,,,,6265000.0,628841000.0,1.0,191276495,191135000,191135000.0,13.045,4122967000,80699000,-2820000.0,42197000,21.571,1292403000
16,CCTYQ,ARQ,2004-09-30,2004-10-12,2004-08-31,2021-08-25,9507000,3681868000,,2705712000,976156000,,10.749,-54783000.0,953808000,953808000,1767491000.0,-11923000.0,2.017,0.753,29263000,17284000,11979000,29263000,0,37461000.0,0,0.005,0.018,-17592000.0,19869000.0,0.008,19869000.0,-17592000.0,-18391000.0,-0.06,-0.06,-0.06,2099738000,,2099738000,2032022810,23.0,7.791,29028000.0,0.149,1.0,577535000.0,0.246,240012000,799000.0,1175957000,,1636993000,0,0,0,1582130000,1341354000,240776000,2956567810,-36763000.0,6433000.0,-60620000.0,-10675000.0,-3500000.0,-74795000.0,-48350000.0,0.0,83811000.0,684000.0,-11923000.0,-11923000.0,-11923000.0,507000.0,0.0,-0.005,594620000.0,-17085000.0,1090658000,-0.3,1.408,48.44,50.433,640322000,0.0,15.13,0.294,0.294,68026000,1174472000,2345026000.0,2345026000.0,0.0,,,,,8215000.0,586177000.0,1.0,195410959,195350000,195350000.0,12.004,3441856000,75827000,-6468000.0,58715000,17.619,1364358000
17,CCTYQ,ARQ,2004-06-30,2004-07-09,2004-05-31,2021-08-25,3295000,3654113000,,2697636000,956477000,,10.832,-24095000.0,990571000,990571000,1586153000.0,-5941000.0,2.156,0.692,37504000,12416000,25088000,37504000,0,34843000.0,0,0.006,0.018,-8607000.0,26236000.0,0.013,26236000.0,-8607000.0,-8957000.0,-0.03,-0.03,-0.03,2160140000,,2160140000,1455662678,-17.0,15.15,81421000.0,0.408,1.0,480435000.0,0.232,218827000,350000.0,1230974000,,1537752000,0,0,0,1493973000,1251245000,242728000,2408729678,207100000.0,200756000.0,-63333000.0,-2412000.0,-3575000.0,-69320000.0,176661000.0,0.0,105516000.0,412000.0,-5941000.0,-5941000.0,-5941000.0,707000.0,0.0,-0.003,493899000.0,-13464000.0,974037000,-0.6,1.115,-46.967,-50.375,620159000,0.0,12.09,0.244,0.244,115272000,1189895000,2066588000.0,2066588000.0,0.0,,,,,5733000.0,487945000.0,1.0,199233224,199429000,199429000.0,10.363,3435286000,91715000,-3016000.0,93386000,17.226,1446391000
18,CCTYQ,ARQ,2004-03-31,2004-05-10,2004-02-29,2021-08-25,0,3633000000,,2919061000,713939000,,10.848,-16185000.0,783471000,783471000,2492185000.0,77427000.0,2.481,0.634,23806000,1115000,22691000,23806000,0,54891000.0,0,0.006,0.018,125192000.0,180083000.0,0.055,180083000.0,125192000.0,124867000.0,0.38,0.38,0.38,2223961000,,2223961000,1395156010,-16.0,12.677,459009000.0,2.239,1.0,756816000.0,0.233,0,325000.0,1696632000,,1517256000,0,0,0,1409039000,1176703000,232336000,2154821010,328128000.0,0.0,-68631000.0,-434000.0,-3692000.0,-72757000.0,-16185000.0,0.0,475194000.0,0.0,77427000.0,77427000.0,77427000.0,5107000.0,0.0,0.024,636792000.0,120024000.0,879635000,0.047,0.969,-24.139,-25.209,585903000,0.0,10.84,0.221,0.229,579717000,1199411000,3249001000.0,3249001000.0,0.0,,,,,26267000.0,598134000.0,1.0,198784226,205016000,205016000.0,15.848,3633000000,98934000,47440000.0,161373000,17.721,1742358000
19,CCTYQ,ARQ,2003-12-31,2004-01-09,2003-11-30,2021-08-25,0,4406377000,,3714435000,691942000,,10.52,-39351000.0,455343000,455343000,1872600000.0,1473000.0,1.839,1.029,24240000,1253000,22987000,24240000,0,45359000.0,0,0.008,0.018,-10720000.0,34639000.0,0.014,34639000.0,-10720000.0,-10889000.0,0.01,0.01,0.01,2171820000,,2171820000,1453345464,-10.0,41.75,-490730000.0,-2.377,1.0,534824000.0,0.222,0,169000.0,1955281000,,2651078000,0,0,0,2234557000,2019993000,214564000,1884448464,-177729000.0,0.0,10165000.0,-356000.0,-3668000.0,6141000.0,-39351000.0,0.0,-451379000.0,0.0,1473000.0,1473000.0,1473000.0,-25546000.0,0.0,0.001,576721000.0,-41897000.0,1793866000,1.8,0.868,-20.63,-20.341,631560000,0.0,8.95,0.194,0.191,511557000,1209850000,2407424000.0,2407424000.0,0.0,,,,,4504000.0,576721000.0,1.0,210552901,206441000,206441000.0,11.662,4406377000,30573000,-12362000.0,87691000,21.344,1694442000
20,CCTYQ,ARQ,2003-09-30,2003-10-14,2003-08-31,2021-08-25,0,3720437000,,3033993000,686444000,,10.459,-53064000.0,633072000,633072000,1668325000.0,-124245000.0,2.192,0.725,11996000,1366000,10630000,11996000,0,48234000.0,0,0.007,0.018,-193111000.0,-144877000.0,-0.067,-144877000.0,-193111000.0,-193414000.0,-0.6,-0.6,-0.6,2156503000,,2156503000,1620177180,-9.0,-774.834,22690000.0,0.11,1.0,487375000.0,0.226,0,303000.0,1715468000,,1554432000,0,0,0,1563934000,1383893000,180041000,2241253180,17428000.0,0.0,-1272000.0,-338000.0,-3652000.0,-5262000.0,-53064000.0,0.0,75754000.0,0.0,-124245000.0,-124245000.0,-124245000.0,0.0,0.0,-0.058,547176000.0,-59801000.0,1186880000,-0.03,1.039,-20.265,-19.815,625532000,0.0,10.7,0.231,0.227,786310000,1212045000,2155700000.0,2155700000.0,0.0,,,,,4596000.0,547176000.0,1.0,209462914,206177000,206177000.0,10.456,3720437000,25435000,-69169000.0,68962000,18.045,1650100000
21,CCTYQ,ARQ,2003-06-30,2003-07-14,2003-05-31,2021-08-25,0,3623369000,,2951705000,671664000,,11.084,-20579000.0,615644000,615644000,1485010000.0,-43924000.0,2.539,0.588,12334000,1469000,10865000,12334000,0,49485000.0,0,0.008,0.018,-70414000.0,-20929000.0,-0.011,-20929000.0,-70414000.0,-71421000.0,-0.21,-0.21,-0.21,2281295000,,2281295000,1311819090,23.0,5.863,-251824000.0,-1.223,1.0,448310000.0,0.232,0,1007000.0,1857516000,,1328659000,0,0,0,1342074000,1162543000,179531000,1915129090,-269026000.0,0.0,-13224000.0,-330000.0,-3648000.0,-17202000.0,-20579000.0,0.0,-231245000.0,0.0,-43924000.0,-43924000.0,-43924000.0,0.0,0.0,-0.023,496619000.0,-48309000.0,900424000,-0.086,0.839,56.034,91.7,621067000,0.0,9.17,0.177,0.174,943908000,1339942000,1933320000.0,1933320000.0,0.0,,,,,2212000.0,496619000.0,1.0,208847229,205828000,205828000.0,9.393,3623369000,26370000,-27497000.0,128531000,17.604,1789162000
22,CCTYQ,ARQ,2003-03-31,2003-05-27,2003-02-28,2021-08-25,0,3799117000,,3102910000,696207000,,11.284,-9865000.0,884670000,884670000,2429423000.0,75349000.0,2.424,0.622,12664000,1410000,11254000,12664000,0,44073000.0,0,0.011,0.0,121905000.0,165978000.0,0.052,165978000.0,121905000.0,121530000.0,0.36,0.36,0.36,2341575000,,2341575000,503782160,4.0,1.736,515532000.0,2.484,1.0,762973000.0,0.239,0,375000.0,1647042000,,1409736000,0,0,0,1457542000,1280069000,177473000,1375788160,447131000.0,-28400000.0,-814000.0,-58322000.0,-3684000.0,-62820000.0,-38265000.0,0.0,525397000.0,0.0,75349000.0,75349000.0,75349000.0,0.0,0.0,0.024,648787000.0,114186000.0,963701000,0.0,0.588,12.969,16.6,649593000,0.0,6.64,0.138,0.138,775339000,1387515000,3192396000.0,3192396000.0,0.0,,,,,6474000.0,648787000.0,1.0,207197012,207505000,215449000.0,15.385,3799117000,22362000,46181000.0,186182000,18.309,1822841000
23,CCTYQ,ARQ,2002-12-31,2003-01-14,2002-11-30,2021-08-25,0,4332091000,,3631652000,700439000,,10.884,15943000.0,437539000,437539000,1873573000.0,-17776000.0,1.908,0.919,70986000,59346000,11640000,70986000,0,28426000.0,0,0.01,0.018,-30689000.0,-2263000.0,-0.001,-2263000.0,-30689000.0,-30857000.0,-0.09,-0.09,-0.09,2257895000,,2257895000,1163978443,4.0,2.616,-464203000.0,-2.238,1.0,548114000.0,0.226,0,168000.0,2062372000,,2374860000,0,0,0,2074196000,1903166000,171030000,1530531443,-405971000.0,28400000.0,1033000.0,40100000.0,-3673000.0,37014000.0,44343000.0,0.0,-480146000.0,0.0,-17776000.0,-17776000.0,-17776000.0,-3567000.0,0.0,-0.007,590678000.0,-42564000.0,1575762000,-0.2,0.678,8.054,9.442,693157000,0.0,7.27,0.115,0.113,749359000,1310932000,2421687000.0,2421687000.0,0.0,,,,,4462000.0,590678000.0,1.0,210527021,207454000,207454000.0,11.673,4332091000,0,-13081000.0,127970000,20.882,1728486000
24,CCTYQ,ARQ,2002-09-30,2002-10-15,2002-08-31,2021-08-25,0,4659149000,,3759353000,899796000,,13.542,-49534000.0,846796000,846796000,2647186000.0,20529000.0,2.375,0.661,119334000,7338000,111996000,119334000,0,45086000.0,0,0.007,0.018,35886000.0,80972000.0,0.025,80972000.0,35886000.0,34379000.0,0.04,0.04,0.04,2805863000,,2805863000,1331808737,3.0,2.448,-221109000.0,-1.067,1.0,650101000.0,0.197,0,1507000.0,2348712000,,2018209000,0,0,0,1853286000,1582975000,270311000,2059270737,-329206000.0,0.0,3097000.0,-107357000.0,-3674000.0,-108097000.0,-49534000.0,0.0,-171575000.0,0.0,20529000.0,20529000.0,20529000.0,0.0,0.0,0.006,614215000.0,35886000.0,1274904000,0.45,0.734,8.745,10.208,859868000,0.0,9.8,0.148,0.145,850765000,1842736000,3297287000.0,3297287000.0,0.0,,,,,4489000.0,614215000.0,1.0,210129667,207202000,209094000.0,15.913,4659149000,10464000,13850000.0,136204000,22.486,2176378000
25,CCTYQ,ARQ,2002-06-30,2002-07-15,2002-05-31,2021-08-25,0,4597096000,,3700269000,896827000,,13.412,-46463000.0,1176002000,1176002000,2488554000.0,27982000.0,2.381,0.658,226691000,112957000,113734000,226691000,0,39884000.0,0,0.004,0.018,47328000.0,87212000.0,0.028,87212000.0,47328000.0,46302000.0,0.08,0.08,0.08,2772433000,,2772433000,2674622039,7.0,5.074,-178683000.0,-0.864,1.0,631253000.0,0.202,0,1026000.0,2093550000,,1742485000,0,0,0,1824663000,1554235000,270428000,3623933039,-75530000.0,0.0,5585000.0,100317000.0,-3656000.0,103153000.0,-46463000.0,0.0,-132220000.0,0.0,27982000.0,27982000.0,27982000.0,0.0,0.0,0.009,583925000.0,47328000.0,1108731000,0.225,1.307,15.769,18.168,858505000,0.0,17.26,0.274,0.27,745244000,1825880000,3119807000.0,3119807000.0,0.0,,,,,5403000.0,583925000.0,1.0,209961358,206710000,209257000.0,15.093,4597096000,6785000,18320000.0,161710000,22.239,2146034000
26,CCTYQ,ARQ,2002-03-31,2002-05-28,2002-02-28,2021-08-25,0,4539386000,,3652711000,886675000,,13.263,-19845000.0,1251532000,1251532000,3252772000.0,159290000.0,2.225,0.66,126374000,112310000,14064000,126374000,149269000,21303000.0,0,0.003,0.018,257644000.0,278947000.0,0.067,278947000.0,257644000.0,256925000.0,0.74,0.75,0.74,2734438000,,2734438000,3485151480,10.0,6.841,544161000.0,2.639,1.0,918075000.0,0.22,0,719000.0,1772901000,,1633327000,0,0,0,1804948000,1641327000,163621000,4610309480,541618000.0,0.0,-2730000.0,6102000.0,-3652000.0,-3380000.0,-19845000.0,0.0,564006000.0,0.0,159290000.0,159290000.0,159290000.0,0.0,0.0,0.038,660431000.0,257644000.0,1106679000,0.024,1.686,21.071,23.624,853778000,0.0,21.97,0.36,0.353,726541000,1801554000,4170847000.0,4170847000.0,0.0,,,,,15678000.0,660431000.0,1.0,209845675,206170000,209330000.0,20.23,4539386000,0,97635000.0,239290000,22.018,2011384000
27,CCTYQ,ARQ,2001-12-31,2002-01-11,2001-11-30,2021-08-25,0,4871673000,,3977387000,894286000,,12.497,-25902000.0,709914000,709914000,2412055000.0,27688000.0,1.816,0.896,120272000,105060000,15212000,120272000,88493000,51726000.0,0,0.002,0.018,45126000.0,96852000.0,0.032,96852000.0,45126000.0,44652000.0,0.1,0.1,0.1,2568993000,,2568993000,5361019569,20.0,11.944,-113044000.0,-0.55,1.0,642177000.0,0.21,0,474000.0,2092250000,,2500678000,0,0,0,2302680000,2189781000,112899000,5950661569,-113740000.0,0.0,6734000.0,733000.0,-3644000.0,4326000.0,-25902000.0,0.0,-87142000.0,0.0,27688000.0,27688000.0,27688000.0,0.0,0.0,0.009,597051000.0,45126000.0,1765244000,0.18,2.316,36.581,42.552,861059000,0.0,28.51,0.478,0.471,700713000,1645916000,3054232000.0,3054232000.0,0.0,,,,,0.0,597051000.0,1.0,208721907,205571000,206639000.0,14.857,4871673000,0,16964000.0,151239000,23.698,1787606000
28,CCTYQ,ARQ,2001-09-30,2001-10-11,2001-08-31,2021-08-25,0,3958880000,,3026407000,932473000,,12.359,48780000.0,823654000,823654000,2282845000.0,14850000.0,2.314,0.56,119539000,104011000,15528000,119539000,85880000,38500000.0,0,0.005,0.018,25605000.0,64105000.0,0.022,64105000.0,25605000.0,23951000.0,0.03,0.03,0.03,2537720000,,2537720000,2253996454,17.0,7.642,420349000.0,2.047,1.0,605070000.0,0.21,0,1654000.0,1946662000,,1560461000,0,0,0,1421160000,1308103000,113057000,2958111454,419153000.0,0.0,6814000.0,-131551000.0,-3639000.0,11996000.0,48780000.0,0.0,371569000.0,0.0,14850000.0,14850000.0,14850000.0,0.0,0.0,0.005,579465000.0,25605000.0,947405000,0.6,1.166,40.805,56.8,898222000,0.0,14.2,0.241,0.238,600600000,1621872000,2887915000.0,2887915000.0,0.0,,,,,0.0,579465000.0,1.0,208317708,205329000,206924000.0,14.065,3958880000,0,9101000.0,114666000,19.281,1718304000
29,CCTYQ,ARQ,2001-06-30,2001-07-06,2001-05-31,2021-08-25,0,3814747000,,2799475000,1015272000,,11.61,-29604000.0,404501000,404501000,2112121000.0,16967000.0,2.311,0.603,251090000,135254000,115836000,251090000,94454000,39182000.0,0,0.004,0.018,30359000.0,69541000.0,0.026,69541000.0,30359000.0,27367000.0,0.05,0.05,0.05,2379323000,,2379323000,3448722832,17.0,9.507,-40829000.0,-0.199,1.0,566353000.0,0.211,0,2992000.0,2449729000,,1731833000,0,0,0,1435424000,1211607000,223817000,3602133832,-41630000.0,0.0,7102000.0,1365000.0,-3621000.0,4659000.0,-29604000.0,0.0,-11225000.0,0.0,16967000.0,16967000.0,16967000.0,0.0,0.0,0.006,535994000.0,30359000.0,821591000,0.36,1.514,30.758,35.327,981031000,0.0,17.31,0.287,0.282,594228000,1610661000,2678474000.0,2678474000.0,0.0,,,,,0.0,535994000.0,1.0,208095542,204936000,205491000.0,13.07,3814747000,0,10400000.0,113494000,18.614,1587868000
30,CCTYQ,ARQ,2001-03-31,2001-05-23,2001-02-28,2021-08-25,0,3871333000,,2847179000,1024154000,,11.529,-12161000.0,446131000,446131000,2960660000.0,103164000.0,2.204,0.643,249725000,133588000,116137000,249725000,92165000,47442000.0,0,0.004,0.018,170912000.0,218354000.0,0.057,218354000.0,170912000.0,166394000.0,0.49,0.49,0.49,2356483000,,2356483000,3142272564,11.0,7.277,477124000.0,2.334,1.0,856467000.0,0.224,0,4518000.0,2383328000,,1757664000,0,0,0,1514850000,1291599000,223251000,3338678564,324263000.0,0.0,5626000.0,-152120000.0,-3596000.0,-150328000.0,-12161000.0,0.0,489285000.0,0.0,103164000.0,103164000.0,103164000.0,0.0,0.0,0.027,685555000.0,170912000.0,902560000,0.037,1.417,20.763,21.986,988947000,0.0,16.05,0.258,0.252,585761000,1597315000,3817127000.0,3817127000.0,0.0,,,,,0.0,685555000.0,1.0,208017356,204389000,206367000.0,18.676,3871333000,0,63230000.0,107428000,18.941,1555580000
31,CCTYQ,ARQ,2000-12-31,2001-01-12,2000-11-30,2021-08-25,0,4509116000,,3442633000,1066483000,,11.025,-101293000.0,121868000,121868000,2305141000.0,-62487000.0,1.712,1.004,401845000,283740000,118105000,401845000,106336000,38691000.0,0,0.004,0.018,-95725000.0,-57034000.0,-0.02,-57034000.0,-95725000.0,-100786000.0,-0.32,-0.32,-0.32,2250007000,,2250007000,3816419508,10.0,7.342,-428651000.0,-2.1,1.0,582128000.0,0.202,0,5061000.0,2778011000,,2653440000,0,0,0,2259109000,2011082000,248027000,3536442508,-310832000.0,0.0,-17234000.0,148664000.0,-3594000.0,126797000.0,-101293000.0,0.0,-327358000.0,0.0,-62487000.0,-62487000.0,-62487000.0,0.0,0.0,-0.022,677853000.0,-95725000.0,1504541000,-0.056,1.572,16.269,16.687,1021973000,0.0,17.188,0.269,0.267,564832000,1497747000,2887269000.0,2887269000.0,0.0,,,,,0.0,677853000.0,1.0,205756655,204079000,204079000.0,14.148,4509116000,0,-38299000.0,89054000,22.095,1431551000
32,CCTYQ,ARQ,2000-09-30,2000-10-16,2000-08-31,2021-08-25,0,3933452000,,2932133000,1001319000,,11.317,-40071000.0,432700000,432700000,2507986000.0,59467000.0,2.125,0.706,253181000,134788000,118393000,253181000,110202000,32389000.0,0,0.004,0.018,99497000.0,131886000.0,0.041,131886000.0,99497000.0,95914000.0,0.27,0.27,0.27,2306042000,,2306042000,3916650284,7.0,5.552,70580000.0,0.346,1.0,671795000.0,0.211,0,3583000.0,2373807000,,1846749000,0,0,0,1627410000,1380126000,247284000,4096169284,64654000.0,-1325000.0,8225000.0,442000.0,-3586000.0,5103000.0,-41396000.0,0.0,110651000.0,0.0,59467000.0,59467000.0,59467000.0,0.0,0.0,0.019,572298000.0,99497000.0,1017295000,0.067,1.776,12.359,12.384,954960000,0.0,19.938,0.31,0.307,614540000,1563828000,3179781000.0,3179781000.0,0.0,,,,,0.0,572298000.0,1.0,205450497,203770000,205494000.0,15.605,3933452000,0,36447000.0,82480000,19.303,1552007000
33,CCTYQ,ARQ,2000-06-30,2000-07-13,2000-05-31,2021-08-25,0,3834644000,,2838943000,995701000,,11.051,-16336000.0,368046000,368046000,2391589000.0,60658000.0,2.376,0.71,252739000,3798000,248941000,252739000,123045000,34568000.0,0,0.002,0.018,104056000.0,138624000.0,0.045,138624000.0,104056000.0,97835000.0,0.28,0.28,0.28,2241914000,,2241914000,7377860016,13.0,10.072,-133159000.0,-0.656,1.0,683262000.0,0.222,0,6221000.0,2524468000,,1848910000,0,0,0,1592730000,1194869000,397861000,7493167016,-275887000.0,0.0,41506000.0,-176851000.0,-3570000.0,-137769000.0,-16336000.0,0.0,-116823000.0,0.0,60658000.0,60658000.0,60658000.0,0.0,0.0,0.02,579206000.0,104056000.0,1000728000,0.064,3.342,21.629,21.345,946989000,0.0,36.5,0.576,0.57,589554000,1507947000,3074851000.0,3074851000.0,0.0,,,,,0.0,579206000.0,1.0,205292247,202865000,205877000.0,15.157,3834644000,0,37177000.0,87451000,18.902,1644074000
34,CCTYQ,ARQ,2000-03-31,2000-05-23,2000-02-29,2021-08-25,0,3955348000,,2942615000,1012733000,,10.605,986000.0,643933000,643933000,3059770000.0,159741000.0,2.093,0.846,429590000,180349000,249241000,429590000,130020000,41570000.0,0,0.001,0.018,264754000.0,306324000.0,0.077,306324000.0,264754000.0,257646000.0,0.8,0.78,0.8,2142174000,,2142174000,11676475646,27.0,19.888,857079000.0,4.243,1.0,920637000.0,0.231,0,7108000.0,2334846000,,1689209000,0,0,0,1813174000,1406159000,407015000,11890818646,568088000.0,0.0,4135000.0,-286896000.0,-3561000.0,-286322000.0,986000.0,0.0,856093000.0,0.0,159741000.0,159741000.0,159741000.0,-260480000.0,0.0,0.04,655883000.0,264754000.0,960131000,0.022,5.551,60.179,59.247,965181000,0.0,58.062,0.943,0.927,593276000,1450859000,3980407000.0,3980407000.0,0.0,,,,,0.0,655883000.0,1.0,204793432,201996000,204744000.0,19.705,3955348000,0,97905000.0,88872000,19.581,1536456000
35,CCTYQ,ARQ,1999-12-31,2000-01-14,1999-11-30,2021-08-25,0,4247635000,,3193286000,1054349000,,9.83,-38450000.0,75845000,75845000,2313697000.0,51578000.0,1.713,1.143,716486000,466177000,250309000,716486000,120466000,38888000.0,0,0.001,0.018,89694000.0,128582000.0,0.043,128582000.0,89694000.0,83190000.0,0.26,0.26,0.26,1981859000,,1981859000,10627590225,35.0,23.702,-429344000.0,-2.13,1.0,670910000.0,0.225,0,6504000.0,3024364000,,2385820000,0,0,0,2265776000,1863912000,401864000,9986949225,-165647000.0,0.0,12050000.0,282654000.0,-3558000.0,292022000.0,-38450000.0,0.0,-390894000.0,0.0,51578000.0,51578000.0,51578000.0,0.0,0.0,0.017,581216000.0,89694000.0,1209817000,0.069,5.039,81.503,78.5,1007121000,0.0,49.062,0.83,0.822,648661000,1294679000,2984607000.0,2984607000.0,0.0,,,,,0.0,581216000.0,1.0,203555653,201610000,204525000.0,14.804,4247635000,0,31612000.0,77369000,21.069,1329374000
36,CCTYQ,ARQ,1999-09-30,1999-10-15,1999-08-31,2021-08-25,0,3716742000,,2661339000,1055403000,,9.542,-44391000.0,241492000,241492000,2290111000.0,74467000.0,1.93,0.935,433832000,183247000,250585000,433832000,137844000,33616000.0,0,0.001,0.018,125370000.0,158986000.0,0.054,158986000.0,125370000.0,120108000.0,0.37,0.36,0.37,1920913000,,1920913000,9114174795,38.0,23.85,185393000.0,0.921,1.0,668283000.0,0.226,0,5262000.0,2529945000,,1791767000,0,0,0,1795829000,1379137000,416692000,8921834795,164379000.0,-3571000.0,17572000.0,-6711000.0,-3550000.0,8811000.0,-47962000.0,0.0,229784000.0,0.0,74467000.0,74467000.0,74467000.0,0.0,0.0,0.025,542913000.0,125370000.0,1041555000,0.049,4.645,104.716,98.596,1005894000,0.0,43.875,0.765,0.757,556168000,1246659000,2958394000.0,2958394000.0,0.0,,,,,0.0,542913000.0,1.0,203346662,201315000,204551000.0,14.695,3716742000,0,45641000.0,41505000,18.462,1282202000
37,CCTYQ,ARQ,1999-06-30,1999-07-15,1999-05-31,2021-08-25,0,3412783000,,2367858000,1044925000,,9.133,-40262000.0,77113000,77113000,2088255000.0,-88196000.0,2.038,0.864,440543000,189688000,250855000,440543000,152120000,34090000.0,0,0.001,0.009,-57094000.0,-23004000.0,-0.009,-23004000.0,-57094000.0,-62426000.0,-0.44,-0.44,-0.44,1830924000,,1830924000,10505134400,60.0,33.259,-141769000.0,-0.707,1.0,602727000.0,0.224,0,5332000.0,2614478000,,1613671000,0,0,0,1581859000,1161735000,420124000,10141704400,-188767000.0,-31278000.0,16448000.0,3235000.0,-3538000.0,17225000.0,-71540000.0,0.0,-101507000.0,0.0,-88196000.0,-88196000.0,-88196000.0,130240000.0,0.0,-0.033,529581000.0,73146000.0,801913000,-0.02,5.539,240.353,212.766,992423000,0.0,50.0,0.904,0.893,586534000,1175742000,2690982000.0,2690982000.0,0.0,,,,,0.0,529581000.0,1.0,202834088,200466000,203470000.0,13.424,3412783000,14418000,25770000.0,17149000,17.024,1206123000
38,CCTYQ,ARQ,1999-03-31,1999-05-25,1999-02-28,2021-08-25,0,3445266000,,2394515000,1050751000,,9.572,48726000.0,265880000,265880000,2626579000.0,84685000.0,2.484,0.808,437308000,10723000,426585000,437308000,112085000,40271000.0,0,0.001,0.009,143549000.0,183820000.0,0.054,183820000.0,143549000.0,136589000.0,0.435,0.435,0.435,1905130000,,1905130000,6746821695,26.0,16.904,631209000.0,3.171,1.0,776728000.0,0.228,0,6960000.0,2652889000,,1517675000,0,0,0,1540136000,963805000,576331000,6575393695,147875000.0,-34005000.0,10249000.0,-457720000.0,-3514000.0,-449329000.0,14721000.0,0.0,582483000.0,0.0,84685000.0,84685000.0,84685000.0,0.0,0.0,0.025,633179000.0,143549000.0,799733000,0.021,3.451,46.006,43.919,1005773000,0.0,32.5,0.609,0.597,574316000,1267476000,3403307000.0,3403307000.0,0.0,,,,,0.0,633179000.0,1.0,202319806,199036000,201790000.0,17.099,3445266000,0,51904000.0,47425000,17.31,1430710000
39,CCTYQ,ARQ,1998-12-31,1999-01-08,1998-11-30,2021-08-25,0,4142469000,,3014147000,1128322000,,9.123,-67976000.0,118005000,118005000,2020791000.0,14244000.0,1.733,1.286,892546000,465702000,426844000,892546000,133933000,31658000.0,0,0.0,0.009,30689000.0,62347000.0,0.024,62347000.0,30689000.0,22975000.0,0.08,0.08,0.08,1812054000,,1812054000,5634310480,27.0,17.006,-412007000.0,-2.074,1.0,592105000.0,0.227,0,7714000.0,3178174000,,2204933000,0,0,0,2330415000,1738836000,591579000,4859769480,24435000.0,-7557000.0,6491000.0,440360000.0,-3504000.0,443999000.0,-75533000.0,0.0,-344031000.0,0.0,14244000.0,14244000.0,14244000.0,0.0,0.0,0.005,561416000.0,30689000.0,1144356000,0.113,2.682,43.919,,1089174000,0.0,24.188,0.474,0.469,631237000,1186305000,2612896000.0,2612896000.0,0.0,,,,,0.0,561416000.0,1.0,200920702,198616000,200722000.0,13.156,4142469000,0,8731000.0,40779000,20.857,1275311000
40,CCTYQ,ARQ,1998-09-30,1998-10-15,1998-08-31,2021-08-25,0,3393186000,,2312830000,1080356000,,9.053,-97734000.0,93570000,93570000,1945482000.0,31462000.0,2.28,0.891,446668000,23324000,423344000,446668000,132370000,35639000.0,0,0.0,0.0,57059000.0,92698000.0,0.037,92698000.0,57059000.0,50745000.0,0.16,0.16,0.16,1794171000,,1794171000,3783203823,19.0,,-15714000.0,-0.079,1.0,571672000.0,0.227,0,6314000.0,2731705000,,1557054000,0,0,0,1599015000,1014579000,584436000,3430105823,7797000.0,0.0,11039000.0,15418000.0,-3494000.0,23511000.0,-97734000.0,0.0,82020000.0,0.0,31462000.0,31462000.0,31462000.0,0.0,0.0,0.012,514613000.0,57059000.0,861361000,0.0,1.912,31.659,,1053118000,0.0,17.094,0.351,0.346,607584000,1175565000,2517154000.0,2517154000.0,0.0,,,,,0.0,514613000.0,1.0,200664326,198190000,200846000.0,12.701,3393186000,12149000,19283000.0,30601000,17.121,1298251000
41,CCTYQ,ARQ,1998-06-30,1998-07-15,1998-05-31,2021-08-25,0,3232065000,,2211059000,1021006000,,8.889,23660000.0,85773000,85773000,1766576000.0,12533000.0,2.491,0.842,431250000,7663000,423587000,431250000,138176000,32725000.0,0,0.0,0.0,27545000.0,60270000.0,0.027,60270000.0,27545000.0,20214000.0,0.065,0.065,0.065,1754616000,,1754616000,5739518262,,,-42564000.0,-0.216,1.0,504514000.0,0.222,0,7331000.0,2689849000,,1477377000,0,0,0,1477449000,887693000,589756000,5394041262,-30839000.0,0.0,14386000.0,-319000.0,-3469000.0,11725000.0,23660000.0,0.0,-66224000.0,0.0,12533000.0,12533000.0,12533000.0,0.0,0.0,0.006,476969000.0,27545000.0,781963000,0.0,3.074,,,991289000,0.0,26.969,,,601287000,1147597000,2271090000.0,2271090000.0,0.0,,,,,0.0,476969000.0,1.0,200010800,197382000,199894000.0,11.506,3232065000,13324000,7681000.0,31418000,16.375,1323366000
42,CCTYQ,ARQ,1998-03-31,1998-05-27,1998-02-28,2021-08-25,0,3231701000,,2146349000,1085352000,,8.824,-54926000.0,116612000,116612000,2177898000.0,52414000.0,2.369,0.868,431569000,7277000,424292000,431569000,145107000,23379000.0,0,0.0,0.0,92626000.0,116005000.0,0.041,116005000.0,92626000.0,84537000.0,,,,1730039000,,1730039000,4433298927,23.0,14.235,404568000.0,2.064,1.0,671204000.0,0.236,0,8089000.0,2640832000,,1410545000,0,0,0,1501662000,905826000,595836000,4118341927,39717000.0,0.0,13075000.0,-376822000.0,-3457000.0,-364851000.0,-54926000.0,0.0,459494000.0,0.0,52414000.0,52414000.0,52414000.0,0.0,0.0,0.018,578578000.0,92626000.0,765391000,,2.38,39.481,36.615,1048434000,0.0,20.688,0.464,0.457,598035000,1138533000,2849102000.0,2849102000.0,0.0,,,,,0.0,578578000.0,1.0,199073930,196054000,,14.532,3231701000,0,32123000.0,26793000,16.484,1240523000
43,CCTYQ,ARQ,1997-12-31,1998-01-14,1997-11-30,2021-08-25,0,3730031000,,2662933000,1067098000,,8.434,,76895000,76895000,1662466000.0,11937000.0,1.796,1.239,808391000,383696000,424695000,808391000,133379000,,0,0.0,0.0,26112000.0,,,,26112000.0,19255000.0,,,,1665654000,,1665654000,4156854158,,,,,1.0,481753000.0,0.225,0,6857000.0,2978419000,,1983602000,0,0,0,2064377000,1483108000,581269000,3425358158,,,,,,,,,,,11937000.0,11937000.0,11937000.0,0.0,0.0,0.006,455641000.0,26112000.0,1000223000,,2.056,,,1027694000,0.0,17.344,,,552923000,1089576000,2144219000.0,2144219000.0,0.0,,,,,,455641000.0,1.0,197498128,197498128,,10.857,3730031000,0,7318000.0,30776000,18.886,1179825000
0,CCTYQ,ART,2008-09-30,2008-09-30,2008-08-31,2021-08-25,94488000,3400080000,3948737000.0,2168686000,1231394000,2.863,6.512,-202775000.0,91235000,91235000,8999669000.0,-606484000.0,1.285,2.158,281769000,229203000,52566000,281769000,0,181011000.0,0,0.158,0.12,-532324000.0,-351313000.0,-0.031,-351313000.0,-532324000.0,-539453000.0,-3.68,-3.68,-3.68,1076752000,1337830000.0,1076752000,318309273,-1.0,-0.906,-457808000.0,-2.769,1.0,2306993000.0,0.204,129730000,7129000.0,1773634000,1788870500.0,1508944000,1268000,1268000,0,2323328000,1687250000,636078000,127775273,-39664000.0,0.0,185000.0,148332000.0,-20004000.0,126681000.0,89524000.0,291734000.0,-255033000.0,-836000.0,-606484000.0,-606484000.0,-606484000.0,-992000.0,0.0,-0.054,2850892000.0,-543899000.0,1022628000,-0.033,0.119,-0.211,-0.207,966707000,0.0,0.76,0.011,0.011,329516000,570462000,11306662000.0,11306662000.0,0.0,-0.154,-0.453,-0.298,-0.047,17924000.0,2751892000.0,1.0,168125359,165353000,165353000.0,68.379,3270350000,193855000,67031000.0,48446000,19.778,481436000
1,CCTYQ,ART,2008-06-30,2008-06-30,2008-05-31,2021-08-25,115922000,3649323000,4108094000.0,2349558000,1299765000,2.814,8.08,-227135000.0,90848000,90848000,9215222000.0,-430146000.0,1.39,1.738,127632000,66801000,60831000,127632000,0,183253000.0,0,0.055,0.16,-428924000.0,-245671000.0,-0.021,-245671000.0,-428924000.0,-431743000.0,-2.61,-2.61,-2.61,1332731000,1477904250.0,1332731000,523784105,-1.0,-2.132,-289064000.0,-1.752,1.0,2344006000.0,0.203,134479000,2819000.0,1860934000,1832925500.0,1686314000,1329000,1329000,0,2316592000,1690694000,625898000,487000105,-21461000.0,0.0,1670000.0,43206000.0,-26725000.0,16451000.0,23344000.0,249999000.0,-61929000.0,673000.0,-430146000.0,-430146000.0,-430146000.0,-1210000.0,0.0,-0.037,2787759000.0,-443753000.0,1220638000,-0.061,0.365,-1.132,-1.107,1037808000,0.0,2.89,0.042,0.041,307033000,809624000,11559228000.0,11559228000.0,0.0,-0.105,-0.291,-0.234,-0.037,19876000.0,2761759000.0,1.0,168512147,164949000,164949000.0,70.078,3514844000,190336000,-1597000.0,42970000,21.309,658864000
2,CCTYQ,ART,2008-03-31,2008-04-28,2008-02-29,2021-08-25,118060000,3745930000,4152741750.0,2439720000,1306210000,2.828,9.103,-253931000.0,296055000,296055000,9318174000.0,-319897000.0,1.519,1.492,68632000,11582000,57050000,68632000,0,187621000.0,0,0.035,0.16,-350943000.0,-163322000.0,-0.014,-163322000.0,-350943000.0,-352123000.0,-1.94,-1.94,-1.94,1503175000,1569768750.0,1503175000,537209607,-2.0,-3.289,-283702000.0,-1.718,1.0,2425517000.0,0.207,136431000,1180000.0,1776389000,1873818250.0,1573560000,1366000,1366000,0,2242755000,1605687000,637068000,764632607,154914000.0,0.0,-41850000.0,-87943000.0,-26844000.0,-157912000.0,341171000.0,596584000.0,-29771000.0,1426000.0,-319897000.0,-319897000.0,-319897000.0,-1456000.0,0.0,-0.027,2796104000.0,-370587000.0,1144480000,-0.082,0.509,-2.39,-2.335,1037321000,0.0,4.53,0.065,0.064,330599000,981112000,11743691000.0,11743691000.0,0.0,-0.077,-0.204,-0.187,-0.03,21610000.0,2770104000.0,1.0,168793070,165134000,165134000.0,71.116,3609499000,196788000,-32226000.0,53266000,21.858,834033000
3,CCTYQ,ART,2007-12-31,2008-01-09,2007-11-30,2021-08-25,56158000,4999615000,4218080000.0,3772775000,1226840000,2.836,8.724,-248941000.0,194922000,194922000,9369302000.0,-333452000.0,1.266,2.475,80820000,29282000,51538000,80820000,0,183314000.0,0,0.042,0.16,-325599000.0,-142285000.0,-0.012,-142285000.0,-325599000.0,-326321000.0,-2.03,-2.03,-2.03,1438662000,1641786000.0,1438662000,530740454,-2.0,-3.73,-235929000.0,-1.431,1.0,2595178000.0,0.217,161212000,722000.0,1744525000,1946896750.0,2591675000,288137000,288137000,0,3560953000,2979776000,581177000,644842454,-251783000.0,0.0,-140419000.0,-6790000.0,-27115000.0,-174464000.0,-89394000.0,162930000.0,13012000.0,-937000.0,-333452000.0,-333452000.0,-333452000.0,-3353000.0,0.0,-0.028,2944841000.0,-349663000.0,2371493000,-0.079,0.448,-1.934,-1.887,1025040000,0.0,3.83,0.054,0.053,447319000,982965000,11964480000.0,11964480000.0,0.0,-0.079,-0.203,-0.167,-0.027,20942000.0,2852841000.0,1.0,168366176,164916000,164916000.0,72.549,4838403000,181805000,7131000.0,38316000,29.339,792999000
4,CCTYQ,ART,2007-09-30,2007-10-09,2007-08-31,2021-08-25,44783000,4037508000,4285495250.0,2847132000,1190376000,2.824,9.931,-268911000.0,130899000,130899000,9384797000.0,-142096000.0,1.529,1.466,58982000,8272000,50710000,58982000,0,188941000.0,0,0.017,0.16,-213185000.0,-24244000.0,-0.002,-24244000.0,-213185000.0,-214546000.0,-0.86,-0.86,-0.86,1637049000,1761621250.0,1637049000,1478837907,-7.0,-60.998,3795000.0,0.023,1.0,2718296000.0,0.225,153709000,1361000.0,1949854000,1959443000.0,1833226000,293503000,293503000,0,2400459000,1862028000,538431000,1550754907,-165231000.0,0.0,-110900000.0,-43578000.0,-27460000.0,-179587000.0,-258557000.0,10790000.0,272706000.0,207000.0,-142096000.0,-142096000.0,-142096000.0,-2337000.0,0.0,-0.012,2957723000.0,-239427000.0,1403415000,-0.186,0.947,-10.913,-10.698,974421000,0.0,9.2,0.128,0.125,304957000,1196982000,12103093000.0,12103093000.0,0.0,-0.033,-0.081,-0.109,-0.018,22624000.0,2865723000.0,1.0,168560316,164837000,164837000.0,73.425,3883799000,237276000,-72450000.0,21136000,23.561,985104000
5,CCTYQ,ART,2007-06-30,2007-07-03,2007-05-31,2021-08-25,42059000,3827914000,4308589250.0,2668283000,1159631000,2.854,10.252,-265079000.0,112309000,112309000,9450194000.0,-69219000.0,1.669,1.251,60541000,11580000,48961000,60541000,0,187586000.0,0,0.009,0.138,-67859000.0,119727000.0,0.01,119727000.0,-67859000.0,-69209000.0,-0.42,-0.42,-0.42,1700189000,1831172250.0,1700189000,2511446555,-37.0,20.976,-35987000.0,-0.217,1.0,2848124000.0,0.232,153138000,1350000.0,2024505000,1955921750.0,1745934000,251789000,251789000,0,2127725000,1598503000,529222000,2563214555,-280113000.0,0.0,-158465000.0,-46904000.0,-23822000.0,-222299000.0,-286003000.0,-10492000.0,229092000.0,-903000.0,-69219000.0,-69219000.0,-69219000.0,-781000.0,0.0,-0.006,2942605000.0,-94481000.0,1165842000,-0.329,1.508,-37.031,-36.214,941662000,0.0,15.21,0.208,0.205,342243000,1266534000,12298318000.0,12298318000.0,0.0,-0.016,-0.038,-0.035,-0.006,23007000.0,2850605000.0,1.0,168521667,165842000,165842000.0,74.157,3674776000,162734000,10000.0,10782000,22.158,1069780000
6,CCTYQ,ART,2007-03-31,2007-04-30,2007-02-28,2021-08-25,25438000,4007283000,4379440750.0,2883512000,1123771000,2.838,10.509,-247105000.0,141141000,141141000,9501438000.0,-8281000.0,1.682,1.237,57649000,7162000,50487000,57649000,0,181473000.0,0,0.007,0.115,23748000.0,205221000.0,0.017,205221000.0,23748000.0,22229000.0,-0.05,-0.05,-0.05,1791244000,1892564500.0,1791244000,2895922518,122.0,14.111,72546000.0,0.426,1.0,2928316000.0,0.236,141059000,1519000.0,2068703000,1915478750.0,1636507000,598341000,598341000,0,2216039000,1714029000,502010000,2979414518,-174829000.0,0.0,-147541000.0,-7416000.0,-20126000.0,-161370000.0,-331751000.0,-76037000.0,319651000.0,-1359000.0,-8281000.0,-8281000.0,-8281000.0,-128000.0,0.0,-0.001,2933619000.0,-5303000.0,1203914000,-2.3,1.663,-359.789,-349.0,921027000,0.0,17.45,0.24,0.239,382555000,1336317000,12429754000.0,12429754000.0,0.0,-0.002,-0.004,0.012,0.002,26727000.0,2841619000.0,1.0,170740087,170448000,170448000.0,72.924,3866224000,109500000,30510000.0,0,22.683,1169483000
7,CCTYQ,ART,2006-12-31,2007-01-05,2006-11-30,2021-08-25,42375000,5269276000,4394881000.0,3978045000,1291231000,2.835,11.212,-238682000.0,446705000,446705000,9497377000.0,141788000.0,1.383,1.747,89792000,42313000,47479000,89792000,0,193496000.0,0,0.005,0.093,232375000.0,425871000.0,0.034,425871000.0,232375000.0,229128000.0,0.81,0.79,0.81,1918003000,1933411750.0,1918003000,3032756703,13.0,7.121,408640000.0,2.389,1.0,2962939000.0,0.238,242017000,3247000.0,1794710000,1887705250.0,2531486000,451182000,451182000,0,3351273000,2875636000,475637000,3389669703,-46954000.0,13255000.0,-76660000.0,53861000.0,-16269000.0,-48085000.0,-647867000.0,-407579000.0,647322000.0,1676000.0,141788000.0,141788000.0,141788000.0,11122000.0,0.0,0.011,2759272000.0,203667000.0,2283227000,0.115,1.767,23.907,23.815,935872000,0.0,19.29,0.272,0.265,420876000,1351994000,12460316000.0,12460316000.0,0.0,0.032,0.073,0.123,0.019,29087000.0,2751714000.0,1.0,175721602,171063000,171063000.0,72.841,5027259000,132577000,87340000.0,0,29.388,1102409000
8,CCTYQ,ART,2006-09-30,2006-10-10,2006-08-31,2021-08-25,51073000,4129884000,4256923000.0,2844523000,1285361000,2.881,11.268,-199361000.0,296130000,296130000,9286468000.0,167920000.0,1.645,1.156,87030000,38839000,48191000,87030000,0,180133000.0,0,0.003,0.07,276306000.0,456439000.0,0.037,456439000.0,276306000.0,273449000.0,0.96,0.94,0.96,1915253000,1912865750.0,1915253000,4564030383,17.0,9.999,127631000.0,0.751,1.0,2977227000.0,0.243,255685000,2857000.0,1935769000,1845924250.0,1849480000,303455000,303455000,0,2214631000,1729330000,485301000,4773130383,-305853000.0,12978000.0,-205261000.0,26383000.0,-12483000.0,-202796000.0,-431453000.0,-227189000.0,326992000.0,1404000.0,167920000.0,167920000.0,167920000.0,10758000.0,0.0,0.014,2724249000.0,252978000.0,1271854000,0.073,2.492,28.425,28.385,884626000,0.0,27.25,0.389,0.378,303085000,1374995000,12263695000.0,12263695000.0,0.0,0.039,0.088,0.15,0.023,31277000.0,2707370000.0,1.0,175160748,169973000,174659000.0,72.151,3874199000,135981000,105529000.0,5177000,22.793,1115193000
9,CCTYQ,ART,2006-06-30,2006-07-10,2006-05-31,2021-08-25,52062000,4111320000,4151662750.0,2873991000,1237329000,2.887,11.375,-213130000.0,392422000,392422000,9072801000.0,159227000.0,1.714,1.113,79627000,29628000,49999000,79627000,0,167073000.0,0,0.003,0.07,261031000.0,428104000.0,0.036,428104000.0,261031000.0,258071000.0,0.91,0.89,0.91,1945758000,1912529750.0,1945758000,4061459480,16.0,9.487,83436000.0,0.488,1.0,2913408000.0,0.243,259286000,2960000.0,1862733000,1742090000.0,1931370000,241863000,241863000,0,2165562000,1676506000,489056000,4374254480,-205895000.0,0.0,-249022000.0,32809000.0,-12630000.0,-244174000.0,-260319000.0,-39172000.0,296566000.0,2032000.0,159227000.0,159227000.0,159227000.0,9420000.0,0.0,0.013,2671249000.0,242159000.0,1229197000,0.077,2.248,27.472,27.615,837394000,0.0,25.13,0.365,0.359,211582000,1368026000,11986209000.0,11986209000.0,0.0,0.038,0.083,0.15,0.022,30047000.0,2647668000.0,1.0,174065041,171054000,176256000.0,70.073,3852034000,129847000,98844000.0,8175000,22.519,1197485000
10,CCTYQ,ART,2006-03-31,2006-05-15,2006-02-28,2021-08-25,44287000,4069044000,4075380000.0,2833341000,1235703000,2.846,11.015,-199102000.0,315970000,315970000,8766754000.0,139746000.0,1.746,1.082,81236000,29251000,51985000,81236000,0,163839000.0,0,0.002,0.07,230859000.0,394698000.0,0.034,394698000.0,230859000.0,227716000.0,0.79,0.77,0.79,1954633000,1921560750.0,1954633000,4921487915,21.0,12.469,155956000.0,0.879,1.0,2830932000.0,0.244,254371000,3143000.0,1957609000,1674867500.0,1698026000,521992000,521992000,0,2114411000,1622330000,492081000,5156221915,-563690000.0,0.0,-300438000.0,19264000.0,-12844000.0,-318434000.0,-601969000.0,-394850000.0,355058000.0,1655000.0,139746000.0,139746000.0,139746000.0,9013000.0,0.0,0.012,2610533000.0,220399000.0,1052659000,0.089,2.638,36.897,37.278,839356000,0.0,29.45,0.445,0.451,220869000,1364740000,11597686000.0,11597686000.0,0.0,0.034,0.073,0.138,0.02,24386000.0,2583625000.0,1.0,175083936,177456000,180653000.0,65.355,3814673000,133058000,87970000.0,75909000,21.496,1211011000
11,CCTYQ,ART,2005-12-31,2006-01-06,2005-11-30,2021-08-25,37587000,4717444000,4005464500.0,3507907000,1209537000,2.812,10.524,-201553000.0,493659000,493659000,8506466000.0,83803000.0,1.439,1.57,99282000,70048000,29234000,99282000,0,150914000.0,0,0.003,0.07,132720000.0,283634000.0,0.025,283634000.0,132720000.0,131024000.0,0.44,0.43,0.44,1835819000,1954761000.0,1835819000,3666754010,28.0,12.928,85226000.0,0.489,1.0,2756730000.0,0.245,258356000,1696000.0,1627586000,1538233000.0,2681045000,42274000,42274000,0,2881625000,2437125000,444500000,4061131010,-258819000.0,-13361000.0,-316233000.0,41258000.0,-13087000.0,-289938000.0,-256042000.0,-41128000.0,286779000.0,382000.0,83803000.0,83803000.0,83803000.0,-2961000.0,0.0,0.007,2626971000.0,129759000.0,2127047000,0.159,2.212,48.46,52.136,815393000,0.0,22.94,0.361,0.355,189749000,1233989000,11263196000.0,11263196000.0,0.0,0.021,0.043,0.086,0.012,15784000.0,2609060000.0,1.0,177032738,174438000,177509000.0,64.568,4459088000,133512000,47221000.0,0,25.563,1070782000
12,CCTYQ,ART,2005-09-30,2005-10-07,2005-08-31,2021-08-25,33551000,3708843000,3921223500.0,2549269000,1159574000,2.767,10.689,-186608000.0,601983000,601983000,8170233000.0,67761000.0,1.873,0.938,32230000,18290000,13940000,32230000,0,157214000.0,0,0.004,0.07,107279000.0,264493000.0,0.024,264493000.0,107279000.0,105751000.0,0.35,0.34,0.35,1913909000,2009490000.0,1913909000,2557200079,24.0,9.668,33874000.0,0.189,1.0,2680674000.0,0.247,257475000,1528000.0,1520432000,1461358500.0,1669204000,75834000,75834000,0,1794934000,1361183000,433751000,3126953079,-351825000.0,-13084000.0,-282576000.0,-1059000.0,-13290000.0,-298801000.0,-274655000.0,-74963000.0,220482000.0,1149000.0,67761000.0,67761000.0,67761000.0,-2961000.0,0.0,0.006,2576356000.0,104318000.0,1137652000,0.2,1.634,46.147,49.057,771483000,0.0,17.17,0.288,0.283,113903000,1227066000,10850907000.0,10850907000.0,0.0,0.017,0.034,0.073,0.01,13859000.0,2561324000.0,1.0,182117244,179057000,181801000.0,60.6,3451368000,122294000,37990000.0,0,19.275,1188086000
13,CCTYQ,ART,2005-06-30,2005-07-08,2005-05-31,2021-08-25,20820000,3806189000,3914479750.0,2726020000,1080169000,2.717,10.729,-161369000.0,598317000,598317000,7988037000.0,54490000.0,1.96,0.92,13463000,1329000,12134000,13463000,0,160741000.0,0,0.004,0.07,87458000.0,248199000.0,0.023,248199000.0,87458000.0,85347000.0,0.28,0.27,0.28,1981882000,2055947250.0,1981882000,2734083452,31.0,11.016,94677000.0,0.513,1.0,2646189000.0,0.249,236324000,2111000.0,1593843000,1375239750.0,1677981000,200339000,200339000,0,1824307000,1391168000,433139000,3318937452,-392254000.0,6327000.0,-253355000.0,-27790000.0,-13573000.0,-296594000.0,-355005000.0,-199963000.0,256046000.0,1412000.0,54490000.0,54490000.0,54490000.0,-2454000.0,0.0,0.005,2561185000.0,85004000.0,1169508000,0.25,1.675,60.909,63.857,716640000,0.0,17.88,0.312,0.311,164517000,1228936000,10634226000.0,10634226000.0,0.0,0.014,0.027,0.064,0.008,15573000.0,2544412000.0,1.0,185622900,184729000,184729000.0,57.567,3569865000,125123000,30857000.0,0,19.325,1334852000
14,CCTYQ,ART,2005-03-31,2005-05-13,2005-02-28,2021-08-25,25100000,3789382000,3876460750.0,2685715000,1103667000,2.702,10.79,-162797000.0,879660000,879660000,7903641000.0,61658000.0,2.125,0.815,12410000,888000,11522000,12410000,0,154788000.0,0,0.004,0.07,99602000.0,254390000.0,0.024,254390000.0,99602000.0,97536000.0,0.32,0.31,0.32,2087434000,2100511750.0,2087434000,2098069122,21.0,8.247,293082000.0,1.515,1.0,2568723000.0,0.245,247215000,2066000.0,1411071000,1284522500.0,1459520000,125325000,125325000,0,1701948000,1263846000,438102000,2965319122,96189000.0,207083000.0,-232676000.0,-29861000.0,-13848000.0,-276385000.0,-81039000.0,-125325000.0,455879000.0,2016000.0,61658000.0,61658000.0,61658000.0,-1747000.0,0.0,0.006,2476432000.0,92291000.0,961718000,0.219,1.421,48.093,49.219,738802000,0.0,15.75,0.283,0.291,172995000,1247221000,10472364000.0,10472364000.0,0.0,0.016,0.029,0.078,0.01,18305000.0,2457032000.0,1.0,188274230,193466000,196227000.0,54.13,3542167000,103076000,35878000.0,72274000,18.309,1421869000
15,CCTYQ,ART,2004-12-31,2005-01-07,2004-11-30,2021-08-25,34555000,4380480000,3837365250.0,3380669000,999811000,2.646,10.75,-137450000.0,752478000,752478000,7712179000.0,53663000.0,1.619,1.132,37865000,26109000,11756000,37865000,0,168450000.0,0,0.005,0.07,90749000.0,259199000.0,0.026,259199000.0,90749000.0,88799000.0,0.26,0.26,0.26,2054735000,2134643500.0,2054735000,1892485627,21.0,7.301,428359000.0,2.241,1.0,2441825000.0,0.24,257513000,1950000.0,1320088000,1355912750.0,2458876000,0,0,0,2325745000,2088266000,237479000,2607098627,297135000.0,207189000.0,-257834000.0,-5332000.0,-14190000.0,-277356000.0,69739000.0,0.0,565809000.0,1349000.0,53663000.0,53663000.0,53663000.0,6321000.0,0.0,0.005,2360594000.0,81231000.0,1806028000,0.269,1.269,48.583,52.423,645785000,0.0,13.63,0.257,0.257,126932000,1165149000,10154004000.0,10154004000.0,0.0,0.014,0.025,0.067,0.009,46480000.0,2301097000.0,1.0,191276495,191135000,191135000.0,53.125,4122967000,80699000,35136000.0,42197000,21.571,1292403000
16,CCTYQ,ART,2004-09-30,2004-10-12,2004-08-31,2021-08-25,9507000,3681868000,3843839500.0,2705712000,976156000,2.619,10.749,-134414000.0,953808000,953808000,7718429000.0,61036000.0,2.017,0.753,29263000,17284000,11979000,29263000,0,172554000.0,0,0.005,0.07,88273000.0,260827000.0,0.026,260827000.0,88273000.0,86630000.0,0.3,0.3,0.3,2099738000,2163914750.0,2099738000,2032022810,23.0,7.791,78728000.0,0.403,1.0,2349610000.0,0.233,240012000,1643000.0,1175957000,1514711000.0,1636993000,0,0,0,1582130000,1341354000,240776000,2956567810,320736000.0,207189000.0,-182419000.0,-13877000.0,-14435000.0,-210731000.0,72775000.0,0.0,213142000.0,1096000.0,61036000.0,61036000.0,61036000.0,-19225000.0,0.0,0.006,2302032000.0,47578000.0,1090658000,0.233,1.408,48.44,50.433,640322000,0.0,15.13,0.294,0.294,68026000,1174472000,10068039000.0,10068039000.0,0.0,0.016,0.028,0.058,0.009,44719000.0,2248977000.0,1.0,195410959,195350000,195350000.0,51.538,3441856000,75827000,25594000.0,58715000,17.619,1364358000
17,CCTYQ,ART,2004-06-30,2004-07-09,2004-05-31,2021-08-25,3295000,3654113000,3853481750.0,2697636000,956477000,2.564,10.832,-132695000.0,990571000,990571000,7619263000.0,-51286000.0,2.156,0.692,37504000,12416000,25088000,37504000,0,183327000.0,0,0.006,0.07,-87246000.0,96081000.0,0.01,96081000.0,-87246000.0,-88393000.0,-0.24,-0.24,-0.24,2160140000,2178106000.0,2160140000,1455662678,-17.0,15.15,72390000.0,0.363,1.0,2259450000.0,0.229,218827000,1147000.0,1230974000,1649588750.0,1537752000,0,0,0,1493973000,1251245000,242728000,2408729678,374927000.0,200756000.0,-123071000.0,-3540000.0,-14587000.0,-141198000.0,68061000.0,0.0,205085000.0,412000.0,-51286000.0,-51286000.0,-51286000.0,-19732000.0,0.0,-0.005,2254588000.0,4862000.0,974037000,-0.292,1.115,-46.967,-50.375,620159000,0.0,12.09,0.244,0.244,115272000,1189895000,9878713000.0,9878713000.0,0.0,-0.013,-0.024,-0.053,-0.009,41100000.0,2209976000.0,1.0,199233224,199429000,199429000.0,49.535,3435286000,91715000,-37107000.0,93386000,17.226,1446391000
18,CCTYQ,ART,2004-03-31,2004-05-10,2004-02-29,2021-08-25,0,3633000000,3845795750.0,2919061000,713939000,2.534,10.803,-129179000.0,783471000,783471000,7518120000.0,-89269000.0,2.481,0.634,23806000,1115000,22691000,23806000,0,197969000.0,0,0.006,0.07,-87918000.0,110051000.0,0.011,110051000.0,-87918000.0,-89722000.0,-0.43,-0.43,-0.43,2223961000,2208394750.0,2223961000,1395156010,-16.0,12.677,-260855000.0,-1.267,1.0,2227325000.0,0.229,0,1804000.0,1696632000,1806224250.0,1517256000,0,0,0,1409039000,1176703000,232336000,2154821010,-101199000.0,0.0,-72962000.0,-1458000.0,-14660000.0,-89080000.0,-129179000.0,0.0,-131676000.0,0.0,-89269000.0,-89269000.0,-89269000.0,88482000.0,0.0,-0.009,2259454000.0,-32129000.0,879635000,-0.163,0.969,-24.139,-25.209,585903000,0.0,10.84,0.221,0.229,579717000,1199411000,9745445000.0,9745445000.0,0.0,-0.023,-0.04,-0.049,-0.009,37579000.0,2220796000.0,1.0,198784226,205865000,205865000.0,47.339,3633000000,98934000,-453000.0,161373000,17.647,1742358000
19,CCTYQ,ART,2003-12-31,2004-01-09,2003-11-30,2021-08-25,0,4406377000,3887325000.0,3714435000,691942000,2.492,10.52,-122859000.0,455343000,455343000,7455358000.0,-91347000.0,1.839,1.029,24240000,1253000,22987000,24240000,0,187151000.0,0,0.008,0.07,-152340000.0,34811000.0,0.004,34811000.0,-152340000.0,-154194000.0,-0.44,-0.44,-0.44,2171820000,2237798250.0,2171820000,1453345464,-10.0,41.75,-204332000.0,-0.99,1.0,2233482000.0,0.231,0,1854000.0,1955281000,1793826750.0,2651078000,0,0,0,2234557000,2019993000,214564000,1884448464,17804000.0,-28400000.0,-5145000.0,-59346000.0,-14652000.0,-79143000.0,-151259000.0,0.0,-81473000.0,0.0,-91347000.0,-91347000.0,-91347000.0,-25546000.0,0.0,-0.009,2269303000.0,-35821000.0,1793866000,-0.159,0.868,-20.63,-20.341,631560000,0.0,8.95,0.194,0.191,511557000,1209850000,9688840000.0,9688840000.0,0.0,-0.023,-0.041,-0.085,-0.016,17786000.0,2269303000.0,1.0,210552901,206441000,206441000.0,46.933,4406377000,30573000,-62847000.0,87691000,21.344,1694442000
20,CCTYQ,ART,2003-09-30,2003-10-14,2003-08-31,2021-08-25,0,3720437000,3868753500.0,3033993000,686444000,2.508,10.459,-67565000.0,633072000,633072000,7456331000.0,-110596000.0,2.192,0.725,11996000,1366000,10630000,11996000,0,170218000.0,0,0.007,0.07,-172309000.0,-2091000.0,0.0,-2091000.0,-172309000.0,-174162000.0,-0.54,-0.54,-0.54,2156503000,2259317000.0,2156503000,1620177180,-9.0,-774.834,-177805000.0,-0.862,1.0,2246772000.0,0.232,0,1853000.0,1715468000,1820599500.0,1554432000,0,0,0,1563934000,1383893000,180041000,2241253180,-210438000.0,0.0,-14277000.0,-18890000.0,-14657000.0,-48270000.0,-67565000.0,0.0,-110240000.0,0.0,-110596000.0,-110596000.0,-110596000.0,-3567000.0,0.0,-0.011,2283260000.0,-36488000.0,1186880000,-0.13,1.039,-20.265,-19.815,625532000,0.0,10.7,0.231,0.227,786310000,1212045000,9703103000.0,9703103000.0,0.0,-0.029,-0.049,-0.095,-0.018,17744000.0,2283260000.0,1.0,209462914,206177000,206177000.0,47.062,3720437000,25435000,-63566000.0,68962000,18.045,1650100000
21,CCTYQ,ART,2003-06-30,2003-07-14,2003-05-31,2021-08-25,0,3623369000,4103431500.0,2951705000,671664000,2.643,11.084,-64035000.0,615644000,615644000,8435192000.0,34178000.0,2.539,0.588,12334000,1469000,10865000,12334000,0,167070000.0,0,0.008,0.07,56688000.0,223758000.0,0.021,223758000.0,56688000.0,53631000.0,0.1,0.1,0.1,2281295000,2421657000.0,2281295000,1311819090,23.0,5.863,-421604000.0,-2.048,1.0,2409498000.0,0.222,0,3057000.0,1857516000,1978910500.0,1328659000,0,0,0,1342074000,1162543000,179531000,1915129090,-557072000.0,0.0,-9908000.0,-125909000.0,-14679000.0,-151105000.0,-64035000.0,0.0,-357569000.0,0.0,34178000.0,34178000.0,34178000.0,-3567000.0,0.0,0.003,2350299000.0,59199000.0,900424000,0.7,0.839,56.034,91.7,621067000,0.0,9.17,0.177,0.174,943908000,1339942000,10844690000.0,10844690000.0,0.0,0.008,0.014,0.029,0.005,17637000.0,2350299000.0,1.0,208847229,205828000,205828000.0,52.688,3623369000,26370000,19453000.0,128531000,17.604,1789162000
22,CCTYQ,ART,2003-03-31,2003-05-27,2003-02-28,2021-08-25,0,3799117000,4346863250.0,3102910000,696207000,2.29,11.3,-89919000.0,884670000,884670000,7603205000.0,106084000.0,2.424,0.622,12664000,1410000,11254000,12664000,0,157469000.0,0,0.011,0.07,132652000.0,290121000.0,0.029,290121000.0,132652000.0,131559000.0,0.4,0.4,0.4,2341575000,2544441500.0,2341575000,503782160,4.0,1.736,-348463000.0,-1.682,1.0,2350325000.0,0.236,0,1093000.0,1647042000,2037919000.0,1409736000,0,0,0,1457542000,1280069000,177473000,1375788160,-363576000.0,0.0,8901000.0,-25262000.0,-14687000.0,-30750000.0,-89919000.0,0.0,-258544000.0,0.0,106084000.0,106084000.0,106084000.0,-64519000.0,0.0,0.011,2344608000.0,5717000.0,963701000,0.175,0.588,12.969,16.6,649593000,0.0,6.64,0.138,0.138,775339000,1387515000,9953530000.0,9953530000.0,0.0,0.024,0.042,0.065,0.013,20828000.0,2344608000.0,1.0,207197012,207217000,209203000.0,48.034,3799117000,22362000,25475000.0,186182000,18.334,1822841000
23,CCTYQ,ART,2002-12-31,2003-01-14,2002-11-30,2021-08-25,0,4332091000,4531930500.0,3631652000,700439000,2.94,10.884,-99899000.0,437539000,437539000,10578488000.0,190025000.0,1.908,0.919,70986000,59346000,11640000,70986000,0,134699000.0,0,0.01,0.07,310169000.0,444868000.0,0.033,444868000.0,310169000.0,306749000.0,0.77,0.78,0.77,2257895000,2642657250.0,2257895000,1163978443,4.0,2.616,-319834000.0,-1.542,1.0,2747543000.0,0.206,0,3420000.0,2062372000,2069383750.0,2374860000,0,0,0,2074196000,1903166000,171030000,1530531443,-269089000.0,28400000.0,6985000.0,39162000.0,-14655000.0,28690000.0,-71499000.0,0.0,-219935000.0,0.0,190025000.0,190025000.0,190025000.0,-3567000.0,0.0,0.014,2449249000.0,298294000.0,1575762000,0.091,0.678,8.054,9.442,693157000,0.0,7.27,0.115,0.113,749359000,1310932000,13326031000.0,13326031000.0,0.0,0.042,0.072,0.15,0.023,30032000.0,2449249000.0,1.0,210527021,207454000,207454000.0,64.236,4332091000,0,116724000.0,127970000,20.882,1728486000
24,CCTYQ,ART,2002-09-30,2002-10-15,2002-08-31,2021-08-25,0,4659149000,4666826000.0,3759353000,899796000,2.991,13.542,-141744000.0,846796000,846796000,11116970000.0,235489000.0,2.375,0.661,119334000,7338000,111996000,119334000,0,157999000.0,0,0.007,0.07,385984000.0,543983000.0,0.039,543983000.0,385984000.0,382258000.0,0.96,0.97,0.96,2805863000,2720431750.0,2805863000,1331808737,3.0,2.448,31325000.0,0.151,1.0,2841606000.0,0.204,0,3726000.0,2348712000,2076853250.0,2018209000,0,0,0,1853286000,1582975000,270311000,2059270737,23142000.0,0.0,12686000.0,-205000.0,-14626000.0,-3998000.0,-141744000.0,0.0,173069000.0,0.0,235489000.0,235489000.0,235489000.0,0.0,0.0,0.017,2455622000.0,385984000.0,1274904000,0.073,0.734,8.745,10.208,859868000,0.0,9.8,0.148,0.145,850765000,1842736000,13958576000.0,13958576000.0,0.0,0.05,0.087,0.186,0.028,25570000.0,2455622000.0,1.0,210129667,207202000,209094000.0,67.367,4659149000,10464000,146769000.0,136204000,22.486,2176378000
25,CCTYQ,ART,2002-06-30,2002-07-15,2002-05-31,2021-08-25,0,4597096000,4491758750.0,3700269000,896827000,2.946,13.412,-43430000.0,1176002000,1176002000,10436226000.0,229810000.0,2.381,0.658,226691000,112957000,113734000,226691000,0,151413000.0,0,0.004,0.07,375703000.0,527116000.0,0.04,527116000.0,375703000.0,371830000.0,0.95,0.96,0.95,2772433000,2653396000.0,2772433000,2674622039,7.0,5.074,672783000.0,3.255,1.0,2796575000.0,0.211,0,3873000.0,2093550000,1976340750.0,1742485000,0,0,0,1824663000,1554235000,270428000,3623933039,771501000.0,0.0,16403000.0,-24399000.0,-14591000.0,116095000.0,-43430000.0,0.0,716213000.0,0.0,229810000.0,229810000.0,229810000.0,0.0,0.0,0.017,2420872000.0,375703000.0,1108731000,0.074,1.307,15.769,18.168,858505000,0.0,17.26,0.274,0.27,745244000,1825880000,13232801000.0,13232801000.0,0.0,0.051,0.087,0.19,0.028,21081000.0,2420872000.0,1.0,209961358,206710000,209257000.0,64.016,4597096000,6785000,142020000.0,161710000,22.239,2146034000
26,CCTYQ,ART,2002-03-31,2002-05-28,2002-02-28,2021-08-25,0,4539386000,4296171500.0,3652711000,886675000,2.977,13.306,-26571000.0,1251532000,1251532000,10059793000.0,218795000.0,2.225,0.66,126374000,112310000,14064000,126374000,149269000,150711000.0,0,0.003,0.07,358734000.0,509445000.0,0.04,509445000.0,358734000.0,352895000.0,0.93,0.93,0.93,2734438000,2555118500.0,2734438000,3485151480,10.0,6.841,810637000.0,3.945,1.0,2731675000.0,0.214,0,5839000.0,1772901000,2065385500.0,1633327000,0,0,0,1804948000,1641327000,163621000,4610309480,805401000.0,0.0,17920000.0,-123351000.0,-14556000.0,17601000.0,-26571000.0,0.0,837208000.0,0.0,218795000.0,218795000.0,218795000.0,0.0,0.0,0.017,2372941000.0,358734000.0,1106679000,0.075,1.686,21.071,23.624,853778000,0.0,21.97,0.36,0.353,726541000,1801554000,12791468000.0,12791468000.0,0.0,0.051,0.086,0.174,0.028,15678000.0,2372941000.0,1.0,209845675,205501000,207095000.0,62.245,4539386000,0,134100000.0,239290000,22.089,2011384000
27,CCTYQ,ART,2001-12-31,2002-01-11,2001-11-30,2021-08-25,0,4871673000,4129158250.0,3977387000,894286000,3.012,12.497,-18887000.0,709914000,709914000,9767681000.0,162669000.0,1.816,0.896,120272000,105060000,15212000,120272000,88493000,176850000.0,0,0.002,0.07,272002000.0,448852000.0,0.036,448852000.0,272002000.0,262364000.0,0.67,0.67,0.67,2568993000,2460629750.0,2568993000,5361019569,20.0,11.944,743600000.0,3.617,1.0,2670067000.0,0.215,0,9638000.0,2092250000,2217992250.0,2500678000,0,0,0,2302680000,2189781000,112899000,5950661569,588046000.0,0.0,26276000.0,-281573000.0,-14500000.0,-129347000.0,-18887000.0,0.0,762487000.0,0.0,162669000.0,162669000.0,162669000.0,0.0,0.0,0.013,2398065000.0,272002000.0,1765244000,0.104,2.316,36.581,42.552,861059000,0.0,28.51,0.478,0.471,700713000,1645916000,12437748000.0,12437748000.0,0.0,0.039,0.066,0.123,0.022,0.0,2398065000.0,1.0,208721907,205571000,206639000.0,60.503,4871673000,0,99695000.0,151239000,23.698,1787606000
28,CCTYQ,ART,2001-09-30,2001-10-11,2001-08-31,2021-08-25,0,3958880000,4038519000.0,3026407000,932473000,3.038,12.359,-94278000.0,823654000,823654000,9660767000.0,72494000.0,2.314,0.56,119539000,104011000,15528000,119539000,85880000,163815000.0,0,0.005,0.07,131151000.0,294966000.0,0.024,294966000.0,131151000.0,116926000.0,0.25,0.25,0.25,2537720000,2380883250.0,2537720000,2253996454,17.0,7.642,427993000.0,2.084,1.0,2610018000.0,0.213,0,14225000.0,1946662000,2389432500.0,1560461000,0,0,0,1421160000,1308103000,113057000,2958111454,390954000.0,0.0,2308000.0,-133642000.0,-14450000.0,-6876000.0,-94278000.0,0.0,522271000.0,0.0,72494000.0,72494000.0,72494000.0,0.0,0.0,0.006,2478867000.0,131151000.0,947405000,0.28,1.166,40.805,56.8,898222000,0.0,14.2,0.241,0.238,600600000,1621872000,12270785000.0,12270785000.0,0.0,0.018,0.03,0.055,0.011,0.0,2478867000.0,1.0,208317708,205329000,206924000.0,59.762,3958880000,0,44432000.0,114666000,19.281,1718304000
29,CCTYQ,ART,2001-06-30,2001-07-06,2001-05-31,2021-08-25,0,3814747000,4032162000.0,2799475000,1015272000,3.116,11.61,-183129000.0,404501000,404501000,9885908000.0,117111000.0,2.311,0.603,251090000,135254000,115836000,251090000,94454000,157704000.0,0,0.004,0.07,205043000.0,362747000.0,0.029,362747000.0,205043000.0,188889000.0,0.49,0.49,0.49,2379323000,2322963750.0,2379323000,3448722832,17.0,9.507,78224000.0,0.382,1.0,2676743000.0,0.213,0,16154000.0,2449729000,2496218750.0,1731833000,0,0,0,1435424000,1211607000,223817000,3602133832,36455000.0,-1325000.0,3719000.0,-1649000.0,-14397000.0,-13769000.0,-184454000.0,0.0,261353000.0,0.0,117111000.0,117111000.0,117111000.0,0.0,0.0,0.009,2471700000.0,205043000.0,821591000,0.143,1.514,30.758,35.327,981031000,0.0,17.31,0.287,0.282,594228000,1610661000,12562651000.0,12562651000.0,0.0,0.029,0.05,0.082,0.016,0.0,2471700000.0,1.0,208095542,204936000,205491000.0,61.3,3814747000,0,71778000.0,113494000,18.614,1587868000
30,CCTYQ,ART,2001-03-31,2001-05-23,2001-02-28,2021-08-25,0,3871333000,4037136250.0,2847179000,1024154000,3.21,11.564,-169861000.0,446131000,446131000,10165376000.0,160802000.0,2.204,0.643,249725000,133588000,116137000,249725000,92165000,153090000.0,0,0.004,0.07,278740000.0,431830000.0,0.033,431830000.0,278740000.0,259357000.0,0.73,0.73,0.73,2356483000,2288611500.0,2356483000,3142272564,11.0,7.277,-14106000.0,-0.069,1.0,2793652000.0,0.216,0,19383000.0,2383328000,2514903500.0,1757664000,0,0,0,1514850000,1291599000,223251000,3338678564,-197802000.0,-1325000.0,38123000.0,-179865000.0,-14346000.0,-156197000.0,-171186000.0,0.0,155755000.0,0.0,160802000.0,160802000.0,160802000.0,0.0,0.0,0.012,2514912000.0,278740000.0,902560000,0.096,1.417,20.763,21.986,988947000,0.0,16.05,0.258,0.252,585761000,1597315000,12959028000.0,12959028000.0,0.0,0.04,0.07,0.111,0.022,0.0,2514912000.0,1.0,208017356,203774000,205830000.0,63.595,3871333000,0,98555000.0,107428000,18.998,1555580000
31,CCTYQ,ART,2000-12-31,2001-01-12,2000-11-30,2021-08-25,0,4509116000,4058140000.0,3442633000,1066483000,3.234,11.025,-156714000.0,121868000,121868000,10264486000.0,217379000.0,1.712,1.004,401845000,283740000,118105000,401845000,106336000,147218000.0,0,0.004,0.07,372582000.0,519800000.0,0.04,519800000.0,372582000.0,350609000.0,1.03,1.01,1.03,2250007000,2235034250.0,2250007000,3816419508,10.0,7.342,365849000.0,1.793,1.0,2857822000.0,0.218,0,21973000.0,2778011000,2502783000.0,2653440000,0,0,0,2259109000,2011082000,248027000,3536442508,46023000.0,-1325000.0,36632000.0,-314641000.0,-14311000.0,-292191000.0,-158039000.0,0.0,522563000.0,0.0,217379000.0,217379000.0,217379000.0,-260480000.0,0.0,0.017,2485240000.0,372582000.0,1504541000,0.068,1.572,16.269,16.687,1021973000,0.0,17.188,0.269,0.267,564832000,1497747000,13122308000.0,13122308000.0,0.0,0.054,0.097,0.149,0.028,0.0,2485240000.0,1.0,205756655,204079000,204079000.0,64.3,4509116000,0,133230000.0,89054000,22.095,1431551000
32,CCTYQ,ART,2000-09-30,2000-10-16,2000-08-31,2021-08-25,0,3933452000,3992769750.0,2932133000,1001319000,3.311,11.317,-93871000.0,432700000,432700000,10273042000.0,331444000.0,2.125,0.706,253181000,134788000,118393000,253181000,110202000,147415000.0,0,0.004,0.07,558001000.0,705416000.0,0.053,705416000.0,558001000.0,534585000.0,1.61,1.59,1.61,2306042000,2167997250.0,2306042000,3916650284,7.0,5.552,365156000.0,1.792,1.0,2946604000.0,0.223,0,23416000.0,2373807000,2564371250.0,1846749000,0,0,0,1627410000,1380126000,247284000,4096169284,191208000.0,-1325000.0,65916000.0,-180651000.0,-14275000.0,-126966000.0,-95196000.0,0.0,459027000.0,0.0,331444000.0,331444000.0,331444000.0,-260480000.0,0.0,0.025,2388603000.0,558001000.0,1017295000,0.043,1.776,12.359,12.384,954960000,0.0,19.938,0.31,0.307,614540000,1563828000,13219646000.0,13219646000.0,0.0,0.083,0.153,0.218,0.042,0.0,2388603000.0,1.0,205450497,203770000,205494000.0,64.875,3933452000,0,203141000.0,82480000,19.303,1552007000
33,CCTYQ,ART,2000-06-30,2000-07-13,2000-05-31,2021-08-25,0,3834644000,3938592250.0,2838943000,995701000,3.3,11.051,-98191000.0,368046000,368046000,10055167000.0,346444000.0,2.376,0.71,252739000,3798000,248941000,252739000,123045000,148642000.0,0,0.002,0.07,583874000.0,732516000.0,0.056,732516000.0,583874000.0,558779000.0,1.71,1.68,1.71,2241914000,2071715000.0,2241914000,7377860016,13.0,10.072,479969000.0,2.366,1.0,2943092000.0,0.226,0,25095000.0,2524468000,2603405750.0,1848910000,0,0,0,1592730000,1194869000,397861000,7493167016,290933000.0,-3571000.0,75263000.0,-187804000.0,-14239000.0,-123258000.0,-101762000.0,0.0,578160000.0,0.0,346444000.0,346444000.0,346444000.0,-260480000.0,0.0,0.027,2359218000.0,583874000.0,1000728000,0.041,3.342,21.629,21.345,946989000,0.0,36.5,0.576,0.57,589554000,1507947000,12998259000.0,12998259000.0,0.0,0.088,0.167,0.224,0.045,0.0,2359218000.0,1.0,205292247,202865000,205877000.0,64.073,3834644000,0,212335000.0,87451000,18.902,1644074000
34,CCTYQ,ART,2000-03-31,2000-05-23,2000-02-29,2021-08-25,0,3955348000,3833127000.0,2942615000,1012733000,3.291,10.639,-122117000.0,643933000,643933000,9751833000.0,197590000.0,2.093,0.846,429590000,180349000,249241000,429590000,130020000,148164000.0,0,0.001,0.061,438939000.0,587103000.0,0.047,587103000.0,438939000.0,414733000.0,0.98,0.96,0.98,2142174000,1968967500.0,2142174000,11676475646,27.0,19.888,471359000.0,2.341,1.0,2862557000.0,0.227,0,24206000.0,2334846000,2625908250.0,1689209000,0,0,0,1813174000,1406159000,407015000,11890818646,378053000.0,-34849000.0,50205000.0,-7718000.0,-14207000.0,31736000.0,-156966000.0,0.0,593476000.0,0.0,197590000.0,197590000.0,197590000.0,-130240000.0,0.0,0.016,2309593000.0,552964000.0,960131000,0.062,5.551,60.179,59.247,965181000,0.0,58.062,0.943,0.927,593276000,1450859000,12614390000.0,12614390000.0,0.0,0.052,0.1,0.167,0.035,0.0,2309593000.0,1.0,204793432,201345000,204321000.0,62.651,3955348000,0,217143000.0,88872000,19.645,1536456000
35,CCTYQ,ART,1999-12-31,2000-01-14,1999-11-30,2021-08-25,0,4247635000,3705606500.0,3193286000,1054349000,3.248,9.83,-74377000.0,75845000,75845000,9318642000.0,122534000.0,1.713,1.143,716486000,466177000,250309000,716486000,120466000,146865000.0,0,0.001,0.053,301519000.0,448384000.0,0.037,448384000.0,301519000.0,277461000.0,0.625,0.615,0.625,1981859000,1909706500.0,1981859000,10627590225,35.0,23.702,245489000.0,1.218,1.0,2718648000.0,0.226,0,24058000.0,3024364000,2705419000.0,2385820000,0,0,0,2265776000,1863912000,401864000,9986949225,-42160000.0,-68854000.0,56319000.0,-178542000.0,-14160000.0,-131271000.0,-143231000.0,0.0,319866000.0,0.0,122534000.0,122534000.0,122534000.0,130240000.0,0.0,0.01,2286889000.0,431759000.0,1209817000,0.085,5.039,81.503,78.5,1007121000,0.0,49.062,0.83,0.822,648661000,1294679000,12037290000.0,12037290000.0,0.0,0.033,0.064,0.111,0.025,0.0,2286889000.0,1.0,203555653,201610000,204525000.0,59.706,4247635000,0,154927000.0,77369000,21.069,1329374000
36,CCTYQ,ART,1999-09-30,1999-10-15,1999-08-31,2021-08-25,0,3716742000,3679315000.0,2661339000,1055403000,3.171,9.542,-103903000.0,241492000,241492000,9025736000.0,85200000.0,1.93,0.935,433832000,183247000,250585000,433832000,137844000,139635000.0,0,0.001,0.044,242514000.0,382149000.0,0.033,382149000.0,242514000.0,217246000.0,0.445,0.435,0.445,1920913000,1867255250.0,1920913000,9114174795,38.0,23.85,262826000.0,1.306,1.0,2639843000.0,0.226,0,25268000.0,2529945000,2743871500.0,1791767000,0,0,0,1795829000,1379137000,416692000,8921834795,147922000.0,-76411000.0,50760000.0,-20836000.0,-14106000.0,20706000.0,-180314000.0,0.0,366729000.0,0.0,85200000.0,85200000.0,85200000.0,130240000.0,0.0,0.007,2267089000.0,372754000.0,1041555000,0.099,4.645,104.716,98.596,1005894000,0.0,43.875,0.765,0.757,556168000,1246659000,11665579000.0,11665579000.0,0.0,0.023,0.046,0.088,0.021,0.0,2267089000.0,1.0,203346662,201315000,204551000.0,57.947,3716742000,0,132046000.0,41505000,18.462,1282202000
37,CCTYQ,ART,1999-06-30,1999-07-15,1999-05-31,2021-08-25,0,3412783000,3598426000.0,2367858000,1044925000,3.119,9.133,-157246000.0,77113000,77113000,8681107000.0,42195000.0,2.038,0.864,440543000,189688000,250855000,440543000,152120000,141658000.0,0,0.001,0.026,174203000.0,315861000.0,0.028,315861000.0,174203000.0,147883000.0,0.235,0.235,0.235,1830924000,1835569750.0,1830924000,10505134400,60.0,33.259,61719000.0,0.308,1.0,2543232000.0,0.227,0,26320000.0,2614478000,2794311500.0,1613671000,0,0,0,1581859000,1161735000,420124000,10141704400,-8660000.0,-72840000.0,44227000.0,1293000.0,-14050000.0,35406000.0,-230086000.0,0.0,218965000.0,0.0,42195000.0,42195000.0,42195000.0,130240000.0,0.0,0.004,2238789000.0,304443000.0,801913000,0.111,5.539,240.353,212.766,992423000,0.0,50.0,0.904,0.893,586534000,1175742000,11224339000.0,11224339000.0,0.0,0.012,0.023,0.062,0.016,0.0,2238789000.0,1.0,202834088,200466000,203470000.0,55.991,3412783000,14418000,105688000.0,17149000,17.024,1206123000
38,CCTYQ,ART,1999-03-31,1999-05-25,1999-02-28,2021-08-25,0,3445266000,3553246500.0,2394515000,1050751000,3.041,9.607,-93324000.0,265880000,265880000,8359428000.0,142924000.0,2.484,0.808,437308000,10723000,426585000,437308000,112085000,140293000.0,0,0.001,0.018,258842000.0,399135000.0,0.037,399135000.0,258842000.0,230523000.0,0.74,0.74,0.74,1905130000,1816492750.0,1905130000,6746821695,26.0,16.904,160924000.0,0.812,1.0,2445019000.0,0.226,0,28319000.0,2652889000,2813154250.0,1517675000,0,0,0,1540136000,963805000,576331000,6575393695,149268000.0,-41562000.0,42165000.0,-2261000.0,-13981000.0,29906000.0,-134886000.0,0.0,254248000.0,0.0,142924000.0,142924000.0,142924000.0,0.0,0.0,0.013,2186177000.0,258842000.0,799733000,0.024,3.451,46.006,43.919,1005773000,0.0,32.5,0.609,0.597,574316000,1267476000,10804447000.0,10804447000.0,0.0,0.04,0.079,0.092,0.024,0.0,2186177000.0,1.0,202319806,198304000,200812000.0,54.484,3445266000,0,87599000.0,47425000,17.374,1430710000
39,CCTYQ,ART,1998-12-31,1999-01-08,1998-11-30,2021-08-25,0,4142469000,3499855250.0,3014147000,1128322000,2.929,9.123,-196976000.0,118005000,118005000,7910747000.0,110653000.0,1.733,1.286,892546000,465702000,426844000,892546000,133933000,123401000.0,0,0.0,0.009,207919000.0,331320000.0,0.032,331320000.0,207919000.0,178471000.0,,,,1812054000,1772720000.0,1812054000,5634310480,27.0,17.006,-65717000.0,-0.331,1.0,2339495000.0,0.228,0,29448000.0,3178174000,2810140000.0,2204933000,0,0,0,2330415000,1738836000,591579000,4859769480,41110000.0,-7557000.0,44991000.0,78637000.0,-13924000.0,114384000.0,-204533000.0,0.0,131259000.0,0.0,110653000.0,110653000.0,110653000.0,0.0,0.0,0.011,2131576000.0,207919000.0,1144356000,,2.682,43.919,,1089174000,0.0,24.188,0.474,0.469,631237000,1186305000,10250242000.0,10250242000.0,0.0,0.032,0.062,0.074,0.02,0.0,2131576000.0,1.0,200920702,198616000,,51.608,4142469000,0,67818000.0,40779000,20.857,1275311000
40,CCTYQ,ART,1998-09-30,1998-10-15,1998-08-31,2021-08-25,0,3393186000,3396745750.0,2312830000,1080356000,2.88,9.053,,93570000,93570000,7552422000.0,108346000.0,2.28,0.891,446668000,23324000,423344000,446668000,132370000,,0,0.0,0.0,203342000.0,,,,203342000.0,174751000.0,,,,1794171000,1736120000.0,1794171000,3783203823,19.0,,,,1.0,2229143000.0,0.228,0,28591000.0,2731705000,2760201250.0,1557054000,0,0,0,1599015000,1014579000,584436000,3430105823,,,,,,,,,,,108346000.0,108346000.0,108346000.0,0.0,0.0,0.011,2025801000.0,203342000.0,861361000,,1.912,31.659,,1053118000,0.0,17.094,0.351,0.346,607584000,1175565000,9781565000.0,9781565000.0,0.0,0.032,0.062,0.074,0.021,,2025801000.0,1.0,200664326,198190000,,49.354,3393186000,12149000,66405000.0,30601000,17.121,1298251000
41,CCTYQ,ART,1998-06-30,1998-07-15,1998-05-31,2021-08-25,0,3232065000,,2211059000,1021006000,,8.889,,85773000,85773000,,,2.491,0.842,431250000,7663000,423587000,431250000,138176000,,0,0.0,0.0,,,,,,,,,,1754616000,,1754616000,5739518262,,,,,1.0,,,0,,2689849000,,1477377000,0,0,0,1477449000,887693000,589756000,5394041262,,,,,,,,,,,,,,,,,,,781963000,,3.074,,,991289000,,26.969,,,601287000,1147597000,,,,,,,,,,1.0,200010800,197382000,,,3232065000,13324000,,31418000,16.375,1323366000
42,CCTYQ,ART,1998-03-31,1998-05-27,1998-02-28,2021-08-25,0,3231701000,,2146349000,1085352000,,8.824,-290926000.0,116612000,116612000,6827133000.0,104311000.0,2.369,0.868,431569000,7277000,424292000,431569000,145107000,116326000.0,0,0.0,0.0,195105000.0,311431000.0,0.035,311431000.0,195105000.0,168244000.0,0.565,0.565,0.565,1730039000,,1730039000,4433298927,23.0,14.235,-96345000.0,-0.491,1.0,2043664000.0,0.23,0,26861000.0,2640832000,,1410545000,0,0,0,1501662000,905826000,595836000,4118341927,-86031000.0,0.0,22311000.0,-558000.0,-13792000.0,10314000.0,-290926000.0,0.0,194581000.0,0.0,104311000.0,104311000.0,104311000.0,0.0,0.0,0.012,1848559000.0,195105000.0,765391000,0.0,2.38,39.481,36.615,1048434000,0.0,20.688,0.464,0.457,598035000,1138533000,8870797000.0,8870797000.0,0.0,,,,0.022,0.0,1848559000.0,1.0,199073930,196054000,198408000.0,45.247,3231701000,0,63933000.0,26793000,16.484,1240523000
43,CCTYQ,ART,1997-12-31,1998-01-14,1997-11-30,2021-08-25,0,3730031000,,2662933000,1067098000,,8.434,,76895000,76895000,,,1.796,1.239,808391000,383696000,424695000,808391000,133379000,,0,0.0,0.0,,,,,,,,,,1665654000,,1665654000,4156854158,,,,,1.0,,,0,,2978419000,,1983602000,0,0,0,2064377000,1483108000,581269000,3425358158,,,,,,,,,,,,,,,,,,,1000223000,,2.056,,,1027694000,,17.344,,,552923000,1089576000,,,,,,,,,,1.0,197498128,197498128,,,3730031000,0,,30776000,18.886,1179825000
