None,ticker,dimension,calendardate,datekey,reportperiod,lastupdated,accoci,assets,assetsavg,assetsc,assetsnc,assetturnover,bvps,capex,cashneq,cashnequsd,cor,consolinc,currentratio,de,debt,debtc,debtnc,debtusd,deferredrev,depamor,deposits,divyield,dps,ebit,ebitda,ebitdamargin,ebitdausd,ebitusd,ebt,eps,epsdil,epsusd,equity,equityavg,equityusd,ev,evebit,evebitda,fcf,fcfps,fxusd,gp,grossmargin,intangibles,intexp,invcap,invcapavg,inventory,investments,investmentsc,investmentsnc,liabilities,liabilitiesc,liabilitiesnc,marketcap,ncf,ncfbus,ncfcommon,ncfdebt,ncfdiv,ncff,ncfi,ncfinv,ncfo,ncfx,netinc,netinccmn,netinccmnusd,netincdis,netincnci,netmargin,opex,opinc,payables,payoutratio,pb,pe,pe1,ppnenet,prefdivis,price,ps,ps1,receivables,retearn,revenue,revenueusd,rnd,roa,roe,roic,ros,sbcomp,sgna,sharefactor,sharesbas,shareswa,shareswadil,sps,tangibles,taxassets,taxexp,taxliabilities,tbvps,workingcapital
0,HUM,ARY,2020-12-31,2021-02-18,2020-12-31,2021-07-28,391000000,34969000000,36633500000.0,23641000000,11328000000,2.106,106.533,-964000000.0,4673000000,4673000000,61628000000.0,3367000000.0,1.765,1.547,6980000000,920000000,6060000000,6980000000,318000000,616000000.0,0,0.007,2.5,4957000000.0,5573000000.0,0.072,5573000000.0,4957000000.0,4674000000.0,25.47,25.31,25.47,13728000000,14066750000.0,13728000000,51059333599,10.0,9.162,4675000000.0,36.279,1.0,15527000000.0,0.201,4447000000,283000000.0,19435000000,18623000000.0,0,14936000000,12554000000,2382000000,21241000000,13394000000,7847000000,48752333599,619000000.0,-709000000.0,-1771000000.0,1078000000.0,-323000000.0,-1955000000.0,-3065000000.0,-1392000000.0,5639000000.0,0.0,3367000000.0,3367000000.0,3367000000.0,0.0,0.0,0.044,10541000000.0,4986000000.0,12156000000,0.098,3.551,14.479,14.854,2371000000,0.0,378.33,0.632,0.632,1138000000,20517000000,77155000000.0,77155000000.0,0.0,0.092,0.239,0.266,0.064,181000000.0,10052000000.0,1.0,128861929,128861929,,598.742,30522000000,0,1307000000.0,0,236.858,10247000000
1,HUM,ARY,2019-12-31,2020-02-20,2019-12-31,2021-07-28,156000000,29074000000,28879000000.0,19888000000,9186000000,2.247,91.116,-736000000.0,4054000000,4054000000,53857000000.0,2707000000.0,1.82,1.415,5891000000,924000000,4967000000,5891000000,247000000,575000000.0,0,0.006,2.2,3712000000.0,4287000000.0,0.066,4287000000.0,3712000000.0,3470000000.0,20.2,20.1,20.2,12037000000,11587750000.0,12037000000,50847189322,14.0,11.861,4548000000.0,34.427,1.0,11031000000.0,0.17,3928000000,242000000.0,16054000000,15129000000.0,0,12441000000,10972000000,1469000000,17037000000,10929000000,6108000000,49010189322,1711000000.0,0.0,-1012000000.0,-369000000.0,-291000000.0,-2295000000.0,-1278000000.0,-542000000.0,5284000000.0,0.0,2707000000.0,2707000000.0,2707000000.0,0.0,0.0,0.042,7839000000.0,3192000000.0,9964000000,0.109,4.072,18.105,18.366,1955000000,0.0,370.99,0.755,0.755,1056000000,17483000000,64888000000.0,64888000000.0,0.0,0.094,0.234,0.245,0.057,163000000.0,7381000000.0,1.0,132106497,132106497,,491.179,25146000000,0,763000000.0,0,190.346,8959000000
2,HUM,ARY,2018-12-31,2019-02-21,2018-12-31,2021-07-28,-159000000,25413000000,30156500000.0,16948000000,8465000000,1.887,74.952,-612000000.0,2343000000,2343000000,45882000000.0,1683000000.0,1.682,1.501,6240000000,1865000000,4375000000,6240000000,283000000,534000000.0,0,0.007,2.0,2292000000.0,2826000000.0,0.05,2826000000.0,2292000000.0,2074000000.0,12.24,12.16,12.24,10161000000,10261500000.0,10161000000,45591958532,20.0,16.133,1561000000.0,11.515,1.0,11030000000.0,0.194,3897000000,218000000.0,15336000000,12078250000.0,0,11484000000,10026000000,1458000000,15252000000,10077000000,5175000000,41694958532,-1699000000.0,-1159000000.0,-1045000000.0,1165000000.0,-265000000.0,-785000000.0,-3087000000.0,-1316000000.0,2173000000.0,0.0,1683000000.0,1683000000.0,1683000000.0,0.0,0.0,0.03,7930000000.0,3100000000.0,8148000000,0.163,4.103,24.774,25.127,1735000000,0.0,307.56,0.733,0.733,1015000000,15072000000,56912000000.0,56912000000.0,0.0,0.056,0.164,0.19,0.04,137000000.0,7525000000.0,1.0,135566909,135566909,,419.807,21516000000,0,391000000.0,0,158.711,6871000000
3,HUM,ARY,2017-12-31,2018-02-16,2017-12-31,2021-07-28,19000000,27178000000,31024750000.0,17402000000,9776000000,1.733,71.482,-524000000.0,4042000000,4042000000,43496000000.0,2448000000.0,1.85,1.761,5061000000,291000000,4770000000,5061000000,378000000,485000000.0,0,0.006,1.6,4262000000.0,4747000000.0,0.088,4747000000.0,4262000000.0,4020000000.0,16.94,16.81,16.94,9842000000,10560000000.0,9842000000,38056083694,9.0,8.017,3527000000.0,25.617,1.0,10271000000.0,0.191,3281000000,242000000.0,15510000000,12540250000.0,0,12302000000,9557000000,2745000000,17336000000,9406000000,7930000000,37037083694,165000000.0,-31000000.0,-3303000000.0,755000000.0,-220000000.0,-945000000.0,-2941000000.0,-2386000000.0,4051000000.0,0.0,2448000000.0,2448000000.0,2448000000.0,0.0,0.0,0.046,6009000000.0,4262000000.0,11660000000,0.094,3.763,15.13,15.88,1584000000,0.0,269.0,0.689,0.689,854000000,13670000000,53767000000.0,53767000000.0,0.0,0.079,0.232,0.34,0.079,157000000.0,6567000000.0,1.0,137684326,137684326,,390.509,23897000000,0,1572000000.0,0,173.564,7996000000
4,HUM,ARY,2016-12-31,2017-02-17,2016-12-31,2021-07-28,-66000000,25396000000,27258000000.0,16190000000,9206000000,1.995,71.556,-527000000.0,3877000000,3877000000,45007000000.0,614000000.0,2.07,1.377,4304000000,512000000,3792000000,4304000000,280000000,465000000.0,0,0.006,1.16,1741000000.0,2206000000.0,0.041,2206000000.0,1741000000.0,1552000000.0,4.11,4.07,4.11,10685000000,10842250000.0,10685000000,30978711065,18.0,14.043,1409000000.0,9.436,1.0,9372000000.0,0.172,3272000000,189000000.0,14729000000,14404500000.0,0,9798000000,7595000000,2203000000,14711000000,7822000000,6889000000,30551711065,1306000000.0,-7000000.0,-93000000.0,-91000000.0,-177000000.0,732000000.0,-1362000000.0,-828000000.0,1936000000.0,0.0,614000000.0,614000000.0,614000000.0,0.0,0.0,0.011,7631000000.0,1741000000.0,9864000000,0.282,2.859,49.758,49.781,1505000000,0.0,204.6,0.562,0.562,1280000000,11454000000,54379000000.0,54379000000.0,0.0,0.023,0.057,0.121,0.032,115000000.0,7277000000.0,1.0,149324101,149324101,,364.168,22124000000,0,938000000.0,0,148.161,8368000000
5,HUM,ARY,2015-12-31,2016-02-18,2015-12-31,2021-07-28,58000000,24705000000,25002250000.0,15711000000,8994000000,2.171,69.762,-522000000.0,2571000000,2571000000,44269000000.0,1276000000.0,1.927,1.388,4421000000,600000000,3821000000,4421000000,364000000,447000000.0,0,0.007,1.15,2617000000.0,3064000000.0,0.056,3064000000.0,2617000000.0,2431000000.0,8.54,8.44,8.54,10346000000,10206500000.0,10346000000,26727893505,10.0,8.723,346000000.0,2.333,1.0,10020000000.0,0.185,3265000000,186000000.0,15138000000,15416750000.0,0,9110000000,7267000000,1843000000,14359000000,8152000000,6207000000,24877893505,636000000.0,1023000000.0,-364000000.0,265000000.0,-172000000.0,-552000000.0,320000000.0,-181000000.0,868000000.0,0.0,1276000000.0,1276000000.0,1276000000.0,0.0,0.0,0.024,7673000000.0,2347000000.0,9339000000,0.135,2.405,19.497,19.643,1384000000,0.0,167.75,0.458,0.458,1161000000,11017000000,54289000000.0,54289000000.0,0.0,0.051,0.125,0.17,0.048,109000000.0,7318000000.0,1.0,148303389,148303389,,366.067,21440000000,0,1155000000.0,0,144.569,7559000000
6,HUM,ARY,2014-12-31,2015-02-18,2014-12-31,2021-07-28,223000000,23466000000,23371000000.0,14712000000,8754000000,2.075,64.475,-528000000.0,1935000000,1935000000,38166000000.0,1147000000.0,2.0,1.433,4159000000,334000000,3825000000,4159000000,361000000,449000000.0,0,0.007,1.11,2362000000.0,2811000000.0,0.058,2811000000.0,2362000000.0,2170000000.0,7.44,7.36,7.44,9646000000,9874000000.0,9646000000,25473067194,11.0,9.062,1090000000.0,7.286,1.0,10334000000.0,0.213,3711000000,192000000.0,14624000000,13647000000.0,0,9547000000,7598000000,1949000000,13820000000,7355000000,6465000000,23249067194,797000000.0,54000000.0,-843000000.0,1164000000.0,-172000000.0,-758000000.0,-63000000.0,411000000.0,1618000000.0,0.0,1147000000.0,1147000000.0,1147000000.0,0.0,0.0,0.024,7972000000.0,2362000000.0,9009000000,0.149,2.41,20.269,20.887,1419000000,0.0,155.4,0.479,0.479,1168000000,9916000000,48500000000.0,48500000000.0,0.0,0.049,0.116,0.173,0.049,98000000.0,7639000000.0,1.0,149607897,149607897,,324.181,19755000000,0,1023000000.0,0,132.045,7357000000
7,HUM,ARY,2013-12-31,2014-02-19,2013-12-31,2021-07-28,158000000,20735000000,20865000000.0,12300000000,8435000000,1.98,60.48,-437000000.0,1138000000,1138000000,32564000000.0,1231000000.0,1.945,1.226,3003000000,403000000,2600000000,3003000000,206000000,426000000.0,0,0.01,1.07,2061000000.0,2487000000.0,0.06,2487000000.0,2061000000.0,1921000000.0,7.81,7.73,7.81,9316000000,9355250000.0,9316000000,17573419954,9.0,7.066,1279000000.0,8.303,1.0,8749000000.0,0.212,3733000000,140000000.0,12544000000,12115750000.0,0,9800000000,8090000000,1710000000,11419000000,6323000000,5096000000,15708419954,-168000000.0,-153000000.0,-471000000.0,79000000.0,-168000000.0,-702000000.0,-1182000000.0,-592000000.0,1716000000.0,0.0,1231000000.0,1231000000.0,1231000000.0,0.0,0.0,0.03,6688000000.0,2061000000.0,7921000000,0.137,1.686,12.761,13.058,1218000000,0.0,101.98,0.38,0.38,950000000,8942000000,41313000000.0,41313000000.0,0.0,0.059,0.132,0.17,0.05,92000000.0,6355000000.0,1.0,154034320,154034320,,268.206,17002000000,0,690000000.0,0,110.378,5977000000
8,HUM,ARY,2012-12-31,2013-02-22,2012-12-31,2021-07-28,386000000,19979000000,20082750000.0,11710000000,8269000000,1.948,55.867,-410000000.0,1306000000,1306000000,30985000000.0,1222000000.0,1.837,1.258,2935000000,324000000,2611000000,2935000000,230000000,338000000.0,0,0.015,1.03,2016000000.0,2354000000.0,0.06,2354000000.0,2016000000.0,1911000000.0,7.56,7.47,7.56,8847000000,8556750000.0,8847000000,12810582757,6.0,5.442,1513000000.0,9.554,1.0,8141000000.0,0.208,3640000000,105000000.0,11593000000,9084000000.0,0,9847000000,8001000000,1846000000,11132000000,6375000000,4757000000,11181582757,-71000000.0,-1235000000.0,-461000000.0,972000000.0,-165000000.0,-29000000.0,-1965000000.0,-320000000.0,1923000000.0,0.0,1222000000.0,1222000000.0,1222000000.0,0.0,0.0,0.031,6125000000.0,2016000000.0,7679000000,0.136,1.264,9.15,9.34,1098000000,0.0,70.61,0.286,0.286,733000000,7881000000,39126000000.0,39126000000.0,0.0,0.061,0.143,0.222,0.052,82000000.0,5830000000.0,1.0,158356929,158356929,,247.075,16339000000,0,689000000.0,0,103.178,5335000000
9,HUM,ARY,2011-12-31,2012-02-24,2011-12-31,2021-07-28,303000000,17708000000,18090673500.0,11181000000,6527000000,2.036,49.149,-336000000.0,1377000000,1377000000,28823000000.0,1419000000.0,1.846,1.196,1965000000,306000000,1659000000,1965000000,213000000,303000000.0,0,0.008,0.75,2344000000.0,2647000000.0,0.072,2647000000.0,2344000000.0,2235000000.0,8.58,8.46,8.58,8063000000,7683666250.0,8063000000,15188525294,6.0,5.738,1743000000.0,10.625,1.0,8009000000.0,0.217,2740000000,109000000.0,9500000000,8400187750.0,0,9453000000,7743000000,1710000000,9645000000,6056000000,3589000000,14600525294,-296000000.0,-226000000.0,-413000000.0,-103000000.0,-82000000.0,-1017000000.0,-1358000000.0,-850000000.0,2079000000.0,0.0,1419000000.0,1419000000.0,1419000000.0,0.0,0.0,0.039,5665000000.0,2344000000.0,7200000000,0.087,1.811,10.289,10.373,912000000,0.0,89.0,0.396,0.396,1034000000,6825000000,36832000000.0,36832000000.0,0.0,0.078,0.185,0.279,0.064,67000000.0,5395000000.0,1.0,164050846,164050846,,224.516,14968000000,0,816000000.0,0,91.24,5125000000
10,HUM,ARY,2010-12-31,2011-02-18,2010-12-31,2021-07-28,120584000,16103253000,15848327750.0,10137699000,5965554000,2.137,41.081,-222236000.0,1673137000,1673137000,27087874000.0,1099390000.0,1.765,1.326,2078234000,409385000,1668849000,2078234000,185410000,262910000.0,0,0.0,0.0,1854622000.0,2117532000.0,0.063,2117532000.0,1854622000.0,1749562000.0,6.55,6.47,6.55,6924056000,6606771750.0,6924056000,10760526253,6.0,5.082,2019558000.0,11.982,1.0,6780334000.0,0.2,2567809000,105060000.0,8195915000,7584806750.0,0,8372439000,6872767000,1499672000,9179197000,5744626000,3434571000,10355429253,59549000.0,-832450000.0,-92456000.0,27144000.0,0.0,-371256000.0,-1810989000.0,-827037000.0,2241794000.0,0.0,1099390000.0,1099390000.0,1099390000.0,0.0,0.0,0.032,4925712000.0,1854622000.0,6642686000,0.0,1.496,9.419,9.38,815337000,0.0,61.44,0.306,0.306,959018000,5529001000,33868208000.0,33868208000.0,0.0,0.069,0.166,0.245,0.055,62947000.0,4662802000.0,1.0,168545398,168545398,,200.944,13535444000,0,650172000.0,0,80.307,4393073000
11,HUM,ARY,2009-12-31,2010-02-19,2009-12-31,2021-07-28,42135000,14153494000,13911570000.0,9252816000,4900678000,2.226,33.932,-183941000.0,1613588000,1613588000,24775002000.0,1039675000.0,1.759,1.45,2052630000,374464000,1678166000,2052630000,228817000,250274000.0,0,0.0,0.0,1707603000.0,1957877000.0,0.063,1957877000.0,1707603000.0,1601760000.0,6.21,6.15,6.21,5776003000,5263199250.0,5776003000,8158750149,5.0,4.167,1237641000.0,7.271,1.0,6185412000.0,0.2,1992924000,105843000.0,7339620000,6838171250.0,0,7497150000,6190062000,1307088000,8377491000,5259992000,3117499000,7719708149,-356835000.0,-12436000.0,-5635000.0,-100078000.0,0.0,80844000.0,-1859261000.0,-1975156000.0,1421582000.0,0.0,1039675000.0,1039675000.0,1039675000.0,0.0,0.0,0.034,4477809000.0,1707603000.0,5849758000,0.0,1.337,7.425,7.303,679142000,0.0,45.35,0.249,0.249,811800000,4429611000,30960414000.0,30960414000.0,0.0,0.075,0.198,0.25,0.055,65870000.0,4227535000.0,1.0,170225097,170225097,,181.879,12160570000,0,562085000.0,0,71.438,3992824000
12,HUM,ARY,2008-12-31,2009-02-20,2008-12-31,2021-07-28,-175243000,13041760000,12826910250.0,8396042000,4645718000,2.257,26.397,-261566000.0,1970423000,1970423000,23708233000.0,647154000.0,1.62,1.926,2161574000,224542000,1937032000,2161574000,238098000,220350000.0,0,0.0,0.0,1073137000.0,1293487000.0,0.045,1293487000.0,1073137000.0,992848000.0,3.87,3.83,3.87,4457190000,4245981000.0,4457190000,7036532497,7.0,5.44,720744000.0,4.268,1.0,5238139000.0,0.181,1963111000,80289000.0,6085855000,5887516750.0,0,5215442000,4203538000,1011904000,8584570000,5183945000,3400625000,6845381497,-70030000.0,-422915000.0,-95105000.0,147867000.0,0.0,-554016000.0,-498324000.0,-685524000.0,982310000.0,0.0,647154000.0,647154000.0,647154000.0,0.0,0.0,0.022,4165002000.0,1073137000.0,5886063000,0.0,1.536,10.578,10.475,711492000,0.0,40.54,0.236,0.236,777672000,3389936000,28946372000.0,28946372000.0,0.0,0.05,0.152,0.182,0.037,55369000.0,3944652000.0,1.0,168854995,168854995,,171.427,11078649000,0,345694000.0,0,65.61,3212097000
13,HUM,ARY,2007-12-31,2008-02-25,2007-12-31,2021-07-28,14021000,12879074000,12748167500.0,8732846000,4146228000,1.984,23.675,-212730000.0,2040453000,2040453000,20270531000.0,833684000.0,1.508,2.197,1957049000,269226000,1687823000,1957049000,219780000,184812000.0,0,0.0,0.0,1358178000.0,1542990000.0,0.061,1542990000.0,1358178000.0,1289300000.0,5.0,4.91,5.0,4028937000,3575709750.0,4028937000,11684086956,9.0,7.572,1011532000.0,5.944,1.0,5019458000.0,0.198,1663939000,68878000.0,5339880000,3036690000.0,0,4650367000,3635317000,1015050000,8850137000,5791851000,3058286000,11767490956,300149000.0,-493493000.0,34226000.0,325621000.0,0.0,921278000.0,-1845391000.0,-430109000.0,1224262000.0,0.0,833684000.0,833684000.0,833684000.0,0.0,0.0,0.033,3661280000.0,1358178000.0,6283531000,0.0,2.921,14.115,13.83,637241000,0.0,69.15,0.465,0.465,592761000,2742782000,25289989000.0,25289989000.0,0.0,0.065,0.233,0.447,0.054,42132000.0,3476468000.0,1.0,170173405,170173405,,148.613,11215135000,0,455616000.0,0,65.904,2940995000
14,HUM,ARY,2006-12-31,2007-02-23,2006-12-31,2021-07-28,-13205000,10127496000,9654820250.0,7332973000,2794523000,2.218,18.317,-183528000.0,1740304000,1740304000,17421204000.0,487423000.0,1.412,2.316,1562705000,293605000,1269100000,1562705000,155298000,148598000.0,0,0.0,0.0,825226000.0,973824000.0,0.045,973824000.0,825226000.0,762085000.0,2.97,2.9,2.97,3053886000,2793225750.0,3053886000,9969018724,12.0,10.237,1503184000.0,9.016,1.0,3995333000.0,0.187,1310631000,63141000.0,3447454000,2698214750.0,0,3607150000,3192273000,414877000,7073610000,5191812000,1881798000,10146617724,1008288000.0,-28062000.0,22524000.0,456165000.0,0.0,975642000.0,-1654066000.0,-862096000.0,1686712000.0,0.0,487423000.0,487423000.0,487423000.0,0.0,0.0,0.023,3170107000.0,825226000.0,4742909000,0.0,3.323,20.817,20.492,545004000,0.0,60.86,0.474,0.474,667657000,1909098000,21416537000.0,21416537000.0,0.0,0.05,0.175,0.306,0.039,32558000.0,3021509000.0,1.0,166720633,166720633,,128.458,8816865000,0,274662000.0,0,52.884,2141161000
15,HUM,ARY,2005-12-31,2006-03-03,2005-12-31,2021-07-28,24832000,6869614000,6532383750.0,4206186000,2663428000,2.207,15.133,-161349000.0,732016000,732016000,11651470000.0,308483000.0,1.306,1.777,1095049000,581259000,513790000,1095049000,120489000,128858000.0,0,0.0,0.0,461029000.0,589887000.0,0.041,589887000.0,461029000.0,421714000.0,1.91,1.87,1.91,2474105000,2339017000.0,2474105000,8677926993,19.0,14.711,464278000.0,2.84,1.0,2766657000.0,0.192,1264575000,39315000.0,2748482000,2702186000.0,0,2745939000,2354904000,391035000,4395509000,3219590000,1175919000,8314893993,151937000.0,-402844000.0,35871000.0,287945000.0,0.0,293586000.0,-767276000.0,-233313000.0,625627000.0,0.0,308483000.0,308483000.0,308483000.0,0.0,0.0,0.021,2305628000.0,461029000.0,2517842000,0.0,3.361,26.954,26.628,484412000,0.0,50.86,0.577,0.577,723190000,1538306000,14418127000.0,14418127000.0,0.0,0.047,0.132,0.171,0.032,11319000.0,2176770000.0,1.0,163485922,163485922,,88.192,5605039000,0,113231000.0,0,34.285,986596000
16,HUM,ARY,2004-12-31,2005-03-02,2004-12-31,2021-07-28,16526000,5657617000,5421970250.0,3596137000,2061480000,2.417,12.997,-83605000.0,580079000,580079000,10669647000.0,280012000.0,1.546,1.707,828756000,192060000,636696000,828756000,146326000,117792000.0,0,0.0,0.0,439022000.0,556814000.0,0.042,556814000.0,439022000.0,415850000.0,1.75,1.72,1.75,2090124000,1983612000.0,2090124000,5734103972,13.0,10.298,264204000.0,1.643,1.0,2434678000.0,0.186,885572000,23172000.0,2694154000,2772961250.0,0,2494110000,2145645000,348465000,3567493000,2326568000,1240925000,5485426972,-351325000.0,-141810000.0,-37454000.0,-28948000.0,0.0,-75053000.0,-624081000.0,-407317000.0,347809000.0,0.0,280012000.0,280012000.0,280012000.0,0.0,0.0,0.021,1995656000.0,439022000.0,1988182000,0.0,2.624,19.59,19.491,399506000,0.0,34.11,0.419,0.419,554661000,1229823000,13104325000.0,13104325000.0,0.0,0.052,0.141,0.158,0.034,4020000.0,1877864000.0,1.0,160815801,160815801,,81.487,4772045000,0,135838000.0,0,29.674,1269569000
17,HUM,ARY,2003-12-31,2004-03-05,2003-12-31,2021-07-28,16909000,5293323000,4946676500.0,3321331000,1971992000,2.472,11.325,-90086000.0,931404000,931404000,9879421000.0,228934000.0,1.467,1.883,861692000,219054000,642638000,861692000,333071000,126779000.0,0,0.0,0.0,362083000.0,488862000.0,0.04,488862000.0,362083000.0,344716000.0,1.44,1.41,1.44,1835949000,1721211500.0,1835949000,3495068252,10.0,7.149,323054000.0,1.993,1.0,2346890000.0,0.192,776874000,17367000.0,2182116000,1796625500.0,0,1995809000,1676642000,319167000,3457374000,2264621000,1192753000,3564780252,210047000.0,0.0,-16466000.0,154980000.0,0.0,170070000.0,-373163000.0,-283077000.0,413140000.0,0.0,228934000.0,228934000.0,228934000.0,0.0,0.0,0.019,1984807000.0,362083000.0,1712496000,0.0,1.942,15.571,15.271,416472000,0.0,21.99,0.292,0.292,452404000,949811000,12226311000.0,12226311000.0,0.0,0.046,0.133,0.202,0.03,6337000.0,1858028000.0,1.0,162109152,162109152,,75.42,4516449000,0,115782000.0,0,27.861,1056710000
18,HUM,ARY,2002-12-31,2003-03-21,2002-12-31,2021-07-28,22455000,4600030000,4411192500.0,2794925000,1805105000,2.553,9.993,-110287000.0,721357000,721357000,9138196000.0,142755000.0,1.169,1.863,699795000,359882000,339913000,699795000,335757000,120730000.0,0,0.0,0.0,227186000.0,347916000.0,0.031,347916000.0,227186000.0,209934000.0,0.87,0.85,0.87,1606474000,1611177000.0,1606474000,1592542164,7.0,4.577,211121000.0,1.313,1.0,2122985000.0,0.189,776874000,17252000.0,1411135000,1639889250.0,0,1694557000,1405833000,288724000,2993556000,2390459000,603097000,1614104164,69937000.0,0.0,-74035000.0,-57424000.0,0.0,-123314000.0,-128157000.0,-17870000.0,321408000.0,0.0,142755000.0,142755000.0,142755000.0,0.0,0.0,0.013,1895799000.0,227186000.0,1694820000,0.0,1.005,11.307,11.54,459842000,0.0,10.04,0.143,0.143,348562000,720877000,11261181000.0,11261181000.0,0.0,0.032,0.089,0.139,0.02,8994000.0,1739192000.0,1.0,160767347,160767347,,70.046,3823156000,0,67179000.0,0,23.781,404466000
19,HUM,ARY,2001-12-31,2002-03-28,2001-12-31,2021-07-28,11670000,4403638000,,2622938000,1780700000,,8.93,-114971000.0,651420000,651420000,8279844000.0,117171000.0,1.137,1.92,731246000,415757000,315489000,731246000,325040000,161531000.0,0,0.0,0.0,208382000.0,369913000.0,0.036,369913000.0,208382000.0,183080000.0,0.71,0.7,0.71,1507949000,,1507949000,2364591788,11.0,6.392,33987000.0,0.201,1.0,1915042000.0,0.188,776874000,25302000.0,1399411000,,0,1669916000,1389596000,280320000,2895689000,2307179000,588510000,2284765788,-6142000.0,-27889000.0,-1867000.0,-34897000.0,0.0,-36293000.0,-118807000.0,24053000.0,148958000.0,0.0,117171000.0,117171000.0,117171000.0,0.0,0.0,0.011,1706660000.0,208382000.0,1566382000,0.0,1.515,19.499,19.056,461761000,0.0,13.53,0.224,0.224,322064000,578122000,10194886000.0,10194886000.0,0.0,,,,0.02,9492000.0,1545129000.0,1.0,168866651,168866651,,60.372,3626764000,100803000,65909000.0,0,21.477,315759000
0,HUM,ARQ,2021-06-30,2021-07-28,2021-06-30,2021-07-28,216000000,38070000000,,25790000000,12280000000,,115.506,-329000000.0,3378000000,3378000000,17149000000.0,588000000.0,1.714,1.565,7408000000,1345000000,6063000000,7408000000,323000000,170000000.0,0,0.006,0.7,850000000.0,1020000000.0,0.049,1020000000.0,850000000.0,771000000.0,4.57,4.55,4.57,14843000000,,14843000000,64105930420,19.0,15.548,31000000.0,0.241,1.0,3496000000.0,0.169,4914000000,79000000.0,22135000000,,0,15893000000,13471000000,2422000000,23227000000,15051000000,8176000000,60075930420,-499000000.0,-202000000.0,1000000.0,-223000000.0,-90000000.0,-144000000.0,-715000000.0,-184000000.0,360000000.0,0.0,588000000.0,588000000.0,588000000.0,0.0,0.0,0.028,2260000000.0,1236000000.0,13383000000,0.153,4.047,24.205,24.541,2690000000,0.0,467.5,0.747,0.747,2438000000,21751000000,20645000000.0,20645000000.0,0.0,,,,,45000000.0,2116000000.0,1.0,128504664,128504664,,160.656,33156000000,0,183000000.0,0,258.014,10739000000
1,HUM,ARQ,2021-03-31,2021-04-28,2021-03-31,2021-07-28,108000000,37415000000,,25526000000,11889000000,,109.988,-290000000.0,3877000000,3877000000,17296000000.0,828000000.0,1.668,1.637,7609000000,1547000000,6062000000,7609000000,325000000,168000000.0,0,0.006,0.7,1129000000.0,1297000000.0,0.063,1297000000.0,1129000000.0,1061000000.0,6.42,6.39,6.42,14190000000,,14190000000,60320307971,11.0,10.155,-1127000000.0,-8.735,1.0,3372000000.0,0.163,4602000000,68000000.0,21245000000,,0,15576000000,13251000000,2325000000,23225000000,15300000000,7925000000,56588307971,-796000000.0,-123000000.0,-29000000.0,626000000.0,-83000000.0,1529000000.0,-1488000000.0,-1075000000.0,-837000000.0,0.0,828000000.0,828000000.0,828000000.0,0.0,0.0,0.04,2149000000.0,1223000000.0,13428000000,0.109,3.988,15.204,15.493,2507000000,0.0,438.62,0.717,0.717,2196000000,21252000000,20668000000.0,20668000000.0,0.0,,,,,39000000.0,2007000000.0,1.0,129014427,129014427,,160.199,32813000000,0,233000000.0,0,254.336,10226000000
2,HUM,ARQ,2020-12-31,2021-02-18,2020-12-31,2021-07-28,391000000,34969000000,,23641000000,11328000000,,106.533,-296000000.0,4673000000,4673000000,16213000000.0,-274000000.0,1.765,1.547,6980000000,920000000,6060000000,6980000000,318000000,160000000.0,0,0.007,0.625,-380000000.0,-220000000.0,-0.012,-220000000.0,-380000000.0,-452000000.0,-2.06,-2.06,-2.06,13728000000,,13728000000,51059333599,10.0,9.162,-13000000.0,-0.101,1.0,2849000000.0,0.149,4447000000,72000000.0,19435000000,,0,14936000000,12554000000,2382000000,21241000000,13394000000,7847000000,48752333599,-3312000000.0,0.0,-1771000000.0,-1020000000.0,-84000000.0,-3540000000.0,-55000000.0,241000000.0,283000000.0,0.0,-274000000.0,-274000000.0,-274000000.0,0.0,0.0,-0.014,3195000000.0,-346000000.0,12156000000,-0.303,3.551,14.479,14.854,2371000000,0.0,378.33,0.632,0.632,1138000000,20517000000,19062000000.0,19062000000.0,0.0,,,,,52000000.0,3068000000.0,1.0,128861929,128861929,,147.926,30522000000,0,-178000000.0,0,236.858,10247000000
3,HUM,ARQ,2020-09-30,2020-11-03,2020-09-30,2021-07-28,370000000,38477000000,,27031000000,11446000000,,119.146,-250000000.0,7985000000,7985000000,15611000000.0,1340000000.0,1.814,1.44,7997000000,1938000000,6059000000,7997000000,287000000,161000000.0,0,0.006,0.625,1865000000.0,2026000000.0,0.101,2026000000.0,1865000000.0,1790000000.0,10.12,10.05,10.12,15768000000,,15768000000,56049340597,9.0,8.516,1565000000.0,11.825,1.0,4464000000.0,0.222,4443000000,75000000.0,19141000000,,0,15006000000,12741000000,2265000000,22709000000,14905000000,7804000000,56037340597,822000000.0,0.0,-3000000.0,-96000000.0,-83000000.0,-845000000.0,-148000000.0,102000000.0,1815000000.0,0.0,1340000000.0,1340000000.0,1340000000.0,0.0,0.0,0.067,2641000000.0,1823000000.0,12882000000,0.062,3.554,13.493,13.476,2228000000,0.0,423.43,0.753,0.753,1135000000,20872000000,20075000000.0,20075000000.0,0.0,,,,,47000000.0,2513000000.0,1.0,132341451,132341451,,151.691,34034000000,0,450000000.0,0,257.168,12126000000
4,HUM,ARQ,2020-06-30,2020-08-05,2020-06-30,2021-07-28,317000000,38455000000,,27868000000,10587000000,,108.971,-226000000.0,7163000000,7163000000,14175000000.0,1828000000.0,1.694,1.668,8092000000,2034000000,6058000000,8092000000,266000000,150000000.0,0,0.006,0.625,2687000000.0,2837000000.0,0.149,2837000000.0,2687000000.0,2611000000.0,13.83,13.75,13.83,14416000000,,14416000000,54363290333,11.0,9.595,2841000000.0,21.475,1.0,4908000000.0,0.257,4443000000,76000000.0,18486000000,,0,14347000000,12836000000,1511000000,24039000000,16455000000,7584000000,53434290333,1109000000.0,0.0,1000000.0,-39000000.0,-83000000.0,-306000000.0,-1652000000.0,-1426000000.0,3067000000.0,0.0,1828000000.0,1828000000.0,1828000000.0,0.0,0.0,0.096,2473000000.0,2435000000.0,14358000000,0.045,3.707,15.258,15.265,2118000000,0.0,403.91,0.757,0.757,2238000000,19616000000,19083000000.0,19083000000.0,0.0,,,,,46000000.0,2354000000.0,1.0,132292566,132292566,,144.248,34012000000,0,783000000.0,0,257.097,11413000000
5,HUM,ARQ,2020-03-31,2020-04-29,2020-03-31,2021-07-28,48000000,34633000000,,24551000000,10082000000,,93.453,-192000000.0,6054000000,6054000000,15629000000.0,473000000.0,1.655,1.803,8124000000,2067000000,6057000000,8124000000,274000000,145000000.0,0,0.006,0.625,785000000.0,930000000.0,0.049,930000000.0,785000000.0,725000000.0,3.58,3.56,3.58,12355000000,,12355000000,51961926319,14.0,12.169,282000000.0,2.133,1.0,3306000000.0,0.175,4443000000,60000000.0,17430000000,,0,12590000000,11104000000,1486000000,22278000000,14830000000,7448000000,49891926319,2000000000.0,-709000000.0,2000000.0,2233000000.0,-73000000.0,2736000000.0,-1210000000.0,-309000000.0,474000000.0,0.0,473000000.0,473000000.0,473000000.0,0.0,0.0,0.025,2232000000.0,1074000000.0,12694000000,0.175,4.038,19.086,19.264,2023000000,0.0,377.38,0.737,0.737,2009000000,17871000000,18935000000.0,18935000000.0,0.0,,,,,36000000.0,2117000000.0,1.0,132206069,132206069,,143.223,30190000000,0,252000000.0,0,228.356,9721000000
6,HUM,ARQ,2019-12-31,2020-02-20,2019-12-31,2021-07-28,156000000,29074000000,,19888000000,9186000000,,91.116,-230000000.0,4054000000,4054000000,13689000000.0,512000000.0,1.82,1.415,5891000000,924000000,4967000000,5891000000,247000000,140000000.0,0,0.006,0.55,649000000.0,789000000.0,0.048,789000000.0,649000000.0,591000000.0,3.89,3.86,3.89,12037000000,,12037000000,50847189322,14.0,11.861,282000000.0,2.135,1.0,2606000000.0,0.16,3928000000,58000000.0,16054000000,,0,12441000000,10972000000,1469000000,17037000000,10929000000,6108000000,49010189322,-1473000000.0,0.0,-25000000.0,-450000000.0,-75000000.0,-1184000000.0,-801000000.0,-571000000.0,512000000.0,0.0,512000000.0,512000000.0,512000000.0,0.0,0.0,0.031,2244000000.0,362000000.0,9964000000,0.141,4.072,18.105,18.366,1955000000,0.0,370.99,0.755,0.755,1056000000,17483000000,16295000000.0,16295000000.0,0.0,,,,,44000000.0,2129000000.0,1.0,132106497,132106497,,123.347,25146000000,0,79000000.0,0,190.346,8959000000
7,HUM,ARQ,2019-09-30,2019-11-06,2019-09-30,2021-07-28,177000000,29180000000,,20324000000,8856000000,,87.604,-210000000.0,5527000000,5527000000,13357000000.0,689000000.0,1.83,1.515,6337000000,972000000,5365000000,6337000000,274000000,159000000.0,0,0.007,0.55,951000000.0,1110000000.0,0.068,1110000000.0,951000000.0,889000000.0,5.16,5.14,5.16,11601000000,,11601000000,41191998162,12.0,9.976,2232000000.0,16.855,1.0,2884000000.0,0.178,3922000000,62000000.0,14962000000,,0,11895000000,10430000000,1465000000,17579000000,11106000000,6473000000,40381998162,749000000.0,0.0,-995000000.0,404000000.0,-74000000.0,-1127000000.0,-566000000.0,-356000000.0,2442000000.0,0.0,689000000.0,689000000.0,689000000.0,0.0,0.0,0.042,2016000000.0,868000000.0,10071000000,0.107,3.481,15.836,16.134,1864000000,0.0,304.94,0.643,0.643,848000000,17045000000,16241000000.0,16241000000.0,0.0,,,,,43000000.0,1889000000.0,1.0,132426045,132426045,,122.642,25258000000,0,200000000.0,0,190.733,9218000000
8,HUM,ARQ,2019-06-30,2019-07-31,2019-06-30,2021-07-28,112000000,28913000000,,20160000000,8753000000,,87.883,-157000000.0,4778000000,4778000000,13318000000.0,940000000.0,1.747,1.435,5930000000,1553000000,4377000000,5930000000,312000000,140000000.0,0,0.007,0.55,1301000000.0,1441000000.0,0.089,1441000000.0,1301000000.0,1241000000.0,6.96,6.94,6.96,11872000000,,11872000000,41239746808,12.0,10.027,1277000000.0,9.453,1.0,2927000000.0,0.18,3922000000,60000000.0,14604000000,,0,11458000000,9991000000,1467000000,17041000000,11539000000,5502000000,40087746808,901000000.0,0.0,1000000.0,-323000000.0,-74000000.0,-477000000.0,-56000000.0,101000000.0,1434000000.0,0.0,940000000.0,940000000.0,940000000.0,0.0,0.0,0.058,1812000000.0,1115000000.0,9888000000,0.079,3.377,16.003,16.11,1796000000,0.0,296.75,0.66,0.66,904000000,16429000000,16245000000.0,16245000000.0,0.0,,,,,43000000.0,1703000000.0,1.0,135089290,135089290,,120.254,24991000000,0,301000000.0,0,184.996,8621000000
9,HUM,ARQ,2019-03-31,2019-05-01,2019-03-31,2021-07-28,-10000000,28349000000,,19673000000,8676000000,,80.283,-139000000.0,3877000000,3877000000,13493000000.0,566000000.0,1.649,1.615,6248000000,1872000000,4376000000,6248000000,312000000,136000000.0,0,0.008,0.55,811000000.0,947000000.0,0.059,947000000.0,811000000.0,749000000.0,4.18,4.16,4.18,10841000000,,10841000000,35611220031,15.0,12.391,757000000.0,5.606,1.0,2614000000.0,0.162,3897000000,62000000.0,14896000000,,0,11346000000,9876000000,1470000000,17508000000,11927000000,5581000000,33240220031,1534000000.0,0.0,7000000.0,0.0,-68000000.0,493000000.0,145000000.0,284000000.0,896000000.0,0.0,566000000.0,566000000.0,566000000.0,0.0,0.0,0.035,1767000000.0,847000000.0,9956000000,0.132,3.066,18.908,19.142,1754000000,0.0,246.16,0.566,0.566,1955000000,15563000000,16107000000.0,16107000000.0,0.0,,,,,33000000.0,1660000000.0,1.0,135035018,135035018,,119.28,24452000000,0,183000000.0,0,181.079,7746000000
10,HUM,ARQ,2018-12-31,2019-02-21,2018-12-31,2021-07-28,-159000000,25413000000,,16948000000,8465000000,,74.952,-176000000.0,2343000000,2343000000,11433000000.0,355000000.0,1.682,1.501,6240000000,1865000000,4375000000,6240000000,283000000,134000000.0,0,0.007,0.5,497000000.0,631000000.0,0.045,631000000.0,497000000.0,438000000.0,2.6,2.58,2.6,10161000000,,10161000000,45591958532,20.0,16.133,-509000000.0,-3.755,1.0,2735000000.0,0.193,3897000000,59000000.0,15336000000,,0,11484000000,10026000000,1458000000,15252000000,10077000000,5175000000,41694958532,-1799000000.0,0.0,-798000000.0,867000000.0,-70000000.0,-1019000000.0,-447000000.0,-271000000.0,-333000000.0,0.0,355000000.0,355000000.0,355000000.0,0.0,0.0,0.025,2218000000.0,517000000.0,8148000000,0.192,4.103,24.774,25.127,1735000000,0.0,307.56,0.733,0.733,1015000000,15072000000,14168000000.0,14168000000.0,0.0,,,,,32000000.0,2115000000.0,1.0,135566909,135566909,,104.509,21516000000,0,83000000.0,0,158.711,6871000000
11,HUM,ARQ,2018-09-30,2018-11-07,2018-09-30,2021-07-28,-206000000,27490000000,,19077000000,8413000000,,77.216,-164000000.0,4142000000,4142000000,11243000000.0,644000000.0,1.685,1.595,5371000000,597000000,4774000000,5371000000,294000000,131000000.0,0,0.005,0.5,963000000.0,1094000000.0,0.077,1094000000.0,963000000.0,910000000.0,4.68,4.65,4.68,10593000000,,10593000000,49790411782,21.0,17.234,-1219000000.0,-8.886,1.0,2963000000.0,0.209,3895000000,53000000.0,13500000000,,0,11148000000,9695000000,1453000000,16897000000,11324000000,5573000000,48561411782,-4689000000.0,-805000000.0,-197000000.0,122000000.0,-69000000.0,-1281000000.0,-2353000000.0,-1384000000.0,-1055000000.0,0.0,644000000.0,644000000.0,644000000.0,0.0,0.0,0.045,2002000000.0,961000000.0,10629000000,0.107,4.584,32.117,32.122,1685000000,0.0,353.98,0.868,0.868,1062000000,14786000000,14206000000.0,14206000000.0,0.0,,,,,36000000.0,1900000000.0,1.0,137186880,137186880,,103.552,23595000000,0,266000000.0,0,171.992,7753000000
12,HUM,ARQ,2018-06-30,2018-08-01,2018-06-30,2021-07-28,-176000000,34270000000,,26864000000,7406000000,,74.12,-138000000.0,8052000000,8052000000,11536000000.0,193000000.0,1.431,2.356,5245000000,472000000,4773000000,5245000000,3630000000,130000000.0,0,0.006,0.5,72000000.0,202000000.0,0.014,202000000.0,72000000.0,19000000.0,1.4,1.39,1.4,10211000000,,10211000000,41021050303,18.0,14.793,-263000000.0,-1.909,1.0,2723000000.0,0.191,3895000000,53000000.0,8800000000,,0,9843000000,9464000000,379000000,24059000000,18768000000,5291000000,43828050303,-24000000.0,-185000000.0,-10000000.0,-52000000.0,-69000000.0,-17000000.0,118000000.0,441000000.0,-125000000.0,0.0,193000000.0,193000000.0,193000000.0,0.0,0.0,0.014,1861000000.0,862000000.0,12169000000,0.357,4.292,32.061,32.463,1626000000,0.0,318.14,0.797,0.797,1471000000,14211000000,14259000000.0,14259000000.0,0.0,,,,,34000000.0,1761000000.0,1.0,137763407,137763407,,103.504,30375000000,0,-174000000.0,0,220.487,8096000000
13,HUM,ARQ,2018-03-31,2018-05-02,2018-03-31,2021-07-28,-154000000,33453000000,,23932000000,9521000000,,73.219,-134000000.0,8855000000,8855000000,11670000000.0,491000000.0,1.548,2.318,5294000000,522000000,4772000000,5294000000,3706000000,139000000.0,0,0.006,0.5,760000000.0,899000000.0,0.063,899000000.0,760000000.0,707000000.0,3.56,3.53,3.56,10081000000,,10081000000,36046030132,11.0,9.511,3552000000.0,25.799,1.0,2609000000.0,0.183,3760000000,53000000.0,10677000000,,0,12103000000,9742000000,2361000000,23372000000,15455000000,7917000000,39607030132,4813000000.0,-169000000.0,-40000000.0,228000000.0,-57000000.0,1532000000.0,-405000000.0,-102000000.0,3686000000.0,0.0,491000000.0,491000000.0,491000000.0,0.0,0.0,0.034,1849000000.0,760000000.0,14069000000,0.14,3.929,21.714,22.317,1595000000,0.0,287.67,0.73,0.73,1276000000,14086000000,14279000000.0,14279000000.0,0.0,,,,,35000000.0,1749000000.0,1.0,137682171,137682171,,103.71,29693000000,0,216000000.0,0,215.663,8477000000
14,HUM,ARQ,2017-12-31,2018-02-16,2017-12-31,2021-07-28,19000000,27178000000,,17402000000,9776000000,,71.482,-148000000.0,4042000000,4042000000,10639000000.0,184000000.0,1.85,1.761,5061000000,291000000,4770000000,5061000000,378000000,128000000.0,0,0.006,0.4,566000000.0,694000000.0,0.053,694000000.0,566000000.0,490000000.0,1.38,1.37,1.38,9842000000,,9842000000,38056083694,9.0,8.017,-3059000000.0,-22.217,1.0,2550000000.0,0.193,3281000000,76000000.0,15510000000,,0,12302000000,9557000000,2745000000,17336000000,9406000000,7930000000,37037083694,-5823000000.0,-21000000.0,-1545000000.0,-36000000.0,-58000000.0,-1747000000.0,-1165000000.0,-996000000.0,-2911000000.0,0.0,184000000.0,184000000.0,184000000.0,0.0,0.0,0.014,1984000000.0,566000000.0,11660000000,0.29,3.763,15.13,15.88,1584000000,0.0,269.0,0.689,0.689,854000000,13670000000,13189000000.0,13189000000.0,0.0,,,,,41000000.0,1873000000.0,1.0,137684326,137684326,,95.792,23897000000,0,306000000.0,0,173.564,7996000000
15,HUM,ARQ,2017-09-30,2017-11-08,2017-09-30,2021-07-28,12000000,32956000000,,23185000000,9771000000,,78.475,-143000000.0,9865000000,9865000000,10642000000.0,499000000.0,1.608,1.94,5101000000,1124000000,3977000000,5101000000,3447000000,120000000.0,0,0.006,0.4,858000000.0,978000000.0,0.074,978000000.0,858000000.0,799000000.0,3.46,3.44,3.46,11211000000,,11211000000,30019576174,9.0,8.044,2720000000.0,19.04,1.0,2640000000.0,0.199,3281000000,59000000.0,10493000000,,0,11338000000,8622000000,2716000000,21745000000,14418000000,7327000000,34783576174,1726000000.0,-1000000.0,-234000000.0,3000000.0,-58000000.0,-439000000.0,-698000000.0,-554000000.0,2863000000.0,0.0,499000000.0,499000000.0,499000000.0,0.0,0.0,0.038,1782000000.0,858000000.0,12740000000,0.116,3.103,18.671,19.022,1560000000,0.0,243.48,0.651,0.651,922000000,13542000000,13282000000.0,13282000000.0,0.0,,,,,33000000.0,1688000000.0,1.0,142860096,142860096,,92.972,29675000000,0,300000000.0,0,207.721,8767000000
16,HUM,ARQ,2017-06-30,2017-08-02,2017-06-30,2021-07-28,-5000000,32253000000,,22568000000,9685000000,,75.79,-111000000.0,8139000000,8139000000,10889000000.0,650000000.0,1.647,1.945,5097000000,818000000,4279000000,5097000000,3356000000,119000000.0,0,0.006,0.4,1100000000.0,1219000000.0,0.09,1219000000.0,1100000000.0,1042000000.0,4.49,4.46,4.49,10953000000,,10953000000,31799652230,9.0,8.325,-217000000.0,-1.502,1.0,2645000000.0,0.195,3280000000,58000000.0,12226000000,,0,10785000000,8115000000,2670000000,21300000000,13705000000,7595000000,34841652230,-286000000.0,-2000000.0,16000000.0,-338000000.0,-57000000.0,-28000000.0,-152000000.0,-39000000.0,-106000000.0,0.0,650000000.0,650000000.0,650000000.0,0.0,0.0,0.048,1545000000.0,1100000000.0,12430000000,0.089,3.181,19.207,19.521,1543000000,0.0,241.09,0.647,0.647,2430000000,13101000000,13534000000.0,13534000000.0,0.0,,,,,57000000.0,1453000000.0,1.0,144517202,144517202,,93.65,28973000000,0,392000000.0,0,200.481,8863000000
17,HUM,ARQ,2017-03-31,2017-05-03,2017-03-31,2021-07-28,-58000000,31712000000,,22317000000,9395000000,,70.914,-122000000.0,8425000000,8425000000,11326000000.0,1115000000.0,1.653,2.099,5428000000,648000000,4780000000,5428000000,3420000000,118000000.0,0,0.006,0.4,1738000000.0,1856000000.0,0.135,1856000000.0,1738000000.0,1689000000.0,7.54,7.49,7.54,10234000000,,10234000000,29332429498,10.0,8.627,4083000000.0,28.292,1.0,2436000000.0,0.177,3279000000,49000000.0,11932000000,,0,10629000000,8205000000,2424000000,21478000000,13504000000,7974000000,32329429498,4548000000.0,-7000000.0,-1540000000.0,1126000000.0,-47000000.0,1269000000.0,-926000000.0,-797000000.0,4205000000.0,0.0,1115000000.0,1115000000.0,1115000000.0,0.0,0.0,0.081,698000000.0,1738000000.0,12263000000,0.053,3.159,21.918,22.537,1525000000,0.0,224.02,0.595,0.595,1838000000,12509000000,13762000000.0,13762000000.0,0.0,,,,,26000000.0,1553000000.0,1.0,144314925,144314925,,95.361,28433000000,0,574000000.0,0,197.021,8813000000
18,HUM,ARQ,2016-12-31,2017-02-17,2016-12-31,2021-07-28,-66000000,25396000000,,16190000000,9206000000,,71.556,-132000000.0,3877000000,3877000000,11201000000.0,-401000000.0,2.07,1.377,4304000000,512000000,3792000000,4304000000,280000000,117000000.0,0,0.006,0.29,-438000000.0,-321000000.0,-0.025,-321000000.0,-438000000.0,-486000000.0,-2.69,-2.66,-2.69,10685000000,,10685000000,30978711065,18.0,14.043,-2905000000.0,-19.454,1.0,1677000000.0,0.13,3272000000,48000000.0,14729000000,,0,9798000000,7595000000,2203000000,14711000000,7822000000,6889000000,30551711065,-2892000000.0,0.0,-18000000.0,28000000.0,-44000000.0,709000000.0,-828000000.0,-696000000.0,-2773000000.0,0.0,-401000000.0,-401000000.0,-401000000.0,0.0,0.0,-0.031,2115000000.0,-438000000.0,9864000000,-0.108,2.859,49.758,49.781,1505000000,0.0,204.6,0.562,0.562,1280000000,11454000000,12878000000.0,12878000000.0,0.0,,,,,39000000.0,2024000000.0,1.0,149324101,149324101,,86.242,22124000000,0,-85000000.0,0,148.161,8368000000
19,HUM,ARQ,2016-09-30,2016-11-04,2016-09-30,2021-07-28,112000000,29466000000,,19654000000,9812000000,,75.687,-139000000.0,6769000000,6769000000,10900000000.0,450000000.0,1.663,1.611,4275000000,483000000,3792000000,4275000000,3351000000,117000000.0,0,0.007,0.29,949000000.0,1066000000.0,0.078,1066000000.0,949000000.0,902000000.0,3.01,2.98,3.01,11285000000,,11285000000,22468519388,9.0,7.666,4364000000.0,29.269,1.0,2794000000.0,0.204,3272000000,47000000.0,11884000000,,0,9602000000,7329000000,2273000000,18181000000,11816000000,6365000000,24962519388,4340000000.0,-6000000.0,-2000000.0,-10000000.0,-43000000.0,74000000.0,-237000000.0,-92000000.0,4503000000.0,0.0,450000000.0,450000000.0,450000000.0,0.0,0.0,0.033,1845000000.0,949000000.0,10276000000,0.096,2.212,22.776,22.778,1478000000,0.0,167.42,0.455,0.455,765000000,11899000000,13694000000.0,13694000000.0,0.0,,,,,28000000.0,1759000000.0,1.0,149101179,149101179,,91.844,26194000000,0,452000000.0,0,175.679,7838000000
20,HUM,ARQ,2016-06-30,2016-08-03,2016-06-30,2021-07-28,134000000,27236000000,,17736000000,9500000000,,72.947,-131000000.0,2429000000,2429000000,11509000000.0,311000000.0,1.785,1.505,4285000000,492000000,3793000000,4285000000,311000000,116000000.0,0,0.007,0.29,683000000.0,799000000.0,0.057,799000000.0,683000000.0,636000000.0,2.08,2.06,2.08,10874000000,,10874000000,27716202143,13.0,10.392,-407000000.0,-2.73,1.0,2498000000.0,0.178,3266000000,47000000.0,15892000000,,0,9468000000,7417000000,2051000000,16362000000,9934000000,6428000000,25860202143,-372000000.0,-1000000.0,-2000000.0,-65000000.0,-43000000.0,-227000000.0,131000000.0,263000000.0,-276000000.0,0.0,311000000.0,311000000.0,311000000.0,0.0,0.0,0.022,1815000000.0,683000000.0,11419000000,0.139,2.378,26.938,26.896,1452000000,0.0,173.48,0.474,0.474,2553000000,11492000000,14007000000.0,14007000000.0,0.0,,,,,25000000.0,1726000000.0,1.0,149067340,149067340,,93.964,23970000000,0,325000000.0,0,160.8,7802000000
21,HUM,ARQ,2016-03-31,2016-05-04,2016-03-31,2021-07-28,76000000,26934000000,,17844000000,9090000000,,70.62,-125000000.0,2801000000,2801000000,11397000000.0,234000000.0,1.766,1.559,4350000000,557000000,3793000000,4350000000,360000000,115000000.0,0,0.007,0.29,547000000.0,662000000.0,0.048,662000000.0,547000000.0,500000000.0,1.57,1.56,1.57,10525000000,,10525000000,27734740108,12.0,9.828,357000000.0,2.395,1.0,2403000000.0,0.174,3265000000,47000000.0,15113000000,,0,9678000000,7738000000,1940000000,16409000000,10105000000,6304000000,26185740108,230000000.0,0.0,-71000000.0,-44000000.0,-47000000.0,176000000.0,-428000000.0,-303000000.0,482000000.0,0.0,234000000.0,234000000.0,234000000.0,0.0,0.0,0.017,1856000000.0,547000000.0,11421000000,0.185,2.488,24.246,24.234,1420000000,0.0,175.7,0.483,0.483,1737000000,11205000000,13800000000.0,13800000000.0,0.0,,,,,23000000.0,1768000000.0,1.0,149036654,149036654,,92.595,23669000000,0,266000000.0,0,158.813,7739000000
22,HUM,ARQ,2015-12-31,2016-02-18,2015-12-31,2021-07-28,58000000,24705000000,,15711000000,8994000000,,69.762,-138000000.0,2571000000,2571000000,11116000000.0,101000000.0,1.927,1.388,4421000000,600000000,3821000000,4421000000,364000000,112000000.0,0,0.007,0.29,292000000.0,404000000.0,0.03,404000000.0,292000000.0,246000000.0,0.69,0.67,0.69,10346000000,,10346000000,26727893505,10.0,8.723,199000000.0,1.342,1.0,2245000000.0,0.168,3265000000,46000000.0,15138000000,,0,9110000000,7267000000,1843000000,14359000000,8152000000,6207000000,24877893505,974000000.0,6000000.0,-4000000.0,293000000.0,-43000000.0,934000000.0,-297000000.0,-165000000.0,337000000.0,0.0,101000000.0,101000000.0,101000000.0,0.0,0.0,0.008,1956000000.0,289000000.0,9339000000,0.42,2.405,19.497,19.643,1384000000,0.0,167.75,0.458,0.458,1161000000,11017000000,13361000000.0,13361000000.0,0.0,,,,,17000000.0,1868000000.0,1.0,148303389,148303389,,90.092,21440000000,0,145000000.0,0,144.569,7559000000
23,HUM,ARQ,2015-09-30,2015-11-06,2015-09-30,2021-07-28,137000000,24296000000,,15773000000,8523000000,,69.847,-125000000.0,1597000000,1597000000,10896000000.0,314000000.0,2.037,1.347,4129000000,307000000,3822000000,4129000000,297000000,107000000.0,0,0.006,0.29,695000000.0,802000000.0,0.06,802000000.0,695000000.0,648000000.0,2.11,2.09,2.11,10353000000,,10353000000,28803208821,11.0,9.129,907000000.0,6.119,1.0,2467000000.0,0.185,3266000000,47000000.0,15820000000,,0,9302000000,7423000000,1879000000,13943000000,7742000000,6201000000,26271208821,-653000000.0,0.0,-10000000.0,-303000000.0,-43000000.0,-1080000000.0,-605000000.0,-480000000.0,1032000000.0,0.0,314000000.0,314000000.0,314000000.0,0.0,0.0,0.023,1772000000.0,695000000.0,9292000000,0.137,2.538,19.902,20.072,1343000000,0.0,177.24,0.493,0.493,986000000,10960000000,13363000000.0,13363000000.0,0.0,,,,,23000000.0,1688000000.0,1.0,148223927,148223927,,90.154,21030000000,0,334000000.0,0,141.88,8031000000
24,HUM,ARQ,2015-06-30,2015-07-29,2015-06-30,2021-07-28,153000000,25384000000,,16975000000,8409000000,,68.062,-136000000.0,2250000000,2250000000,11252000000.0,431000000.0,1.892,1.518,4432000000,609000000,3823000000,4432000000,291000000,114000000.0,0,0.006,0.29,840000000.0,954000000.0,0.069,954000000.0,840000000.0,793000000.0,2.88,2.85,2.88,10083000000,,10083000000,29501174922,11.0,9.66,-744000000.0,-5.022,1.0,2480000000.0,0.181,3266000000,47000000.0,15327000000,,0,8880000000,7041000000,1839000000,15301000000,8973000000,6328000000,27319174922,304000000.0,1017000000.0,-302000000.0,321000000.0,-42000000.0,-404000000.0,1316000000.0,435000000.0,-608000000.0,0.0,431000000.0,431000000.0,431000000.0,0.0,0.0,0.031,1907000000.0,573000000.0,10221000000,0.101,2.709,21.08,21.468,1299000000,0.0,184.41,0.524,0.524,2129000000,10689000000,13732000000.0,13732000000.0,0.0,,,,,25000000.0,1817000000.0,1.0,148143674,148143674,,92.694,22118000000,0,362000000.0,0,149.301,8002000000
25,HUM,ARQ,2015-03-31,2015-04-29,2015-03-31,2021-07-28,227000000,25624000000,,17402000000,8222000000,,67.058,-123000000.0,1946000000,1946000000,11005000000.0,430000000.0,1.896,1.551,4112000000,288000000,3824000000,4112000000,378000000,114000000.0,0,0.007,0.28,790000000.0,904000000.0,0.065,904000000.0,790000000.0,744000000.0,2.86,2.82,2.86,10044000000,,10044000000,27336742760,11.0,9.469,-16000000.0,-0.107,1.0,2828000000.0,0.204,3231000000,46000000.0,15382000000,,0,9572000000,7600000000,1972000000,15580000000,9177000000,6403000000,25170742760,11000000.0,0.0,-48000000.0,-46000000.0,-44000000.0,-2000000.0,-94000000.0,29000000.0,107000000.0,0.0,430000000.0,430000000.0,430000000.0,0.0,0.0,0.031,2038000000.0,790000000.0,10616000000,0.098,2.506,20.819,21.192,1258000000,0.0,168.05,0.497,0.497,1690000000,10302000000,13833000000.0,13833000000.0,0.0,,,,,44000000.0,1945000000.0,1.0,149781272,149781272,,92.355,22393000000,0,314000000.0,0,149.505,8225000000
26,HUM,ARQ,2014-12-31,2015-02-18,2014-12-31,2021-07-28,223000000,23466000000,,14712000000,8754000000,,64.475,-167000000.0,1935000000,1935000000,9749000000.0,145000000.0,2.0,1.433,4159000000,334000000,3825000000,4159000000,361000000,124000000.0,0,0.007,0.28,371000000.0,495000000.0,0.04,495000000.0,371000000.0,287000000.0,0.98,0.97,0.98,9646000000,,9646000000,25473067194,11.0,9.062,26000000.0,0.174,1.0,2579000000.0,0.209,3711000000,84000000.0,14624000000,,0,9547000000,7598000000,1949000000,13820000000,7355000000,6465000000,23249067194,-770000000.0,-15000000.0,-618000000.0,-433000000.0,-43000000.0,-1268000000.0,305000000.0,487000000.0,193000000.0,0.0,145000000.0,145000000.0,145000000.0,0.0,0.0,0.012,2208000000.0,371000000.0,9009000000,0.286,2.41,20.269,20.887,1419000000,0.0,155.4,0.479,0.479,1168000000,9916000000,12328000000.0,12328000000.0,0.0,,,,,22000000.0,2121000000.0,1.0,149607897,149607897,,82.402,19755000000,0,142000000.0,0,132.045,7357000000
27,HUM,ARQ,2014-09-30,2014-11-07,2014-09-30,2021-07-28,233000000,24331000000,,15636000000,8695000000,,66.032,-145000000.0,2705000000,2705000000,9666000000.0,290000000.0,2.013,1.403,4605000000,779000000,3826000000,4605000000,246000000,112000000.0,0,0.008,0.28,589000000.0,701000000.0,0.057,701000000.0,589000000.0,551000000.0,1.87,1.85,1.87,10125000000,,10125000000,21922478163,11.0,9.074,809000000.0,5.276,1.0,2572000000.0,0.21,3695000000,38000000.0,14767000000,,0,10035000000,8088000000,1947000000,14206000000,7769000000,6437000000,20022478163,1112000000.0,0.0,-118000000.0,1706000000.0,-43000000.0,930000000.0,-772000000.0,-627000000.0,954000000.0,0.0,290000000.0,290000000.0,290000000.0,0.0,0.0,0.024,1983000000.0,589000000.0,9043000000,0.15,1.978,20.599,20.76,1349000000,0.0,130.58,0.432,0.432,1004000000,9813000000,12238000000.0,12238000000.0,0.0,,,,,21000000.0,1898000000.0,1.0,153334953,153334953,,79.812,20636000000,0,261000000.0,0,134.581,7867000000
28,HUM,ARQ,2014-06-30,2014-07-30,2014-06-30,2021-07-28,260000000,23121000000,,14086000000,9035000000,,64.828,-110000000.0,1593000000,1593000000,9627000000.0,344000000.0,1.788,1.312,2889000000,294000000,2595000000,2889000000,249000000,106000000.0,0,0.009,0.28,681000000.0,787000000.0,0.064,787000000.0,681000000.0,646000000.0,2.22,2.19,2.22,10000000000,,10000000000,19859039239,10.0,8.132,-310000000.0,-2.01,1.0,2595000000.0,0.212,3696000000,35000000.0,12841000000,,0,9460000000,7565000000,1895000000,13121000000,7880000000,5241000000,18563039239,-69000000.0,3000000.0,-83000000.0,27000000.0,-42000000.0,-444000000.0,575000000.0,682000000.0,-200000000.0,0.0,344000000.0,344000000.0,344000000.0,0.0,0.0,0.028,1914000000.0,681000000.0,9623000000,0.126,1.856,17.679,17.802,1289000000,0.0,120.34,0.418,0.418,2074000000,9567000000,12222000000.0,12222000000.0,0.0,,,,,22000000.0,1835000000.0,1.0,154254938,154254938,,79.232,19425000000,0,302000000.0,0,125.928,6206000000
29,HUM,ARQ,2014-03-31,2014-05-07,2014-03-31,2021-07-28,226000000,22566000000,,13975000000,8591000000,,62.829,-106000000.0,1662000000,1662000000,9124000000.0,368000000.0,1.812,1.32,2865000000,267000000,2598000000,2865000000,263000000,107000000.0,0,0.009,0.27,721000000.0,828000000.0,0.071,828000000.0,721000000.0,686000000.0,2.37,2.35,2.37,9725000000,,9725000000,19630063058,10.0,8.019,565000000.0,3.65,1.0,2588000000.0,0.221,3699000000,35000000.0,12356000000,,0,10048000000,8248000000,1800000000,12841000000,7714000000,5127000000,18427063058,524000000.0,66000000.0,-24000000.0,-136000000.0,-44000000.0,24000000.0,-171000000.0,-131000000.0,671000000.0,0.0,368000000.0,368000000.0,368000000.0,0.0,0.0,0.031,1867000000.0,721000000.0,9383000000,0.114,1.895,16.365,16.535,1244000000,0.0,119.05,0.433,0.433,1460000000,9266000000,11712000000.0,11712000000.0,0.0,,,,,33000000.0,1785000000.0,1.0,154784234,154784234,,75.667,18867000000,0,318000000.0,0,121.892,6261000000
30,HUM,ARQ,2013-12-31,2014-02-19,2013-12-31,2021-07-28,158000000,20735000000,,12300000000,8435000000,,60.48,-127000000.0,1138000000,1138000000,8203000000.0,-30000000.0,1.945,1.226,3003000000,403000000,2600000000,3003000000,206000000,114000000.0,0,0.01,0.27,-14000000.0,100000000.0,0.01,100000000.0,-14000000.0,-49000000.0,-0.17,-0.17,-0.17,9316000000,,9316000000,17573419954,9.0,7.066,-143000000.0,-0.928,1.0,1984000000.0,0.195,3733000000,35000000.0,12544000000,,0,9800000000,8090000000,1710000000,11419000000,6323000000,5096000000,15708419954,-117000000.0,-25000000.0,-202000000.0,130000000.0,-43000000.0,-62000000.0,-39000000.0,113000000.0,-16000000.0,0.0,-30000000.0,-30000000.0,-30000000.0,0.0,0.0,-0.003,1998000000.0,-14000000.0,7921000000,-1.588,1.686,12.761,13.058,1218000000,0.0,101.98,0.38,0.38,950000000,8942000000,10187000000.0,10187000000.0,0.0,,,,,19000000.0,1908000000.0,1.0,154034320,154034320,,66.135,17002000000,0,-19000000.0,0,110.378,5977000000
31,HUM,ARQ,2013-09-30,2013-11-06,2013-09-30,2021-07-28,196000000,20903000000,,12573000000,8330000000,,61.611,-123000000.0,1255000000,1255000000,8075000000.0,368000000.0,1.919,1.176,2876000000,273000000,2603000000,2876000000,198000000,106000000.0,0,0.011,0.27,621000000.0,727000000.0,0.07,727000000.0,621000000.0,586000000.0,2.34,2.31,2.34,9606000000,,9606000000,16568407975,7.0,5.926,1024000000.0,6.568,1.0,2244000000.0,0.217,3716000000,35000000.0,12257000000,,0,9999000000,8262000000,1737000000,11297000000,6551000000,4746000000,14947407975,-264000000.0,-149000000.0,-74000000.0,27000000.0,-42000000.0,-416000000.0,-995000000.0,-723000000.0,1147000000.0,0.0,368000000.0,368000000.0,368000000.0,0.0,0.0,0.036,1623000000.0,621000000.0,7907000000,0.115,1.556,10.287,10.432,1180000000,0.0,95.87,0.367,0.367,824000000,9014000000,10319000000.0,10319000000.0,0.0,,,,,22000000.0,1540000000.0,1.0,155913299,155913299,,66.184,17187000000,0,218000000.0,0,110.234,6022000000
32,HUM,ARQ,2013-06-30,2013-07-31,2013-06-30,2021-07-28,209000000,20848000000,,12628000000,8220000000,,59.663,-97000000.0,1519000000,1519000000,8091000000.0,420000000.0,1.865,1.233,2852000000,246000000,2606000000,2852000000,193000000,104000000.0,0,0.012,0.27,689000000.0,793000000.0,0.077,793000000.0,689000000.0,654000000.0,2.66,2.63,2.66,9335000000,,9335000000,15611824331,6.0,5.482,76000000.0,0.486,1.0,2230000000.0,0.216,3638000000,35000000.0,11773000000,,0,9326000000,7556000000,1770000000,11513000000,6770000000,4743000000,14278824331,121000000.0,26000000.0,-106000000.0,-44000000.0,-41000000.0,-296000000.0,244000000.0,315000000.0,173000000.0,0.0,420000000.0,420000000.0,420000000.0,0.0,0.0,0.041,1541000000.0,689000000.0,8141000000,0.102,1.53,9.45,9.606,1133000000,0.0,91.26,0.357,0.357,1593000000,8688000000,10321000000.0,10321000000.0,0.0,,,,,19000000.0,1461000000.0,1.0,156463120,156463120,,65.964,17210000000,0,234000000.0,0,109.994,5858000000
33,HUM,ARQ,2013-03-31,2013-05-01,2013-03-31,2021-07-28,328000000,20974000000,,12678000000,8296000000,,58.183,-90000000.0,1398000000,1398000000,8195000000.0,473000000.0,1.826,1.289,2898000000,290000000,2608000000,2898000000,243000000,102000000.0,0,0.013,0.26,765000000.0,867000000.0,0.083,867000000.0,765000000.0,730000000.0,2.97,2.95,2.97,9164000000,,9164000000,13715835808,6.0,5.03,322000000.0,2.044,1.0,2291000000.0,0.218,3641000000,35000000.0,11889000000,,0,9965000000,8141000000,1824000000,11810000000,6944000000,4866000000,12215835808,92000000.0,-5000000.0,-89000000.0,-34000000.0,-42000000.0,72000000.0,-392000000.0,-297000000.0,412000000.0,0.0,473000000.0,473000000.0,473000000.0,0.0,0.0,0.045,1526000000.0,765000000.0,8335000000,0.088,1.333,8.442,8.589,1119000000,0.0,77.56,0.31,0.31,1321000000,8311000000,10486000000.0,10486000000.0,0.0,,,,,32000000.0,1446000000.0,1.0,157501751,157501751,,66.577,17333000000,0,257000000.0,0,110.05,5734000000
34,HUM,ARQ,2012-12-31,2013-02-22,2012-12-31,2021-07-28,386000000,19979000000,,11710000000,8269000000,,55.867,-106000000.0,1306000000,1306000000,7516000000.0,192000000.0,1.837,1.258,2935000000,324000000,2611000000,2935000000,230000000,100000000.0,0,0.015,0.26,309000000.0,409000000.0,0.043,409000000.0,309000000.0,282000000.0,1.22,1.2,1.22,8847000000,,8847000000,12810582757,6.0,5.442,99000000.0,0.625,1.0,2041000000.0,0.214,3640000000,27000000.0,11593000000,,0,9847000000,8001000000,1846000000,11132000000,6375000000,4757000000,11181582757,-57000000.0,-947000000.0,3000000.0,1037000000.0,-41000000.0,950000000.0,-1212000000.0,-159000000.0,205000000.0,0.0,192000000.0,192000000.0,192000000.0,0.0,0.0,0.02,1732000000.0,309000000.0,7679000000,0.213,1.264,9.15,9.34,1098000000,0.0,70.61,0.286,0.286,733000000,7881000000,9557000000.0,9557000000.0,0.0,,,,,14000000.0,1655000000.0,1.0,158356929,158356929,,60.351,16339000000,0,90000000.0,0,103.178,5335000000
35,HUM,ARQ,2012-09-30,2012-11-05,2012-09-30,2021-07-28,397000000,18797000000,,11678000000,7119000000,,54.929,-119000000.0,1363000000,1363000000,7467000000.0,426000000.0,1.834,1.163,1893000000,277000000,1616000000,1893000000,172000000,78000000.0,0,0.014,0.26,701000000.0,779000000.0,0.081,779000000.0,701000000.0,675000000.0,2.65,2.62,2.65,8691000000,,8691000000,12479057978,6.0,5.281,-1453000000.0,-9.183,1.0,2184000000.0,0.226,2962000000,26000000.0,9996000000,,0,9895000000,8058000000,1837000000,10106000000,6369000000,3737000000,11949057978,-2506000000.0,-212000000.0,-234000000.0,17000000.0,-42000000.0,-758000000.0,-414000000.0,-83000000.0,-1334000000.0,0.0,426000000.0,426000000.0,426000000.0,0.0,0.0,0.044,1483000000.0,701000000.0,7771000000,0.098,1.375,9.724,9.95,1034000000,0.0,75.52,0.309,0.309,642000000,7731000000,9651000000.0,9651000000.0,0.0,,,,,14000000.0,1408000000.0,1.0,158223755,158223755,,60.996,15835000000,0,249000000.0,0,100.08,5309000000
36,HUM,ARQ,2012-06-30,2012-08-01,2012-06-30,2021-07-28,327000000,20855000000,,14071000000,6784000000,,52.284,-99000000.0,3869000000,3869000000,7652000000.0,356000000.0,1.622,1.467,1878000000,260000000,1618000000,1878000000,2341000000,82000000.0,0,0.016,0.26,590000000.0,672000000.0,0.069,672000000.0,590000000.0,564000000.0,2.19,2.16,2.19,8455000000,,8455000000,8344041976,4.0,3.5,607000000.0,3.754,1.0,2047000000.0,0.211,2792000000,26000000.0,7396000000,,0,9665000000,7882000000,1783000000,12400000000,8676000000,3724000000,10335041976,213000000.0,-20000000.0,-124000000.0,-34000000.0,-41000000.0,-344000000.0,-149000000.0,-30000000.0,706000000.0,0.0,356000000.0,356000000.0,356000000.0,0.0,0.0,0.037,1457000000.0,590000000.0,7860000000,0.119,1.222,8.284,8.354,976000000,0.0,63.91,0.27,0.27,898000000,7346000000,9699000000.0,9699000000.0,0.0,,,,,14000000.0,1384000000.0,1.0,161712439,161712439,,59.977,18063000000,0,208000000.0,0,111.698,5395000000
37,HUM,ARQ,2012-03-31,2012-04-30,2012-03-31,2021-07-28,313000000,20700000000,,14056000000,6644000000,,50.46,-86000000.0,3656000000,3656000000,8350000000.0,248000000.0,1.593,1.514,1915000000,294000000,1621000000,1915000000,2298000000,78000000.0,0,0.012,0.25,416000000.0,494000000.0,0.048,494000000.0,416000000.0,390000000.0,1.51,1.49,1.51,8234000000,,8234000000,11424301083,5.0,4.495,2260000000.0,13.85,1.0,1869000000.0,0.183,2785000000,26000000.0,7351000000,,0,9593000000,7889000000,1704000000,12466000000,8823000000,3643000000,13165301083,2279000000.0,-56000000.0,-106000000.0,-48000000.0,-41000000.0,123000000.0,-190000000.0,-48000000.0,2346000000.0,0.0,248000000.0,248000000.0,248000000.0,0.0,0.0,0.024,1453000000.0,416000000.0,7921000000,0.166,1.599,9.739,9.815,939000000,0.0,80.68,0.348,0.348,1330000000,7032000000,10219000000.0,10219000000.0,0.0,,,,,40000000.0,1383000000.0,1.0,163179240,163179240,,62.624,17915000000,0,142000000.0,0,109.787,5233000000
38,HUM,ARQ,2011-12-31,2012-02-24,2011-12-31,2021-07-28,303000000,17708000000,,11181000000,6527000000,,49.149,-120074000.0,1377000000,1377000000,7061948000.0,198777000.0,1.846,1.196,1965000000,306000000,1659000000,1965000000,213000000,77836000.0,0,0.008,0.25,340026000.0,417862000.0,0.046,417862000.0,340026000.0,312982000.0,1.24,1.22,1.24,8063000000,,8063000000,15188525294,6.0,5.738,-1917054000.0,-11.686,1.0,1994560000.0,0.22,2740000000,27044000.0,9500000000,,0,9453000000,7743000000,1710000000,9645000000,6056000000,3589000000,14600525294,-2642268000.0,-212348000.0,14704000.0,7798000.0,-40506000.0,-630485000.0,-214803000.0,107830000.0,-1796980000.0,0.0,198777000.0,198777000.0,198777000.0,0.0,0.0,0.022,1654534000.0,340026000.0,7200000000,0.202,1.811,10.289,10.373,912000000,0.0,89.0,0.396,0.396,1034000000,6825000000,9056508000.0,9056508000.0,0.0,,,,,14222000.0,1585095000.0,1.0,164050846,164050846,,55.205,14968000000,0,114205000.0,0,91.24,5125000000
39,HUM,ARQ,2011-09-30,2011-10-31,2011-09-30,2021-07-28,279844000,19899729000,,13632338000,6267391000,,48.06,-86745000.0,4019405000,4019405000,7146530000.0,444760000.0,1.601,1.532,1960139000,298587000,1661552000,1960139000,2005366000,74581000.0,0,0.006,0.25,725785000.0,800366000.0,0.086,800366000.0,725785000.0,698720000.0,2.71,2.67,2.71,7857970000,,7857970000,11820572091,5.0,4.735,2832570000.0,17.324,1.0,2154113000.0,0.232,2579916000,27065000.0,6744046000,,0,9560580000,7864637000,1695943000,12041759000,8516501000,3525258000,13879838091,2451581000.0,-2700000.0,-237174000.0,81300000.0,-41494000.0,-183386000.0,-284348000.0,-218957000.0,2919315000.0,0.0,444760000.0,444760000.0,444760000.0,0.0,0.0,0.048,1428328000.0,725785000.0,7793133000,0.092,1.766,10.455,10.611,850888000,0.0,84.89,0.384,0.384,1036317000,6667005000,9300643000.0,9300643000.0,0.0,,,,,11800000.0,1361657000.0,1.0,163503806,163503806,,56.883,17319813000,0,253960000.0,0,105.929,5115837000
40,HUM,ARQ,2011-06-30,2011-08-01,2011-06-30,2021-07-28,189030000,17594905000,,11475227000,6119678000,,45.476,-58700000.0,1567824000,1567824000,7269768000.0,460287000.0,1.805,1.319,1881302000,217287000,1664015000,1881302000,204859000,75092000.0,0,0.003,0.25,754177000.0,829269000.0,0.089,829269000.0,754177000.0,726514000.0,2.76,2.71,2.76,7586717000,,7586717000,12385262357,6.0,5.141,102513000.0,0.614,1.0,2014363000.0,0.217,2577511000,27663000.0,8975108000,,0,9202656000,7609737000,1592919000,10008188000,6355764000,3652424000,12071784357,-188217000.0,-5952000.0,-156626000.0,-34786000.0,0.0,-181308000.0,-168122000.0,-104931000.0,161213000.0,0.0,460287000.0,460287000.0,460287000.0,0.0,0.0,0.05,1260186000.0,754177000.0,7494286000,0.091,1.591,9.461,9.471,822611000,0.0,72.36,0.342,0.342,1546392000,6262943000,9284131000.0,9284131000.0,0.0,,,,,11203000.0,1192405000.0,1.0,166829524,166829524,,55.65,15017394000,0,266227000.0,0,90.016,5119463000
41,HUM,ARQ,2011-03-31,2011-05-03,2011-03-31,2021-07-28,108808000,17160060000,,11096774000,6063286000,,42.917,-70481000.0,1756041000,1756041000,7344754000.0,315176000.0,1.743,1.374,1918520000,252073000,1666447000,1918520000,219004000,75491000.0,0,0.0,0.0,524012000.0,599503000.0,0.065,599503000.0,524012000.0,496784000.0,1.88,1.86,1.88,7226978000,,7226978000,12862782913,7.0,5.818,724971000.0,4.305,1.0,1845964000.0,0.201,2576208000,27228000.0,8381597000,,0,8989049000,7420959000,1568090000,9933082000,6364734000,3568348000,12700303913,82904000.0,-5000000.0,-33904000.0,-157312000.0,0.0,-21821000.0,-690727000.0,-633942000.0,795452000.0,0.0,315176000.0,315176000.0,315176000.0,0.0,0.0,0.034,1321952000.0,524012000.0,7423721000,0.0,1.757,10.988,10.93,819729000,0.0,75.42,0.367,0.367,1219347000,5844177000,9190718000.0,9190718000.0,0.0,,,,,29775000.0,1255843000.0,1.0,168394377,168394377,,54.579,14583852000,0,181608000.0,0,86.605,4732040000
42,HUM,ARQ,2010-12-31,2011-02-18,2010-12-31,2021-07-28,120584000,16103253000,,10137699000,5965554000,,41.081,-69804000.0,1673137000,1673137000,6783284000.0,107325000.0,1.765,1.326,2078234000,409385000,1668849000,2078234000,185410000,66307000.0,0,0.0,0.0,200873000.0,267180000.0,0.032,267180000.0,200873000.0,174492000.0,0.65,0.63,0.65,6924056000,,6924056000,10760526253,6.0,5.082,-117181000.0,-0.695,1.0,1566961000.0,0.188,2567809000,26381000.0,8195915000,,0,8372439000,6872767000,1499672000,9179197000,5744626000,3434571000,10355429253,-1249715000.0,-822330000.0,4450000.0,160379000.0,0.0,-256419000.0,-945919000.0,-36198000.0,-47377000.0,0.0,107325000.0,107325000.0,107325000.0,0.0,0.0,0.013,1366088000.0,200873000.0,6642686000,0.0,1.496,9.419,9.38,815337000,0.0,61.44,0.306,0.306,959018000,5529001000,8350245000.0,8350245000.0,0.0,,,,,10843000.0,1299781000.0,1.0,168545398,168545398,,49.543,13535444000,0,67167000.0,0,80.307,4393073000
43,HUM,ARQ,2010-09-30,2010-11-01,2010-09-30,2021-07-28,259025000,16390352000,,11384613000,5005739000,,41.225,-61005000.0,2922852000,2922852000,6637470000.0,393221000.0,1.818,1.362,1912451000,241229000,1671222000,1912451000,213778000,64557000.0,0,0.0,0.0,648433000.0,712990000.0,0.085,712990000.0,648433000.0,622290000.0,2.35,2.32,2.35,6938969000,,6938969000,8866531338,4.0,3.781,1148204000.0,6.822,1.0,1787178000.0,0.212,1997277000,26143000.0,7121549000,,0,8619542000,7142395000,1477147000,9451383000,6261125000,3190258000,9876932338,923870000.0,-8451000.0,-46296000.0,1313000.0,0.0,-92410000.0,-192929000.0,-136985000.0,1209209000.0,0.0,393221000.0,393221000.0,393221000.0,0.0,0.0,0.047,1138745000.0,648433000.0,7085286000,0.0,1.423,7.948,7.93,670277000,0.0,58.68,0.298,0.298,794197000,5421676000,8424648000.0,8424648000.0,0.0,,,,,12477000.0,1074188000.0,1.0,168318547,168318547,,50.052,14393075000,0,229069000.0,0,85.511,5123488000
44,HUM,ARQ,2010-06-30,2010-08-02,2010-06-30,2021-07-28,158428000,15690570000,,10787089000,4903481000,,38.284,-52399000.0,1998982000,1998982000,6859565000.0,340076000.0,1.799,1.422,1913481000,239916000,1673565000,1913481000,209346000,69290000.0,0,0.0,0.0,562076000.0,631366000.0,0.073,631366000.0,562076000.0,535854000.0,2.02,2.0,2.02,6478825000,,6478825000,8161195119,4.0,3.727,272912000.0,1.613,1.0,1793156000.0,0.207,1994593000,26222000.0,7613487000,,0,8287797000,6882063000,1405734000,9211745000,5996989000,3214756000,8246696119,184989000.0,-1669000.0,-48020000.0,3878000.0,0.0,4602000.0,-144924000.0,-107459000.0,325311000.0,0.0,340076000.0,340076000.0,340076000.0,0.0,0.0,0.039,1231080000.0,562076000.0,6775075000,0.0,1.273,7.165,7.114,660223000,0.0,48.73,0.254,0.254,1310269000,5028455000,8652721000.0,8652721000.0,0.0,,,,,12288000.0,1161790000.0,1.0,169232426,169232426,,51.129,13695977000,0,195778000.0,0,80.93,4790100000
45,HUM,ARQ,2010-03-31,2010-04-27,2010-03-31,2021-07-28,69994000,15209136000,,10259986000,4949150000,,35.754,-39028000.0,1813993000,1813993000,6807555000.0,258768000.0,1.737,1.499,1911918000,236038000,1675880000,1911918000,235584000,62756000.0,0,0.0,0.0,443240000.0,505996000.0,0.06,505996000.0,443240000.0,416926000.0,1.54,1.52,1.54,6085237000,,6085237000,7513421840,4.0,3.603,715623000.0,4.205,1.0,1633039000.0,0.193,1992924000,26314000.0,7408276000,,0,8098492000,6764833000,1333659000,9123899000,5905861000,3218038000,7415496840,200405000.0,0.0,-2590000.0,-138426000.0,0.0,-27029000.0,-527217000.0,-546395000.0,754651000.0,0.0,258768000.0,258768000.0,258768000.0,0.0,0.0,0.031,1189799000.0,443240000.0,6647418000,0.0,1.219,6.786,6.693,665909000,0.0,43.57,0.234,0.234,1091372000,4688379000,8440594000.0,8440594000.0,0.0,,,,,27339000.0,1127043000.0,1.0,170197311,170197311,,49.593,13216212000,0,158158000.0,0,77.652,4354125000
46,HUM,ARQ,2009-12-31,2010-02-19,2009-12-31,2021-07-28,42135000,14153494000,,9252816000,4900678000,,33.932,-61806000.0,1613588000,1613588000,6026796000.0,250659000.0,1.759,1.45,2052630000,374464000,1678166000,2052630000,228817000,69694000.0,0,0.0,0.0,424938000.0,494632000.0,0.065,494632000.0,424938000.0,398700000.0,1.49,1.48,1.49,5776003000,,5776003000,8158750149,5.0,4.167,212285000.0,1.247,1.0,1606249000.0,0.21,1992924000,26238000.0,7339620000,,0,7497150000,6190062000,1307088000,8377491000,5259992000,3117499000,7719708149,161582000.0,0.0,-2198000.0,175080000.0,0.0,276554000.0,-389063000.0,-390604000.0,274091000.0,0.0,250659000.0,250659000.0,250659000.0,0.0,0.0,0.033,1181311000.0,424938000.0,5849758000,0.0,1.337,7.425,7.303,679142000,0.0,45.35,0.249,0.249,811800000,4429611000,7633045000.0,7633045000.0,0.0,,,,,17052000.0,1111617000.0,1.0,170225097,170225097,,44.841,12160570000,0,148041000.0,0,71.438,3992824000
47,HUM,ARQ,2009-09-30,2009-11-03,2009-09-30,2021-07-28,83536000,14201787000,,9240828000,4960959000,,32.669,-39533000.0,1452006000,1452006000,6111351000.0,301519000.0,1.678,1.56,1879808000,199384000,1680424000,1879808000,219789000,62088000.0,0,0.0,0.0,495607000.0,557695000.0,0.072,557695000.0,495607000.0,469348000.0,1.8,1.78,1.8,5548203000,,5548203000,6825391296,4.0,3.769,900578000.0,5.303,1.0,1605468000.0,0.208,1992924000,26259000.0,7129427000,,0,7218704000,5899385000,1319319000,8653584000,5507238000,3146346000,6397589296,-133103000.0,-69000.0,1273000.0,45531000.0,0.0,-48093000.0,-1025121000.0,-1100753000.0,940111000.0,0.0,301519000.0,301519000.0,301519000.0,0.0,0.0,0.039,1109861000.0,495607000.0,6259969000,0.0,1.153,6.643,6.551,679010000,0.0,37.67,0.208,0.208,765039000,4178952000,7716819000.0,7716819000.0,0.0,,,,,15796000.0,1047773000.0,1.0,169832474,169832474,,45.438,12208863000,0,167829000.0,0,71.888,3733590000
48,HUM,ARQ,2009-06-30,2009-08-03,2009-06-30,2021-07-28,-86556000,13684389000,,8772364000,4912025000,,29.815,-43555000.0,1585109000,1585109000,6367545000.0,281780000.0,1.605,1.705,1836507000,153853000,1682654000,1836507000,244855000,60478000.0,0,0.0,0.0,466524000.0,527002000.0,0.067,527002000.0,466524000.0,439950000.0,1.68,1.67,1.68,5058278000,,5058278000,5979033343,4.0,3.71,118305000.0,0.697,1.0,1531344000.0,0.194,1992924000,26574000.0,6476261000,,0,5823620000,4583423000,1240197000,8626111000,5466602000,3159509000,5727635343,-326093000.0,0.0,55000.0,-354209000.0,0.0,-299674000.0,-188279000.0,-207132000.0,161860000.0,0.0,281780000.0,281780000.0,281780000.0,0.0,0.0,0.036,1064820000.0,466524000.0,6222211000,0.0,1.132,6.782,6.685,691414000,0.0,33.76,0.189,0.189,1265986000,3877433000,7898889000.0,7898889000.0,0.0,,,,,17346000.0,1004342000.0,1.0,169657445,169657445,,46.558,11691465000,0,158170000.0,0,68.912,3305762000
49,HUM,ARQ,2009-03-31,2009-04-27,2009-03-31,2021-07-28,-174924000,13606610000,,8882756000,4723854000,,27.534,-39047000.0,1911202000,1911202000,6269310000.0,205717000.0,1.618,1.913,2192918000,258062000,1934856000,2192918000,241462000,58014000.0,0,0.0,0.0,320534000.0,378548000.0,0.049,378548000.0,320534000.0,293762000.0,1.23,1.22,1.23,4670313000,,4670313000,5243081695,4.0,3.541,6473000.0,0.038,1.0,1442351000.0,0.187,1991220000,26772000.0,6407377000,,0,5520975000,4439005000,1081970000,8936297000,5489729000,3446568000,4961365695,-59221000.0,-12367000.0,-4765000.0,33520000.0,0.0,152057000.0,-256798000.0,-276667000.0,45520000.0,0.0,205717000.0,205717000.0,205717000.0,0.0,0.0,0.027,1121817000.0,320534000.0,6129895000,0.0,1.062,6.421,6.317,701376000,0.0,29.25,0.167,0.167,1025793000,3595653000,7711661000.0,7711661000.0,0.0,,,,,15676000.0,1063803000.0,1.0,169619340,169619340,,45.465,11615390000,0,88045000.0,0,68.479,3393027000
50,HUM,ARQ,2008-12-31,2009-02-20,2008-12-31,2021-07-28,-175243000,13041760000,,8396042000,4645718000,,26.397,-82021000.0,1970423000,1970423000,6041104000.0,174080000.0,1.62,1.926,2161574000,224542000,1937032000,2161574000,238098000,59808000.0,0,0.0,0.0,287781000.0,347589000.0,0.046,347589000.0,287781000.0,261046000.0,1.04,1.04,1.04,4457190000,,4457190000,7036532497,7.0,5.44,214552000.0,1.271,1.0,1446532000.0,0.193,1963111000,26735000.0,6085855000,,0,5215442000,4203538000,1011904000,8584570000,5183945000,3400625000,6845381497,427523000.0,-160568000.0,1617000.0,216828000.0,0.0,436962000.0,-306012000.0,-133586000.0,296573000.0,0.0,174080000.0,174080000.0,174080000.0,0.0,0.0,0.023,1158751000.0,287781000.0,5886063000,0.0,1.536,10.578,10.475,711492000,0.0,40.54,0.236,0.236,777672000,3389936000,7487636000.0,7487636000.0,0.0,,,,,13534000.0,1098943000.0,1.0,168854995,168854995,,44.344,11078649000,0,86966000.0,0,65.61,3212097000
51,HUM,ARQ,2008-09-30,2008-11-03,2008-09-30,2021-07-28,-172484000,12563870000,,8199987000,4363883000,,25.313,-67500000.0,1542900000,1542900000,5810613000.0,183008000.0,1.541,1.942,1925913000,257680000,1668233000,1925913000,220509000,56126000.0,0,0.0,0.0,302208000.0,358334000.0,0.05,358334000.0,302208000.0,282860000.0,1.1,1.09,1.1,4270532000,,4270532000,6007844908,5.0,4.379,509775000.0,3.022,1.0,1337557000.0,0.187,1823280000,19348000.0,5800665000,,0,4913014000,3982564000,930450000,8293338000,5322938000,2970400000,5624831908,368258000.0,3746000.0,-9547000.0,-41467000.0,0.0,-458515000.0,249498000.0,48457000.0,577275000.0,0.0,183008000.0,183008000.0,183008000.0,0.0,0.0,0.026,1035349000.0,302208000.0,5833421000,0.0,1.317,7.853,7.772,677882000,0.0,33.34,0.202,0.202,697497000,3215856000,7148170000.0,7148170000.0,0.0,,,,,14670000.0,979223000.0,1.0,168711215,168711215,,42.369,10740590000,0,99852000.0,0,63.663,2877049000
52,HUM,ARQ,2008-06-30,2008-08-04,2008-06-30,2021-07-28,-51125000,12939983000,,8460543000,4479440000,,24.89,-64958000.0,1174642000,1174642000,6038482000.0,209896000.0,1.467,2.078,1933063000,297965000,1635098000,1933063000,210770000,53458000.0,0,0.0,0.0,342881000.0,396339000.0,0.054,396339000.0,342881000.0,325014000.0,1.26,1.24,1.26,4203728000,,4203728000,8664278176,6.0,5.588,39065000.0,0.231,1.0,1312380000.0,0.179,1817460000,17867000.0,6115268000,,0,5184815000,4195562000,989253000,8736255000,5765676000,2970579000,7905857176,-513645000.0,-262255000.0,-13890000.0,75486000.0,0.0,-94482000.0,-523186000.0,-369572000.0,104023000.0,0.0,209896000.0,209896000.0,209896000.0,0.0,0.0,0.029,969499000.0,342881000.0,6237198000,0.0,1.881,9.461,9.362,655431000,0.0,46.81,0.293,0.293,987074000,3032848000,7350862000.0,7350862000.0,0.0,,,,,13249000.0,916041000.0,1.0,168892484,168892484,,43.524,11122523000,0,115118000.0,0,65.856,2694867000
53,HUM,ARQ,2008-03-31,2008-04-29,2008-03-31,2021-07-28,7312000,12762028000,,8610275000,4151753000,,23.949,-47087000.0,1688287000,1688287000,5818034000.0,80170000.0,1.502,2.149,1892581000,291246000,1601335000,1892581000,227492000,50958000.0,0,0.0,0.0,140267000.0,191225000.0,0.027,191225000.0,140267000.0,123928000.0,0.48,0.47,0.48,4052474000,,4052474000,8316332429,6.0,5.317,-42648000.0,-0.252,1.0,1141670000.0,0.164,1683604000,16339000.0,5548279000,,0,4917936000,3954830000,963106000,8709554000,5734439000,2975115000,8112038429,-352166000.0,-3838000.0,-73285000.0,-102980000.0,0.0,-437981000.0,81376000.0,-230823000.0,4439000.0,0.0,80170000.0,80170000.0,80170000.0,0.0,0.0,0.012,1001403000.0,140267000.0,6184420000,0.0,2.002,9.627,9.512,636935000,0.0,47.94,0.311,0.311,747806000,2822952000,6959704000.0,6959704000.0,0.0,,,,,13916000.0,950445000.0,1.0,169212316,169212316,,41.13,11078424000,0,43758000.0,0,65.471,2875836000
54,HUM,ARQ,2007-12-31,2008-02-25,2007-12-31,2021-07-28,14021000,12879074000,,8732846000,4146228000,,23.675,-72608000.0,2040453000,2040453000,4912251000.0,243219000.0,1.508,2.197,1957049000,269226000,1687823000,1957049000,219780000,48234000.0,0,0.0,0.0,377934000.0,426168000.0,0.067,426168000.0,377934000.0,358987000.0,1.45,1.43,1.45,4028937000,,4028937000,11684086956,9.0,7.572,-262440000.0,-1.542,1.0,1426544000.0,0.225,1663939000,18947000.0,5339880000,,0,4650367000,3635317000,1015050000,8850137000,5791851000,3058286000,11767490956,-545217000.0,-465987000.0,-410000.0,340870000.0,0.0,833927000.0,-1189312000.0,-144257000.0,-189832000.0,0.0,243219000.0,243219000.0,243219000.0,0.0,0.0,0.038,1048610000.0,377934000.0,6283531000,0.0,2.921,14.115,13.83,637241000,0.0,69.15,0.465,0.465,592761000,2742782000,6338795000.0,6338795000.0,0.0,,,,,11264000.0,1000376000.0,1.0,170173405,170173405,,37.249,11215135000,0,115768000.0,0,65.904,2940995000
55,HUM,ARQ,2007-09-30,2007-10-29,2007-09-30,2021-07-28,-11042000,12072506000,,9201824000,2870682000,,22.067,-29477000.0,2585670000,2585670000,4953862000.0,302378000.0,1.439,2.229,1546214000,253356000,1292858000,1546214000,177080000,42250000.0,0,0.0,0.0,494449000.0,536699000.0,0.085,536699000.0,494449000.0,478502000.0,1.81,1.78,1.81,3738877000,,3738877000,11456178264,9.0,8.106,-667130000.0,-3.937,1.0,1365722000.0,0.216,1330585000,15947000.0,3306607000,,0,3896069000,3475300000,420769000,8333629000,6395858000,1937771000,12495634264,-1135099000.0,-501000.0,11504000.0,38710000.0,0.0,-873828000.0,376382000.0,-109116000.0,-637653000.0,0.0,302378000.0,302378000.0,302378000.0,0.0,0.0,0.048,871273000.0,494449000.0,5965422000,0.0,3.342,16.762,16.462,570798000,0.0,73.75,0.508,0.508,685242000,2499563000,6319584000.0,6319584000.0,0.0,,,,,10604000.0,829023000.0,1.0,169432329,169432329,,37.299,10741921000,0,176124000.0,0,63.399,2805966000
56,HUM,ARQ,2007-06-30,2007-08-03,2007-06-30,2021-07-28,-38112000,13334965000,,10405926000,2929039000,,20.025,-43971000.0,3720769000,3720769000,5190418000.0,216846000.0,1.296,2.951,1479216000,289646000,1189570000,1479216000,1355017000,54264000.0,0,0.0,0.0,355656000.0,409920000.0,0.064,409920000.0,355656000.0,339590000.0,1.3,1.28,1.3,3375498000,,3375498000,8731880332,9.0,7.396,433295000.0,2.571,1.0,1236379000.0,0.192,1330585000,16066000.0,1733490000,,0,3724311000,3323536000,400775000,9959467000,8029337000,1930130000,10973433332,26710000.0,-224000.0,12775000.0,-104926000.0,0.0,141590000.0,-592146000.0,-251081000.0,477266000.0,0.0,216846000.0,216846000.0,216846000.0,0.0,0.0,0.034,880723000.0,355656000.0,6384674000,0.0,3.251,18.219,17.885,569412000,0.0,65.1,0.458,0.458,685479000,2197185000,6426797000.0,6426797000.0,0.0,,,,,10462000.0,826459000.0,1.0,168562724,168562724,,38.127,12004380000,0,122744000.0,0,71.216,2376589000
57,HUM,ARQ,2007-03-31,2007-05-03,2007-03-31,2021-07-28,-8378000,12706125000,,9870592000,2835533000,,18.803,-66674000.0,3694059000,3694059000,5214000000.0,71241000.0,1.311,3.022,1613906000,284572000,1329334000,1613906000,1330325000,40064000.0,0,0.0,0.0,130139000.0,170203000.0,0.027,170203000.0,130139000.0,112221000.0,0.43,0.42,0.43,3159527000,,3159527000,8585154882,11.0,8.901,1507807000.0,8.973,1.0,990813000.0,0.16,1331418000,17918000.0,1766783000,,0,3535058000,3154920000,380138000,9546598000,7527771000,2018827000,10665307882,1953755000.0,-26781000.0,10357000.0,50967000.0,0.0,819589000.0,-440315000.0,74345000.0,1574481000.0,0.0,71241000.0,71241000.0,71241000.0,0.0,0.0,0.011,860674000.0,130139000.0,5912874000,0.0,3.376,22.456,21.962,571405000,0.0,63.47,0.465,0.465,826314000,1980339000,6204813000.0,6204813000.0,0.0,,,,,9802000.0,820610000.0,1.0,168036992,168036992,,36.925,11374707000,0,40980000.0,0,67.692,2342821000
58,HUM,ARQ,2006-12-31,2007-02-23,2006-12-31,2021-07-28,-13205000,10127496000,,7332973000,2794523000,,18.317,-56378000.0,1740304000,1740304000,4541775000.0,155021000.0,1.412,2.316,1562705000,293605000,1269100000,1562705000,155298000,39419000.0,0,0.0,0.0,256987000.0,296406000.0,0.052,296406000.0,256987000.0,241181000.0,0.94,0.92,0.94,3053886000,,3053886000,9969018724,12.0,10.237,478523000.0,2.87,1.0,1113444000.0,0.197,1310631000,15806000.0,3447454000,,0,3607150000,3192273000,414877000,7073610000,5191812000,1881798000,10146617724,559070000.0,-1700000.0,-4448000.0,312177000.0,0.0,-152811000.0,176980000.0,-54277000.0,534901000.0,0.0,155021000.0,155021000.0,155021000.0,0.0,0.0,0.027,856457000.0,256987000.0,4742909000,0.0,3.323,20.817,20.492,545004000,0.0,60.86,0.474,0.474,667657000,1909098000,5655219000.0,5655219000.0,0.0,,,,,8157000.0,817038000.0,1.0,166720633,166720633,,33.92,8816865000,0,86160000.0,0,52.884,2141161000
59,HUM,ARQ,2006-09-30,2006-11-07,2006-09-30,2021-07-28,-6574000,9957165000,,7153005000,2804160000,,17.401,-47333000.0,1181234000,1181234000,4616002000.0,159198000.0,1.316,2.442,1251388000,281244000,970144000,1251388000,146320000,37677000.0,0,0.0,0.0,266383000.0,304060000.0,0.054,304060000.0,266383000.0,249374000.0,0.97,0.95,0.97,2892463000,,2892463000,9819453062,14.0,11.965,-438350000.0,-2.637,1.0,1033782000.0,0.183,1307231000,17009000.0,3283265000,,0,3650992000,3242711000,408281000,7064702000,5436823000,1627879000,9749299062,-1077230000.0,-431000.0,10970000.0,-142551000.0,0.0,310380000.0,-996593000.0,-272353000.0,-391017000.0,0.0,159198000.0,159198000.0,159198000.0,0.0,0.0,0.028,767399000.0,266383000.0,5009259000,0.0,3.371,24.557,24.136,518930000,0.0,58.65,0.502,0.502,729949000,1754077000,5649784000.0,5649784000.0,0.0,,,,,9350000.0,729722000.0,1.0,166228458,166228458,,33.988,8649934000,0,90176000.0,0,52.036,1716182000
60,HUM,ARQ,2006-06-30,2006-08-03,2006-06-30,2021-07-28,-43352000,9836600000,,7059026000,2777574000,,16.108,-36694000.0,2258464000,2258464000,4479501000.0,89489000.0,1.273,2.7,1356164000,571765000,784399000,1356164000,1170278000,36596000.0,0,0.0,0.0,157209000.0,193805000.0,0.036,193805000.0,157209000.0,140322000.0,0.55,0.53,0.55,2658795000,,2658795000,8681328671,18.0,13.728,498161000.0,3.018,1.0,927668000.0,0.172,1307650000,16887000.0,2083196000,,0,3385802000,2998440000,387362000,7177805000,5543454000,1634351000,9583628671,415059000.0,-25818000.0,366000.0,190957000.0,0.0,274989000.0,-394785000.0,-341746000.0,534855000.0,0.0,89489000.0,89489000.0,89489000.0,0.0,0.0,0.017,770459000.0,157209000.0,3801411000,0.0,3.605,33.305,32.802,505721000,0.0,58.06,0.545,0.545,767610000,1594879000,5407169000.0,5407169000.0,0.0,,,,,8471000.0,733863000.0,1.0,165064221,165064221,,32.758,8528950000,0,50833000.0,0,51.67,1515572000
61,HUM,ARQ,2006-03-31,2006-05-03,2006-03-31,2021-07-28,-28408000,8698020000,,6019326000,2678694000,,15.595,-43123000.0,1843405000,1843405000,3783926000.0,83715000.0,1.257,2.387,1177043000,575818000,601225000,1177043000,920678000,34906000.0,0,0.0,0.0,144647000.0,179553000.0,0.038,179553000.0,144647000.0,131208000.0,0.51,0.5,0.51,2567759000,,2567759000,6214289287,13.0,10.188,964850000.0,5.86,1.0,920439000.0,0.196,1265176000,13439000.0,1978944000,,0,2997592000,2623009000,374583000,6130261000,4787538000,1342723000,6880651287,1111389000.0,-113000.0,15636000.0,95582000.0,0.0,543084000.0,-439668000.0,-193720000.0,1007973000.0,0.0,83715000.0,83715000.0,83715000.0,0.0,0.0,0.018,775792000.0,144647000.0,3291042000,0.0,2.68,24.365,24.017,498267000,0.0,41.79,0.437,0.437,763061000,1505390000,4704365000.0,4704365000.0,0.0,,,,,6580000.0,740886000.0,1.0,164648272,164648272,,28.572,7432844000,0,47493000.0,0,45.144,1231788000
62,HUM,ARQ,2005-12-31,2006-03-03,2005-12-31,2021-07-28,24832000,6869614000,,4206186000,2663428000,,15.133,-51679000.0,732016000,732016000,2914831000.0,64607000.0,1.306,1.777,1095049000,581259000,513790000,1095049000,120489000,33727000.0,0,0.0,0.0,109545000.0,143272000.0,0.039,143272000.0,109545000.0,99216000.0,0.4,0.39,0.4,2474105000,,2474105000,8677926993,19.0,14.711,-298176000.0,-1.824,1.0,748249000.0,0.204,1264575000,10329000.0,2748482000,,0,2745939000,2354904000,391035000,4395509000,3219590000,1175919000,8314893993,-246920000.0,-50028000.0,7598000.0,221572000.0,0.0,159227000.0,-159650000.0,-127886000.0,-246497000.0,0.0,64607000.0,64607000.0,64607000.0,0.0,0.0,0.018,638704000.0,109545000.0,2517842000,0.0,3.361,26.954,26.628,484412000,0.0,50.86,0.577,0.577,723190000,1538306000,3663080000.0,3663080000.0,0.0,,,,,11319000.0,604977000.0,1.0,163485922,163485922,,22.406,5605039000,0,34609000.0,0,34.285,986596000
63,HUM,ARQ,2005-09-30,2005-11-07,2005-09-30,2021-07-28,-3504000,6832421000,,4283136000,2549285000,,14.534,-42481000.0,978936000,978936000,3094397000.0,49944000.0,1.21,1.888,878009000,560799000,317210000,878009000,533908000,34119000.0,0,0.0,0.0,81645000.0,115764000.0,0.03,115764000.0,81645000.0,71504000.0,0.31,0.3,0.31,2365970000,,2365970000,7034111977,17.0,12.799,548558000.0,3.37,1.0,727064000.0,0.19,1220461000,10141000.0,1972109000,,0,2594058000,2228424000,365634000,4466451000,3538924000,927527000,7135038977,375146000.0,-90000.0,8007000.0,-168060000.0,0.0,-119498000.0,-96395000.0,-13269000.0,591039000.0,0.0,49944000.0,49944000.0,49944000.0,0.0,0.0,0.013,645419000.0,81645000.0,2444217000,0.0,3.016,24.519,24.215,457078000,0.0,43.83,0.511,0.511,695344000,1473699000,3821461000.0,3821461000.0,0.0,,,,,0.0,611300000.0,1.0,162788934,162788934,,23.475,5611960000,0,21560000.0,0,34.474,744212000
64,HUM,ARQ,2005-06-30,2005-08-05,2005-06-30,2021-07-28,13115000,6277907000,,3743070000,2534837000,,14.261,-31004000.0,603790000,603790000,2888509000.0,84137000.0,1.532,1.71,1060881000,182493000,878388000,1060881000,121148000,31763000.0,0,0.0,0.0,139629000.0,171392000.0,0.048,171392000.0,139629000.0,129307000.0,0.52,0.51,0.52,2316188000,,2316188000,7285202660,15.0,12.162,150853000.0,0.929,1.0,657852000.0,0.186,1221663000,10322000.0,3069832000,,0,2576341000,2217698000,358643000,3961719000,2443503000,1518216000,6828111660,43526000.0,-4627000.0,6506000.0,-35248000.0,0.0,-78422000.0,-59909000.0,-73958000.0,181857000.0,0.0,84137000.0,84137000.0,84137000.0,0.0,0.0,0.024,518223000.0,139629000.0,2139862000,0.0,2.948,20.986,20.709,437393000,0.0,42.04,0.513,0.513,588706000,1423755000,3546361000.0,3546361000.0,0.0,,,,,0.0,486460000.0,1.0,162419402,162419402,,21.835,5056244000,0,45170000.0,0,31.131,1299567000
65,HUM,ARQ,2005-03-31,2005-05-05,2005-03-31,2021-07-28,-5648000,6149593000,,3638451000,2511142000,,13.593,-36185000.0,560264000,560264000,2753733000.0,109795000.0,1.513,1.796,1078012000,192741000,885271000,1078012000,143683000,29249000.0,0,0.0,0.0,130210000.0,159459000.0,0.047,159459000.0,130210000.0,121687000.0,0.68,0.67,0.68,2199805000,,2199805000,6177266083,13.0,10.605,63043000.0,0.39,1.0,633492000.0,0.187,1244370000,8523000.0,3018321000,,0,2482533000,2136841000,345692000,3949788000,2404650000,1545138000,5659518083,-19815000.0,-348099000.0,13760000.0,269681000.0,0.0,332279000.0,-451322000.0,-18200000.0,99228000.0,0.0,109795000.0,109795000.0,109795000.0,0.0,0.0,0.032,503282000.0,130210000.0,2068226000,0.0,2.573,17.577,17.398,428890000,0.0,34.97,0.429,0.429,568184000,1339618000,3387225000.0,3387225000.0,0.0,,,,,0.0,474033000.0,1.0,161839236,161839236,,20.93,4905223000,0,11892000.0,0,30.309,1233801000
66,HUM,ARQ,2004-12-31,2005-03-02,2004-12-31,2021-07-28,16526000,5657617000,,3596137000,2061480000,,12.997,-39677000.0,580079000,580079000,2645480000.0,47126000.0,1.546,1.707,828756000,192060000,636696000,828756000,146326000,33077000.0,0,0.0,0.0,69899000.0,102976000.0,0.032,102976000.0,69899000.0,63251000.0,0.3,0.29,0.3,2090124000,,2090124000,5734103972,13.0,10.298,-20192000.0,-0.126,1.0,564145000.0,0.176,885572000,6648000.0,2694154000,,0,2494110000,2145645000,348465000,3567493000,2326568000,1240925000,5485426972,204989000.0,-25838000.0,13683000.0,74000000.0,0.0,79032000.0,106472000.0,163336000.0,19485000.0,0.0,47126000.0,47126000.0,47126000.0,0.0,0.0,0.015,494246000.0,69899000.0,1988182000,0.0,2.624,19.59,19.491,399506000,0.0,34.11,0.419,0.419,554661000,1229823000,3209625000.0,3209625000.0,0.0,,,,,4020000.0,461169000.0,1.0,160815801,160815801,,19.958,4772045000,0,16125000.0,0,29.674,1269569000
67,HUM,ARQ,2004-09-30,2004-11-05,2004-09-30,2021-07-28,13797000,5411610000,,3405722000,2005888000,,12.684,-24610000.0,375090000,375090000,2550911000.0,84303000.0,1.555,1.676,747018000,116106000,630912000,747018000,132659000,31238000.0,0,0.0,0.0,133953000.0,165191000.0,0.052,165191000.0,133953000.0,127473000.0,0.53,0.52,0.53,2021995000,,2021995000,3942661309,8.0,6.74,278859000.0,1.749,1.0,625362000.0,0.197,859734000,6480000.0,2734012000,,0,2666318000,2332522000,333796000,3389615000,2189792000,1199823000,3570733309,171454000.0,-47237000.0,-11744000.0,-55956000.0,0.0,-67700000.0,-64315000.0,7532000.0,303469000.0,0.0,84303000.0,84303000.0,84303000.0,0.0,0.0,0.027,491409000.0,133953000.0,1941027000,0.0,1.766,11.934,12.043,390735000,0.0,22.4,0.274,0.274,405067000,1182697000,3176273000.0,3176273000.0,0.0,,,,,0.0,460171000.0,1.0,159407737,159407737,,19.925,4551876000,0,43170000.0,0,28.555,1215930000
68,HUM,ARQ,2004-06-30,2004-08-06,2004-06-30,2021-07-28,-16756000,5342909000,,3403923000,1938986000,,12.005,-15971000.0,203636000,203636000,2789740000.0,80753000.0,1.523,1.792,795739000,172062000,623677000,795739000,109066000,27165000.0,0,0.0,0.0,127678000.0,154843000.0,0.045,154843000.0,127678000.0,122353000.0,0.5,0.5,0.5,1913383000,,1913383000,3424418484,8.0,,48939000.0,0.307,1.0,641738000.0,0.187,813399000,5325000.0,2886282000,,0,2645949000,2322282000,323667000,3429526000,2235331000,1194195000,2832315484,-214011000.0,-68735000.0,-35214000.0,-38375000.0,0.0,-73589000.0,-205332000.0,-120626000.0,64910000.0,0.0,80753000.0,80753000.0,80753000.0,0.0,0.0,0.024,514060000.0,127678000.0,1954203000,0.0,1.48,10.225,10.331,392956000,0.0,17.77,0.218,0.218,528078000,1098394000,3431478000.0,3431478000.0,0.0,,,,,0.0,486895000.0,1.0,159387478,159387478,,21.529,4529510000,0,41600000.0,0,28.418,1168592000
69,HUM,ARQ,2004-03-31,2004-05-07,2004-03-31,2021-07-28,24641000,5275745000,,3368820000,1906925000,,11.822,-3347000.0,417647000,417647000,2683516000.0,67830000.0,1.559,1.764,857334000,210437000,646897000,857334000,131372000,26312000.0,0,0.0,0.0,107492000.0,133804000.0,0.041,133804000.0,107492000.0,102773000.0,0.42,0.41,0.42,1908946000,,1908946000,2997429505,,,-43402000.0,-0.269,1.0,603433000.0,0.184,776874000,4719000.0,2777397000,,0,2427193000,2115784000,311409000,3366799000,2161161000,1205638000,2557742505,-513757000.0,0.0,-4179000.0,-8617000.0,0.0,-12796000.0,-460906000.0,-457559000.0,-40055000.0,0.0,67830000.0,67830000.0,67830000.0,0.0,0.0,0.021,495941000.0,107492000.0,1819352000,0.0,1.34,,,397212000,0.0,15.84,,,511931000,1017641000,3286949000.0,3286949000.0,0.0,,,,,0.0,469629000.0,1.0,161473643,161473643,,20.356,4498871000,0,34943000.0,0,27.861,1207659000
70,HUM,ARQ,2003-12-31,2004-03-05,2003-12-31,2021-07-28,16909000,5293323000,,3321331000,1971992000,,11.325,-27589000.0,931404000,931404000,2534887000.0,66309000.0,1.467,1.883,861692000,219054000,642638000,861692000,333071000,26547000.0,0,0.0,0.0,104606000.0,131153000.0,0.042,131153000.0,104606000.0,99712000.0,0.41,0.4,0.41,1835949000,,1835949000,3495068252,10.0,7.149,262631000.0,1.62,1.0,617985000.0,0.196,776874000,4894000.0,2182116000,,0,1995809000,1676642000,319167000,3457374000,2264621000,1192753000,3564780252,295567000.0,0.0,27681000.0,-3028000.0,0.0,10526000.0,-5179000.0,22410000.0,290220000.0,0.0,66309000.0,66309000.0,66309000.0,0.0,0.0,0.021,513379000.0,104606000.0,1712496000,0.0,1.942,15.571,15.271,416472000,0.0,21.99,0.292,0.292,452404000,949811000,3152872000.0,3152872000.0,0.0,,,,,6337000.0,486832000.0,1.0,162109152,162109152,,19.449,4516449000,0,33403000.0,0,27.861,1056710000
71,HUM,ARQ,2003-09-30,2003-11-05,2003-09-30,2021-07-28,20086000,4749724000,,3079711000,1670013000,,10.92,,635837000,635837000,2528123000.0,62119000.0,1.493,1.7,863191000,218751000,644440000,863191000,108161000,,0,0.0,0.0,98149000.0,,,,98149000.0,93412000.0,0.39,0.38,0.39,1759124000,,1759124000,3418637610,,,,,1.0,583642000.0,0.188,776874000,4737000.0,2137800000,,0,2002866000,1682402000,320464000,2990600000,2062404000,928196000,3191283610,,,,,,,,,,,62119000.0,62119000.0,62119000.0,0.0,0.0,0.02,485493000.0,98149000.0,1735492000,0.0,1.814,,,413402000,0.0,19.81,,,461684000,883502000,3111765000.0,3111765000.0,0.0,,,,,,458381000.0,1.0,161094579,161094579,,19.316,3972850000,0,31293000.0,0,24.662,1017307000
72,HUM,ARQ,2003-03-31,2003-05-14,2003-03-31,2021-07-28,23257000,4429187000,,2731187000,1698000000,,10.033,-21634000.0,532652000,532652000,2371434000.0,31230000.0,1.238,1.733,683907000,349579000,334328000,683907000,117604000,31140000.0,0,0.0,0.0,51337000.0,82477000.0,0.028,82477000.0,51337000.0,47402000.0,0.2,0.19,0.2,1620779000,,1620779000,2165620754,11.0,6.614,-129864000.0,-0.804,1.0,560282000.0,0.191,776874000,3935000.0,1597619000,,0,1723873000,1411356000,312517000,2808408000,2205949000,602459000,2014365754,-188705000.0,0.0,-20817000.0,-10303000.0,0.0,-30769000.0,-49706000.0,-28072000.0,-108230000.0,0.0,31230000.0,31230000.0,31230000.0,0.0,0.0,0.011,508945000.0,51337000.0,1738766000,0.0,1.243,15.834,15.785,423465000,0.0,12.47,0.176,0.176,472972000,752107000,2931716000.0,2931716000.0,0.0,,,,,0.0,447045000.0,1.0,161536949,161536949,,18.149,3652313000,0,16172000.0,0,22.61,525238000
73,HUM,ARQ,2002-12-31,2003-03-21,2002-12-31,2021-07-28,22455000,4600030000,,2794925000,1805105000,,9.993,-26706000.0,721357000,721357000,2326448000.0,-1705000.0,1.169,1.863,699795000,359882000,339913000,699795000,335757000,30174000.0,0,0.0,0.0,1857000.0,32031000.0,0.011,32031000.0,1857000.0,-2507000.0,-0.01,-0.01,-0.01,1606474000,,1606474000,1592542164,7.0,4.577,396004000.0,2.463,1.0,528584000.0,0.185,776874000,4364000.0,1411135000,,0,1694557000,1405833000,288724000,2993556000,2390459000,603097000,1614104164,345621000.0,-1109000.0,-48596000.0,-10510000.0,0.0,-58884000.0,-18205000.0,9610000.0,422710000.0,0.0,-1705000.0,-1705000.0,-1705000.0,0.0,0.0,-0.001,526727000.0,1857000.0,1694820000,0.0,1.005,11.307,11.54,459842000,0.0,10.04,0.143,0.143,348562000,720877000,2855032000.0,2855032000.0,0.0,,,,,8994000.0,460676000.0,1.0,160767347,160767347,,17.759,3823156000,0,-802000.0,0,23.781,404466000
74,HUM,ARQ,2002-09-30,2002-11-12,2002-09-30,2021-07-28,35819000,4379330000,,2584503000,1794827000,,10.09,-26851000.0,375736000,375736000,2301021000.0,52331000.0,1.231,1.626,703463000,369402000,334061000,703463000,89977000,30523000.0,0,0.0,0.0,81064000.0,111587000.0,0.039,111587000.0,81064000.0,76957000.0,0.32,0.31,0.32,1667444000,,1667444000,2145522430,8.0,5.123,55762000.0,0.337,1.0,540606000.0,0.19,776874000,4107000.0,1830488000,,0,1737870000,1420524000,317346000,2711886000,2099695000,612191000,1817795430,-74964000.0,0.0,-25439000.0,-28877000.0,0.0,-53936000.0,-103641000.0,-76790000.0,82613000.0,0.0,52331000.0,52331000.0,52331000.0,0.0,0.0,0.018,459542000.0,81064000.0,1640316000,0.0,1.09,10.12,10.092,462453000,0.0,11.0,0.165,0.165,489518000,722583000,2841627000.0,2841627000.0,0.0,,,,,0.0,429019000.0,1.0,165254130,165254130,,17.195,3602456000,50838000,24626000.0,0,21.799,484808000
75,HUM,ARQ,2002-06-30,2002-08-09,2002-06-30,2021-07-28,18635000,4361503000,,2579877000,1781626000,,9.564,-24365000.0,450700000,450700000,2316188000.0,45359000.0,1.201,1.69,721645000,398279000,323366000,721645000,82962000,30237000.0,0,0.0,0.0,71082000.0,101319000.0,0.036,101319000.0,71082000.0,66705000.0,0.28,0.27,0.28,1621138000,,1621138000,2427000213,9.0,6.049,-68143000.0,-0.402,1.0,515752000.0,0.182,776874000,4377000.0,1707522000,,0,1639568000,1337776000,301792000,2740365000,2148052000,592313000,2156055213,-35182000.0,0.0,0.0,-28151000.0,0.0,-21634000.0,30230000.0,54595000.0,-43778000.0,0.0,45359000.0,45359000.0,45359000.0,0.0,0.0,0.016,444670000.0,71082000.0,1666811000,0.0,1.33,13.707,13.389,462786000,0.0,12.72,0.2,0.2,454855000,670252000,2831940000.0,2831940000.0,0.0,,,,,0.0,414433000.0,1.0,169501196,169501196,,16.707,3584629000,73359000,21346000.0,0,21.148,431825000
76,HUM,ARQ,2002-03-31,2002-05-10,2002-03-31,2021-07-28,3303000,4303907000,,2541654000,1762253000,,9.157,-32365000.0,485882000,485882000,2194539000.0,46770000.0,1.174,1.777,733385000,426430000,306955000,733385000,87282000,29796000.0,0,0.0,0.0,73183000.0,102979000.0,0.038,102979000.0,73183000.0,68779000.0,0.28,0.28,0.28,1549652000,,1549652000,2912819682,13.0,,-172502000.0,-1.019,1.0,538043000.0,0.197,776874000,4404000.0,1610412000,,0,1690179000,1409047000,281132000,2754255000,2164124000,590131000,2665316682,-165538000.0,1109000.0,0.0,10114000.0,0.0,11140000.0,-36541000.0,-5285000.0,-140137000.0,0.0,46770000.0,46770000.0,46770000.0,0.0,0.0,0.017,464860000.0,73183000.0,1650412000,0.0,1.72,19.463,19.207,467954000,0.0,15.75,0.255,0.255,325611000,624893000,2732582000.0,2732582000.0,0.0,,,,,0.0,435064000.0,1.0,169226456,169226456,,16.147,3527033000,93223000,22009000.0,0,20.842,377530000
77,HUM,ARQ,2001-12-31,2002-03-28,2001-12-31,2021-07-28,11670000,4403638000,,2622938000,1780700000,,8.93,-32971000.0,651420000,651420000,2107844000.0,35171000.0,1.137,1.92,731246000,415757000,315489000,731246000,325040000,42531000.0,0,0.0,0.0,60382000.0,102913000.0,0.039,102913000.0,60382000.0,55080000.0,0.21,0.21,0.21,1507949000,,1507949000,2364591788,11.0,6.392,55987000.0,0.332,1.0,515042000.0,0.196,776874000,5302000.0,1399411000,,0,1669916000,1389596000,280320000,2895689000,2307179000,588510000,2284765788,59858000.0,4111000.0,133000.0,7103000.0,0.0,2707000.0,-31807000.0,-2947000.0,88958000.0,0.0,35171000.0,35171000.0,35171000.0,0.0,0.0,0.013,454660000.0,60382000.0,1566382000,0.0,1.515,19.499,19.056,461761000,0.0,13.53,0.224,0.224,322064000,578122000,2622886000.0,2622886000.0,0.0,,,,,9492000.0,412129000.0,1.0,168866651,168866651,,15.532,3626764000,100803000,19909000.0,0,21.477,315759000
78,HUM,ARQ,2001-09-30,2001-11-14,2001-09-30,2021-07-28,6000000,4174000000,,2451000000,1723000000,,8.678,-29000000.0,592000000,592000000,2118000000.0,30000000.0,1.091,1.851,730000000,412000000,318000000,730000000,283000000,41000000.0,0,0.0,0.0,53000000.0,94000000.0,0.036,94000000.0,53000000.0,47000000.0,0.18,0.18,0.18,1464000000,,1464000000,2197785865,,,58000000.0,0.344,1.0,493000000.0,0.189,793000000,6000000.0,1272000000,,0,1666000000,1392000000,274000000,2710000000,2247000000,463000000,2059785865,-11000000.0,0.0,-2000000.0,-41000000.0,0.0,-37000000.0,-61000000.0,-32000000.0,87000000.0,0.0,30000000.0,30000000.0,30000000.0,0.0,0.0,0.011,440000000.0,53000000.0,1552000000,0.0,1.407,,,453000000,0.0,12.21,,,282000000,543000000,2611000000.0,2611000000.0,0.0,,,,,0.0,399000000.0,1.0,168696631,168696631,,15.477,3381000000,0,17000000.0,0,20.042,204000000
79,HUM,ARQ,2001-06-30,2001-08-14,2001-06-30,2021-07-28,-5000000,4160000000,,2459000000,1701000000,,8.403,,603000000,603000000,2047000000.0,25000000.0,0.948,1.93,747000000,747000000,0,747000000,313000000,,0,0.0,0.0,46000000.0,,,,46000000.0,39000000.0,0.15,0.15,0.15,1420000000,,1420000000,2011198392,,,,,1.0,432000000.0,0.174,807000000,7000000.0,904000000,,0,1621000000,1380000000,241000000,2740000000,2593000000,147000000,1867198392,,,,,,,,,,,25000000.0,25000000.0,25000000.0,0.0,0.0,0.01,386000000.0,46000000.0,1533000000,0.0,1.315,,,449000000,0.0,11.05,,,269000000,513000000,2479000000.0,2479000000.0,0.0,,,,,,347000000.0,1.0,168977230,168977230,,14.671,3353000000,0,14000000.0,0,19.843,-134000000
0,HUM,ART,2021-06-30,2021-07-28,2021-06-30,2021-07-28,216000000,38070000000,37232750000.0,25790000000,12280000000,2.161,115.506,-1165000000.0,3378000000,3378000000,66269000000.0,2482000000.0,1.714,1.565,7408000000,1345000000,6063000000,7408000000,323000000,659000000.0,0,0.006,2.65,3464000000.0,4123000000.0,0.051,4123000000.0,3464000000.0,3170000000.0,19.05,18.93,19.05,14843000000,14632250000.0,14843000000,64105930420,19.0,15.548,456000000.0,3.549,1.0,14181000000.0,0.176,4914000000,294000000.0,22135000000,20489000000.0,0,15893000000,13471000000,2422000000,23227000000,15051000000,8176000000,60075930420,-3785000000.0,-325000000.0,-1802000000.0,-713000000.0,-340000000.0,-3000000000.0,-2406000000.0,-916000000.0,1621000000.0,0.0,2482000000.0,2482000000.0,2482000000.0,0.0,0.0,0.031,10245000000.0,3936000000.0,13383000000,0.139,4.047,24.205,24.541,2690000000,0.0,467.5,0.747,0.747,2438000000,21751000000,80450000000.0,80450000000.0,0.0,0.067,0.17,0.169,0.043,183000000.0,9704000000.0,1.0,128504664,128504664,,626.047,33156000000,0,688000000.0,0,258.014,10739000000
1,HUM,ART,2021-03-31,2021-04-28,2021-03-31,2021-07-28,108000000,37415000000,37329000000.0,25526000000,11889000000,2.113,109.988,-1062000000.0,3877000000,3877000000,63295000000.0,3722000000.0,1.668,1.637,7609000000,1547000000,6062000000,7609000000,325000000,639000000.0,0,0.006,2.575,5301000000.0,5940000000.0,0.075,5940000000.0,5301000000.0,5010000000.0,28.31,28.13,28.31,14190000000,14525500000.0,14190000000,60320307971,11.0,10.155,3266000000.0,25.315,1.0,15593000000.0,0.198,4602000000,291000000.0,21245000000,19576750000.0,0,15576000000,13251000000,2325000000,23225000000,15300000000,7925000000,56588307971,-2177000000.0,-123000000.0,-1802000000.0,-529000000.0,-333000000.0,-3162000000.0,-3343000000.0,-2158000000.0,4328000000.0,0.0,3722000000.0,3722000000.0,3722000000.0,0.0,0.0,0.047,10458000000.0,5135000000.0,13428000000,0.091,3.988,15.204,15.493,2507000000,0.0,438.62,0.717,0.717,2196000000,21252000000,78888000000.0,78888000000.0,0.0,0.1,0.256,0.271,0.067,184000000.0,9942000000.0,1.0,129014427,129014427,,611.466,32813000000,0,1288000000.0,0,254.336,10226000000
2,HUM,ART,2020-12-31,2021-02-18,2020-12-31,2021-07-28,391000000,34969000000,36633500000.0,23641000000,11328000000,2.106,106.533,-964000000.0,4673000000,4673000000,61628000000.0,3367000000.0,1.765,1.547,6980000000,920000000,6060000000,6980000000,318000000,616000000.0,0,0.007,2.5,4957000000.0,5573000000.0,0.072,5573000000.0,4957000000.0,4674000000.0,25.47,25.31,25.47,13728000000,14066750000.0,13728000000,51059333599,10.0,9.162,4675000000.0,36.279,1.0,15527000000.0,0.201,4447000000,283000000.0,19435000000,18623000000.0,0,14936000000,12554000000,2382000000,21241000000,13394000000,7847000000,48752333599,619000000.0,-709000000.0,-1771000000.0,1078000000.0,-323000000.0,-1955000000.0,-3065000000.0,-1392000000.0,5639000000.0,0.0,3367000000.0,3367000000.0,3367000000.0,0.0,0.0,0.044,10541000000.0,4986000000.0,12156000000,0.098,3.551,14.479,14.854,2371000000,0.0,378.33,0.632,0.632,1138000000,20517000000,77155000000.0,77155000000.0,0.0,0.092,0.239,0.266,0.064,181000000.0,10052000000.0,1.0,128861929,128861929,,598.742,30522000000,0,1307000000.0,0,236.858,10247000000
3,HUM,ART,2020-09-30,2020-11-03,2020-09-30,2021-07-28,370000000,38477000000,35159750000.0,27031000000,11446000000,2.116,119.146,-898000000.0,7985000000,7985000000,59104000000.0,4153000000.0,1.814,1.44,7997000000,1938000000,6059000000,7997000000,287000000,596000000.0,0,0.006,2.425,5986000000.0,6582000000.0,0.088,6582000000.0,5986000000.0,5717000000.0,31.42,31.22,31.42,15768000000,13644000000.0,15768000000,56049340597,9.0,8.516,4970000000.0,37.554,1.0,15284000000.0,0.205,4443000000,269000000.0,19141000000,17777750000.0,0,15006000000,12741000000,2265000000,22709000000,14905000000,7804000000,56037340597,2458000000.0,-709000000.0,-25000000.0,1648000000.0,-314000000.0,401000000.0,-3811000000.0,-2204000000.0,5868000000.0,0.0,4153000000.0,4153000000.0,4153000000.0,0.0,0.0,0.056,9590000000.0,5694000000.0,12882000000,0.077,3.554,13.493,13.476,2228000000,0.0,423.43,0.753,0.753,1135000000,20872000000,74388000000.0,74388000000.0,0.0,0.118,0.304,0.337,0.08,173000000.0,9113000000.0,1.0,132341451,132341451,,562.091,34034000000,0,1564000000.0,0,257.168,12126000000
4,HUM,ART,2020-06-30,2020-08-05,2020-06-30,2021-07-28,317000000,38455000000,32835500000.0,27868000000,10587000000,2.149,108.971,-858000000.0,7163000000,7163000000,56850000000.0,3502000000.0,1.694,1.668,8092000000,2034000000,6058000000,8092000000,266000000,594000000.0,0,0.006,2.35,5072000000.0,5666000000.0,0.08,5666000000.0,5072000000.0,4816000000.0,26.46,26.31,26.46,14416000000,12602250000.0,14416000000,54363290333,11.0,9.595,5637000000.0,42.61,1.0,13704000000.0,0.194,4443000000,256000000.0,18486000000,16733000000.0,0,14347000000,12836000000,1511000000,24039000000,16455000000,7584000000,53434290333,2385000000.0,-709000000.0,-1017000000.0,2148000000.0,-305000000.0,119000000.0,-4229000000.0,-2662000000.0,6495000000.0,0.0,3502000000.0,3502000000.0,3502000000.0,0.0,0.0,0.05,8965000000.0,4739000000.0,14358000000,0.089,3.707,15.258,15.265,2118000000,0.0,403.91,0.757,0.757,2238000000,19616000000,70554000000.0,70554000000.0,0.0,0.107,0.278,0.303,0.072,169000000.0,8489000000.0,1.0,132292566,132292566,,533.318,34012000000,0,1314000000.0,0,257.097,11413000000
5,HUM,ART,2020-03-31,2020-04-29,2020-03-31,2021-07-28,48000000,34633000000,30450000000.0,24551000000,10082000000,2.224,93.453,-789000000.0,6054000000,6054000000,55993000000.0,2614000000.0,1.655,1.803,8124000000,2067000000,6057000000,8124000000,274000000,584000000.0,0,0.006,2.275,3686000000.0,4270000000.0,0.063,4270000000.0,3686000000.0,3446000000.0,19.59,19.5,19.59,12355000000,11966250000.0,12355000000,51961926319,14.0,12.169,4073000000.0,30.808,1.0,11723000000.0,0.173,4443000000,240000000.0,17430000000,15762500000.0,0,12590000000,11104000000,1486000000,22278000000,14830000000,7448000000,49891926319,2177000000.0,-709000000.0,-1017000000.0,1864000000.0,-296000000.0,-52000000.0,-2633000000.0,-1135000000.0,4862000000.0,0.0,2614000000.0,2614000000.0,2614000000.0,0.0,0.0,0.039,8304000000.0,3419000000.0,12694000000,0.116,4.038,19.086,19.264,2023000000,0.0,377.38,0.737,0.737,2009000000,17871000000,67716000000.0,67716000000.0,0.0,0.086,0.218,0.234,0.054,166000000.0,7838000000.0,1.0,132206069,132206069,,512.2,30190000000,0,832000000.0,0,228.356,9721000000
6,HUM,ART,2019-12-31,2020-02-20,2019-12-31,2021-07-28,156000000,29074000000,28879000000.0,19888000000,9186000000,2.247,91.116,-736000000.0,4054000000,4054000000,53857000000.0,2707000000.0,1.82,1.415,5891000000,924000000,4967000000,5891000000,247000000,575000000.0,0,0.006,2.2,3712000000.0,4287000000.0,0.066,4287000000.0,3712000000.0,3470000000.0,20.2,20.1,20.2,12037000000,11587750000.0,12037000000,50847189322,14.0,11.861,4548000000.0,34.427,1.0,11031000000.0,0.17,3928000000,242000000.0,16054000000,15129000000.0,0,12441000000,10972000000,1469000000,17037000000,10929000000,6108000000,49010189322,1711000000.0,0.0,-1012000000.0,-369000000.0,-291000000.0,-2295000000.0,-1278000000.0,-542000000.0,5284000000.0,0.0,2707000000.0,2707000000.0,2707000000.0,0.0,0.0,0.042,7839000000.0,3192000000.0,9964000000,0.109,4.072,18.105,18.366,1955000000,0.0,370.99,0.755,0.755,1056000000,17483000000,64888000000.0,64888000000.0,0.0,0.094,0.234,0.245,0.057,163000000.0,7381000000.0,1.0,132106497,132106497,,491.179,25146000000,0,763000000.0,0,190.346,8959000000
7,HUM,ART,2019-09-30,2019-11-06,2019-09-30,2021-07-28,177000000,29180000000,27963750000.0,20324000000,8856000000,2.244,87.604,-682000000.0,5527000000,5527000000,51601000000.0,2550000000.0,1.83,1.515,6337000000,972000000,5365000000,6337000000,274000000,569000000.0,0,0.007,2.15,3560000000.0,4129000000.0,0.066,4129000000.0,3560000000.0,3317000000.0,18.9,18.82,18.9,11601000000,11118750000.0,11601000000,41191998162,12.0,9.976,3757000000.0,28.371,1.0,11160000000.0,0.178,3922000000,243000000.0,14962000000,14949500000.0,0,11895000000,10430000000,1465000000,17579000000,11106000000,6473000000,40381998162,1385000000.0,0.0,-1785000000.0,948000000.0,-286000000.0,-2130000000.0,-924000000.0,-242000000.0,4439000000.0,0.0,2550000000.0,2550000000.0,2550000000.0,0.0,0.0,0.041,7813000000.0,3347000000.0,10071000000,0.114,3.481,15.836,16.134,1864000000,0.0,304.94,0.643,0.643,848000000,17045000000,62761000000.0,62761000000.0,0.0,0.091,0.229,0.238,0.057,151000000.0,7367000000.0,1.0,132426045,132426045,,473.932,25258000000,0,767000000.0,0,190.733,9218000000
8,HUM,ART,2019-06-30,2019-07-31,2019-06-30,2021-07-28,112000000,28913000000,27541250000.0,20160000000,8753000000,2.205,87.883,-636000000.0,4778000000,4778000000,49487000000.0,2505000000.0,1.747,1.435,5930000000,1553000000,4377000000,5930000000,312000000,541000000.0,0,0.007,2.1,3572000000.0,4113000000.0,0.068,4113000000.0,3572000000.0,3338000000.0,18.42,18.33,18.42,11872000000,10866750000.0,11872000000,41239746808,12.0,10.027,306000000.0,2.265,1.0,11239000000.0,0.185,3922000000,234000000.0,14604000000,14584000000.0,0,11458000000,9991000000,1467000000,17041000000,11539000000,5502000000,40087746808,-4053000000.0,-805000000.0,-987000000.0,666000000.0,-281000000.0,-2284000000.0,-2711000000.0,-1270000000.0,942000000.0,0.0,2505000000.0,2505000000.0,2505000000.0,0.0,0.0,0.041,7799000000.0,3440000000.0,9888000000,0.114,3.377,16.003,16.11,1796000000,0.0,296.75,0.66,0.66,904000000,16429000000,60726000000.0,60726000000.0,0.0,0.091,0.231,0.245,0.059,144000000.0,7378000000.0,1.0,135089290,135089290,,449.525,24991000000,0,833000000.0,0,184.996,8621000000
9,HUM,ART,2019-03-31,2019-05-01,2019-03-31,2021-07-28,-10000000,28349000000,28880500000.0,19673000000,8676000000,2.034,80.283,-617000000.0,3877000000,3877000000,47705000000.0,1758000000.0,1.649,1.615,6248000000,1872000000,4376000000,6248000000,312000000,531000000.0,0,0.008,2.05,2343000000.0,2874000000.0,0.049,2874000000.0,2343000000.0,2116000000.0,12.86,12.78,12.86,10841000000,10451500000.0,10841000000,35611220031,15.0,12.391,-1234000000.0,-9.138,1.0,11035000000.0,0.188,3897000000,227000000.0,14896000000,13133000000.0,0,11346000000,9876000000,1470000000,17508000000,11927000000,5581000000,33240220031,-4978000000.0,-990000000.0,-998000000.0,937000000.0,-276000000.0,-1824000000.0,-2537000000.0,-930000000.0,-617000000.0,0.0,1758000000.0,1758000000.0,1758000000.0,0.0,0.0,0.03,7848000000.0,3187000000.0,9956000000,0.159,3.066,18.908,19.142,1754000000,0.0,246.16,0.566,0.566,1955000000,15563000000,58740000000.0,58740000000.0,0.0,0.061,0.168,0.178,0.04,135000000.0,7436000000.0,1.0,135035018,135035018,,434.998,24452000000,0,358000000.0,0,181.079,7746000000
10,HUM,ART,2018-12-31,2019-02-21,2018-12-31,2021-07-28,-159000000,25413000000,30156500000.0,16948000000,8465000000,1.887,74.952,-612000000.0,2343000000,2343000000,45882000000.0,1683000000.0,1.682,1.501,6240000000,1865000000,4375000000,6240000000,283000000,534000000.0,0,0.007,2.0,2292000000.0,2826000000.0,0.05,2826000000.0,2292000000.0,2074000000.0,12.24,12.16,12.24,10161000000,10261500000.0,10161000000,45591958532,20.0,16.133,1561000000.0,11.515,1.0,11030000000.0,0.194,3897000000,218000000.0,15336000000,12078250000.0,0,11484000000,10026000000,1458000000,15252000000,10077000000,5175000000,41694958532,-1699000000.0,-1159000000.0,-1045000000.0,1165000000.0,-265000000.0,-785000000.0,-3087000000.0,-1316000000.0,2173000000.0,0.0,1683000000.0,1683000000.0,1683000000.0,0.0,0.0,0.03,7930000000.0,3100000000.0,8148000000,0.163,4.103,24.774,25.127,1735000000,0.0,307.56,0.733,0.733,1015000000,15072000000,56912000000.0,56912000000.0,0.0,0.056,0.164,0.19,0.04,137000000.0,7525000000.0,1.0,135566909,135566909,,419.807,21516000000,0,391000000.0,0,158.711,6871000000
11,HUM,ART,2018-09-30,2018-11-07,2018-09-30,2021-07-28,-206000000,27490000000,30597750000.0,19077000000,8413000000,1.828,77.216,-584000000.0,4142000000,4142000000,45088000000.0,1512000000.0,1.685,1.595,5371000000,597000000,4774000000,5371000000,294000000,528000000.0,0,0.005,1.9,2361000000.0,2889000000.0,0.052,2889000000.0,2361000000.0,2126000000.0,11.02,10.94,11.02,10593000000,10181750000.0,10593000000,49790411782,21.0,17.234,-989000000.0,-7.209,1.0,10845000000.0,0.194,3895000000,235000000.0,13500000000,12121750000.0,0,11148000000,9695000000,1453000000,16897000000,11324000000,5573000000,48561411782,-5723000000.0,-1180000000.0,-1792000000.0,262000000.0,-253000000.0,-1513000000.0,-3805000000.0,-2041000000.0,-405000000.0,0.0,1512000000.0,1512000000.0,1512000000.0,0.0,0.0,0.027,7696000000.0,3149000000.0,10629000000,0.172,4.584,32.117,32.122,1685000000,0.0,353.98,0.868,0.868,1062000000,14786000000,55933000000.0,55933000000.0,0.0,0.049,0.149,0.195,0.042,146000000.0,7283000000.0,1.0,137186880,137186880,,407.714,23595000000,0,614000000.0,0,171.992,7753000000
12,HUM,ART,2018-06-30,2018-08-01,2018-06-30,2021-07-28,-176000000,34270000000,31964250000.0,26864000000,7406000000,1.721,74.12,-563000000.0,8052000000,8052000000,44487000000.0,1367000000.0,1.431,2.356,5245000000,472000000,4773000000,5245000000,3630000000,517000000.0,0,0.006,1.8,2256000000.0,2773000000.0,0.05,2773000000.0,2256000000.0,2015000000.0,9.8,9.73,9.8,10211000000,10336250000.0,10211000000,41021050303,18.0,14.793,2950000000.0,21.414,1.0,10522000000.0,0.191,3895000000,241000000.0,8800000000,11370000000.0,0,9843000000,9464000000,379000000,24059000000,18768000000,5291000000,43828050303,692000000.0,-376000000.0,-1829000000.0,143000000.0,-242000000.0,-671000000.0,-2150000000.0,-1211000000.0,3513000000.0,0.0,1367000000.0,1367000000.0,1367000000.0,0.0,0.0,0.025,7476000000.0,3046000000.0,12169000000,0.184,4.292,32.061,32.463,1626000000,0.0,318.14,0.797,0.797,1471000000,14211000000,55009000000.0,55009000000.0,0.0,0.043,0.132,0.198,0.041,143000000.0,7071000000.0,1.0,137763407,137763407,,399.301,30375000000,0,648000000.0,0,220.487,8096000000
13,HUM,ART,2018-03-31,2018-05-02,2018-03-31,2021-07-28,-154000000,33453000000,31460000000.0,23932000000,9521000000,1.725,73.219,-536000000.0,8855000000,8855000000,43840000000.0,1824000000.0,1.548,2.318,5294000000,522000000,4772000000,5294000000,3706000000,506000000.0,0,0.006,1.7,3284000000.0,3790000000.0,0.07,3790000000.0,3284000000.0,3038000000.0,12.89,12.8,12.89,10081000000,10521750000.0,10081000000,36046030132,11.0,9.511,2996000000.0,21.76,1.0,10444000000.0,0.192,3760000000,246000000.0,10677000000,12226500000.0,0,12103000000,9742000000,2361000000,23372000000,15455000000,7917000000,39607030132,430000000.0,-193000000.0,-1803000000.0,-143000000.0,-230000000.0,-682000000.0,-2420000000.0,-1691000000.0,3532000000.0,0.0,1824000000.0,1824000000.0,1824000000.0,0.0,0.0,0.034,7160000000.0,3284000000.0,14069000000,0.132,3.929,21.714,22.317,1595000000,0.0,287.67,0.73,0.73,1276000000,14086000000,54284000000.0,54284000000.0,0.0,0.058,0.173,0.269,0.06,166000000.0,6763000000.0,1.0,137682171,137682171,,394.27,29693000000,0,1214000000.0,0,215.663,8477000000
14,HUM,ART,2017-12-31,2018-02-16,2017-12-31,2021-07-28,19000000,27178000000,31024750000.0,17402000000,9776000000,1.733,71.482,-524000000.0,4042000000,4042000000,43496000000.0,2448000000.0,1.85,1.761,5061000000,291000000,4770000000,5061000000,378000000,485000000.0,0,0.006,1.6,4262000000.0,4747000000.0,0.088,4747000000.0,4262000000.0,4020000000.0,16.94,16.81,16.94,9842000000,10560000000.0,9842000000,38056083694,9.0,8.017,3527000000.0,25.617,1.0,10271000000.0,0.191,3281000000,242000000.0,15510000000,12540250000.0,0,12302000000,9557000000,2745000000,17336000000,9406000000,7930000000,37037083694,165000000.0,-31000000.0,-3303000000.0,755000000.0,-220000000.0,-945000000.0,-2941000000.0,-2386000000.0,4051000000.0,0.0,2448000000.0,2448000000.0,2448000000.0,0.0,0.0,0.046,6009000000.0,4262000000.0,11660000000,0.094,3.763,15.13,15.88,1584000000,0.0,269.0,0.689,0.689,854000000,13670000000,53767000000.0,53767000000.0,0.0,0.079,0.232,0.34,0.079,157000000.0,6567000000.0,1.0,137684326,137684326,,390.509,23897000000,0,1572000000.0,0,173.564,7996000000
15,HUM,ART,2017-09-30,2017-11-08,2017-09-30,2021-07-28,12000000,32956000000,30579250000.0,23185000000,9771000000,1.748,78.475,-508000000.0,9865000000,9865000000,44058000000.0,1863000000.0,1.608,1.94,5101000000,1124000000,3977000000,5101000000,3447000000,474000000.0,0,0.006,1.49,3258000000.0,3732000000.0,0.07,3732000000.0,3258000000.0,3044000000.0,12.8,12.73,12.8,11211000000,10770750000.0,11211000000,30019576174,9.0,8.044,3681000000.0,25.766,1.0,9398000000.0,0.176,3281000000,214000000.0,10493000000,12345000000.0,0,11338000000,8622000000,2716000000,21745000000,14418000000,7327000000,34783576174,3096000000.0,-10000000.0,-1776000000.0,819000000.0,-206000000.0,1511000000.0,-2604000000.0,-2086000000.0,4189000000.0,0.0,1863000000.0,1863000000.0,1863000000.0,0.0,0.0,0.035,6140000000.0,3258000000.0,12740000000,0.116,3.103,18.671,19.022,1560000000,0.0,243.48,0.651,0.651,922000000,13542000000,53456000000.0,53456000000.0,0.0,0.061,0.173,0.264,0.061,155000000.0,6718000000.0,1.0,142860096,142860096,,374.184,29675000000,0,1181000000.0,0,207.721,8767000000
16,HUM,ART,2017-06-30,2017-08-02,2017-06-30,2021-07-28,-5000000,32253000000,29706750000.0,22568000000,9685000000,1.813,75.79,-504000000.0,8139000000,8139000000,44316000000.0,1814000000.0,1.647,1.945,5097000000,818000000,4279000000,5097000000,3356000000,471000000.0,0,0.006,1.38,3349000000.0,3820000000.0,0.071,3820000000.0,3349000000.0,3147000000.0,12.35,12.27,12.35,10953000000,10789250000.0,10953000000,31799652230,9.0,8.325,5325000000.0,36.847,1.0,9552000000.0,0.177,3280000000,202000000.0,12226000000,12692750000.0,0,10785000000,8115000000,2670000000,21300000000,13705000000,7595000000,34841652230,5710000000.0,-15000000.0,-1544000000.0,806000000.0,-191000000.0,2024000000.0,-2143000000.0,-1624000000.0,5829000000.0,0.0,1814000000.0,1814000000.0,1814000000.0,0.0,0.0,0.034,6203000000.0,3349000000.0,12430000000,0.112,3.181,19.207,19.521,1543000000,0.0,241.09,0.647,0.647,2430000000,13101000000,53868000000.0,53868000000.0,0.0,0.061,0.168,0.264,0.062,150000000.0,6789000000.0,1.0,144517202,144517202,,372.745,28973000000,0,1333000000.0,0,200.481,8863000000
17,HUM,ART,2017-03-31,2017-05-03,2017-03-31,2021-07-28,-58000000,31712000000,28452500000.0,22317000000,9395000000,1.91,70.914,-524000000.0,8425000000,8425000000,44936000000.0,1475000000.0,1.653,2.099,5428000000,648000000,4780000000,5428000000,3420000000,468000000.0,0,0.006,1.27,2932000000.0,3400000000.0,0.063,3400000000.0,2932000000.0,2741000000.0,9.94,9.87,9.94,10234000000,10769500000.0,10234000000,29332429498,10.0,8.627,5135000000.0,35.582,1.0,9405000000.0,0.173,3279000000,191000000.0,11932000000,13609250000.0,0,10629000000,8205000000,2424000000,21478000000,13504000000,7974000000,32329429498,5624000000.0,-14000000.0,-1562000000.0,1079000000.0,-177000000.0,1825000000.0,-1860000000.0,-1322000000.0,5659000000.0,0.0,1475000000.0,1475000000.0,1475000000.0,0.0,0.0,0.027,6473000000.0,2932000000.0,12263000000,0.128,3.159,21.918,22.537,1525000000,0.0,224.02,0.595,0.595,1838000000,12509000000,54341000000.0,54341000000.0,0.0,0.052,0.137,0.215,0.054,118000000.0,7062000000.0,1.0,144314925,144314925,,376.545,28433000000,0,1266000000.0,0,197.021,8813000000
18,HUM,ART,2016-12-31,2017-02-17,2016-12-31,2021-07-28,-66000000,25396000000,27258000000.0,16190000000,9206000000,1.995,71.556,-527000000.0,3877000000,3877000000,45007000000.0,614000000.0,2.07,1.377,4304000000,512000000,3792000000,4304000000,280000000,465000000.0,0,0.006,1.16,1741000000.0,2206000000.0,0.041,2206000000.0,1741000000.0,1552000000.0,4.11,4.07,4.11,10685000000,10842250000.0,10685000000,30978711065,18.0,14.043,1409000000.0,9.436,1.0,9372000000.0,0.172,3272000000,189000000.0,14729000000,14404500000.0,0,9798000000,7595000000,2203000000,14711000000,7822000000,6889000000,30551711065,1306000000.0,-7000000.0,-93000000.0,-91000000.0,-177000000.0,732000000.0,-1362000000.0,-828000000.0,1936000000.0,0.0,614000000.0,614000000.0,614000000.0,0.0,0.0,0.011,7631000000.0,1741000000.0,9864000000,0.282,2.859,49.758,49.781,1505000000,0.0,204.6,0.562,0.562,1280000000,11454000000,54379000000.0,54379000000.0,0.0,0.023,0.057,0.121,0.032,115000000.0,7277000000.0,1.0,149324101,149324101,,364.168,22124000000,0,938000000.0,0,148.161,8368000000
19,HUM,ART,2016-09-30,2016-11-04,2016-09-30,2021-07-28,112000000,29466000000,27085250000.0,19654000000,9812000000,2.026,75.687,-533000000.0,6769000000,6769000000,44922000000.0,1096000000.0,1.663,1.611,4275000000,483000000,3792000000,4275000000,3351000000,460000000.0,0,0.007,1.16,2471000000.0,2931000000.0,0.053,2931000000.0,2471000000.0,2284000000.0,7.35,7.27,7.35,11285000000,10757500000.0,11285000000,22468519388,9.0,7.666,4513000000.0,30.268,1.0,9940000000.0,0.181,3272000000,187000000.0,11884000000,14506750000.0,0,9602000000,7329000000,2273000000,18181000000,11816000000,6365000000,24962519388,5172000000.0,-1000000.0,-79000000.0,174000000.0,-176000000.0,957000000.0,-831000000.0,-297000000.0,5046000000.0,0.0,1096000000.0,1096000000.0,1096000000.0,0.0,0.0,0.02,7472000000.0,2468000000.0,10276000000,0.158,2.212,22.776,22.778,1478000000,0.0,167.42,0.455,0.455,765000000,11899000000,54862000000.0,54862000000.0,0.0,0.04,0.102,0.17,0.045,93000000.0,7121000000.0,1.0,149101179,149101179,,367.951,26194000000,0,1188000000.0,0,175.679,7838000000
20,HUM,ART,2016-06-30,2016-08-03,2016-06-30,2021-07-28,134000000,27236000000,25792750000.0,17736000000,9500000000,2.114,72.947,-519000000.0,2429000000,2429000000,44918000000.0,960000000.0,1.785,1.505,4285000000,492000000,3793000000,4285000000,311000000,450000000.0,0,0.007,1.16,2217000000.0,2667000000.0,0.049,2667000000.0,2217000000.0,2030000000.0,6.45,6.38,6.45,10874000000,10524500000.0,10874000000,27716202143,13.0,10.392,1056000000.0,7.084,1.0,9613000000.0,0.176,3266000000,187000000.0,15892000000,15490750000.0,0,9468000000,7417000000,2051000000,16362000000,9934000000,6428000000,25860202143,179000000.0,5000000.0,-87000000.0,-119000000.0,-176000000.0,-197000000.0,-1199000000.0,-685000000.0,1575000000.0,0.0,960000000.0,960000000.0,960000000.0,0.0,0.0,0.018,7399000000.0,2214000000.0,11419000000,0.18,2.378,26.938,26.896,1452000000,0.0,173.48,0.474,0.474,2553000000,11492000000,54531000000.0,54531000000.0,0.0,0.037,0.091,0.143,0.041,88000000.0,7050000000.0,1.0,149067340,149067340,,365.815,23970000000,0,1070000000.0,0,160.8,7802000000
21,HUM,ART,2016-03-31,2016-05-04,2016-03-31,2021-07-28,76000000,26934000000,25329750000.0,17844000000,9090000000,2.142,70.62,-524000000.0,2801000000,2801000000,44661000000.0,1080000000.0,1.766,1.559,4350000000,557000000,3793000000,4350000000,360000000,448000000.0,0,0.007,1.16,2374000000.0,2822000000.0,0.052,2822000000.0,2374000000.0,2187000000.0,7.25,7.17,7.25,10525000000,10326750000.0,10525000000,27734740108,12.0,9.828,719000000.0,4.824,1.0,9595000000.0,0.177,3265000000,187000000.0,15113000000,15349500000.0,0,9678000000,7738000000,1940000000,16409000000,10105000000,6304000000,26185740108,855000000.0,1023000000.0,-387000000.0,267000000.0,-175000000.0,-374000000.0,-14000000.0,-513000000.0,1243000000.0,0.0,1080000000.0,1080000000.0,1080000000.0,0.0,0.0,0.02,7491000000.0,2104000000.0,11421000000,0.16,2.488,24.246,24.234,1420000000,0.0,175.7,0.483,0.483,1737000000,11205000000,54256000000.0,54256000000.0,0.0,0.043,0.105,0.155,0.044,88000000.0,7141000000.0,1.0,149036654,149036654,,364.045,23669000000,0,1107000000.0,0,158.813,7739000000
22,HUM,ART,2015-12-31,2016-02-18,2015-12-31,2021-07-28,58000000,24705000000,25002250000.0,15711000000,8994000000,2.171,69.762,-522000000.0,2571000000,2571000000,44269000000.0,1276000000.0,1.927,1.388,4421000000,600000000,3821000000,4421000000,364000000,447000000.0,0,0.007,1.15,2617000000.0,3064000000.0,0.056,3064000000.0,2617000000.0,2431000000.0,8.54,8.44,8.54,10346000000,10206500000.0,10346000000,26727893505,10.0,8.723,346000000.0,2.333,1.0,10020000000.0,0.185,3265000000,186000000.0,15138000000,15416750000.0,0,9110000000,7267000000,1843000000,14359000000,8152000000,6207000000,24877893505,636000000.0,1023000000.0,-364000000.0,265000000.0,-172000000.0,-552000000.0,320000000.0,-181000000.0,868000000.0,0.0,1276000000.0,1276000000.0,1276000000.0,0.0,0.0,0.024,7673000000.0,2347000000.0,9339000000,0.135,2.405,19.497,19.643,1384000000,0.0,167.75,0.458,0.458,1161000000,11017000000,54289000000.0,54289000000.0,0.0,0.051,0.125,0.17,0.048,109000000.0,7318000000.0,1.0,148303389,148303389,,366.067,21440000000,0,1155000000.0,0,144.569,7559000000
23,HUM,ART,2015-09-30,2015-11-06,2015-09-30,2021-07-28,137000000,24296000000,24692500000.0,15773000000,8523000000,2.157,69.847,-551000000.0,1597000000,1597000000,42902000000.0,1320000000.0,2.037,1.347,4129000000,307000000,3822000000,4129000000,297000000,459000000.0,0,0.006,1.14,2696000000.0,3155000000.0,0.059,3155000000.0,2696000000.0,2472000000.0,8.83,8.73,8.83,10353000000,10031500000.0,10353000000,28803208821,11.0,9.129,173000000.0,1.167,1.0,10354000000.0,0.194,3266000000,224000000.0,15820000000,15288250000.0,0,9302000000,7423000000,1879000000,13943000000,7742000000,6201000000,26271208821,-1108000000.0,1002000000.0,-978000000.0,-461000000.0,-172000000.0,-2754000000.0,922000000.0,471000000.0,724000000.0,0.0,1320000000.0,1320000000.0,1320000000.0,0.0,0.0,0.025,7925000000.0,2429000000.0,9292000000,0.129,2.538,19.902,20.072,1343000000,0.0,177.24,0.493,0.493,986000000,10960000000,53256000000.0,53256000000.0,0.0,0.053,0.132,0.176,0.051,114000000.0,7571000000.0,1.0,148223927,148223927,,359.294,21030000000,0,1152000000.0,0,141.88,8031000000
24,HUM,ART,2015-06-30,2015-07-29,2015-06-30,2021-07-28,153000000,25384000000,24701250000.0,16975000000,8409000000,2.11,68.062,-571000000.0,2250000000,2250000000,41672000000.0,1296000000.0,1.892,1.518,4432000000,609000000,3823000000,4432000000,291000000,464000000.0,0,0.006,1.13,2590000000.0,3054000000.0,0.059,3054000000.0,2590000000.0,2375000000.0,8.59,8.49,8.59,10083000000,9974500000.0,10083000000,29501174922,11.0,9.66,75000000.0,0.506,1.0,10459000000.0,0.201,3266000000,215000000.0,15327000000,15025000000.0,0,8880000000,7041000000,1839000000,15301000000,8973000000,6328000000,27319174922,657000000.0,1002000000.0,-1086000000.0,1548000000.0,-172000000.0,-744000000.0,755000000.0,324000000.0,646000000.0,0.0,1296000000.0,1296000000.0,1296000000.0,0.0,0.0,0.025,8136000000.0,2323000000.0,10221000000,0.132,2.709,21.08,21.468,1299000000,0.0,184.41,0.524,0.524,2129000000,10689000000,52131000000.0,52131000000.0,0.0,0.052,0.13,0.172,0.05,112000000.0,7781000000.0,1.0,148143674,148143674,,351.895,22118000000,0,1079000000.0,0,149.301,8002000000
25,HUM,ART,2015-03-31,2015-04-29,2015-03-31,2021-07-28,227000000,25624000000,24135500000.0,17402000000,8222000000,2.097,67.058,-545000000.0,1946000000,1946000000,40047000000.0,1209000000.0,1.896,1.551,4112000000,288000000,3824000000,4112000000,378000000,456000000.0,0,0.007,1.12,2431000000.0,2887000000.0,0.057,2887000000.0,2431000000.0,2228000000.0,7.93,7.83,7.93,10044000000,9953750000.0,10044000000,27336742760,11.0,9.469,509000000.0,3.398,1.0,10574000000.0,0.209,3231000000,203000000.0,15382000000,14403500000.0,0,9572000000,7600000000,1972000000,15580000000,9177000000,6403000000,25170742760,284000000.0,-12000000.0,-867000000.0,1254000000.0,-172000000.0,-784000000.0,14000000.0,571000000.0,1054000000.0,0.0,1209000000.0,1209000000.0,1209000000.0,0.0,0.0,0.024,8143000000.0,2431000000.0,10616000000,0.141,2.506,20.819,21.192,1258000000,0.0,168.05,0.497,0.497,1690000000,10302000000,50621000000.0,50621000000.0,0.0,0.05,0.121,0.169,0.048,109000000.0,7799000000.0,1.0,149781272,149781272,,337.966,22393000000,0,1019000000.0,0,149.505,8225000000
26,HUM,ART,2014-12-31,2015-02-18,2014-12-31,2021-07-28,223000000,23466000000,23371000000.0,14712000000,8754000000,2.075,64.475,-528000000.0,1935000000,1935000000,38166000000.0,1147000000.0,2.0,1.433,4159000000,334000000,3825000000,4159000000,361000000,449000000.0,0,0.007,1.11,2362000000.0,2811000000.0,0.058,2811000000.0,2362000000.0,2170000000.0,7.44,7.36,7.44,9646000000,9874000000.0,9646000000,25473067194,11.0,9.062,1090000000.0,7.286,1.0,10334000000.0,0.213,3711000000,192000000.0,14624000000,13647000000.0,0,9547000000,7598000000,1949000000,13820000000,7355000000,6465000000,23249067194,797000000.0,54000000.0,-843000000.0,1164000000.0,-172000000.0,-758000000.0,-63000000.0,411000000.0,1618000000.0,0.0,1147000000.0,1147000000.0,1147000000.0,0.0,0.0,0.024,7972000000.0,2362000000.0,9009000000,0.149,2.41,20.269,20.887,1419000000,0.0,155.4,0.479,0.479,1168000000,9916000000,48500000000.0,48500000000.0,0.0,0.049,0.116,0.173,0.049,98000000.0,7639000000.0,1.0,149607897,149607897,,324.181,19755000000,0,1023000000.0,0,132.045,7357000000
27,HUM,ART,2014-09-30,2014-11-07,2014-09-30,2021-07-28,233000000,24331000000,22688250000.0,15636000000,8695000000,2.043,66.032,-488000000.0,2705000000,2705000000,36620000000.0,972000000.0,2.013,1.403,4605000000,779000000,3826000000,4605000000,246000000,439000000.0,0,0.008,1.1,1977000000.0,2416000000.0,0.052,2416000000.0,1977000000.0,1834000000.0,6.29,6.22,6.29,10125000000,9791500000.0,10125000000,21922478163,11.0,9.074,921000000.0,6.006,1.0,9739000000.0,0.21,3695000000,143000000.0,14767000000,13127000000.0,0,10035000000,8088000000,1947000000,14206000000,7769000000,6437000000,20022478163,1450000000.0,44000000.0,-427000000.0,1727000000.0,-172000000.0,448000000.0,-407000000.0,37000000.0,1409000000.0,0.0,972000000.0,972000000.0,972000000.0,0.0,0.0,0.021,7762000000.0,1977000000.0,9043000000,0.175,1.978,20.599,20.76,1349000000,0.0,130.58,0.432,0.432,1004000000,9813000000,46359000000.0,46359000000.0,0.0,0.043,0.099,0.151,0.043,95000000.0,7426000000.0,1.0,153334953,153334953,,302.338,20636000000,0,862000000.0,0,134.581,7867000000
28,HUM,ART,2014-06-30,2014-07-30,2014-06-30,2021-07-28,260000000,23121000000,21831250000.0,14086000000,9035000000,2.036,64.828,-466000000.0,1593000000,1593000000,35029000000.0,1050000000.0,1.788,1.312,2889000000,294000000,2595000000,2889000000,249000000,433000000.0,0,0.009,1.09,2009000000.0,2442000000.0,0.055,2442000000.0,2009000000.0,1869000000.0,6.76,6.68,6.76,10000000000,9661750000.0,10000000000,19859039239,10.0,8.132,1136000000.0,7.364,1.0,9411000000.0,0.212,3696000000,140000000.0,12841000000,12499500000.0,0,9460000000,7565000000,1895000000,13121000000,7880000000,5241000000,18563039239,74000000.0,-105000000.0,-383000000.0,48000000.0,-171000000.0,-898000000.0,-630000000.0,-59000000.0,1602000000.0,0.0,1050000000.0,1050000000.0,1050000000.0,0.0,0.0,0.024,7402000000.0,2009000000.0,9623000000,0.161,1.856,17.679,17.802,1289000000,0.0,120.34,0.418,0.418,2074000000,9567000000,44440000000.0,44440000000.0,0.0,0.048,0.109,0.161,0.045,96000000.0,7068000000.0,1.0,154254938,154254938,,288.095,19425000000,0,819000000.0,0,125.928,6206000000
29,HUM,ART,2014-03-31,2014-05-07,2014-03-31,2021-07-28,226000000,22566000000,21263000000.0,13975000000,8591000000,2.001,62.829,-453000000.0,1662000000,1662000000,33493000000.0,1126000000.0,1.812,1.32,2865000000,267000000,2598000000,2865000000,263000000,431000000.0,0,0.009,1.08,2017000000.0,2448000000.0,0.058,2448000000.0,2017000000.0,1877000000.0,7.2,7.12,7.2,9725000000,9495500000.0,9725000000,19630063058,10.0,8.019,1522000000.0,9.833,1.0,9046000000.0,0.213,3699000000,140000000.0,12356000000,12232500000.0,0,10048000000,8248000000,1800000000,12841000000,7714000000,5127000000,18427063058,264000000.0,-82000000.0,-406000000.0,-23000000.0,-170000000.0,-750000000.0,-961000000.0,-426000000.0,1975000000.0,0.0,1126000000.0,1126000000.0,1126000000.0,0.0,0.0,0.026,7029000000.0,2017000000.0,9383000000,0.15,1.895,16.365,16.535,1244000000,0.0,119.05,0.433,0.433,1460000000,9266000000,42539000000.0,42539000000.0,0.0,0.053,0.119,0.165,0.047,93000000.0,6694000000.0,1.0,154784234,154784234,,274.828,18867000000,0,751000000.0,0,121.892,6261000000
30,HUM,ART,2013-12-31,2014-02-19,2013-12-31,2021-07-28,158000000,20735000000,20865000000.0,12300000000,8435000000,1.98,60.48,-437000000.0,1138000000,1138000000,32564000000.0,1231000000.0,1.945,1.226,3003000000,403000000,2600000000,3003000000,206000000,426000000.0,0,0.01,1.07,2061000000.0,2487000000.0,0.06,2487000000.0,2061000000.0,1921000000.0,7.81,7.73,7.81,9316000000,9355250000.0,9316000000,17573419954,9.0,7.066,1279000000.0,8.303,1.0,8749000000.0,0.212,3733000000,140000000.0,12544000000,12115750000.0,0,9800000000,8090000000,1710000000,11419000000,6323000000,5096000000,15708419954,-168000000.0,-153000000.0,-471000000.0,79000000.0,-168000000.0,-702000000.0,-1182000000.0,-592000000.0,1716000000.0,0.0,1231000000.0,1231000000.0,1231000000.0,0.0,0.0,0.03,6688000000.0,2061000000.0,7921000000,0.137,1.686,12.761,13.058,1218000000,0.0,101.98,0.38,0.38,950000000,8942000000,41313000000.0,41313000000.0,0.0,0.059,0.132,0.17,0.05,92000000.0,6355000000.0,1.0,154034320,154034320,,268.206,17002000000,0,690000000.0,0,110.378,5977000000
31,HUM,ART,2013-09-30,2013-11-06,2013-09-30,2021-07-28,196000000,20903000000,20676000000.0,12573000000,8330000000,1.968,61.611,-416000000.0,1255000000,1255000000,31877000000.0,1453000000.0,1.919,1.176,2876000000,273000000,2603000000,2876000000,198000000,412000000.0,0,0.011,1.06,2384000000.0,2796000000.0,0.069,2796000000.0,2384000000.0,2252000000.0,9.19,9.09,9.19,9606000000,9238000000.0,9606000000,16568407975,7.0,5.926,1521000000.0,9.755,1.0,8806000000.0,0.216,3716000000,132000000.0,12257000000,11878000000.0,0,9999000000,8262000000,1737000000,11297000000,6551000000,4746000000,14947407975,-108000000.0,-1075000000.0,-266000000.0,986000000.0,-166000000.0,310000000.0,-2355000000.0,-864000000.0,1937000000.0,0.0,1453000000.0,1453000000.0,1453000000.0,0.0,0.0,0.036,6422000000.0,2384000000.0,7907000000,0.115,1.556,10.287,10.432,1180000000,0.0,95.87,0.367,0.367,824000000,9014000000,40683000000.0,40683000000.0,0.0,0.07,0.157,0.201,0.059,87000000.0,6102000000.0,1.0,155913299,155913299,,260.933,17187000000,0,799000000.0,0,110.234,6022000000
32,HUM,ART,2013-06-30,2013-07-31,2013-06-30,2021-07-28,209000000,20848000000,20149500000.0,12628000000,8220000000,1.986,59.663,-412000000.0,1519000000,1519000000,31269000000.0,1511000000.0,1.865,1.233,2852000000,246000000,2606000000,2852000000,193000000,384000000.0,0,0.012,1.05,2464000000.0,2848000000.0,0.071,2848000000.0,2464000000.0,2341000000.0,9.5,9.4,9.5,9335000000,9009250000.0,9335000000,15611824331,6.0,5.482,-956000000.0,-6.11,1.0,8746000000.0,0.219,3638000000,123000000.0,11773000000,11312750000.0,0,9326000000,7556000000,1770000000,11513000000,6770000000,4743000000,14278824331,-2350000000.0,-1138000000.0,-426000000.0,976000000.0,-166000000.0,-32000000.0,-1774000000.0,-224000000.0,-544000000.0,0.0,1511000000.0,1511000000.0,1511000000.0,0.0,0.0,0.038,6282000000.0,2464000000.0,8141000000,0.111,1.53,9.45,9.606,1133000000,0.0,91.26,0.357,0.357,1593000000,8688000000,40015000000.0,40015000000.0,0.0,0.075,0.168,0.218,0.062,79000000.0,5970000000.0,1.0,156463120,156463120,,255.747,17210000000,0,830000000.0,0,109.994,5858000000
33,HUM,ART,2013-03-31,2013-05-01,2013-03-31,2021-07-28,328000000,20974000000,20151250000.0,12678000000,8296000000,1.955,58.183,-414000000.0,1398000000,1398000000,30830000000.0,1447000000.0,1.826,1.289,2898000000,290000000,2608000000,2898000000,243000000,362000000.0,0,0.013,1.04,2365000000.0,2727000000.0,0.069,2727000000.0,2365000000.0,2251000000.0,9.03,8.93,9.03,9164000000,8789250000.0,9164000000,13715835808,6.0,5.03,-425000000.0,-2.698,1.0,8563000000.0,0.217,3641000000,114000000.0,11889000000,10218500000.0,0,9965000000,8141000000,1824000000,11810000000,6944000000,4866000000,12215835808,-2258000000.0,-1184000000.0,-444000000.0,986000000.0,-166000000.0,-80000000.0,-2167000000.0,-569000000.0,-11000000.0,0.0,1447000000.0,1447000000.0,1447000000.0,0.0,0.0,0.037,6198000000.0,2365000000.0,8335000000,0.115,1.333,8.442,8.589,1119000000,0.0,77.56,0.31,0.31,1321000000,8311000000,39393000000.0,39393000000.0,0.0,0.072,0.165,0.231,0.06,74000000.0,5893000000.0,1.0,157501751,157501751,,250.112,17333000000,0,804000000.0,0,110.05,5734000000
34,HUM,ART,2012-12-31,2013-02-22,2012-12-31,2021-07-28,386000000,19979000000,20082750000.0,11710000000,8269000000,1.948,55.867,-410000000.0,1306000000,1306000000,30985000000.0,1222000000.0,1.837,1.258,2935000000,324000000,2611000000,2935000000,230000000,338000000.0,0,0.015,1.03,2016000000.0,2354000000.0,0.06,2354000000.0,2016000000.0,1911000000.0,7.56,7.47,7.56,8847000000,8556750000.0,8847000000,12810582757,6.0,5.442,1513000000.0,9.554,1.0,8141000000.0,0.208,3640000000,105000000.0,11593000000,9084000000.0,0,9847000000,8001000000,1846000000,11132000000,6375000000,4757000000,11181582757,-71000000.0,-1235000000.0,-461000000.0,972000000.0,-165000000.0,-29000000.0,-1965000000.0,-320000000.0,1923000000.0,0.0,1222000000.0,1222000000.0,1222000000.0,0.0,0.0,0.031,6125000000.0,2016000000.0,7679000000,0.136,1.264,9.15,9.34,1098000000,0.0,70.61,0.286,0.286,733000000,7881000000,39126000000.0,39126000000.0,0.0,0.061,0.143,0.222,0.052,82000000.0,5830000000.0,1.0,158356929,158356929,,247.075,16339000000,0,689000000.0,0,103.178,5335000000
35,HUM,ART,2012-09-30,2012-11-05,2012-09-30,2021-07-28,397000000,18797000000,19515000000.0,11678000000,7119000000,1.979,54.929,-424074000.0,1363000000,1363000000,30530948000.0,1228777000.0,1.834,1.163,1893000000,277000000,1616000000,1893000000,172000000,315836000.0,0,0.014,1.02,2047026000.0,2362862000.0,0.061,2362862000.0,2047026000.0,1941982000.0,7.59,7.49,7.59,8691000000,8360750000.0,8691000000,12479057978,6.0,5.281,-503054000.0,-3.179,1.0,8094560000.0,0.21,2962000000,105044000.0,9996000000,8560750000.0,0,9895000000,8058000000,1837000000,10106000000,6369000000,3737000000,11949057978,-2656268000.0,-500348000.0,-449296000.0,-57202000.0,-164506000.0,-1609485000.0,-967803000.0,-53170000.0,-78980000.0,0.0,1228777000.0,1228777000.0,1228777000.0,0.0,0.0,0.032,6047534000.0,2047026000.0,7771000000,0.134,1.375,9.724,9.95,1034000000,0.0,75.52,0.309,0.309,642000000,7731000000,38625508000.0,38625508000.0,0.0,0.063,0.147,0.239,0.053,82222000.0,5760095000.0,1.0,158223755,158223755,,244.12,15835000000,0,713205000.0,0,100.08,5309000000
36,HUM,ART,2012-06-30,2012-08-01,2012-06-30,2021-07-28,327000000,20855000000,19790682250.0,14071000000,6784000000,1.934,52.284,-391819000.0,3869000000,3869000000,30210478000.0,1247537000.0,1.622,1.467,1878000000,260000000,1618000000,1878000000,2341000000,312417000.0,0,0.016,1.01,2071811000.0,2384228000.0,0.062,2384228000.0,2071811000.0,1965702000.0,7.65,7.54,7.65,8455000000,8152492500.0,8455000000,8344041976,4.0,3.5,3782516000.0,23.39,1.0,8064673000.0,0.211,2792000000,106109000.0,7396000000,7747761500.0,0,9665000000,7882000000,1783000000,12400000000,8676000000,3724000000,10335041976,2301313000.0,-291048000.0,-452470000.0,7098000.0,-164000000.0,-1034871000.0,-838151000.0,-189127000.0,4174335000.0,0.0,1247537000.0,1247537000.0,1247537000.0,0.0,0.0,0.033,5992862000.0,2071811000.0,7860000000,0.132,1.222,8.284,8.354,976000000,0.0,63.91,0.27,0.27,898000000,7346000000,38275151000.0,38275151000.0,0.0,0.063,0.153,0.267,0.054,80022000.0,5713752000.0,1.0,161712439,161712439,,236.686,18063000000,0,718165000.0,0,111.698,5395000000
37,HUM,ART,2012-03-31,2012-04-30,2012-03-31,2021-07-28,313000000,20700000000,18975658500.0,14056000000,6644000000,1.995,50.46,-351519000.0,3656000000,3656000000,29828246000.0,1351824000.0,1.593,1.514,1915000000,294000000,1621000000,1915000000,2298000000,305509000.0,0,0.012,1.0,2235988000.0,2541497000.0,0.067,2541497000.0,2235988000.0,2128216000.0,8.22,8.09,8.22,8234000000,7935421750.0,8234000000,11424301083,5.0,4.495,3278029000.0,20.089,1.0,8032036000.0,0.212,2785000000,107772000.0,7351000000,8142538500.0,0,9593000000,7889000000,1704000000,12466000000,8823000000,3643000000,13165301083,1900096000.0,-277000000.0,-485096000.0,6312000.0,-123000000.0,-872179000.0,-857273000.0,-264058000.0,3629548000.0,0.0,1351824000.0,1351824000.0,1351824000.0,0.0,0.0,0.036,5796048000.0,2235988000.0,7921000000,0.122,1.599,9.739,9.815,939000000,0.0,80.68,0.348,0.348,1330000000,7032000000,37860282000.0,37860282000.0,0.0,0.071,0.17,0.275,0.059,77225000.0,5522157000.0,1.0,163179240,163179240,,232.017,17915000000,0,776392000.0,0,109.787,5233000000
38,HUM,ART,2011-12-31,2012-02-24,2011-12-31,2021-07-28,303000000,17708000000,18090673500.0,11181000000,6527000000,2.036,49.149,-336000000.0,1377000000,1377000000,28823000000.0,1419000000.0,1.846,1.196,1965000000,306000000,1659000000,1965000000,213000000,303000000.0,0,0.008,0.75,2344000000.0,2647000000.0,0.072,2647000000.0,2344000000.0,2235000000.0,8.58,8.46,8.58,8063000000,7683666250.0,8063000000,15188525294,6.0,5.738,1743000000.0,10.625,1.0,8009000000.0,0.217,2740000000,109000000.0,9500000000,8400187750.0,0,9453000000,7743000000,1710000000,9645000000,6056000000,3589000000,14600525294,-296000000.0,-226000000.0,-413000000.0,-103000000.0,-82000000.0,-1017000000.0,-1358000000.0,-850000000.0,2079000000.0,0.0,1419000000.0,1419000000.0,1419000000.0,0.0,0.0,0.039,5665000000.0,2344000000.0,7200000000,0.087,1.811,10.289,10.373,912000000,0.0,89.0,0.396,0.396,1034000000,6825000000,36832000000.0,36832000000.0,0.0,0.078,0.185,0.279,0.064,67000000.0,5395000000.0,1.0,164050846,164050846,,224.516,14968000000,0,816000000.0,0,91.24,5125000000
39,HUM,ART,2011-09-30,2011-10-31,2011-09-30,2021-07-28,279844000,19899729000,17689486750.0,13632338000,6267391000,2.042,48.06,-285730000.0,4019405000,4019405000,28544336000.0,1327548000.0,1.601,1.532,1960139000,298587000,1661552000,1960139000,2005366000,291471000.0,0,0.006,0.5,2204847000.0,2496318000.0,0.069,2496318000.0,2204847000.0,2096510000.0,8.0,7.87,8.0,7857970000,7398930250.0,7857970000,11820572091,5.0,4.735,3542873000.0,21.668,1.0,7581401000.0,0.21,2579916000,108337000.0,6744046000,8074166500.0,0,9560580000,7864637000,1695943000,12041759000,8516501000,3525258000,13879838091,1096553000.0,-835982000.0,-423254000.0,49581000.0,-41494000.0,-642934000.0,-2089116000.0,-994028000.0,3828603000.0,0.0,1327548000.0,1327548000.0,1327548000.0,0.0,0.0,0.037,5376554000.0,2204847000.0,7793133000,0.062,1.766,10.455,10.611,850888000,0.0,84.89,0.384,0.384,1036317000,6667005000,36125737000.0,36125737000.0,0.0,0.075,0.179,0.273,0.061,63621000.0,5109686000.0,1.0,163503806,163503806,,220.947,17319813000,0,768962000.0,0,105.929,5115837000
40,HUM,ART,2011-06-30,2011-08-01,2011-06-30,2021-07-28,189030000,17594905000,16812142500.0,11475227000,6119678000,2.097,45.476,-259990000.0,1567824000,1567824000,28035276000.0,1276009000.0,1.805,1.319,1881302000,217287000,1664015000,1881302000,204859000,281447000.0,0,0.003,0.25,2127495000.0,2408942000.0,0.068,2408942000.0,2127495000.0,2020080000.0,7.64,7.52,7.64,7586717000,7169180000.0,7586717000,12385262357,6.0,5.141,1858507000.0,11.14,1.0,7214466000.0,0.205,2577511000,107415000.0,8975108000,8168542250.0,0,9202656000,7609737000,1592919000,10008188000,6355764000,3652424000,12071784357,-431158000.0,-841733000.0,-232376000.0,-30406000.0,0.0,-551958000.0,-1997697000.0,-912056000.0,2118497000.0,0.0,1276009000.0,1276009000.0,1276009000.0,0.0,0.0,0.036,5086971000.0,2127495000.0,7494286000,0.033,1.591,9.461,9.471,822611000,0.0,72.36,0.342,0.342,1546392000,6262943000,35249742000.0,35249742000.0,0.0,0.076,0.178,0.26,0.06,64298000.0,4822217000.0,1.0,166829524,166829524,,211.292,15017394000,0,744071000.0,0,90.016,5119463000
41,HUM,ART,2011-03-31,2011-05-03,2011-03-31,2021-07-28,108808000,17160060000,16336058750.0,11096774000,6063286000,2.119,42.917,-253689000.0,1756041000,1756041000,27625073000.0,1155798000.0,1.743,1.374,1918520000,252073000,1666447000,1918520000,219004000,275645000.0,0,0.0,0.0,1935394000.0,2211039000.0,0.064,2211039000.0,1935394000.0,1829420000.0,6.9,6.81,6.9,7226978000,6892207000.0,7226978000,12862782913,7.0,5.818,2028906000.0,12.049,1.0,6993259000.0,0.202,2576208000,105974000.0,8381597000,7828137000.0,0,8989049000,7420959000,1568090000,9933082000,6364734000,3568348000,12700303913,-57952000.0,-837450000.0,-123770000.0,8258000.0,0.0,-366048000.0,-1974499000.0,-914584000.0,2282595000.0,0.0,1155798000.0,1155798000.0,1155798000.0,0.0,0.0,0.033,5057865000.0,1935394000.0,7423721000,0.0,1.757,10.988,10.93,819729000,0.0,75.42,0.367,0.367,1219347000,5844177000,34618332000.0,34618332000.0,0.0,0.071,0.168,0.247,0.056,65383000.0,4791602000.0,1.0,168394377,168394377,,205.579,14583852000,0,673622000.0,0,86.605,4732040000
42,HUM,ART,2010-12-31,2011-02-18,2010-12-31,2021-07-28,120584000,16103253000,15848327750.0,10137699000,5965554000,2.137,41.081,-222236000.0,1673137000,1673137000,27087874000.0,1099390000.0,1.765,1.326,2078234000,409385000,1668849000,2078234000,185410000,262910000.0,0,0.0,0.0,1854622000.0,2117532000.0,0.063,2117532000.0,1854622000.0,1749562000.0,6.55,6.47,6.55,6924056000,6606771750.0,6924056000,10760526253,6.0,5.082,2019558000.0,11.982,1.0,6780334000.0,0.2,2567809000,105060000.0,8195915000,7584806750.0,0,8372439000,6872767000,1499672000,9179197000,5744626000,3434571000,10355429253,59549000.0,-832450000.0,-92456000.0,27144000.0,0.0,-371256000.0,-1810989000.0,-827037000.0,2241794000.0,0.0,1099390000.0,1099390000.0,1099390000.0,0.0,0.0,0.032,4925712000.0,1854622000.0,6642686000,0.0,1.496,9.419,9.38,815337000,0.0,61.44,0.306,0.306,959018000,5529001000,33868208000.0,33868208000.0,0.0,0.069,0.166,0.245,0.055,62947000.0,4662802000.0,1.0,168545398,168545398,,200.944,13535444000,0,650172000.0,0,80.307,4393073000
43,HUM,ART,2010-09-30,2010-11-01,2010-09-30,2021-07-28,259025000,16390352000,15360888000.0,11384613000,5005739000,2.158,41.225,-214238000.0,2922852000,2922852000,26331386000.0,1242724000.0,1.818,1.362,1912451000,241229000,1671222000,1912451000,213778000,266297000.0,0,0.0,0.0,2078687000.0,2344984000.0,0.071,2344984000.0,2078687000.0,1973770000.0,7.4,7.32,7.4,6938969000,6319758500.0,6938969000,8866531338,4.0,3.781,2349024000.0,13.956,1.0,6819622000.0,0.206,1997277000,104917000.0,7121549000,7370733000.0,0,8619542000,7142395000,1477147000,9451383000,6261125000,3190258000,9876932338,1470846000.0,-10120000.0,-99104000.0,41845000.0,0.0,161717000.0,-1254133000.0,-1181443000.0,2563262000.0,0.0,1242724000.0,1242724000.0,1242724000.0,0.0,0.0,0.037,4740935000.0,2078687000.0,7085286000,0.0,1.423,7.948,7.93,670277000,0.0,58.68,0.298,0.298,794197000,5421676000,33151008000.0,33151008000.0,0.0,0.081,0.197,0.282,0.063,69156000.0,4474638000.0,1.0,168318547,168318547,,196.954,14393075000,0,731046000.0,0,85.511,5123488000
44,HUM,ART,2010-06-30,2010-08-02,2010-06-30,2021-07-28,158428000,15690570000,14813746750.0,10787089000,4903481000,2.19,38.284,-192766000.0,1998982000,1998982000,25805267000.0,1151022000.0,1.799,1.422,1913481000,239916000,1673565000,1913481000,209346000,263828000.0,0,0.0,0.0,1925861000.0,2189689000.0,0.067,2189689000.0,1925861000.0,1820828000.0,6.85,6.78,6.85,6478825000,5972067000.0,6478825000,8161195119,4.0,3.727,2101398000.0,12.417,1.0,6637912000.0,0.205,1994593000,105033000.0,7613487000,7372702500.0,0,8287797000,6882063000,1405734000,9211745000,5996989000,3214756000,8246696119,413873000.0,-1738000.0,-51535000.0,86063000.0,0.0,206034000.0,-2086325000.0,-2145211000.0,2294164000.0,0.0,1151022000.0,1151022000.0,1151022000.0,0.0,0.0,0.035,4712051000.0,1925861000.0,6775075000,0.0,1.273,7.165,7.114,660223000,0.0,48.73,0.254,0.254,1310269000,5028455000,32443179000.0,32443179000.0,0.0,0.078,0.193,0.261,0.059,72475000.0,4448223000.0,1.0,169232426,169232426,,191.708,13695977000,0,669806000.0,0,80.93,4790100000
45,HUM,ART,2010-03-31,2010-04-27,2010-03-31,2021-07-28,69994000,15209136000,14312201500.0,10259986000,4949150000,2.214,35.754,-183922000.0,1813993000,1813993000,25313247000.0,1092726000.0,1.737,1.499,1911918000,236038000,1675880000,1911918000,235584000,255016000.0,0,0.0,0.0,1830309000.0,2085325000.0,0.066,2085325000.0,1830309000.0,1724924000.0,6.51,6.45,6.51,6085237000,5616930250.0,6085237000,7513421840,4.0,3.603,1946791000.0,11.438,1.0,6376100000.0,0.201,1992924000,105385000.0,7408276000,7088396000.0,0,8098492000,6764833000,1333659000,9123899000,5905861000,3218038000,7415496840,-97209000.0,-69000.0,-3460000.0,-272024000.0,0.0,-98242000.0,-2129680000.0,-2244884000.0,2130713000.0,0.0,1092726000.0,1092726000.0,1092726000.0,0.0,0.0,0.034,4545791000.0,1830309000.0,6647418000,0.0,1.219,6.786,6.693,665909000,0.0,43.57,0.234,0.234,1091372000,4688379000,31689347000.0,31689347000.0,0.0,0.076,0.195,0.258,0.058,77533000.0,4290775000.0,1.0,170197311,170197311,,186.192,13216212000,0,632198000.0,0,77.652,4354125000
46,HUM,ART,2009-12-31,2010-02-19,2009-12-31,2021-07-28,42135000,14153494000,13911570000.0,9252816000,4900678000,2.226,33.932,-183941000.0,1613588000,1613588000,24775002000.0,1039675000.0,1.759,1.45,2052630000,374464000,1678166000,2052630000,228817000,250274000.0,0,0.0,0.0,1707603000.0,1957877000.0,0.063,1957877000.0,1707603000.0,1601760000.0,6.21,6.15,6.21,5776003000,5263199250.0,5776003000,8158750149,5.0,4.167,1237641000.0,7.271,1.0,6185412000.0,0.2,1992924000,105843000.0,7339620000,6838171250.0,0,7497150000,6190062000,1307088000,8377491000,5259992000,3117499000,7719708149,-356835000.0,-12436000.0,-5635000.0,-100078000.0,0.0,80844000.0,-1859261000.0,-1975156000.0,1421582000.0,0.0,1039675000.0,1039675000.0,1039675000.0,0.0,0.0,0.034,4477809000.0,1707603000.0,5849758000,0.0,1.337,7.425,7.303,679142000,0.0,45.35,0.249,0.249,811800000,4429611000,30960414000.0,30960414000.0,0.0,0.075,0.198,0.25,0.055,65870000.0,4227535000.0,1.0,170225097,170225097,,181.879,12160570000,0,562085000.0,0,71.438,3992824000
47,HUM,ART,2009-09-30,2009-11-03,2009-09-30,2021-07-28,83536000,14201787000,13633636500.0,9240828000,4960959000,2.26,32.669,-204156000.0,1452006000,1452006000,24789310000.0,963096000.0,1.678,1.56,1879808000,199384000,1680424000,1879808000,219789000,240388000.0,0,0.0,0.0,1570446000.0,1810834000.0,0.059,1810834000.0,1570446000.0,1464106000.0,5.75,5.71,5.75,5548203000,4933496000.0,5548203000,6825391296,4.0,3.769,1239908000.0,7.301,1.0,6025695000.0,0.196,1992924000,106340000.0,7129427000,6524730000.0,0,7218704000,5899385000,1319319000,8653584000,5507238000,3146346000,6397589296,-90894000.0,-173004000.0,-1820000.0,-58330000.0,0.0,241252000.0,-1776210000.0,-1718138000.0,1444064000.0,0.0,963096000.0,963096000.0,963096000.0,0.0,0.0,0.031,4455249000.0,1570446000.0,6259969000,0.0,1.153,6.643,6.551,679010000,0.0,37.67,0.208,0.208,765039000,4178952000,30815005000.0,30815005000.0,0.0,0.071,0.195,0.241,0.051,62352000.0,4214861000.0,1.0,169832474,169832474,,181.444,12208863000,0,501010000.0,0,71.888,3733590000
48,HUM,ART,2009-06-30,2009-08-03,2009-06-30,2021-07-28,-86556000,13684389000,13224157250.0,8772364000,4912025000,2.287,29.815,-232123000.0,1585109000,1585109000,24488572000.0,844585000.0,1.605,1.705,1836507000,153853000,1682654000,1836507000,244855000,234426000.0,0,0.0,0.0,1377047000.0,1611473000.0,0.053,1611473000.0,1377047000.0,1277618000.0,5.05,5.02,5.05,5058278000,4614078250.0,5058278000,5979033343,4.0,3.71,849105000.0,5.005,1.0,5757784000.0,0.19,1992924000,99429000.0,6476261000,6192539500.0,0,5823620000,4583423000,1240197000,8626111000,5466602000,3159509000,5727635343,410467000.0,-169189000.0,-12640000.0,-145328000.0,0.0,-169170000.0,-501591000.0,-568928000.0,1081228000.0,0.0,844585000.0,844585000.0,844585000.0,0.0,0.0,0.028,4380737000.0,1377047000.0,6222211000,0.0,1.132,6.782,6.685,691414000,0.0,33.76,0.189,0.189,1265986000,3877433000,30246356000.0,30246356000.0,0.0,0.064,0.183,0.222,0.046,61226000.0,4146311000.0,1.0,169657445,169657445,,178.279,11691465000,0,433033000.0,0,68.912,3305762000
49,HUM,ART,2009-03-31,2009-04-27,2009-03-31,2021-07-28,-174924000,13606610000,13038055750.0,8882756000,4723854000,2.278,27.534,-253526000.0,1911202000,1911202000,24159509000.0,772701000.0,1.618,1.913,2192918000,258062000,1934856000,2192918000,241462000,227406000.0,0,0.0,0.0,1253404000.0,1480810000.0,0.05,1480810000.0,1253404000.0,1162682000.0,4.63,4.59,4.63,4670313000,4400440750.0,4670313000,5243081695,4.0,3.541,769865000.0,4.539,1.0,5538820000.0,0.187,1991220000,90722000.0,6407377000,6102291250.0,0,5520975000,4439005000,1081970000,8936297000,5489729000,3446568000,4961365695,222915000.0,-431444000.0,-26585000.0,284367000.0,0.0,36022000.0,-836498000.0,-731368000.0,1023391000.0,0.0,772701000.0,772701000.0,772701000.0,0.0,0.0,0.026,4285416000.0,1253404000.0,6129895000,0.0,1.062,6.421,6.317,701376000,0.0,29.25,0.167,0.167,1025793000,3595653000,29698329000.0,29698329000.0,0.0,0.059,0.176,0.205,0.042,57129000.0,4058010000.0,1.0,169619340,169619340,,175.088,11615390000,0,389981000.0,0,68.479,3393027000
50,HUM,ART,2008-12-31,2009-02-20,2008-12-31,2021-07-28,-175243000,13041760000,12826910250.0,8396042000,4645718000,2.257,26.397,-261566000.0,1970423000,1970423000,23708233000.0,647154000.0,1.62,1.926,2161574000,224542000,1937032000,2161574000,238098000,220350000.0,0,0.0,0.0,1073137000.0,1293487000.0,0.045,1293487000.0,1073137000.0,992848000.0,3.87,3.83,3.87,4457190000,4245981000.0,4457190000,7036532497,7.0,5.44,720744000.0,4.268,1.0,5238139000.0,0.181,1963111000,80289000.0,6085855000,5887516750.0,0,5215442000,4203538000,1011904000,8584570000,5183945000,3400625000,6845381497,-70030000.0,-422915000.0,-95105000.0,147867000.0,0.0,-554016000.0,-498324000.0,-685524000.0,982310000.0,0.0,647154000.0,647154000.0,647154000.0,0.0,0.0,0.022,4165002000.0,1073137000.0,5886063000,0.0,1.536,10.578,10.475,711492000,0.0,40.54,0.236,0.236,777672000,3389936000,28946372000.0,28946372000.0,0.0,0.05,0.152,0.182,0.037,55369000.0,3944652000.0,1.0,168854995,168854995,,171.427,11078649000,0,345694000.0,0,65.61,3212097000
51,HUM,ART,2008-09-30,2008-11-03,2008-09-30,2021-07-28,-172484000,12563870000,12786238750.0,8199987000,4363883000,2.174,25.313,-252153000.0,1542900000,1542900000,22579380000.0,716293000.0,1.541,1.942,1925913000,257680000,1668233000,1925913000,220509000,208776000.0,0,0.0,0.0,1163290000.0,1372066000.0,0.049,1372066000.0,1163290000.0,1090789000.0,4.29,4.23,4.29,4270532000,4138917750.0,4270532000,6007844908,5.0,4.379,243752000.0,1.445,1.0,5218151000.0,0.188,1823280000,72501000.0,5800665000,5701023000.0,0,4913014000,3982564000,930450000,8293338000,5322938000,2970400000,5624831908,-1042770000.0,-728334000.0,-97132000.0,271909000.0,0.0,-157051000.0,-1381624000.0,-696195000.0,495905000.0,0.0,716293000.0,716293000.0,716293000.0,0.0,0.0,0.026,4054861000.0,1163290000.0,5833421000,0.0,1.317,7.853,7.772,677882000,0.0,33.34,0.202,0.202,697497000,3215856000,27797531000.0,27797531000.0,0.0,0.056,0.173,0.204,0.042,53099000.0,3846085000.0,1.0,168711215,168711215,,164.764,10740590000,0,374496000.0,0,63.663,2877049000
52,HUM,ART,2008-06-30,2008-08-04,2008-06-30,2021-07-28,-51125000,12939983000,12663397750.0,8460543000,4479440000,2.13,24.89,-214130000.0,1174642000,1174642000,21722629000.0,835663000.0,1.467,2.078,1933063000,297965000,1635098000,1933063000,210770000,194900000.0,0,0.0,0.0,1355531000.0,1550431000.0,0.057,1550431000.0,1355531000.0,1286431000.0,5.0,4.92,5.0,4203728000,4006004000.0,4203728000,8664278176,6.0,5.588,-933153000.0,-5.525,1.0,5246316000.0,0.195,1817460000,69100000.0,6115268000,5077508500.0,0,5184815000,4195562000,989253000,8736255000,5765676000,2970579000,7905857176,-2546127000.0,-732581000.0,-76081000.0,352086000.0,0.0,-572364000.0,-1254740000.0,-853768000.0,-719023000.0,0.0,835663000.0,835663000.0,835663000.0,0.0,0.0,0.031,3890785000.0,1355531000.0,6237198000,0.0,1.881,9.461,9.362,655431000,0.0,46.81,0.293,0.293,987074000,3032848000,26968945000.0,26968945000.0,0.0,0.066,0.209,0.267,0.05,49033000.0,3695885000.0,1.0,168892484,168892484,,159.681,11122523000,0,450768000.0,0,65.856,2694867000
53,HUM,ART,2008-03-31,2008-04-29,2008-03-31,2021-07-28,7312000,12762028000,12762143250.0,8610275000,4151753000,2.041,23.949,-193143000.0,1688287000,1688287000,20874565000.0,842613000.0,1.502,2.149,1892581000,291246000,1601335000,1892581000,227492000,195706000.0,0,0.0,0.0,1368306000.0,1564012000.0,0.06,1564012000.0,1368306000.0,1301007000.0,5.04,4.96,5.04,4052474000,3798946500.0,4052474000,8316332429,6.0,5.317,-538923000.0,-3.185,1.0,5170315000.0,0.199,1683604000,67299000.0,5548279000,3982064000.0,0,4917936000,3954830000,963106000,8709554000,5734439000,2975115000,8112038429,-2005772000.0,-470550000.0,-49416000.0,171674000.0,0.0,-336292000.0,-1323700000.0,-735277000.0,-345780000.0,0.0,842613000.0,842613000.0,842613000.0,0.0,0.0,0.032,3802009000.0,1368306000.0,6184420000,0.0,2.002,9.627,9.512,636935000,0.0,47.94,0.311,0.311,747806000,2822952000,26044880000.0,26044880000.0,0.0,0.066,0.222,0.344,0.053,46246000.0,3606303000.0,1.0,169212316,169212316,,153.918,11078424000,0,458394000.0,0,65.471,2875836000
54,HUM,ART,2007-12-31,2008-02-25,2007-12-31,2021-07-28,14021000,12879074000,12748167500.0,8732846000,4146228000,1.984,23.675,-212730000.0,2040453000,2040453000,20270531000.0,833684000.0,1.508,2.197,1957049000,269226000,1687823000,1957049000,219780000,184812000.0,0,0.0,0.0,1358178000.0,1542990000.0,0.061,1542990000.0,1358178000.0,1289300000.0,5.0,4.91,5.0,4028937000,3575709750.0,4028937000,11684086956,9.0,7.572,1011532000.0,5.944,1.0,5019458000.0,0.198,1663939000,68878000.0,5339880000,3036690000.0,0,4650367000,3635317000,1015050000,8850137000,5791851000,3058286000,11767490956,300149000.0,-493493000.0,34226000.0,325621000.0,0.0,921278000.0,-1845391000.0,-430109000.0,1224262000.0,0.0,833684000.0,833684000.0,833684000.0,0.0,0.0,0.033,3661280000.0,1358178000.0,6283531000,0.0,2.921,14.115,13.83,637241000,0.0,69.15,0.465,0.465,592761000,2742782000,25289989000.0,25289989000.0,0.0,0.065,0.233,0.447,0.054,42132000.0,3476468000.0,1.0,170173405,170173405,,148.613,11215135000,0,455616000.0,0,65.904,2940995000
55,HUM,ART,2007-09-30,2007-10-29,2007-09-30,2021-07-28,-11042000,12072506000,12060273000.0,9201824000,2870682000,2.04,22.067,-196500000.0,2585670000,2585670000,19900055000.0,745486000.0,1.439,2.229,1546214000,253356000,1292858000,1546214000,177080000,175997000.0,0,0.0,0.0,1237231000.0,1413228000.0,0.057,1413228000.0,1237231000.0,1171494000.0,4.48,4.4,4.48,3738877000,3331947000.0,3738877000,11456178264,9.0,8.106,1752495000.0,10.343,1.0,4706358000.0,0.191,1330585000,65737000.0,3306607000,2563583500.0,0,3896069000,3475300000,420769000,8333629000,6395858000,1937771000,12495634264,1404436000.0,-29206000.0,30188000.0,296928000.0,0.0,-65460000.0,-479099000.0,-340129000.0,1948995000.0,0.0,745486000.0,745486000.0,745486000.0,0.0,0.0,0.03,3469127000.0,1237231000.0,5965422000,0.0,3.342,16.762,16.462,570798000,0.0,73.75,0.508,0.508,685242000,2499563000,24606413000.0,24606413000.0,0.0,0.062,0.224,0.483,0.05,39025000.0,3293130000.0,1.0,169432329,169432329,,145.229,10741921000,0,426008000.0,0,63.399,2805966000
56,HUM,ART,2007-06-30,2007-08-03,2007-06-30,2021-07-28,-38112000,13334965000,11531437750.0,10405926000,2929039000,2.076,20.025,-214356000.0,3720769000,3720769000,19562195000.0,602306000.0,1.296,2.951,1479216000,289646000,1189570000,1479216000,1355017000,171424000.0,0,0.0,0.0,1009165000.0,1180589000.0,0.049,1180589000.0,1009165000.0,942366000.0,3.64,3.57,3.64,3375498000,3120343500.0,3375498000,8731880332,9.0,7.396,1981275000.0,11.754,1.0,4374418000.0,0.183,1330585000,66799000.0,1733490000,2557748000.0,0,3724311000,3323536000,400775000,9959467000,8029337000,1930130000,10973433332,1462305000.0,-29136000.0,29654000.0,115667000.0,0.0,1118748000.0,-1852074000.0,-503366000.0,2195631000.0,0.0,602306000.0,602306000.0,602306000.0,0.0,0.0,0.025,3365253000.0,1009165000.0,6384674000,0.0,3.251,18.219,17.885,569412000,0.0,65.1,0.458,0.458,685479000,2197185000,23936613000.0,23936613000.0,0.0,0.052,0.193,0.395,0.042,37771000.0,3193829000.0,1.0,168562724,168562724,,142.004,12004380000,0,340060000.0,0,71.216,2376589000
57,HUM,ART,2007-03-31,2007-05-03,2007-03-31,2021-07-28,-8378000,12706125000,10656846500.0,9870592000,2835533000,2.15,18.803,-207079000.0,3694059000,3694059000,18851278000.0,474949000.0,1.311,3.022,1613906000,284572000,1329334000,1613906000,1330325000,153756000.0,0,0.0,0.0,810718000.0,964474000.0,0.042,964474000.0,810718000.0,743098000.0,2.89,2.82,2.89,3159527000,2941167750.0,3159527000,8585154882,11.0,8.901,2046141000.0,12.177,1.0,4065707000.0,0.177,1331418000,67620000.0,1766783000,2645174500.0,0,3535058000,3154920000,380138000,9546598000,7527771000,2018827000,10665307882,1850654000.0,-54730000.0,17245000.0,411550000.0,0.0,1252147000.0,-1654713000.0,-594031000.0,2253220000.0,0.0,474949000.0,474949000.0,474949000.0,0.0,0.0,0.021,3254989000.0,810718000.0,5912874000,0.0,3.376,22.456,21.962,571405000,0.0,63.47,0.465,0.465,826314000,1980339000,22916985000.0,22916985000.0,0.0,0.045,0.161,0.306,0.035,35780000.0,3101233000.0,1.0,168036992,168036992,,136.381,11374707000,0,268149000.0,0,67.692,2342821000
58,HUM,ART,2006-12-31,2007-02-23,2006-12-31,2021-07-28,-13205000,10127496000,9654820250.0,7332973000,2794523000,2.218,18.317,-183528000.0,1740304000,1740304000,17421204000.0,487423000.0,1.412,2.316,1562705000,293605000,1269100000,1562705000,155298000,148598000.0,0,0.0,0.0,825226000.0,973824000.0,0.045,973824000.0,825226000.0,762085000.0,2.97,2.9,2.97,3053886000,2793225750.0,3053886000,9969018724,12.0,10.237,1503184000.0,9.016,1.0,3995333000.0,0.187,1310631000,63141000.0,3447454000,2698214750.0,0,3607150000,3192273000,414877000,7073610000,5191812000,1881798000,10146617724,1008288000.0,-28062000.0,22524000.0,456165000.0,0.0,975642000.0,-1654066000.0,-862096000.0,1686712000.0,0.0,487423000.0,487423000.0,487423000.0,0.0,0.0,0.023,3170107000.0,825226000.0,4742909000,0.0,3.323,20.817,20.492,545004000,0.0,60.86,0.474,0.474,667657000,1909098000,21416537000.0,21416537000.0,0.0,0.05,0.175,0.306,0.039,32558000.0,3021509000.0,1.0,166720633,166720633,,128.458,8816865000,0,274662000.0,0,52.884,2141161000
59,HUM,ART,2006-09-30,2006-11-07,2006-09-30,2021-07-28,-6574000,9957165000,8840349750.0,7153005000,2804160000,2.197,17.401,-178829000.0,1181234000,1181234000,15794260000.0,397009000.0,1.316,2.442,1251388000,281244000,970144000,1251388000,146320000,142906000.0,0,0.0,0.0,677784000.0,820690000.0,0.042,820690000.0,677784000.0,620120000.0,2.43,2.37,2.43,2892463000,2648280500.0,2892463000,9819453062,14.0,11.965,726485000.0,4.37,1.0,3630138000.0,0.187,1307231000,57664000.0,3283265000,2523471750.0,0,3650992000,3242711000,408281000,7064702000,5436823000,1627879000,9749299062,202298000.0,-76390000.0,34570000.0,365560000.0,0.0,1287680000.0,-1990696000.0,-935705000.0,905314000.0,0.0,397009000.0,397009000.0,397009000.0,0.0,0.0,0.02,2952354000.0,677784000.0,5009259000,0.0,3.371,24.557,24.136,518930000,0.0,58.65,0.502,0.502,729949000,1754077000,19424398000.0,19424398000.0,0.0,0.045,0.15,0.269,0.035,35720000.0,2809448000.0,1.0,166228458,166228458,,116.854,8649934000,0,223111000.0,0,52.036,1716182000
60,HUM,ART,2006-06-30,2006-08-03,2006-06-30,2021-07-28,-43352000,9836600000,8059163750.0,7059026000,2777574000,2.183,16.108,-173977000.0,2258464000,2258464000,14272655000.0,287755000.0,1.273,2.7,1356164000,571765000,784399000,1356164000,1170278000,139348000.0,0,0.0,0.0,493046000.0,632394000.0,0.036,632394000.0,493046000.0,442250000.0,1.77,1.72,1.77,2658795000,2516657250.0,2658795000,8681328671,18.0,13.728,1713393000.0,10.38,1.0,3323420000.0,0.189,1307650000,50796000.0,2083196000,2195682750.0,0,3385802000,2998440000,387362000,7177805000,5543454000,1634351000,9583628671,1654674000.0,-76049000.0,31607000.0,340051000.0,0.0,857802000.0,-1090498000.0,-676621000.0,1887370000.0,0.0,287755000.0,287755000.0,287755000.0,0.0,0.0,0.016,2830374000.0,493046000.0,3801411000,0.0,3.605,33.305,32.802,505721000,0.0,58.06,0.545,0.545,767610000,1594879000,17596075000.0,17596075000.0,0.0,0.036,0.114,0.225,0.028,26370000.0,2691026000.0,1.0,165064221,165064221,,106.601,8528950000,0,154495000.0,0,51.67,1515572000
61,HUM,ART,2006-03-31,2006-05-03,2006-03-31,2021-07-28,-28408000,8698020000,7169490500.0,6019326000,2678694000,2.195,15.595,-168287000.0,1843405000,1843405000,12681663000.0,282403000.0,1.257,2.387,1177043000,575818000,601225000,1177043000,920678000,134515000.0,0,0.0,0.0,475466000.0,609981000.0,0.039,609981000.0,475466000.0,431235000.0,1.74,1.7,1.74,2567759000,2431005500.0,2567759000,6214289287,13.0,10.188,1366085000.0,8.297,1.0,3053604000.0,0.194,1265176000,44231000.0,1978944000,2442341750.0,0,2997592000,2623009000,374583000,6130261000,4787538000,1342723000,6880651287,1283141000.0,-54858000.0,37747000.0,113846000.0,0.0,504391000.0,-755622000.0,-408833000.0,1534372000.0,0.0,282403000.0,282403000.0,282403000.0,0.0,0.0,0.018,2578138000.0,475466000.0,3291042000,0.0,2.68,24.365,24.017,498267000,0.0,41.79,0.437,0.437,763061000,1505390000,15735267000.0,15735267000.0,0.0,0.039,0.116,0.195,0.03,17899000.0,2443623000.0,1.0,164648272,164648272,,95.569,7432844000,0,148832000.0,0,45.144,1231788000
62,HUM,ART,2005-12-31,2006-03-03,2005-12-31,2021-07-28,24832000,6869614000,6532383750.0,4206186000,2663428000,2.207,15.133,-161349000.0,732016000,732016000,11651470000.0,308483000.0,1.306,1.777,1095049000,581259000,513790000,1095049000,120489000,128858000.0,0,0.0,0.0,461029000.0,589887000.0,0.041,589887000.0,461029000.0,421714000.0,1.91,1.87,1.91,2474105000,2339017000.0,2474105000,8677926993,19.0,14.711,464278000.0,2.84,1.0,2766657000.0,0.192,1264575000,39315000.0,2748482000,2702186000.0,0,2745939000,2354904000,391035000,4395509000,3219590000,1175919000,8314893993,151937000.0,-402844000.0,35871000.0,287945000.0,0.0,293586000.0,-767276000.0,-233313000.0,625627000.0,0.0,308483000.0,308483000.0,308483000.0,0.0,0.0,0.021,2305628000.0,461029000.0,2517842000,0.0,3.361,26.954,26.628,484412000,0.0,50.86,0.577,0.577,723190000,1538306000,14418127000.0,14418127000.0,0.0,0.047,0.132,0.171,0.032,11319000.0,2176770000.0,1.0,163485922,163485922,,88.192,5605039000,0,113231000.0,0,34.285,986596000
63,HUM,ART,2005-09-30,2005-11-07,2005-09-30,2021-07-28,-3504000,6832421000,6229384500.0,4283136000,2549285000,2.242,14.534,-149347000.0,978936000,978936000,11382119000.0,291002000.0,1.21,1.888,878009000,560799000,317210000,878009000,533908000,128208000.0,0,0.0,0.0,421383000.0,549591000.0,0.039,549591000.0,421383000.0,385749000.0,1.81,1.77,1.81,2365970000,2243021750.0,2365970000,7034111977,17.0,12.799,742262000.0,4.56,1.0,2582553000.0,0.185,1220461000,35634000.0,1972109000,2688604000.0,0,2594058000,2228424000,365634000,4466451000,3538924000,927527000,7135038977,603846000.0,-378654000.0,41956000.0,140373000.0,0.0,213391000.0,-501154000.0,57909000.0,891609000.0,0.0,291002000.0,291002000.0,291002000.0,0.0,0.0,0.021,2161170000.0,421383000.0,2444217000,0.0,3.016,24.519,24.215,457078000,0.0,43.83,0.511,0.511,695344000,1473699000,13964672000.0,13964672000.0,0.0,0.047,0.13,0.157,0.03,4020000.0,2032962000.0,1.0,162788934,162788934,,85.784,5611960000,0,94747000.0,0,34.474,744212000
64,HUM,ART,2005-06-30,2005-08-05,2005-06-30,2021-07-28,13115000,6277907000,5874181750.0,3743070000,2534837000,2.267,14.261,-131476000.0,603790000,603790000,10838633000.0,325361000.0,1.532,1.71,1060881000,182493000,878388000,1060881000,121148000,125327000.0,0,0.0,0.0,473691000.0,599018000.0,0.045,599018000.0,473691000.0,441718000.0,2.03,1.99,2.03,2316188000,2157028000.0,2316188000,7285202660,15.0,12.162,472563000.0,2.91,1.0,2480851000.0,0.186,1221663000,31973000.0,3069832000,2879079750.0,0,2576341000,2217698000,358643000,3961719000,2443503000,1518216000,6828111660,400154000.0,-425801000.0,22205000.0,252477000.0,0.0,265189000.0,-469074000.0,78710000.0,604039000.0,0.0,325361000.0,325361000.0,325361000.0,0.0,0.0,0.024,2007160000.0,473691000.0,2139862000,0.0,2.948,20.986,20.709,437393000,0.0,42.04,0.513,0.513,588706000,1423755000,13319484000.0,13319484000.0,0.0,0.055,0.151,0.165,0.036,4020000.0,1881833000.0,1.0,162419402,162419402,,82.007,5056244000,0,116357000.0,0,31.131,1299567000
65,HUM,ART,2005-03-31,2005-05-05,2005-03-31,2021-07-28,-5648000,6149593000,5640432250.0,3638451000,2511142000,2.341,13.593,-116443000.0,560264000,560264000,10739864000.0,321977000.0,1.513,1.796,1078012000,192741000,885271000,1078012000,143683000,120729000.0,0,0.0,0.0,461740000.0,582469000.0,0.044,582469000.0,461740000.0,434764000.0,2.01,1.98,2.01,2199805000,2056326750.0,2199805000,6177266083,13.0,10.605,370649000.0,2.29,1.0,2464737000.0,0.187,1244370000,26976000.0,3018321000,2833192250.0,0,2482533000,2136841000,345692000,3949788000,2404650000,1545138000,5659518083,142617000.0,-489909000.0,-19515000.0,249350000.0,0.0,270022000.0,-614497000.0,32042000.0,487092000.0,0.0,321977000.0,321977000.0,321977000.0,0.0,0.0,0.024,2002997000.0,461740000.0,2068226000,0.0,2.573,17.577,17.398,428890000,0.0,34.97,0.429,0.429,568184000,1339618000,13204601000.0,13204601000.0,0.0,0.057,0.157,0.163,0.035,4020000.0,1882268000.0,1.0,161839236,161839236,,81.591,4905223000,0,112787000.0,0,30.309,1233801000
66,HUM,ART,2004-12-31,2005-03-02,2004-12-31,2021-07-28,16526000,5657617000,5421970250.0,3596137000,2061480000,2.417,12.997,-83605000.0,580079000,580079000,10669647000.0,280012000.0,1.546,1.707,828756000,192060000,636696000,828756000,146326000,117792000.0,0,0.0,0.0,439022000.0,556814000.0,0.042,556814000.0,439022000.0,415850000.0,1.75,1.72,1.75,2090124000,1983612000.0,2090124000,5734103972,13.0,10.298,264204000.0,1.643,1.0,2434678000.0,0.186,885572000,23172000.0,2694154000,2772961250.0,0,2494110000,2145645000,348465000,3567493000,2326568000,1240925000,5485426972,-351325000.0,-141810000.0,-37454000.0,-28948000.0,0.0,-75053000.0,-624081000.0,-407317000.0,347809000.0,0.0,280012000.0,280012000.0,280012000.0,0.0,0.0,0.021,1995656000.0,439022000.0,1988182000,0.0,2.624,19.59,19.491,399506000,0.0,34.11,0.419,0.419,554661000,1229823000,13104325000.0,13104325000.0,0.0,0.052,0.141,0.158,0.034,4020000.0,1877864000.0,1.0,160815801,160815801,,81.487,4772045000,0,135838000.0,0,29.674,1269569000
67,HUM,ART,2004-09-30,2004-11-05,2004-09-30,2021-07-28,13797000,5411610000,5330896750.0,3405722000,2005888000,2.448,12.684,-71517000.0,375090000,375090000,10559054000.0,299195000.0,1.555,1.676,747018000,116106000,630912000,747018000,132659000,111262000.0,0,0.0,0.0,473729000.0,584991000.0,0.045,584991000.0,473729000.0,452311000.0,1.86,1.83,1.86,2021995000,1920068250.0,2021995000,3942661309,8.0,6.74,547027000.0,3.432,1.0,2488518000.0,0.191,859734000,21418000.0,2734012000,2644951750.0,0,2666318000,2332522000,333796000,3389615000,2189792000,1199823000,3570733309,-260747000.0,-115972000.0,-23456000.0,-105976000.0,0.0,-143559000.0,-735732000.0,-548243000.0,618544000.0,0.0,299195000.0,299195000.0,299195000.0,0.0,0.0,0.023,2014789000.0,473729000.0,1941027000,0.0,1.766,11.934,12.043,390735000,0.0,22.4,0.274,0.274,405067000,1182697000,13047572000.0,13047572000.0,0.0,0.056,0.156,0.179,0.036,6337000.0,1903527000.0,1.0,159407737,159407737,,81.85,4551876000,0,153116000.0,0,28.555,1215930000
68,HUM,ART,2004-06-30,2004-08-06,2004-06-30,2021-07-28,-16756000,5342909000,5165425250.0,3403923000,1938986000,2.513,12.005,,203636000,203636000,10536266000.0,277011000.0,1.523,1.792,795739000,172062000,623677000,795739000,109066000,,0,0.0,0.0,437925000.0,,,,437925000.0,418250000.0,1.72,1.69,1.72,1913383000,1854350500.0,1913383000,3424418484,8.0,,,,1.0,2446798000.0,0.188,813399000,19675000.0,2886282000,2495898750.0,0,2645949000,2322282000,323667000,3429526000,2235331000,1194195000,2832315484,,,,,,,,,,,277011000.0,277011000.0,277011000.0,0.0,0.0,0.021,2008873000.0,437925000.0,1954203000,0.0,1.48,10.225,10.331,392956000,0.0,17.77,0.218,0.218,528078000,1098394000,12983064000.0,12983064000.0,0.0,0.054,0.149,0.175,0.034,,1901737000.0,1.0,159387478,159387478,,81.456,4529510000,0,141239000.0,0,28.418,1168592000
69,HUM,ART,2004-03-31,2004-05-07,2004-03-31,2021-07-28,24641000,5275745000,4852466000.0,3368820000,1906925000,,11.822,,417647000,417647000,,,1.559,1.764,857334000,210437000,646897000,857334000,131372000,,0,0.0,0.0,,,,,,,,,,1908946000,1764862500.0,1908946000,2997429505,,,,,1.0,,,776874000,,2777397000,2187508000.0,0,2427193000,2115784000,311409000,3366799000,2161161000,1205638000,2557742505,,,,,,,,,,,,,,,,,,,1819352000,,1.34,,,397212000,,15.84,,,511931000,1017641000,,,,,,,,,,1.0,161473643,161473643,,,4498871000,0,,0,27.861,1207659000
70,HUM,ART,2003-12-31,2004-03-05,2003-12-31,2021-07-28,16909000,5293323000,4946676500.0,3321331000,1971992000,2.472,11.325,-90086000.0,931404000,931404000,9879421000.0,228934000.0,1.467,1.883,861692000,219054000,642638000,861692000,333071000,126779000.0,0,0.0,0.0,362083000.0,488862000.0,0.04,488862000.0,362083000.0,344716000.0,1.44,1.41,1.44,1835949000,1721211500.0,1835949000,3495068252,10.0,7.149,323054000.0,1.993,1.0,2346890000.0,0.192,776874000,17367000.0,2182116000,1796625500.0,0,1995809000,1676642000,319167000,3457374000,2264621000,1192753000,3564780252,210047000.0,0.0,-16466000.0,154980000.0,0.0,170070000.0,-373163000.0,-283077000.0,413140000.0,0.0,228934000.0,228934000.0,228934000.0,0.0,0.0,0.019,1984807000.0,362083000.0,1712496000,0.0,1.942,15.571,15.271,416472000,0.0,21.99,0.292,0.292,452404000,949811000,12226311000.0,12226311000.0,0.0,0.046,0.133,0.202,0.03,6337000.0,1858028000.0,1.0,162109152,162109152,,75.42,4516449000,0,115782000.0,0,27.861,1056710000
71,HUM,ART,2003-09-30,2003-11-05,2003-09-30,2021-07-28,20086000,4749724000,4564527000.0,3079711000,1670013000,,10.92,,635837000,635837000,,,1.493,1.7,863191000,218751000,644440000,863191000,108161000,,0,0.0,0.0,,,,,,,,,,1759124000,1713284000.0,1759124000,3418637610,,,,,1.0,,,776874000,,2137800000,1984144000.0,0,2002866000,1682402000,320464000,2990600000,2062404000,928196000,3191283610,,,,,,,,,,,,,,,,,,,1735492000,,1.814,,,413402000,,19.81,,,461684000,883502000,,,,,,,,,,1.0,161094579,161094579,,,3972850000,0,,0,24.662,1017307000
72,HUM,ART,2003-03-31,2003-05-14,2003-03-31,2021-07-28,23257000,4429187000,4442512500.0,2731187000,1698000000,2.58,10.033,-99556000.0,532652000,532652000,9315091000.0,127215000.0,1.238,1.733,683907000,349579000,334328000,683907000,117604000,122074000.0,0,0.0,0.0,205340000.0,327414000.0,0.029,327414000.0,205340000.0,188557000.0,0.79,0.76,0.79,1620779000,1628958750.0,1620779000,2165620754,11.0,6.614,253759000.0,1.571,1.0,2145224000.0,0.187,776874000,16783000.0,1597619000,1636691000.0,0,1723873000,1411356000,312517000,2808408000,2205949000,602459000,2014365754,46770000.0,-1109000.0,-94852000.0,-77841000.0,0.0,-165223000.0,-141322000.0,-40657000.0,353315000.0,0.0,127215000.0,127215000.0,127215000.0,0.0,0.0,0.011,1939884000.0,205340000.0,1738766000,0.0,1.243,15.834,15.785,423465000,0.0,12.47,0.176,0.176,472972000,752107000,11460315000.0,11460315000.0,0.0,0.029,0.078,0.125,0.018,8994000.0,1751173000.0,1.0,161536949,161536949,,70.945,3652313000,0,61342000.0,0,22.61,525238000
73,HUM,ART,2002-12-31,2003-03-21,2002-12-31,2021-07-28,22455000,4600030000,4411192500.0,2794925000,1805105000,2.553,9.993,-110287000.0,721357000,721357000,9138196000.0,142755000.0,1.169,1.863,699795000,359882000,339913000,699795000,335757000,120730000.0,0,0.0,0.0,227186000.0,347916000.0,0.031,347916000.0,227186000.0,209934000.0,0.87,0.85,0.87,1606474000,1611177000.0,1606474000,1592542164,7.0,4.577,211121000.0,1.313,1.0,2122985000.0,0.189,776874000,17252000.0,1411135000,1639889250.0,0,1694557000,1405833000,288724000,2993556000,2390459000,603097000,1614104164,69937000.0,0.0,-74035000.0,-57424000.0,0.0,-123314000.0,-128157000.0,-17870000.0,321408000.0,0.0,142755000.0,142755000.0,142755000.0,0.0,0.0,0.013,1895799000.0,227186000.0,1694820000,0.0,1.005,11.307,11.54,459842000,0.0,10.04,0.143,0.143,348562000,720877000,11261181000.0,11261181000.0,0.0,0.032,0.089,0.139,0.02,8994000.0,1739192000.0,1.0,160767347,160767347,,70.046,3823156000,0,67179000.0,0,23.781,404466000
74,HUM,ART,2002-09-30,2002-11-12,2002-09-30,2021-07-28,35819000,4379330000,4362094500.0,2584503000,1794827000,2.528,10.09,-116552000.0,375736000,375736000,8919592000.0,179631000.0,1.231,1.626,703463000,369402000,334061000,703463000,89977000,133087000.0,0,0.0,0.0,285711000.0,418798000.0,0.038,418798000.0,285711000.0,267521000.0,1.09,1.07,1.09,1667444000,1586545750.0,1667444000,2145522430,8.0,5.123,-128896000.0,-0.78,1.0,2109443000.0,0.191,776874000,18190000.0,1830488000,1636958250.0,0,1737870000,1420524000,317346000,2711886000,2099695000,612191000,1817795430,-215826000.0,5220000.0,-25306000.0,-39811000.0,0.0,-61723000.0,-141759000.0,-30427000.0,-12344000.0,0.0,179631000.0,179631000.0,179631000.0,0.0,0.0,0.016,1823732000.0,285711000.0,1640316000,0.0,1.09,10.12,10.092,462453000,0.0,11.0,0.165,0.165,489518000,722583000,11029035000.0,11029035000.0,0.0,0.041,0.113,0.175,0.026,9492000.0,1690645000.0,1.0,165254130,165254130,,66.74,3602456000,50838000,87890000.0,0,21.799,484808000
75,HUM,ART,2002-06-30,2002-08-09,2002-06-30,2021-07-28,18635000,4361503000,4310762000.0,2579877000,1781626000,2.505,9.564,-118701000.0,450700000,450700000,8736571000.0,157300000.0,1.201,1.69,721645000,398279000,323366000,721645000,82962000,143564000.0,0,0.0,0.0,257647000.0,401211000.0,0.037,401211000.0,257647000.0,237564000.0,0.95,0.94,0.95,1621138000,1535684750.0,1621138000,2427000213,9.0,6.049,-126658000.0,-0.747,1.0,2061837000.0,0.191,776874000,20083000.0,1707522000,1497336250.0,0,1639568000,1337776000,301792000,2740365000,2148052000,592313000,2156055213,-151862000.0,5220000.0,-1867000.0,-51934000.0,0.0,-44787000.0,-99118000.0,14363000.0,-7957000.0,0.0,157300000.0,157300000.0,157300000.0,0.0,0.0,0.015,1804190000.0,257647000.0,1666811000,0.0,1.33,13.707,13.389,462786000,0.0,12.72,0.2,0.2,454855000,670252000,10798408000.0,10798408000.0,0.0,0.036,0.102,0.172,0.024,9492000.0,1660626000.0,1.0,169501196,169501196,,63.707,3584629000,73359000,80264000.0,0,21.148,431825000
76,HUM,ART,2002-03-31,2002-05-10,2002-03-31,2021-07-28,3303000,4303907000,4260386250.0,2541654000,1762253000,2.452,9.157,,485882000,485882000,8467383000.0,136941000.0,1.174,1.777,733385000,426430000,306955000,733385000,87282000,,0,0.0,0.0,232565000.0,,,,232565000.0,209859000.0,0.82,0.82,0.82,1549652000,1485400250.0,1549652000,2912819682,13.0,,,,1.0,1978085000.0,0.189,776874000,22706000.0,1610412000,1296455750.0,0,1690179000,1409047000,281132000,2754255000,2164124000,590131000,2665316682,,,,,,,,,,,136941000.0,136941000.0,136941000.0,0.0,0.0,0.013,1745520000.0,232565000.0,1650412000,0.0,1.72,19.463,19.207,467954000,0.0,15.75,0.255,0.255,325611000,624893000,10445468000.0,10445468000.0,0.0,0.032,0.092,0.179,0.022,,1593193000.0,1.0,169226456,169226456,,61.725,3527033000,93223000,72918000.0,0,20.842,377530000
77,HUM,ART,2001-12-31,2002-03-28,2001-12-31,2021-07-28,11670000,4403638000,,2622938000,1780700000,,8.93,-114971000.0,651420000,651420000,8279844000.0,117171000.0,1.137,1.92,731246000,415757000,315489000,731246000,325040000,161531000.0,0,0.0,0.0,208382000.0,369913000.0,0.036,369913000.0,208382000.0,183080000.0,0.71,0.7,0.71,1507949000,,1507949000,2364591788,11.0,6.392,33987000.0,0.201,1.0,1915042000.0,0.188,776874000,25302000.0,1399411000,,0,1669916000,1389596000,280320000,2895689000,2307179000,588510000,2284765788,-6142000.0,-27889000.0,-1867000.0,-34897000.0,0.0,-36293000.0,-118807000.0,24053000.0,148958000.0,0.0,117171000.0,117171000.0,117171000.0,0.0,0.0,0.011,1706660000.0,208382000.0,1566382000,0.0,1.515,19.499,19.056,461761000,0.0,13.53,0.224,0.224,322064000,578122000,10194886000.0,10194886000.0,0.0,,,,0.02,9492000.0,1545129000.0,1.0,168866651,168866651,,60.372,3626764000,100803000,65909000.0,0,21.477,315759000
78,HUM,ART,2001-09-30,2001-11-14,2001-09-30,2021-07-28,6000000,4174000000,,2451000000,1723000000,,8.678,,592000000,592000000,,,1.091,1.851,730000000,412000000,318000000,730000000,283000000,,0,0.0,0.0,,,,,,,,,,1464000000,,1464000000,2197785865,,,,,1.0,,,793000000,,1272000000,,0,1666000000,1392000000,274000000,2710000000,2247000000,463000000,2059785865,,,,,,,,,,,,,,,,,,,1552000000,,1.407,,,453000000,,12.21,,,282000000,543000000,,,,,,,,,,1.0,168696631,168696631,,,3381000000,0,,0,20.042,204000000
79,HUM,ART,2001-06-30,2001-08-14,2001-06-30,2021-07-28,-5000000,4160000000,,2459000000,1701000000,,8.403,,603000000,603000000,,,0.948,1.93,747000000,747000000,0,747000000,313000000,,0,0.0,0.0,,,,,,,,,,1420000000,,1420000000,2011198392,,,,,1.0,,,807000000,,904000000,,0,1621000000,1380000000,241000000,2740000000,2593000000,147000000,1867198392,,,,,,,,,,,,,,,,,,,1533000000,,1.315,,,449000000,,11.05,,,269000000,513000000,,,,,,,,,,1.0,168977230,168977230,,,3353000000,0,,0,19.843,-134000000
