None,ticker,dimension,calendardate,datekey,reportperiod,lastupdated,accoci,assets,assetsavg,assetsc,assetsnc,assetturnover,bvps,capex,cashneq,cashnequsd,cor,consolinc,currentratio,de,debt,debtc,debtnc,debtusd,deferredrev,depamor,deposits,divyield,dps,ebit,ebitda,ebitdamargin,ebitdausd,ebitusd,ebt,eps,epsdil,epsusd,equity,equityavg,equityusd,ev,evebit,evebitda,fcf,fcfps,fxusd,gp,grossmargin,intangibles,intexp,invcap,invcapavg,inventory,investments,investmentsc,investmentsnc,liabilities,liabilitiesc,liabilitiesnc,marketcap,ncf,ncfbus,ncfcommon,ncfdebt,ncfdiv,ncff,ncfi,ncfinv,ncfo,ncfx,netinc,netinccmn,netinccmnusd,netincdis,netincnci,netmargin,opex,opinc,payables,payoutratio,pb,pe,pe1,ppnenet,prefdivis,price,ps,ps1,receivables,retearn,revenue,revenueusd,rnd,roa,roe,roic,ros,sbcomp,sgna,sharefactor,sharesbas,shareswa,shareswadil,sps,tangibles,taxassets,taxexp,taxliabilities,tbvps,workingcapital
0,HUM,MRY,2020-12-31,2020-12-31,2020-12-31,2021-07-28,391000000.0,34969000000.0,36633500000.0,23641000000.0,11328000000.0,2.106,103.732,-964000000.0,4673000000.0,4673000000.0,61628000000.0,3367000000.0,1.765,1.547,6980000000.0,920000000.0,6060000000.0,6980000000.0,318000000.0,616000000.0,0.0,0.006,2.5,4957000000.0,5573000000.0,0.072,5573000000.0,4957000000.0,4674000000.0,25.47,25.31,25.47,13728000000.0,14066750000.0,13728000000.0,54307727102.0,11.0,9.745,4675000000.0,35.325,1.0,15527000000.0,0.201,4447000000.0,283000000.0,19435000000.0,18623000000.0,0.0,14936000000.0,12554000000.0,2382000000.0,21241000000.0,13394000000.0,7847000000.0,54295727102.0,619000000.0,-709000000.0,-1771000000.0,1078000000.0,-323000000.0,-1955000000.0,-3065000000.0,-1392000000.0,5639000000.0,0.0,3367000000.0,3367000000.0,3367000000.0,0.0,0.0,0.044,10541000000.0,4986000000.0,12156000000.0,0.098,3.955,16.126,16.108,2371000000.0,0.0,410.27,0.704,0.704,1138000000.0,20517000000.0,77155000000.0,77155000000.0,0.0,0.092,0.239,0.266,0.064,181000000.0,10052000000.0,1.0,132341451.0,132341451.0,,583.0,30522000000.0,0.0,1307000000.0,0.0,230.631,10247000000.0
1,HUM,MRY,2019-12-31,2019-12-31,2019-12-31,2021-07-28,156000000.0,29074000000.0,28879000000.0,19888000000.0,9186000000.0,2.247,90.896,-736000000.0,4054000000.0,4054000000.0,53857000000.0,2707000000.0,1.82,1.415,5891000000.0,924000000.0,4967000000.0,5891000000.0,247000000.0,575000000.0,0.0,0.006,2.2,3712000000.0,4287000000.0,0.066,4287000000.0,3712000000.0,3470000000.0,20.2,20.1,20.2,12037000000.0,11587750000.0,12037000000.0,49346794013.0,13.0,11.511,4548000000.0,34.344,1.0,11031000000.0,0.17,3928000000.0,242000000.0,16054000000.0,15129000000.0,0.0,12441000000.0,10972000000.0,1469000000.0,17037000000.0,10929000000.0,6108000000.0,48536794013.0,1711000000.0,0.0,-1012000000.0,-369000000.0,-291000000.0,-2295000000.0,-1278000000.0,-542000000.0,5284000000.0,0.0,2707000000.0,2707000000.0,2707000000.0,0.0,0.0,0.042,7839000000.0,3192000000.0,9758000000.0,0.109,4.032,17.93,18.145,1955000000.0,0.0,366.52,0.748,0.748,1056000000.0,17483000000.0,64888000000.0,64888000000.0,0.0,0.094,0.234,0.245,0.057,163000000.0,7381000000.0,1.0,132426045.0,132426045.0,,489.994,25146000000.0,0.0,763000000.0,0.0,189.887,8959000000.0
2,HUM,MRY,2018-12-31,2018-12-31,2018-12-31,2021-07-28,-159000000.0,25413000000.0,30156500000.0,16948000000.0,8465000000.0,1.887,74.067,-612000000.0,2343000000.0,2343000000.0,45882000000.0,1683000000.0,1.682,1.501,6240000000.0,1865000000.0,4375000000.0,6240000000.0,283000000.0,534000000.0,0.0,0.007,2.0,2292000000.0,2826000000.0,0.05,2826000000.0,2292000000.0,2074000000.0,12.24,12.16,12.24,10161000000.0,10261500000.0,10161000000.0,40530297382.0,18.0,14.342,1561000000.0,11.379,1.0,11030000000.0,0.194,3897000000.0,218000000.0,15336000000.0,12078250000.0,0.0,11484000000.0,10026000000.0,1458000000.0,15252000000.0,10077000000.0,5175000000.0,39301297382.0,-1699000000.0,-2254000000.0,-1045000000.0,1165000000.0,-265000000.0,-785000000.0,-3087000000.0,-221000000.0,2173000000.0,0.0,1683000000.0,1683000000.0,1683000000.0,0.0,0.0,0.03,7930000000.0,3100000000.0,8148000000.0,0.163,3.868,23.352,23.405,1735000000.0,0.0,286.48,0.691,0.691,1015000000.0,15072000000.0,56912000000.0,56912000000.0,0.0,0.056,0.164,0.19,0.04,137000000.0,7525000000.0,1.0,137186880.0,137186880.0,,414.85,21516000000.0,0.0,391000000.0,0.0,156.837,6871000000.0
3,HUM,MRY,2017-12-31,2017-12-31,2017-12-31,2021-07-28,19000000.0,27178000000.0,31024750000.0,17402000000.0,9776000000.0,1.733,68.893,-524000000.0,4042000000.0,4042000000.0,43496000000.0,2448000000.0,1.85,1.761,5061000000.0,291000000.0,4770000000.0,5061000000.0,378000000.0,485000000.0,0.0,0.008,1.89,4262000000.0,4747000000.0,0.088,4747000000.0,4262000000.0,4020000000.0,16.94,16.81,16.94,9842000000.0,10560000000.0,9842000000.0,30675304015.0,7.0,6.462,3527000000.0,24.688,1.0,10271000000.0,0.191,3281000000.0,242000000.0,15510000000.0,12540250000.0,0.0,12302000000.0,9557000000.0,2745000000.0,17336000000.0,9406000000.0,7930000000.0,35439304015.0,165000000.0,-31000000.0,-3303000000.0,755000000.0,-220000000.0,-945000000.0,-2941000000.0,-2386000000.0,4051000000.0,0.0,2448000000.0,2448000000.0,2448000000.0,0.0,0.0,0.046,6009000000.0,4262000000.0,11660000000.0,0.112,3.601,14.477,14.644,1584000000.0,0.0,248.07,0.659,0.659,854000000.0,13670000000.0,53767000000.0,53767000000.0,0.0,0.079,0.232,0.34,0.079,157000000.0,6567000000.0,1.0,142860096.0,142860096.0,,376.361,23897000000.0,0.0,1572000000.0,0.0,167.276,7996000000.0
4,HUM,MRY,2016-12-31,2016-12-31,2016-12-31,2021-07-28,-66000000.0,25396000000.0,27258000000.0,16190000000.0,9206000000.0,1.995,71.663,-527000000.0,3877000000.0,3877000000.0,45007000000.0,614000000.0,2.07,1.377,4304000000.0,512000000.0,3792000000.0,4304000000.0,280000000.0,465000000.0,0.0,0.004,0.87,1741000000.0,2206000000.0,0.041,2206000000.0,1741000000.0,1552000000.0,4.11,4.07,4.11,10685000000.0,10842250000.0,10685000000.0,27927113551.0,16.0,12.66,1409000000.0,9.45,1.0,9372000000.0,0.172,3272000000.0,189000000.0,14729000000.0,14404500000.0,0.0,9798000000.0,7595000000.0,2203000000.0,14711000000.0,7822000000.0,6889000000.0,30421113551.0,1306000000.0,-7000000.0,-93000000.0,-91000000.0,-177000000.0,732000000.0,-1362000000.0,-828000000.0,1936000000.0,0.0,614000000.0,614000000.0,614000000.0,0.0,0.0,0.011,7631000000.0,1741000000.0,9864000000.0,0.212,2.847,49.546,49.642,1505000000.0,0.0,204.03,0.559,0.559,1280000000.0,11454000000.0,54379000000.0,54379000000.0,0.0,0.023,0.057,0.121,0.032,115000000.0,7173000000.0,1.0,149101179.0,149101179.0,,364.712,22124000000.0,0.0,938000000.0,0.0,148.382,8368000000.0
5,HUM,MRY,2015-12-31,2015-12-31,2015-12-31,2021-07-28,58000000.0,24678000000.0,24995500000.0,15711000000.0,8967000000.0,2.172,69.8,-522000000.0,2571000000.0,2571000000.0,44269000000.0,1276000000.0,1.927,1.385,4394000000.0,600000000.0,3794000000.0,4394000000.0,364000000.0,447000000.0,0.0,0.006,1.15,2617000000.0,3064000000.0,0.056,3064000000.0,2617000000.0,2431000000.0,8.54,8.44,8.54,10346000000.0,10206500000.0,10346000000.0,28991453209.0,11.0,9.462,346000000.0,2.334,1.0,10020000000.0,0.185,3265000000.0,186000000.0,15084000000.0,15403250000.0,0.0,9110000000.0,7267000000.0,1843000000.0,14332000000.0,8152000000.0,6180000000.0,26459453209.0,636000000.0,1023000000.0,-364000000.0,265000000.0,-172000000.0,-552000000.0,320000000.0,-181000000.0,868000000.0,0.0,1276000000.0,1276000000.0,1276000000.0,0.0,0.0,0.024,7673000000.0,2347000000.0,9339000000.0,0.135,2.557,20.736,20.903,1384000000.0,0.0,178.51,0.487,0.487,1161000000.0,11017000000.0,54289000000.0,54289000000.0,0.0,0.051,0.125,0.17,0.048,109000000.0,7295000000.0,1.0,148223927.0,148223927.0,,366.263,21413000000.0,0.0,1155000000.0,0.0,144.464,7559000000.0
6,HUM,MRY,2014-12-31,2014-12-31,2014-12-31,2021-07-28,223000000.0,23527000000.0,23386250000.0,15536000000.0,7991000000.0,2.074,62.908,-528000000.0,1935000000.0,1935000000.0,38166000000.0,1147000000.0,2.08,1.439,4159000000.0,334000000.0,3825000000.0,4159000000.0,361000000.0,449000000.0,0.0,0.008,1.11,2362000000.0,2811000000.0,0.058,2811000000.0,2362000000.0,2170000000.0,7.44,7.36,7.44,9646000000.0,9874000000.0,9646000000.0,23923499299.0,10.0,8.511,1090000000.0,7.109,1.0,10334000000.0,0.213,3231000000.0,192000000.0,15049000000.0,13753250000.0,0.0,9547000000.0,7598000000.0,1949000000.0,13881000000.0,7471000000.0,6410000000.0,22023499299.0,797000000.0,54000000.0,-843000000.0,1164000000.0,-172000000.0,-758000000.0,-63000000.0,411000000.0,1618000000.0,0.0,1147000000.0,1147000000.0,1147000000.0,0.0,0.0,0.024,7972000000.0,2362000000.0,8919000000.0,0.149,2.283,19.201,19.305,1228000000.0,0.0,143.63,0.454,0.454,1053000000.0,9916000000.0,48500000000.0,48500000000.0,0.0,0.049,0.116,0.172,0.049,98000000.0,7639000000.0,1.0,153334953.0,153334953.0,,316.301,20296000000.0,0.0,1023000000.0,0.0,132.364,8065000000.0
7,HUM,MRY,2013-12-31,2013-12-31,2013-12-31,2021-07-28,158000000.0,20735000000.0,20865000000.0,12300000000.0,8435000000.0,1.98,59.751,-437000000.0,1138000000.0,1138000000.0,32564000000.0,1231000000.0,1.945,1.226,3003000000.0,403000000.0,2600000000.0,3003000000.0,206000000.0,426000000.0,0.0,0.01,1.07,2061000000.0,2487000000.0,0.06,2487000000.0,2061000000.0,1921000000.0,7.81,7.73,7.81,9316000000.0,9355250000.0,9316000000.0,17714370723.0,9.0,7.123,1279000000.0,8.203,1.0,8749000000.0,0.212,3733000000.0,140000000.0,12544000000.0,12115750000.0,0.0,9800000000.0,8090000000.0,1710000000.0,11419000000.0,6323000000.0,5096000000.0,16093370723.0,-168000000.0,-153000000.0,-471000000.0,79000000.0,-168000000.0,-702000000.0,-1182000000.0,-592000000.0,1716000000.0,0.0,1231000000.0,1231000000.0,1231000000.0,0.0,0.0,0.03,6688000000.0,2061000000.0,7921000000.0,0.137,1.727,13.073,13.216,1218000000.0,0.0,103.22,0.39,0.39,950000000.0,8942000000.0,41313000000.0,41313000000.0,0.0,0.059,0.132,0.17,0.05,92000000.0,6355000000.0,1.0,155913299.0,155913299.0,,264.974,17002000000.0,0.0,690000000.0,0.0,109.048,5977000000.0
8,HUM,MRY,2012-12-31,2012-12-31,2012-12-31,2021-07-28,386000000.0,19979000000.0,20082750000.0,11710000000.0,8269000000.0,1.948,55.914,-410000000.0,1306000000.0,1306000000.0,30985000000.0,1222000000.0,1.837,1.258,2935000000.0,324000000.0,2611000000.0,2935000000.0,230000000.0,338000000.0,0.0,0.015,1.03,2016000000.0,2354000000.0,0.06,2354000000.0,2016000000.0,1911000000.0,7.56,7.47,7.56,8847000000.0,8556750000.0,8847000000.0,11388896306.0,6.0,4.838,1513000000.0,9.562,1.0,8141000000.0,0.208,3640000000.0,105000000.0,11593000000.0,9084000000.0,0.0,9847000000.0,8001000000.0,1846000000.0,11132000000.0,6375000000.0,4757000000.0,10858896306.0,-71000000.0,-1235000000.0,-461000000.0,972000000.0,-165000000.0,-29000000.0,-1965000000.0,-320000000.0,1923000000.0,0.0,1222000000.0,1222000000.0,1222000000.0,0.0,0.0,0.031,6125000000.0,2016000000.0,7679000000.0,0.136,1.227,8.886,9.078,1098000000.0,0.0,68.63,0.278,0.278,733000000.0,7881000000.0,39126000000.0,39126000000.0,0.0,0.061,0.143,0.222,0.052,82000000.0,5830000000.0,1.0,158223755.0,158223755.0,,247.283,16339000000.0,0.0,689000000.0,0.0,103.265,5335000000.0
9,HUM,MRY,2011-12-31,2011-12-31,2011-12-31,2021-07-28,303000000.0,17708000000.0,18090673500.0,11181000000.0,6527000000.0,2.036,49.314,-336000000.0,1377000000.0,1377000000.0,28823000000.0,1419000000.0,1.846,1.196,1965000000.0,306000000.0,1659000000.0,1965000000.0,213000000.0,303000000.0,0.0,0.009,0.75,2344000000.0,2647000000.0,0.072,2647000000.0,2344000000.0,2235000000.0,8.58,8.46,8.58,8063000000.0,7683666250.0,8063000000.0,12265302444.0,5.0,4.634,1743000000.0,10.66,1.0,8009000000.0,0.217,2740000000.0,109000000.0,9500000000.0,8400187750.0,0.0,9453000000.0,7743000000.0,1710000000.0,9645000000.0,6056000000.0,3589000000.0,14324568444.0,-296000000.0,-226000000.0,-469000000.0,-103000000.0,-82000000.0,-1017000000.0,-1358000000.0,-796000000.0,2079000000.0,0.0,1419000000.0,1419000000.0,1419000000.0,0.0,0.0,0.039,5665000000.0,2344000000.0,7200000000.0,0.087,1.777,10.095,10.211,912000000.0,0.0,87.61,0.389,0.389,1034000000.0,6825000000.0,36832000000.0,36832000000.0,0.0,0.078,0.185,0.279,0.064,67000000.0,5395000000.0,1.0,163503806.0,163503806.0,,225.267,14968000000.0,0.0,816000000.0,0.0,91.545,5125000000.0
10,HUM,MRY,2010-12-31,2010-12-31,2010-12-31,2021-07-28,120000000.0,16103000000.0,15848264500.0,10137000000.0,5966000000.0,2.12,41.136,-222000000.0,1673000000.0,1673000000.0,27117000000.0,1099000000.0,1.765,1.326,2078000000.0,409000000.0,1669000000.0,2078000000.0,185000000.0,263000000.0,0.0,0.0,0.0,1854000000.0,2117000000.0,0.063,2117000000.0,1854000000.0,1749000000.0,6.55,6.47,6.55,6924000000.0,6606757750.0,6924000000.0,8203356263.0,4.0,3.875,2020000000.0,12.001,1.0,6479000000.0,0.193,2568000000.0,105000000.0,8196000000.0,7584828000.0,0.0,8373000000.0,6873000000.0,1500000000.0,9179000000.0,5744000000.0,3435000000.0,9213757263.0,60000000.0,-833000000.0,-171000000.0,35000000.0,0.0,-371000000.0,-1811000000.0,-756000000.0,2242000000.0,0.0,1099000000.0,1099000000.0,1099000000.0,0.0,0.0,0.033,4625000000.0,1854000000.0,6643000000.0,0.0,1.331,8.384,8.357,815000000.0,0.0,54.74,0.274,0.274,959000000.0,5529000000.0,33596000000.0,33596000000.0,0.0,0.069,0.166,0.244,0.055,63000000.0,4380000000.0,1.0,168318547.0,168318547.0,,199.598,13535000000.0,0.0,650000000.0,0.0,80.413,4393000000.0
11,HUM,MRY,2009-12-31,2009-12-31,2009-12-31,2021-07-28,42135000.0,14153494000.0,13911570000.0,9252816000.0,4900678000.0,2.21,34.01,-184000000.0,1613588000.0,1613588000.0,24784000000.0,1040000000.0,1.759,1.45,2052630000.0,374464000.0,1678166000.0,2052630000.0,228817000.0,250000000.0,0.0,0.0,0.0,1708000000.0,1958000000.0,0.064,1958000000.0,1708000000.0,1602000000.0,6.21,6.15,6.21,5776003000.0,5263199250.0,5776003000.0,7881749284.0,5.0,4.025,1238000000.0,7.29,1.0,5959000000.0,0.194,1992924000.0,106000000.0,7339620000.0,6838171250.0,0.0,7497150000.0,6190062000.0,1307088000.0,8377491000.0,5259992000.0,3117499000.0,7453947284.0,-357000000.0,-12000000.0,-6000000.0,-100000000.0,0.0,80000000.0,-1859000000.0,-1975000000.0,1422000000.0,0.0,1040000000.0,1040000000.0,1040000000.0,0.0,0.0,0.034,4251000000.0,1708000000.0,5849758000.0,0.0,1.291,7.167,7.068,679142000.0,0.0,43.89,0.242,0.242,823620000.0,4429611000.0,30743000000.0,30743000000.0,0.0,0.075,0.198,0.25,0.056,66000000.0,4014000000.0,1.0,169832474.0,169832474.0,,181.02,12160570000.0,0.0,562000000.0,0.0,71.603,3992824000.0
12,HUM,MRY,2008-12-31,2008-12-31,2008-12-31,2021-07-28,-175243000.0,13041760000.0,12826910250.0,8396042000.0,4645718000.0,2.257,26.419,-261566000.0,1970423000.0,1970423000.0,23708233000.0,647154000.0,1.62,1.926,2161574000.0,224542000.0,1937032000.0,2161574000.0,238098000.0,220350000.0,0.0,0.0,0.0,1073137000.0,1293487000.0,0.045,1293487000.0,1073137000.0,992848000.0,3.87,3.83,3.87,4457190000.0,4245981000.0,4457190000.0,6672567095.0,6.0,5.159,720744000.0,4.272,1.0,5238139000.0,0.181,1963111000.0,80289000.0,6085855000.0,5887516750.0,0.0,5215442000.0,4203538000.0,1011904000.0,8584570000.0,5183945000.0,3400625000.0,6289554095.0,-70030000.0,-422915000.0,-95105000.0,147867000.0,0.0,-554016000.0,-498324000.0,-685524000.0,982310000.0,0.0,647154000.0,647154000.0,647154000.0,0.0,0.0,0.022,4165002000.0,1073137000.0,5886063000.0,0.0,1.411,9.719,9.633,711492000.0,0.0,37.28,0.217,0.217,777672000.0,3389936000.0,28946372000.0,28946372000.0,0.0,0.05,0.152,0.182,0.037,55369000.0,3944652000.0,1.0,168711215.0,168711215.0,,171.573,11078649000.0,0.0,345694000.0,0.0,65.666,3212097000.0
13,HUM,MRY,2007-12-31,2007-12-31,2007-12-31,2021-07-28,14021000.0,12879074000.0,12748167500.0,8732846000.0,4146228000.0,1.984,23.779,-212730000.0,2040453000.0,2040453000.0,20270531000.0,833684000.0,1.508,2.197,1957049000.0,269226000.0,1687823000.0,1957049000.0,219780000.0,184812000.0,0.0,0.0,0.0,1358178000.0,1542990000.0,0.061,1542990000.0,1358178000.0,1289300000.0,5.0,4.91,5.0,4028937000.0,3575709750.0,4028937000.0,11720492697.0,9.0,7.596,1011532000.0,5.97,1.0,5019458000.0,0.198,1663939000.0,68878000.0,5339880000.0,3036690000.0,0.0,4650367000.0,3635317000.0,1015050000.0,8850137000.0,5791851000.0,3058286000.0,12759948697.0,300149000.0,-493493000.0,34226000.0,325621000.0,0.0,921278000.0,-1845391000.0,-430109000.0,1224262000.0,0.0,833684000.0,833684000.0,833684000.0,0.0,0.0,0.033,3661280000.0,1358178000.0,6283531000.0,0.0,3.167,15.305,15.062,637241000.0,0.0,75.31,0.505,0.505,592761000.0,2742782000.0,25289989000.0,25289989000.0,0.0,0.065,0.233,0.447,0.054,42132000.0,3476468000.0,1.0,169432329.0,169432329.0,,149.263,11215135000.0,0.0,455616000.0,0.0,66.192,2940995000.0
14,HUM,MRY,2006-12-31,2006-12-31,2006-12-31,2021-07-28,-13205000.0,10098486000.0,9647567750.0,7303963000.0,2794523000.0,2.22,18.372,-183528000.0,1740304000.0,1740304000.0,17421204000.0,487423000.0,1.428,2.307,1562705000.0,293605000.0,1269100000.0,1562705000.0,155298000.0,148598000.0,0.0,0.0,0.0,825226000.0,973824000.0,0.045,973824000.0,825226000.0,762085000.0,2.97,2.9,2.97,3053886000.0,2793225750.0,3053886000.0,9264250012.0,11.0,9.513,1503184000.0,9.043,1.0,3995333000.0,0.187,1310631000.0,63141000.0,3496298000.0,2710425750.0,0.0,3607150000.0,3192273000.0,414877000.0,7044600000.0,5113958000.0,1930642000.0,9194096012.0,1008288000.0,-28062000.0,22524000.0,456165000.0,0.0,975642000.0,-1654066000.0,-862096000.0,1686712000.0,0.0,487423000.0,487423000.0,487423000.0,0.0,0.0,0.023,3170107000.0,825226000.0,4985628000.0,0.0,3.011,18.863,18.623,545004000.0,0.0,55.31,0.429,0.429,667657000.0,1909098000.0,21416537000.0,21416537000.0,0.0,0.051,0.175,0.304,0.039,32558000.0,3021509000.0,1.0,166228458.0,166228458.0,,128.838,8787855000.0,0.0,274662000.0,0.0,52.866,2190005000.0
15,HUM,MRY,2005-12-31,2005-12-31,2005-12-31,2021-07-28,24832000.0,6869614000.0,6532383750.0,4206186000.0,2663428000.0,2.207,15.412,-161349000.0,732016000.0,732016000.0,11651470000.0,296730000.0,1.306,1.738,1095049000.0,581259000.0,513790000.0,1095049000.0,120489000.0,128858000.0,0.0,0.0,0.0,442195000.0,571053000.0,0.04,571053000.0,442195000.0,402880000.0,1.83,1.79,1.83,2508874000.0,2347709250.0,2508874000.0,8743395784.0,20.0,15.311,448733000.0,2.757,1.0,2766657000.0,0.192,1264575000.0,39315000.0,2748482000.0,2702186000.0,0.0,2745939000.0,2354904000.0,391035000.0,4360740000.0,3219590000.0,1141150000.0,8844322784.0,151937000.0,-402844000.0,35871000.0,287945000.0,0.0,309131000.0,-767276000.0,-233313000.0,610082000.0,0.0,296730000.0,296730000.0,296730000.0,0.0,0.0,0.021,2324462000.0,442195000.0,2517842000.0,0.0,3.525,29.806,29.689,484412000.0,0.0,54.33,0.613,0.613,723190000.0,1421675000.0,14418127000.0,14418127000.0,0.0,0.045,0.126,0.164,0.031,30153000.0,2195604000.0,1.0,162788934.0,162788934.0,,88.569,5605039000.0,0.0,106150000.0,0.0,34.431,986596000.0
16,HUM,MRY,2004-12-31,2004-12-31,2004-12-31,2021-07-28,16526000.0,5657617000.0,5421970250.0,3596137000.0,2061480000.0,2.417,13.112,-83605000.0,580079000.0,580079000.0,10669647000.0,269947000.0,1.546,1.707,828756000.0,192060000.0,636696000.0,828756000.0,146326000.0,117792000.0,0.0,0.0,0.0,422550000.0,540342000.0,0.041,540342000.0,422550000.0,399378000.0,1.68,1.66,1.68,2090124000.0,1983612000.0,2090124000.0,5104743712.0,12.0,9.447,260456000.0,1.634,1.0,2434678000.0,0.186,885572000.0,23172000.0,2694154000.0,2772961250.0,0.0,2494110000.0,2145645000.0,348465000.0,3567493000.0,2326568000.0,1240925000.0,4732815712.0,-351325000.0,-141810000.0,-37454000.0,-28948000.0,0.0,-71305000.0,-624081000.0,-407317000.0,344061000.0,0.0,269947000.0,269947000.0,269947000.0,0.0,0.0,0.021,2012128000.0,422550000.0,1988182000.0,0.0,2.264,17.532,17.673,399506000.0,0.0,29.69,0.361,0.361,554661000.0,1229823000.0,13104325000.0,13104325000.0,0.0,0.05,0.136,0.152,0.032,20492000.0,1894336000.0,1.0,159407737.0,159407737.0,,82.206,4772045000.0,0.0,129431000.0,0.0,29.936,1269569000.0
17,HUM,MRY,2003-12-31,2003-12-31,2003-12-31,2021-07-28,16909000.0,5379814000.0,5129875500.0,3407822000.0,1971992000.0,2.383,11.397,-90086000.0,931404000.0,931404000.0,9879421000.0,228934000.0,1.449,1.93,861692000.0,219054000.0,642638000.0,861692000.0,333071000.0,126779000.0,0.0,0.0,0.0,362083000.0,488862000.0,0.04,488862000.0,362083000.0,344716000.0,1.44,1.41,1.44,1835949000.0,1721211500.0,1835949000.0,3908365130.0,11.0,7.995,323054000.0,2.005,1.0,2346890000.0,0.192,776874000.0,17367000.0,2182116000.0,1936579000.0,0.0,1995809000.0,1676642000.0,319167000.0,3543865000.0,2351112000.0,1192753000.0,3681011130.0,210047000.0,0.0,-16466000.0,154980000.0,0.0,179744000.0,-382837000.0,-283077000.0,413140000.0,0.0,228934000.0,228934000.0,228934000.0,0.0,0.0,0.019,1984807000.0,362083000.0,1798987000.0,0.0,2.005,16.079,15.868,416472000.0,0.0,22.85,0.301,0.301,452404000.0,949811000.0,12226311000.0,12226311000.0,0.0,0.045,0.133,0.187,0.03,6337000.0,1858028000.0,1.0,161094579.0,161094579.0,,75.895,4602940000.0,0.0,115782000.0,0.0,28.573,1056710000.0
18,HUM,MRY,2002-12-31,2002-12-31,2002-12-31,2021-07-28,22455000.0,4879937000.0,4481169250.0,2756733000.0,2123204000.0,2.513,9.721,-110287000.0,721357000.0,721357000.0,9138196000.0,142755000.0,1.153,2.038,699795000.0,359882000.0,339913000.0,699795000.0,335757000.0,120730000.0,0.0,0.0,0.0,227186000.0,347916000.0,0.031,347916000.0,227186000.0,209934000.0,0.87,0.85,0.87,1606474000.0,1611177000.0,1606474000.0,1980268300.0,9.0,5.692,211121000.0,1.278,1.0,2122985000.0,0.189,776874000.0,17252000.0,1691042000.0,1709866000.0,0.0,1694557000.0,1395068000.0,299489000.0,3273463000.0,2390459000.0,883004000.0,1652541300.0,69937000.0,0.0,-65890000.0,-57424000.0,0.0,-46497000.0,-204974000.0,-17870000.0,321408000.0,0.0,142755000.0,142755000.0,142755000.0,0.0,0.0,0.013,1895799000.0,227186000.0,1694820000.0,0.0,1.029,11.576,11.494,459842000.0,0.0,10.0,0.147,0.147,321135000.0,720877000.0,11261181000.0,11261181000.0,0.0,0.032,0.089,0.133,0.02,9490000.0,1775069000.0,1.0,165254130.0,165254130.0,,68.145,4103063000.0,0.0,67179000.0,0.0,24.829,366274000.0
19,HUM,MRY,2001-12-31,2001-12-31,2001-12-31,2021-07-28,11670000.0,4403638000.0,4355308000.0,2622938000.0,1780700000.0,2.341,8.939,-114971000.0,651420000.0,651420000.0,8279844000.0,117171000.0,1.137,1.92,731246000.0,415757000.0,315489000.0,731246000.0,325040000.0,161531000.0,0.0,0.0,0.0,208382000.0,369913000.0,0.036,369913000.0,208382000.0,183080000.0,0.71,0.7,0.71,1507949000.0,1434185000.0,1507949000.0,2126933279.0,10.0,5.75,33987000.0,0.201,1.0,1915042000.0,0.188,776874000.0,25302000.0,1399411000.0,1158199000.0,0.0,1675719000.0,1389596000.0,286123000.0,2895689000.0,2307179000.0,588510000.0,1988933279.0,-6142000.0,-27889000.0,-1396000.0,-34897000.0,0.0,-36293000.0,-118807000.0,24053000.0,148958000.0,0.0,117171000.0,117171000.0,117171000.0,0.0,0.0,0.011,1706660000.0,208382000.0,1566382000.0,0.0,1.319,16.975,16.606,461761000.0,0.0,11.79,0.195,0.195,299601000.0,578122000.0,10194886000.0,10194886000.0,0.0,0.027,0.082,0.18,0.02,10050000.0,1545129000.0,1.0,168696631.0,168696631.0,,60.433,3626764000.0,0.0,65909000.0,0.0,21.499,315759000.0
20,HUM,MRY,2000-12-31,2000-12-31,2000-12-31,2021-07-28,-8509000.0,4306978000.0,,2534066000.0,1772912000.0,,,-113904000.0,657562000.0,657562000.0,8781998000.0,90052000.0,0.942,2.166,748515000.0,748515000.0,0.0,748515000.0,333305000.0,146548000.0,0.0,0.0,0.0,142605000.0,289153000.0,0.027,289153000.0,142605000.0,113990000.0,0.54,0.54,0.54,1360421000.0,,1360421000.0,,,,-73500000.0,,1.0,1813952000.0,0.171,789541000.0,28615000.0,916987000.0,,0.0,1648586000.0,1408522000.0,240064000.0,2946557000.0,2691403000.0,255154000.0,,-320725000.0,15607000.0,-26432000.0,-152879000.0,0.0,-183104000.0,-178025000.0,-79728000.0,40404000.0,0.0,90052000.0,90052000.0,90052000.0,0.0,0.0,0.008,1671347000.0,142605000.0,1609583000.0,0.0,,,28.241,434620000.0,0.0,15.25,,,205260000.0,460951000.0,10595950000.0,10595950000.0,0.0,,,,0.013,7069000.0,1524799000.0,1.0,,,,,3517437000.0,169972000.0,23938000.0,0.0,,-157337000.0
21,HUM,MRY,1999-12-31,1999-12-31,1999-12-31,2021-07-28,,,,,,,,-35097000.0,,,8533090000.0,-382420000.0,,,,,,,,123858000.0,,0.0,0.0,-371446000.0,-247588000.0,-0.024,-247588000.0,-371446000.0,-404839000.0,-2.28,-2.28,-2.28,,,,,,,182638000.0,,1.0,1678445000.0,0.164,,33393000.0,,,,,,,,,,,65708000.0,-14810000.0,0.0,-156006000.0,0.0,-169806000.0,17779000.0,67686000.0,217735000.0,0.0,-382420000.0,-382420000.0,-382420000.0,0.0,0.0,-0.037,2049891000.0,-371446000.0,,0.0,,,-3.591,,0.0,8.188,,,,,10211535000.0,10211535000.0,0.0,,,,-0.036,3104000.0,1466181000.0,1.0,,,,,,,-22419000.0,,,
0,HUM,MRQ,2021-06-30,2021-06-30,2021-06-30,2021-07-28,216000000.0,38070000000.0,,25790000000.0,12280000000.0,,115.049,-329000000.0,3378000000.0,3378000000.0,17149000000.0,588000000.0,1.714,1.565,7408000000.0,1345000000.0,6063000000.0,7408000000.0,323000000.0,170000000.0,0.0,0.006,0.7,850000000.0,1020000000.0,0.049,1020000000.0,850000000.0,771000000.0,4.57,4.55,4.57,14843000000.0,,14843000000.0,60849267121.0,18.0,14.758,31000000.0,0.24,1.0,3496000000.0,0.169,4914000000.0,79000000.0,22135000000.0,,0.0,15893000000.0,13471000000.0,2422000000.0,23227000000.0,15051000000.0,8176000000.0,57117267121.0,-499000000.0,-202000000.0,1000000.0,-223000000.0,-90000000.0,-144000000.0,-715000000.0,-184000000.0,360000000.0,0.0,588000000.0,588000000.0,588000000.0,0.0,0.0,0.028,2260000000.0,1236000000.0,13383000000.0,0.153,3.848,23.013,23.24,2690000000.0,0.0,442.72,0.71,0.71,2438000000.0,21751000000.0,20645000000.0,20645000000.0,0.0,,,,,45000000.0,2116000000.0,1.0,129014427.0,129014427.0,,160.021,33156000000.0,0.0,183000000.0,0.0,256.995,10739000000.0
1,HUM,MRQ,2021-03-31,2021-03-31,2021-03-31,2021-07-28,108000000.0,37415000000.0,,25526000000.0,11889000000.0,,110.118,-290000000.0,3877000000.0,3877000000.0,17296000000.0,828000000.0,1.668,1.637,7609000000.0,1547000000.0,6062000000.0,7609000000.0,325000000.0,168000000.0,0.0,0.006,0.7,1129000000.0,1297000000.0,0.063,1297000000.0,1129000000.0,1061000000.0,6.42,6.39,6.42,14190000000.0,,14190000000.0,56332363733.0,11.0,9.484,-1127000000.0,-8.746,1.0,3372000000.0,0.163,4602000000.0,68000000.0,21245000000.0,,0.0,15576000000.0,13251000000.0,2325000000.0,23225000000.0,15300000000.0,7925000000.0,54025363733.0,-796000000.0,-123000000.0,-29000000.0,626000000.0,-83000000.0,1529000000.0,-1488000000.0,-1075000000.0,-837000000.0,0.0,828000000.0,828000000.0,828000000.0,0.0,0.0,0.04,2149000000.0,1223000000.0,13428000000.0,0.109,3.807,14.515,14.809,2507000000.0,0.0,419.25,0.685,0.685,2196000000.0,21252000000.0,20668000000.0,20668000000.0,0.0,,,,,39000000.0,2007000000.0,1.0,128861929.0,128861929.0,,160.389,32813000000.0,0.0,233000000.0,0.0,254.637,10226000000.0
2,HUM,MRQ,2020-12-31,2020-12-31,2020-12-31,2021-07-28,391000000.0,34969000000.0,,23641000000.0,11328000000.0,,103.732,-296000000.0,4673000000.0,4673000000.0,16213000000.0,-274000000.0,1.765,1.547,6980000000.0,920000000.0,6060000000.0,6980000000.0,318000000.0,160000000.0,0.0,0.006,0.625,-380000000.0,-220000000.0,-0.012,-220000000.0,-380000000.0,-452000000.0,-2.06,-2.06,-2.06,13728000000.0,,13728000000.0,54307727102.0,11.0,9.745,-13000000.0,-0.098,1.0,2849000000.0,0.149,4447000000.0,72000000.0,19435000000.0,,0.0,14936000000.0,12554000000.0,2382000000.0,21241000000.0,13394000000.0,7847000000.0,54295727102.0,-3312000000.0,0.0,-1771000000.0,-1020000000.0,-84000000.0,-3540000000.0,-55000000.0,241000000.0,283000000.0,0.0,-274000000.0,-274000000.0,-274000000.0,0.0,0.0,-0.014,3195000000.0,-346000000.0,12156000000.0,-0.303,3.955,16.126,16.108,2371000000.0,0.0,410.27,0.704,0.704,1138000000.0,20517000000.0,19062000000.0,19062000000.0,0.0,,,,,52000000.0,3068000000.0,1.0,132341451.0,132341451.0,,144.037,30522000000.0,0.0,-178000000.0,0.0,230.631,10247000000.0
3,HUM,MRQ,2020-09-30,2020-09-30,2020-09-30,2021-07-28,370000000.0,38477000000.0,,27031000000.0,11446000000.0,,119.19,-250000000.0,7985000000.0,7985000000.0,15611000000.0,1340000000.0,1.814,1.44,7997000000.0,1938000000.0,6059000000.0,7997000000.0,287000000.0,161000000.0,0.0,0.006,0.625,1865000000.0,2026000000.0,0.101,2026000000.0,1865000000.0,1790000000.0,10.12,10.05,10.12,15768000000.0,,15768000000.0,55683570142.0,9.0,8.46,1565000000.0,11.83,1.0,4464000000.0,0.222,4443000000.0,75000000.0,19141000000.0,,0.0,15006000000.0,12741000000.0,2265000000.0,22709000000.0,14905000000.0,7804000000.0,54754570142.0,822000000.0,0.0,-3000000.0,-96000000.0,-83000000.0,-845000000.0,-148000000.0,102000000.0,1815000000.0,0.0,1340000000.0,1340000000.0,1340000000.0,0.0,0.0,0.067,2641000000.0,1823000000.0,12882000000.0,0.062,3.473,13.184,13.173,2228000000.0,0.0,413.89,0.736,0.736,1135000000.0,20872000000.0,20075000000.0,20075000000.0,0.0,,,,,47000000.0,2513000000.0,1.0,132292566.0,132292566.0,,151.747,34034000000.0,0.0,450000000.0,0.0,257.263,12126000000.0
4,HUM,MRQ,2020-06-30,2020-06-30,2020-06-30,2021-07-28,317000000.0,38455000000.0,,27868000000.0,10587000000.0,,109.042,-226000000.0,7163000000.0,7163000000.0,14175000000.0,1828000000.0,1.694,1.668,8092000000.0,2034000000.0,6058000000.0,8092000000.0,266000000.0,150000000.0,0.0,0.006,0.625,2687000000.0,2837000000.0,0.149,2837000000.0,2687000000.0,2611000000.0,13.83,13.75,13.83,14416000000.0,,14416000000.0,53332903255.0,11.0,9.413,2841000000.0,21.489,1.0,4908000000.0,0.257,4443000000.0,76000000.0,18486000000.0,,0.0,14347000000.0,12836000000.0,1511000000.0,24039000000.0,16455000000.0,7584000000.0,51262903255.0,1109000000.0,0.0,1000000.0,-39000000.0,-83000000.0,-306000000.0,-1652000000.0,-1426000000.0,3067000000.0,0.0,1828000000.0,1828000000.0,1828000000.0,0.0,0.0,0.096,2473000000.0,2435000000.0,14358000000.0,0.045,3.556,14.638,14.654,2118000000.0,0.0,387.75,0.727,0.727,2238000000.0,19616000000.0,19083000000.0,19083000000.0,0.0,,,,,46000000.0,2354000000.0,1.0,132206069.0,132206069.0,,144.343,34012000000.0,0.0,783000000.0,0.0,257.265,11413000000.0
5,HUM,MRQ,2020-03-31,2020-03-31,2020-03-31,2021-07-28,48000000.0,34633000000.0,,24551000000.0,10082000000.0,,93.523,-192000000.0,6054000000.0,6054000000.0,15629000000.0,473000000.0,1.655,1.803,8124000000.0,2067000000.0,6057000000.0,8124000000.0,274000000.0,145000000.0,0.0,0.007,0.625,785000000.0,930000000.0,0.049,930000000.0,785000000.0,725000000.0,3.58,3.56,3.58,12355000000.0,,12355000000.0,43321082188.0,12.0,10.145,282000000.0,2.135,1.0,3306000000.0,0.175,4443000000.0,60000000.0,17430000000.0,,0.0,12590000000.0,11104000000.0,1486000000.0,22278000000.0,14830000000.0,7448000000.0,41484082188.0,2000000000.0,-709000000.0,2000000.0,2233000000.0,-73000000.0,2736000000.0,-1210000000.0,-309000000.0,474000000.0,0.0,473000000.0,473000000.0,473000000.0,0.0,0.0,0.025,2232000000.0,1074000000.0,12694000000.0,0.175,3.358,15.87,16.03,2023000000.0,0.0,314.02,0.613,0.613,2009000000.0,17871000000.0,18935000000.0,18935000000.0,0.0,,,,,36000000.0,2117000000.0,1.0,132106497.0,132106497.0,,143.331,30190000000.0,0.0,252000000.0,0.0,228.528,9721000000.0
6,HUM,MRQ,2019-12-31,2019-12-31,2019-12-31,2021-07-28,156000000.0,29074000000.0,,19888000000.0,9186000000.0,,90.896,-230000000.0,4054000000.0,4054000000.0,13689000000.0,512000000.0,1.82,1.415,5891000000.0,924000000.0,4967000000.0,5891000000.0,247000000.0,140000000.0,0.0,0.006,0.55,649000000.0,789000000.0,0.048,789000000.0,649000000.0,591000000.0,3.89,3.86,3.89,12037000000.0,,12037000000.0,49346794013.0,13.0,11.511,282000000.0,2.129,1.0,2606000000.0,0.16,3928000000.0,58000000.0,16054000000.0,,0.0,12441000000.0,10972000000.0,1469000000.0,17037000000.0,10929000000.0,6108000000.0,48536794013.0,-1473000000.0,0.0,-25000000.0,-450000000.0,-75000000.0,-1184000000.0,-801000000.0,-571000000.0,512000000.0,0.0,512000000.0,512000000.0,512000000.0,0.0,0.0,0.031,2244000000.0,362000000.0,9758000000.0,0.141,4.032,17.93,18.145,1955000000.0,0.0,366.52,0.748,0.748,1056000000.0,17483000000.0,16295000000.0,16295000000.0,0.0,,,,,44000000.0,2129000000.0,1.0,132426045.0,132426045.0,,123.05,25146000000.0,0.0,79000000.0,0.0,189.887,8959000000.0
7,HUM,MRQ,2019-09-30,2019-09-30,2019-09-30,2021-07-28,177000000.0,29180000000.0,,20324000000.0,8856000000.0,,85.877,-210000000.0,5527000000.0,5527000000.0,13357000000.0,689000000.0,1.83,1.515,6337000000.0,972000000.0,5365000000.0,6337000000.0,274000000.0,159000000.0,0.0,0.008,0.55,951000000.0,1110000000.0,0.068,1110000000.0,951000000.0,889000000.0,5.16,5.14,5.16,11601000000.0,,11601000000.0,35690278774.0,10.0,8.644,2232000000.0,16.522,1.0,2884000000.0,0.178,3922000000.0,62000000.0,14962000000.0,,0.0,11895000000.0,10430000000.0,1465000000.0,17579000000.0,11106000000.0,6473000000.0,34538278774.0,749000000.0,0.0,-995000000.0,404000000.0,-74000000.0,-1127000000.0,-566000000.0,-356000000.0,2442000000.0,0.0,689000000.0,689000000.0,689000000.0,0.0,0.0,0.042,2016000000.0,868000000.0,10071000000.0,0.107,2.977,13.544,13.528,1864000000.0,0.0,255.67,0.55,0.55,848000000.0,17045000000.0,16241000000.0,16241000000.0,0.0,,,,,43000000.0,1889000000.0,1.0,135089290.0,135089290.0,,120.224,25258000000.0,0.0,200000000.0,0.0,186.973,9218000000.0
8,HUM,MRQ,2019-06-30,2019-06-30,2019-06-30,2021-07-28,112000000.0,28913000000.0,,20160000000.0,8753000000.0,,87.918,-157000000.0,4778000000.0,4778000000.0,13318000000.0,940000000.0,1.747,1.435,5930000000.0,1553000000.0,4377000000.0,5930000000.0,312000000.0,140000000.0,0.0,0.008,0.55,1301000000.0,1441000000.0,0.089,1441000000.0,1301000000.0,1241000000.0,6.96,6.94,6.96,11872000000.0,,11872000000.0,38195790275.0,11.0,9.287,1277000000.0,9.457,1.0,2927000000.0,0.18,3922000000.0,60000000.0,14604000000.0,,0.0,11458000000.0,9991000000.0,1467000000.0,17041000000.0,11539000000.0,5502000000.0,35824790275.0,901000000.0,0.0,1000000.0,-323000000.0,-74000000.0,-477000000.0,-56000000.0,101000000.0,1434000000.0,0.0,940000000.0,940000000.0,940000000.0,0.0,0.0,0.058,1812000000.0,1115000000.0,9888000000.0,0.079,3.018,14.301,14.403,1796000000.0,0.0,265.3,0.59,0.59,904000000.0,16429000000.0,16245000000.0,16245000000.0,0.0,,,,,43000000.0,1703000000.0,1.0,135035018.0,135035018.0,,120.302,24991000000.0,0.0,301000000.0,0.0,185.071,8621000000.0
9,HUM,MRQ,2019-03-31,2019-03-31,2019-03-31,2021-07-28,-10000000.0,28349000000.0,,19673000000.0,8676000000.0,,79.968,-139000000.0,3877000000.0,3877000000.0,13493000000.0,566000000.0,1.649,1.615,6248000000.0,1872000000.0,4376000000.0,6248000000.0,312000000.0,136000000.0,0.0,0.008,0.55,811000000.0,947000000.0,0.059,947000000.0,811000000.0,749000000.0,4.18,4.16,4.18,10841000000.0,,10841000000.0,39957797794.0,17.0,13.903,757000000.0,5.584,1.0,2614000000.0,0.162,3897000000.0,62000000.0,14896000000.0,,0.0,11346000000.0,9876000000.0,1470000000.0,17508000000.0,11927000000.0,5581000000.0,36060797794.0,1534000000.0,0.0,7000000.0,0.0,-68000000.0,493000000.0,145000000.0,284000000.0,896000000.0,0.0,566000000.0,566000000.0,566000000.0,0.0,0.0,0.035,1767000000.0,847000000.0,9956000000.0,0.132,3.326,20.512,20.684,1754000000.0,0.0,266.0,0.614,0.614,1955000000.0,15563000000.0,16107000000.0,16107000000.0,0.0,,,,,33000000.0,1660000000.0,1.0,135566909.0,135566909.0,,118.812,24452000000.0,0.0,183000000.0,0.0,180.368,7746000000.0
10,HUM,MRQ,2018-12-31,2018-12-31,2018-12-31,2021-07-28,-159000000.0,25413000000.0,,16948000000.0,8465000000.0,,74.067,-176000000.0,2343000000.0,2343000000.0,11433000000.0,355000000.0,1.682,1.501,6240000000.0,1865000000.0,4375000000.0,6240000000.0,283000000.0,134000000.0,0.0,0.007,0.5,497000000.0,631000000.0,0.045,631000000.0,497000000.0,438000000.0,2.6,2.58,2.6,10161000000.0,,10161000000.0,40530297382.0,18.0,14.342,-509000000.0,-3.71,1.0,2735000000.0,0.193,3897000000.0,59000000.0,15336000000.0,,0.0,11484000000.0,10026000000.0,1458000000.0,15252000000.0,10077000000.0,5175000000.0,39301297382.0,-1799000000.0,-1095000000.0,-798000000.0,867000000.0,-70000000.0,-1019000000.0,-447000000.0,824000000.0,-333000000.0,0.0,355000000.0,355000000.0,355000000.0,0.0,0.0,0.025,2218000000.0,517000000.0,8148000000.0,0.192,3.868,23.352,23.405,1735000000.0,0.0,286.48,0.691,0.691,1015000000.0,15072000000.0,14168000000.0,14168000000.0,0.0,,,,,32000000.0,2115000000.0,1.0,137186880.0,137186880.0,,103.275,21516000000.0,0.0,83000000.0,0.0,156.837,6871000000.0
11,HUM,MRQ,2018-09-30,2018-09-30,2018-09-30,2021-07-28,-206000000.0,27490000000.0,,19077000000.0,8413000000.0,,76.893,-164000000.0,4142000000.0,4142000000.0,11243000000.0,644000000.0,1.685,1.595,5371000000.0,597000000.0,4774000000.0,5371000000.0,294000000.0,131000000.0,0.0,0.006,0.5,963000000.0,1094000000.0,0.077,1094000000.0,963000000.0,910000000.0,4.68,4.65,4.68,10593000000.0,,10593000000.0,43828668538.0,19.0,15.171,-1219000000.0,-8.849,1.0,2963000000.0,0.209,3895000000.0,53000000.0,13500000000.0,,0.0,11148000000.0,9695000000.0,1453000000.0,16897000000.0,11324000000.0,5573000000.0,46635668538.0,-4689000000.0,-805000000.0,-197000000.0,122000000.0,-69000000.0,-1281000000.0,-2353000000.0,-1384000000.0,-1055000000.0,0.0,644000000.0,644000000.0,644000000.0,0.0,0.0,0.045,2002000000.0,961000000.0,10629000000.0,0.107,4.402,30.844,30.719,1685000000.0,0.0,338.52,0.834,0.834,1062000000.0,14786000000.0,14206000000.0,14206000000.0,0.0,,,,,36000000.0,1900000000.0,1.0,137763407.0,137763407.0,,103.119,23595000000.0,0.0,266000000.0,0.0,171.272,7753000000.0
12,HUM,MRQ,2018-06-30,2018-06-30,2018-06-30,2021-07-28,-176000000.0,34270000000.0,,26864000000.0,7406000000.0,,74.164,-138000000.0,8052000000.0,8052000000.0,11536000000.0,193000000.0,1.431,2.356,5245000000.0,472000000.0,4773000000.0,5245000000.0,3630000000.0,130000000.0,0.0,0.006,0.5,72000000.0,202000000.0,0.014,202000000.0,72000000.0,19000000.0,1.4,1.39,1.4,10211000000.0,,10211000000.0,37417344555.0,17.0,13.493,-263000000.0,-1.91,1.0,2723000000.0,0.191,3895000000.0,53000000.0,8800000000.0,,0.0,9843000000.0,9464000000.0,379000000.0,24059000000.0,18768000000.0,5291000000.0,40978344555.0,-24000000.0,-185000000.0,-10000000.0,-52000000.0,-69000000.0,-17000000.0,118000000.0,441000000.0,-125000000.0,0.0,193000000.0,193000000.0,193000000.0,0.0,0.0,0.014,1861000000.0,862000000.0,12169000000.0,0.357,4.013,29.977,30.37,1626000000.0,0.0,297.63,0.745,0.745,1471000000.0,14211000000.0,14259000000.0,14259000000.0,0.0,,,,,34000000.0,1761000000.0,1.0,137682171.0,137682171.0,,103.565,30375000000.0,0.0,-174000000.0,0.0,220.617,8096000000.0
13,HUM,MRQ,2018-03-31,2018-03-31,2018-03-31,2021-07-28,-154000000.0,33453000000.0,,23932000000.0,9521000000.0,,73.218,-134000000.0,8855000000.0,8855000000.0,11670000000.0,491000000.0,1.548,2.318,5294000000.0,522000000.0,4772000000.0,5294000000.0,3706000000.0,139000000.0,0.0,0.006,0.5,760000000.0,899000000.0,0.063,899000000.0,760000000.0,707000000.0,3.56,3.53,3.56,10081000000.0,,10081000000.0,38032677359.0,12.0,10.035,3552000000.0,25.798,1.0,2609000000.0,0.183,3760000000.0,53000000.0,10677000000.0,,0.0,12103000000.0,9742000000.0,2361000000.0,23372000000.0,15455000000.0,7917000000.0,37013677359.0,4813000000.0,-169000000.0,-40000000.0,228000000.0,-57000000.0,1532000000.0,-405000000.0,-102000000.0,3686000000.0,0.0,491000000.0,491000000.0,491000000.0,0.0,0.0,0.034,1849000000.0,760000000.0,14069000000.0,0.14,3.672,20.293,20.856,1595000000.0,0.0,268.83,0.682,0.682,1276000000.0,14086000000.0,14279000000.0,14279000000.0,0.0,,,,,35000000.0,1749000000.0,1.0,137684326.0,137684326.0,,103.708,29693000000.0,0.0,216000000.0,0.0,215.66,8477000000.0
14,HUM,MRQ,2017-12-31,2017-12-31,2017-12-31,2021-07-28,19000000.0,27178000000.0,,17402000000.0,9776000000.0,,68.893,-148000000.0,4042000000.0,4042000000.0,10639000000.0,184000000.0,1.85,1.761,5061000000.0,291000000.0,4770000000.0,5061000000.0,378000000.0,128000000.0,0.0,0.008,0.4,566000000.0,694000000.0,0.053,694000000.0,566000000.0,490000000.0,1.38,1.37,1.38,9842000000.0,,9842000000.0,30675304015.0,7.0,6.462,-3059000000.0,-21.413,1.0,2550000000.0,0.193,3281000000.0,76000000.0,15510000000.0,,0.0,12302000000.0,9557000000.0,2745000000.0,17336000000.0,9406000000.0,7930000000.0,35439304015.0,-5823000000.0,-21000000.0,-1545000000.0,-36000000.0,-58000000.0,-1747000000.0,-1165000000.0,-996000000.0,-2911000000.0,0.0,184000000.0,184000000.0,184000000.0,0.0,0.0,0.014,1984000000.0,566000000.0,11660000000.0,0.29,3.601,14.477,14.644,1584000000.0,0.0,248.07,0.659,0.659,854000000.0,13670000000.0,13189000000.0,13189000000.0,0.0,,,,,41000000.0,1873000000.0,1.0,142860096.0,142860096.0,,92.321,23897000000.0,0.0,306000000.0,0.0,167.276,7996000000.0
15,HUM,MRQ,2017-09-30,2017-09-30,2017-09-30,2021-07-28,12000000.0,32956000000.0,,23185000000.0,9771000000.0,,77.576,-143000000.0,9865000000.0,9865000000.0,10642000000.0,499000000.0,1.608,1.94,5101000000.0,1124000000.0,3977000000.0,5101000000.0,3447000000.0,120000000.0,0.0,0.007,0.4,858000000.0,978000000.0,0.074,978000000.0,858000000.0,799000000.0,3.46,3.44,3.46,11211000000.0,,11211000000.0,32166725923.0,10.0,8.619,2720000000.0,18.821,1.0,2640000000.0,0.199,3281000000.0,59000000.0,10493000000.0,,0.0,11338000000.0,8622000000.0,2716000000.0,21745000000.0,14418000000.0,7327000000.0,35208725923.0,1726000000.0,-1000000.0,-234000000.0,3000000.0,-58000000.0,-439000000.0,-698000000.0,-554000000.0,2863000000.0,0.0,499000000.0,499000000.0,499000000.0,0.0,0.0,0.038,1782000000.0,858000000.0,12740000000.0,0.116,3.141,18.899,19.034,1560000000.0,0.0,243.63,0.659,0.659,922000000.0,13542000000.0,13282000000.0,13282000000.0,0.0,,,,,33000000.0,1688000000.0,1.0,144517202.0,144517202.0,,91.906,29675000000.0,0.0,300000000.0,0.0,205.339,8767000000.0
16,HUM,MRQ,2017-06-30,2017-06-30,2017-06-30,2021-07-28,-5000000.0,32253000000.0,,22568000000.0,9685000000.0,,75.897,-111000000.0,8139000000.0,8139000000.0,10889000000.0,650000000.0,1.647,1.945,5097000000.0,818000000.0,4279000000.0,5097000000.0,3356000000.0,119000000.0,0.0,0.006,0.4,1100000000.0,1219000000.0,0.09,1219000000.0,1100000000.0,1042000000.0,4.49,4.46,4.49,10953000000.0,,10953000000.0,31728057254.0,9.0,8.306,-217000000.0,-1.504,1.0,2645000000.0,0.195,3280000000.0,58000000.0,12226000000.0,,0.0,10785000000.0,8115000000.0,2670000000.0,21300000000.0,13705000000.0,7595000000.0,34725057254.0,-286000000.0,-2000000.0,16000000.0,-338000000.0,-57000000.0,-28000000.0,-152000000.0,-39000000.0,-106000000.0,0.0,650000000.0,650000000.0,650000000.0,0.0,0.0,0.048,1545000000.0,1100000000.0,12430000000.0,0.089,3.17,19.143,19.483,1543000000.0,0.0,240.62,0.645,0.645,2430000000.0,13101000000.0,13534000000.0,13534000000.0,0.0,,,,,57000000.0,1453000000.0,1.0,144314925.0,144314925.0,,93.781,28973000000.0,0.0,392000000.0,0.0,200.762,8863000000.0
17,HUM,MRQ,2017-03-31,2017-03-31,2017-03-31,2021-07-28,-58000000.0,31712000000.0,,22317000000.0,9395000000.0,,68.535,-122000000.0,8425000000.0,8425000000.0,11326000000.0,1115000000.0,1.653,2.099,5428000000.0,648000000.0,4780000000.0,5428000000.0,3420000000.0,118000000.0,0.0,0.006,0.69,1738000000.0,1856000000.0,0.135,1856000000.0,1738000000.0,1689000000.0,7.54,7.49,7.54,10234000000.0,,10234000000.0,31208670180.0,11.0,9.179,4083000000.0,27.343,1.0,2436000000.0,0.177,3279000000.0,49000000.0,11932000000.0,,0.0,10629000000.0,8205000000.0,2424000000.0,21478000000.0,13504000000.0,7974000000.0,30781670180.0,4548000000.0,-7000000.0,-1540000000.0,1126000000.0,-47000000.0,1269000000.0,-926000000.0,-797000000.0,4205000000.0,0.0,1115000000.0,1115000000.0,1115000000.0,0.0,0.0,0.081,698000000.0,1738000000.0,12263000000.0,0.092,3.008,20.869,20.738,1525000000.0,0.0,206.14,0.566,0.566,1838000000.0,12509000000.0,13762000000.0,13762000000.0,0.0,,,,,26000000.0,1553000000.0,1.0,149324101.0,149324101.0,,92.162,28433000000.0,0.0,574000000.0,0.0,190.411,8813000000.0
18,HUM,MRQ,2016-12-31,2016-12-31,2016-12-31,2021-07-28,-66000000.0,25396000000.0,,16190000000.0,9206000000.0,,71.663,-132000000.0,3877000000.0,3877000000.0,11201000000.0,-401000000.0,2.07,1.377,4304000000.0,512000000.0,3792000000.0,4304000000.0,280000000.0,117000000.0,0.0,0.004,0.29,-438000000.0,-321000000.0,-0.025,-321000000.0,-438000000.0,-486000000.0,-2.69,-2.66,-2.69,10685000000.0,,10685000000.0,27927113551.0,16.0,12.66,-2905000000.0,-19.483,1.0,1677000000.0,0.13,3272000000.0,48000000.0,14729000000.0,,0.0,9798000000.0,7595000000.0,2203000000.0,14711000000.0,7822000000.0,6889000000.0,30421113551.0,-2892000000.0,0.0,-18000000.0,28000000.0,-44000000.0,709000000.0,-828000000.0,-696000000.0,-2773000000.0,0.0,-401000000.0,-401000000.0,-401000000.0,0.0,0.0,-0.031,2115000000.0,-438000000.0,9864000000.0,-0.108,2.847,49.546,49.642,1505000000.0,0.0,204.03,0.559,0.559,1280000000.0,11454000000.0,12878000000.0,12878000000.0,0.0,,,,,39000000.0,2001000000.0,1.0,149101179.0,149101179.0,,86.371,22124000000.0,0.0,-85000000.0,0.0,148.382,8368000000.0
19,HUM,MRQ,2016-09-30,2016-09-30,2016-09-30,2021-07-28,112000000.0,29466000000.0,,19654000000.0,9812000000.0,,75.704,-139000000.0,6769000000.0,6769000000.0,10900000000.0,450000000.0,1.663,1.611,4275000000.0,483000000.0,3792000000.0,4275000000.0,3351000000.0,117000000.0,0.0,0.005,0.0,949000000.0,1066000000.0,0.078,1066000000.0,949000000.0,902000000.0,3.01,2.98,3.01,11285000000.0,,11285000000.0,28224521773.0,11.0,9.63,4364000000.0,29.275,1.0,2794000000.0,0.204,3272000000.0,47000000.0,11884000000.0,,0.0,9602000000.0,7329000000.0,2273000000.0,18181000000.0,11816000000.0,6365000000.0,26368521773.0,4340000000.0,-6000000.0,-2000000.0,-10000000.0,-43000000.0,74000000.0,-237000000.0,-92000000.0,4503000000.0,0.0,450000000.0,450000000.0,450000000.0,0.0,0.0,0.033,1845000000.0,949000000.0,10276000000.0,0.0,2.337,23.628,23.648,1478000000.0,0.0,176.89,0.481,0.481,765000000.0,11899000000.0,13694000000.0,13694000000.0,0.0,,,,,28000000.0,1739000000.0,1.0,149067340.0,149067340.0,,91.865,26194000000.0,0.0,452000000.0,0.0,175.719,7838000000.0
20,HUM,MRQ,2016-06-30,2016-06-30,2016-06-30,2021-07-28,134000000.0,27236000000.0,,17736000000.0,9500000000.0,,72.962,-131000000.0,2429000000.0,2429000000.0,11509000000.0,311000000.0,1.785,1.505,4285000000.0,492000000.0,3793000000.0,4285000000.0,311000000.0,116000000.0,0.0,0.006,0.29,683000000.0,799000000.0,0.057,799000000.0,683000000.0,636000000.0,2.08,2.06,2.08,10874000000.0,,10874000000.0,28357713322.0,13.0,10.633,-427000000.0,-2.865,1.0,2498000000.0,0.178,3266000000.0,47000000.0,15892000000.0,,0.0,9468000000.0,7417000000.0,2051000000.0,16362000000.0,9934000000.0,6428000000.0,26808713322.0,-372000000.0,-1000000.0,-2000000.0,-65000000.0,-43000000.0,-207000000.0,131000000.0,263000000.0,-296000000.0,0.0,311000000.0,311000000.0,311000000.0,0.0,0.0,0.022,1815000000.0,683000000.0,11419000000.0,0.139,2.465,27.356,27.337,1452000000.0,0.0,179.88,0.492,0.492,2553000000.0,11492000000.0,14007000000.0,14007000000.0,0.0,,,,,25000000.0,1699000000.0,1.0,149036654.0,149036654.0,,93.984,23970000000.0,0.0,325000000.0,0.0,160.833,7802000000.0
21,HUM,MRQ,2016-03-31,2016-03-31,2016-03-31,2021-07-28,76000000.0,26934000000.0,,17844000000.0,9090000000.0,,70.969,-125000000.0,2801000000.0,2801000000.0,11397000000.0,254000000.0,1.766,1.559,4350000000.0,557000000.0,3793000000.0,4350000000.0,360000000.0,115000000.0,0.0,0.006,0.29,547000000.0,662000000.0,0.048,662000000.0,547000000.0,500000000.0,1.7,1.68,1.7,10525000000.0,,10525000000.0,28982105018.0,12.0,10.27,377000000.0,2.542,1.0,2403000000.0,0.174,3265000000.0,47000000.0,15113000000.0,,0.0,9678000000.0,7738000000.0,1940000000.0,16409000000.0,10105000000.0,6304000000.0,27132105018.0,230000000.0,0.0,-71000000.0,-44000000.0,-47000000.0,156000000.0,-428000000.0,-303000000.0,502000000.0,0.0,254000000.0,254000000.0,254000000.0,0.0,0.0,0.018,1856000000.0,547000000.0,11421000000.0,0.171,2.578,24.666,24.79,1420000000.0,0.0,182.95,0.5,0.5,1737000000.0,11205000000.0,13800000000.0,13800000000.0,0.0,,,,,23000000.0,1734000000.0,1.0,148303389.0,148303389.0,,93.052,23669000000.0,0.0,246000000.0,0.0,159.599,7739000000.0
22,HUM,MRQ,2015-12-31,2015-12-31,2015-12-31,2021-07-28,58000000.0,24678000000.0,,15711000000.0,8967000000.0,,69.8,-138000000.0,2571000000.0,2571000000.0,11116000000.0,101000000.0,1.927,1.385,4394000000.0,600000000.0,3794000000.0,4394000000.0,364000000.0,112000000.0,0.0,0.006,0.29,292000000.0,404000000.0,0.03,404000000.0,292000000.0,246000000.0,0.69,0.67,0.69,10346000000.0,,10346000000.0,28991453209.0,11.0,9.462,199000000.0,1.343,1.0,2245000000.0,0.168,3265000000.0,46000000.0,15084000000.0,,0.0,9110000000.0,7267000000.0,1843000000.0,14332000000.0,8152000000.0,6180000000.0,26459453209.0,974000000.0,6000000.0,-4000000.0,293000000.0,-43000000.0,934000000.0,-297000000.0,-165000000.0,337000000.0,0.0,101000000.0,101000000.0,101000000.0,0.0,0.0,0.008,1956000000.0,289000000.0,9339000000.0,0.42,2.557,20.736,20.903,1384000000.0,0.0,178.51,0.487,0.487,1161000000.0,11017000000.0,13361000000.0,13361000000.0,0.0,,,,,17000000.0,1845000000.0,1.0,148223927.0,148223927.0,,90.141,21413000000.0,0.0,145000000.0,0.0,144.464,7559000000.0
23,HUM,MRQ,2015-09-30,2015-09-30,2015-09-30,2021-07-28,137000000.0,24296000000.0,,15773000000.0,8523000000.0,,69.885,-125000000.0,1597000000.0,1597000000.0,10896000000.0,314000000.0,2.037,1.347,4129000000.0,307000000.0,3822000000.0,4129000000.0,297000000.0,107000000.0,0.0,0.006,0.29,695000000.0,802000000.0,0.06,802000000.0,695000000.0,648000000.0,2.11,2.09,2.11,10353000000.0,,10353000000.0,28699717646.0,11.0,9.097,907000000.0,6.122,1.0,2467000000.0,0.185,3266000000.0,47000000.0,15820000000.0,,0.0,9302000000.0,7423000000.0,1879000000.0,13943000000.0,7742000000.0,6201000000.0,26517717646.0,-653000000.0,0.0,-10000000.0,-303000000.0,-43000000.0,-1080000000.0,-605000000.0,-480000000.0,1032000000.0,0.0,314000000.0,314000000.0,314000000.0,0.0,0.0,0.023,1772000000.0,695000000.0,9292000000.0,0.137,2.561,20.089,20.272,1343000000.0,0.0,179.0,0.498,0.498,986000000.0,10960000000.0,13363000000.0,13363000000.0,0.0,,,,,23000000.0,1688000000.0,1.0,148143674.0,148143674.0,,90.203,21030000000.0,0.0,334000000.0,0.0,141.957,8031000000.0
24,HUM,MRQ,2015-06-30,2015-06-30,2015-06-30,2021-07-28,153000000.0,25384000000.0,,16975000000.0,8409000000.0,,67.318,-136000000.0,2250000000.0,2250000000.0,11252000000.0,431000000.0,1.892,1.518,4432000000.0,609000000.0,3823000000.0,4432000000.0,291000000.0,114000000.0,0.0,0.006,0.29,840000000.0,954000000.0,0.069,954000000.0,840000000.0,793000000.0,2.88,2.85,2.88,10083000000.0,,10083000000.0,30816161708.0,12.0,10.09,-744000000.0,-4.967,1.0,2480000000.0,0.181,3266000000.0,47000000.0,15327000000.0,,0.0,8880000000.0,7041000000.0,1839000000.0,15301000000.0,8973000000.0,6328000000.0,28650161708.0,304000000.0,1017000000.0,-302000000.0,321000000.0,-42000000.0,-404000000.0,1316000000.0,435000000.0,-608000000.0,0.0,431000000.0,431000000.0,431000000.0,0.0,0.0,0.031,1907000000.0,573000000.0,10221000000.0,0.101,2.841,22.107,22.268,1299000000.0,0.0,191.28,0.55,0.55,2129000000.0,10689000000.0,13732000000.0,13732000000.0,0.0,,,,,25000000.0,1817000000.0,1.0,149781272.0,149781272.0,,91.68,22118000000.0,0.0,362000000.0,0.0,147.669,8002000000.0
25,HUM,MRQ,2015-03-31,2015-03-31,2015-03-31,2021-07-28,227000000.0,25624000000.0,,17402000000.0,8222000000.0,,67.135,-123000000.0,1946000000.0,1946000000.0,11005000000.0,430000000.0,1.896,1.551,4112000000.0,288000000.0,3824000000.0,4112000000.0,378000000.0,114000000.0,0.0,0.006,0.28,790000000.0,904000000.0,0.065,904000000.0,790000000.0,744000000.0,2.86,2.82,2.86,10044000000.0,,10044000000.0,28857197824.0,12.0,9.996,-16000000.0,-0.107,1.0,2828000000.0,0.204,3231000000.0,46000000.0,15382000000.0,,0.0,9572000000.0,7600000000.0,1972000000.0,15580000000.0,9177000000.0,6403000000.0,26633197824.0,11000000.0,0.0,-48000000.0,-46000000.0,-44000000.0,-2000000.0,-94000000.0,29000000.0,107000000.0,0.0,430000000.0,430000000.0,430000000.0,0.0,0.0,0.031,2038000000.0,790000000.0,10616000000.0,0.098,2.652,22.029,22.449,1258000000.0,0.0,178.02,0.526,0.526,1690000000.0,10302000000.0,13833000000.0,13833000000.0,0.0,,,,,44000000.0,1945000000.0,1.0,149607897.0,149607897.0,,92.462,22393000000.0,0.0,314000000.0,0.0,149.678,8225000000.0
26,HUM,MRQ,2014-12-31,2014-12-31,2014-12-31,2021-07-28,223000000.0,23527000000.0,,15536000000.0,7991000000.0,,62.908,-167000000.0,1935000000.0,1935000000.0,9749000000.0,145000000.0,2.08,1.439,4159000000.0,334000000.0,3825000000.0,4159000000.0,361000000.0,124000000.0,0.0,0.008,0.28,371000000.0,495000000.0,0.04,495000000.0,371000000.0,287000000.0,0.98,0.97,0.98,9646000000.0,,9646000000.0,23923499299.0,10.0,8.511,26000000.0,0.17,1.0,2579000000.0,0.209,3231000000.0,84000000.0,15049000000.0,,0.0,9547000000.0,7598000000.0,1949000000.0,13881000000.0,7471000000.0,6410000000.0,22023499299.0,-770000000.0,-15000000.0,-618000000.0,-433000000.0,-43000000.0,-1268000000.0,305000000.0,487000000.0,193000000.0,0.0,145000000.0,145000000.0,145000000.0,0.0,0.0,0.012,2208000000.0,371000000.0,8919000000.0,0.286,2.283,19.201,19.305,1228000000.0,0.0,143.63,0.454,0.454,1053000000.0,9916000000.0,12328000000.0,12328000000.0,0.0,,,,,22000000.0,2121000000.0,1.0,153334953.0,153334953.0,,80.399,20296000000.0,0.0,142000000.0,0.0,132.364,8065000000.0
27,HUM,MRQ,2014-09-30,2014-09-30,2014-09-30,2021-07-28,233000000.0,24331000000.0,,15636000000.0,8695000000.0,,65.638,-145000000.0,2705000000.0,2705000000.0,9666000000.0,290000000.0,2.013,1.403,4605000000.0,779000000.0,3826000000.0,4605000000.0,246000000.0,112000000.0,0.0,0.008,0.28,589000000.0,701000000.0,0.057,701000000.0,589000000.0,551000000.0,1.87,1.85,1.87,10125000000.0,,10125000000.0,21393875872.0,11.0,8.855,809000000.0,5.245,1.0,2572000000.0,0.21,3695000000.0,38000000.0,14767000000.0,,0.0,10035000000.0,8088000000.0,1947000000.0,14206000000.0,7769000000.0,6437000000.0,20097875872.0,1112000000.0,0.0,-118000000.0,1706000000.0,-43000000.0,930000000.0,-772000000.0,-627000000.0,954000000.0,0.0,290000000.0,290000000.0,290000000.0,0.0,0.0,0.024,1983000000.0,589000000.0,9043000000.0,0.15,1.985,20.677,20.714,1349000000.0,0.0,130.29,0.434,0.434,1004000000.0,9813000000.0,12238000000.0,12238000000.0,0.0,,,,,21000000.0,1898000000.0,1.0,154254938.0,154254938.0,,79.336,20636000000.0,0.0,261000000.0,0.0,133.779,7867000000.0
28,HUM,MRQ,2014-06-30,2014-06-30,2014-06-30,2021-07-28,260000000.0,23121000000.0,,14086000000.0,9035000000.0,,64.606,-110000000.0,1593000000.0,1593000000.0,9627000000.0,344000000.0,1.788,1.312,2889000000.0,294000000.0,2595000000.0,2889000000.0,249000000.0,106000000.0,0.0,0.009,0.28,681000000.0,787000000.0,0.064,787000000.0,681000000.0,646000000.0,2.22,2.19,2.22,10000000000.0,,10000000000.0,20972042366.0,10.0,8.588,-310000000.0,-2.003,1.0,2595000000.0,0.212,3696000000.0,35000000.0,12841000000.0,,0.0,9460000000.0,7565000000.0,1895000000.0,13121000000.0,7880000000.0,5241000000.0,19769042366.0,-69000000.0,3000000.0,-83000000.0,27000000.0,-42000000.0,-444000000.0,575000000.0,682000000.0,-200000000.0,0.0,344000000.0,344000000.0,344000000.0,0.0,0.0,0.028,1914000000.0,681000000.0,9623000000.0,0.126,1.977,18.828,18.893,1289000000.0,0.0,127.72,0.445,0.445,2074000000.0,9567000000.0,12222000000.0,12222000000.0,0.0,,,,,22000000.0,1835000000.0,1.0,154784234.0,154784234.0,,78.962,19425000000.0,0.0,302000000.0,0.0,125.497,6206000000.0
29,HUM,MRQ,2014-03-31,2014-03-31,2014-03-31,2021-07-28,226000000.0,22566000000.0,,13975000000.0,8591000000.0,,63.135,-106000000.0,1662000000.0,1662000000.0,9124000000.0,368000000.0,1.812,1.32,2865000000.0,267000000.0,2598000000.0,2865000000.0,263000000.0,107000000.0,0.0,0.01,0.27,721000000.0,828000000.0,0.071,828000000.0,721000000.0,686000000.0,2.37,2.35,2.37,9725000000.0,,9725000000.0,19227748550.0,10.0,7.854,565000000.0,3.668,1.0,2588000000.0,0.221,3699000000.0,35000000.0,12356000000.0,,0.0,10048000000.0,8248000000.0,1800000000.0,12841000000.0,7714000000.0,5127000000.0,17362748550.0,524000000.0,66000000.0,-24000000.0,-136000000.0,-44000000.0,24000000.0,-171000000.0,-131000000.0,671000000.0,0.0,368000000.0,368000000.0,368000000.0,0.0,0.0,0.031,1867000000.0,721000000.0,9383000000.0,0.114,1.785,15.42,15.656,1244000000.0,0.0,112.72,0.408,0.408,1460000000.0,9266000000.0,11712000000.0,11712000000.0,0.0,,,,,33000000.0,1785000000.0,1.0,154034320.0,154034320.0,,76.035,18867000000.0,0.0,318000000.0,0.0,122.486,6261000000.0
30,HUM,MRQ,2013-12-31,2013-12-31,2013-12-31,2021-07-28,158000000.0,20735000000.0,,12300000000.0,8435000000.0,,59.751,-127000000.0,1138000000.0,1138000000.0,8203000000.0,-30000000.0,1.945,1.226,3003000000.0,403000000.0,2600000000.0,3003000000.0,206000000.0,114000000.0,0.0,0.01,0.27,-14000000.0,100000000.0,0.01,100000000.0,-14000000.0,-49000000.0,-0.17,-0.17,-0.17,9316000000.0,,9316000000.0,17714370723.0,9.0,7.123,-143000000.0,-0.917,1.0,1984000000.0,0.195,3733000000.0,35000000.0,12544000000.0,,0.0,9800000000.0,8090000000.0,1710000000.0,11419000000.0,6323000000.0,5096000000.0,16093370723.0,-117000000.0,-25000000.0,-202000000.0,130000000.0,-43000000.0,-62000000.0,-39000000.0,113000000.0,-16000000.0,0.0,-30000000.0,-30000000.0,-30000000.0,0.0,0.0,-0.003,1998000000.0,-14000000.0,7921000000.0,-1.588,1.727,13.073,13.216,1218000000.0,0.0,103.22,0.39,0.39,950000000.0,8942000000.0,10187000000.0,10187000000.0,0.0,,,,,19000000.0,1908000000.0,1.0,155913299.0,155913299.0,,65.338,17002000000.0,0.0,-19000000.0,0.0,109.048,5977000000.0
31,HUM,MRQ,2013-09-30,2013-09-30,2013-09-30,2021-07-28,196000000.0,20903000000.0,,12573000000.0,8330000000.0,,61.395,-123000000.0,1255000000.0,1255000000.0,8075000000.0,368000000.0,1.919,1.176,2876000000.0,273000000.0,2603000000.0,2876000000.0,198000000.0,106000000.0,0.0,0.011,0.27,621000000.0,727000000.0,0.07,727000000.0,621000000.0,586000000.0,2.34,2.31,2.34,9606000000.0,,9606000000.0,15935702990.0,7.0,5.699,1024000000.0,6.545,1.0,2244000000.0,0.217,3716000000.0,35000000.0,12257000000.0,,0.0,9999000000.0,8262000000.0,1737000000.0,11297000000.0,6551000000.0,4746000000.0,14602702990.0,-264000000.0,-149000000.0,-74000000.0,27000000.0,-42000000.0,-416000000.0,-995000000.0,-723000000.0,1147000000.0,0.0,368000000.0,368000000.0,368000000.0,0.0,0.0,0.036,1623000000.0,621000000.0,7907000000.0,0.115,1.52,10.05,10.156,1180000000.0,0.0,93.33,0.359,0.359,824000000.0,9014000000.0,10319000000.0,10319000000.0,0.0,,,,,22000000.0,1540000000.0,1.0,156463120.0,156463120.0,,65.952,17187000000.0,0.0,218000000.0,0.0,109.847,6022000000.0
32,HUM,MRQ,2013-06-30,2013-06-30,2013-06-30,2021-07-28,209000000.0,20848000000.0,,12628000000.0,8220000000.0,,59.269,-97000000.0,1519000000.0,1519000000.0,8091000000.0,420000000.0,1.865,1.233,2852000000.0,246000000.0,2606000000.0,2852000000.0,193000000.0,104000000.0,0.0,0.012,0.27,689000000.0,793000000.0,0.077,793000000.0,689000000.0,654000000.0,2.66,2.63,2.66,9335000000.0,,9335000000.0,14789997749.0,6.0,5.193,76000000.0,0.483,1.0,2230000000.0,0.216,3638000000.0,35000000.0,11773000000.0,,0.0,9326000000.0,7556000000.0,1770000000.0,11513000000.0,6770000000.0,4743000000.0,13289997749.0,121000000.0,26000000.0,-106000000.0,-44000000.0,-41000000.0,-296000000.0,244000000.0,315000000.0,173000000.0,0.0,420000000.0,420000000.0,420000000.0,0.0,0.0,0.041,1541000000.0,689000000.0,8141000000.0,0.102,1.424,8.795,8.882,1133000000.0,0.0,84.38,0.332,0.332,1593000000.0,8688000000.0,10321000000.0,10321000000.0,0.0,,,,,19000000.0,1461000000.0,1.0,157501751.0,157501751.0,,65.529,17210000000.0,0.0,234000000.0,0.0,109.269,5858000000.0
33,HUM,MRQ,2013-03-31,2013-03-31,2013-03-31,2021-07-28,328000000.0,20974000000.0,,12678000000.0,8296000000.0,,57.869,-90000000.0,1398000000.0,1398000000.0,8195000000.0,473000000.0,1.826,1.289,2898000000.0,290000000.0,2608000000.0,2898000000.0,243000000.0,102000000.0,0.0,0.015,0.26,765000000.0,867000000.0,0.083,867000000.0,765000000.0,730000000.0,2.97,2.95,2.97,9164000000.0,,9164000000.0,12573047363.0,5.0,4.611,322000000.0,2.033,1.0,2291000000.0,0.218,3641000000.0,35000000.0,11889000000.0,,0.0,9965000000.0,8141000000.0,1824000000.0,11810000000.0,6944000000.0,4866000000.0,10944047363.0,92000000.0,-5000000.0,-89000000.0,-34000000.0,-42000000.0,72000000.0,-392000000.0,-297000000.0,412000000.0,0.0,473000000.0,473000000.0,473000000.0,0.0,0.0,0.045,1526000000.0,765000000.0,8335000000.0,0.088,1.194,7.563,7.653,1119000000.0,0.0,69.11,0.278,0.278,1321000000.0,8311000000.0,10486000000.0,10486000000.0,0.0,,,,,32000000.0,1446000000.0,1.0,158356929.0,158356929.0,,66.218,17333000000.0,0.0,257000000.0,0.0,109.455,5734000000.0
34,HUM,MRQ,2012-12-31,2012-12-31,2012-12-31,2021-07-28,386000000.0,19979000000.0,,11710000000.0,8269000000.0,,55.914,-106000000.0,1306000000.0,1306000000.0,7516000000.0,192000000.0,1.837,1.258,2935000000.0,324000000.0,2611000000.0,2935000000.0,230000000.0,100000000.0,0.0,0.015,0.26,309000000.0,409000000.0,0.043,409000000.0,309000000.0,282000000.0,1.22,1.2,1.22,8847000000.0,,8847000000.0,11388896306.0,6.0,4.838,99000000.0,0.626,1.0,2041000000.0,0.214,3640000000.0,27000000.0,11593000000.0,,0.0,9847000000.0,8001000000.0,1846000000.0,11132000000.0,6375000000.0,4757000000.0,10858896306.0,-57000000.0,-947000000.0,3000000.0,1037000000.0,-41000000.0,950000000.0,-1212000000.0,-159000000.0,205000000.0,0.0,192000000.0,192000000.0,192000000.0,0.0,0.0,0.02,1732000000.0,309000000.0,7679000000.0,0.213,1.227,8.886,9.078,1098000000.0,0.0,68.63,0.278,0.278,733000000.0,7881000000.0,9557000000.0,9557000000.0,0.0,,,,,14000000.0,1655000000.0,1.0,158223755.0,158223755.0,,60.402,16339000000.0,0.0,90000000.0,0.0,103.265,5335000000.0
35,HUM,MRQ,2012-09-30,2012-09-30,2012-09-30,2021-07-28,397000000.0,18797000000.0,,11678000000.0,7119000000.0,,53.744,-119000000.0,1363000000.0,1363000000.0,7467000000.0,426000000.0,1.834,1.163,1893000000.0,277000000.0,1616000000.0,1893000000.0,172000000.0,78000000.0,0.0,0.015,0.26,701000000.0,779000000.0,0.081,779000000.0,701000000.0,675000000.0,2.65,2.62,2.65,8691000000.0,,8691000000.0,9353127596.0,5.0,3.958,-1453000000.0,-8.985,1.0,2184000000.0,0.226,2962000000.0,26000000.0,9996000000.0,,0.0,9895000000.0,8058000000.0,1837000000.0,10106000000.0,6369000000.0,3737000000.0,11344127596.0,-2506000000.0,-212000000.0,-234000000.0,17000000.0,-42000000.0,-758000000.0,-414000000.0,-83000000.0,-1334000000.0,0.0,426000000.0,426000000.0,426000000.0,0.0,0.0,0.044,1483000000.0,701000000.0,7771000000.0,0.098,1.305,9.23,9.242,1034000000.0,0.0,70.15,0.294,0.294,642000000.0,7731000000.0,9651000000.0,9651000000.0,0.0,,,,,14000000.0,1408000000.0,1.0,161712439.0,161712439.0,,59.68,15835000000.0,0.0,249000000.0,0.0,97.921,5309000000.0
36,HUM,MRQ,2012-06-30,2012-06-30,2012-06-30,2021-07-28,327000000.0,20855000000.0,,14071000000.0,6784000000.0,,51.814,-99000000.0,3869000000.0,3869000000.0,7652000000.0,356000000.0,1.622,1.467,1878000000.0,260000000.0,1618000000.0,1878000000.0,2341000000.0,82000000.0,0.0,0.013,0.26,590000000.0,672000000.0,0.069,672000000.0,590000000.0,564000000.0,2.19,2.16,2.19,8455000000.0,,8455000000.0,10895600346.0,5.0,4.57,607000000.0,3.72,1.0,2047000000.0,0.211,2792000000.0,26000000.0,7396000000.0,,0.0,9665000000.0,7882000000.0,1783000000.0,12400000000.0,8676000000.0,3724000000.0,12636600346.0,213000000.0,-20000000.0,-124000000.0,-34000000.0,-41000000.0,-344000000.0,-149000000.0,-30000000.0,706000000.0,0.0,356000000.0,356000000.0,356000000.0,0.0,0.0,0.037,1457000000.0,590000000.0,7860000000.0,0.119,1.495,10.125,10.123,976000000.0,0.0,77.44,0.33,0.33,898000000.0,7346000000.0,9699000000.0,9699000000.0,0.0,,,,,14000000.0,1384000000.0,1.0,163179240.0,163179240.0,,59.438,18063000000.0,0.0,208000000.0,0.0,110.694,5395000000.0
37,HUM,MRQ,2012-03-31,2012-03-31,2012-03-31,2021-07-28,313000000.0,20700000000.0,,14056000000.0,6644000000.0,,50.192,-86000000.0,3656000000.0,3656000000.0,8350000000.0,248000000.0,1.593,1.514,1915000000.0,294000000.0,1621000000.0,1915000000.0,2298000000.0,78000000.0,0.0,0.011,0.25,416000000.0,494000000.0,0.048,494000000.0,416000000.0,390000000.0,1.51,1.49,1.51,8234000000.0,,8234000000.0,15759422238.0,7.0,6.202,2260000000.0,13.776,1.0,1869000000.0,0.183,2785000000.0,26000000.0,7351000000.0,,0.0,9593000000.0,7889000000.0,1704000000.0,12466000000.0,8823000000.0,3643000000.0,15171422238.0,2279000000.0,-56000000.0,-106000000.0,-48000000.0,-41000000.0,123000000.0,-190000000.0,-48000000.0,2346000000.0,0.0,248000000.0,248000000.0,248000000.0,0.0,0.0,0.024,1453000000.0,416000000.0,7921000000.0,0.166,1.843,11.221,11.251,939000000.0,0.0,92.48,0.401,0.401,1330000000.0,7032000000.0,10219000000.0,10219000000.0,0.0,,,,,40000000.0,1383000000.0,1.0,164050846.0,164050846.0,,62.292,17915000000.0,0.0,142000000.0,0.0,109.204,5233000000.0
38,HUM,MRQ,2011-12-31,2011-12-31,2011-12-31,2021-07-28,303000000.0,17708000000.0,,11181000000.0,6527000000.0,,49.314,-120000000.0,1377000000.0,1377000000.0,7062000000.0,199000000.0,1.846,1.196,1965000000.0,306000000.0,1659000000.0,1965000000.0,213000000.0,78000000.0,0.0,0.009,0.25,340000000.0,418000000.0,0.046,418000000.0,340000000.0,313000000.0,1.24,1.22,1.24,8063000000.0,,8063000000.0,12265302444.0,5.0,4.634,-1917000000.0,-11.724,1.0,1994000000.0,0.22,2740000000.0,27000000.0,9500000000.0,,0.0,9453000000.0,7743000000.0,1710000000.0,9645000000.0,6056000000.0,3589000000.0,14324568444.0,-2642000000.0,-212000000.0,4000000.0,7000000.0,-41000000.0,-630000000.0,-215000000.0,117000000.0,-1797000000.0,0.0,199000000.0,199000000.0,199000000.0,0.0,0.0,0.022,1654000000.0,340000000.0,7200000000.0,0.202,1.777,10.095,10.211,912000000.0,0.0,87.61,0.389,0.389,1034000000.0,6825000000.0,9056000000.0,9056000000.0,0.0,,,,,14000000.0,1585000000.0,1.0,163503806.0,163503806.0,,55.387,14968000000.0,0.0,114000000.0,0.0,91.545,5125000000.0
39,HUM,MRQ,2011-09-30,2011-09-30,2011-09-30,2021-07-28,279844000.0,19899729000.0,,13632338000.0,6267391000.0,,47.102,-87000000.0,4019405000.0,4019405000.0,7147000000.0,445000000.0,1.601,1.532,1960139000.0,298587000.0,1661552000.0,1960139000.0,2005366000.0,74000000.0,0.0,0.007,0.25,726000000.0,800000000.0,0.086,800000000.0,726000000.0,699000000.0,2.71,2.67,2.71,7857970000.0,,7857970000.0,12446989281.0,6.0,4.987,2832000000.0,16.975,1.0,2154000000.0,0.232,2579916000.0,27000000.0,6744046000.0,,0.0,9560580000.0,7864637000.0,1695943000.0,12041759000.0,8516501000.0,3525258000.0,12133511281.0,2451000000.0,-3000000.0,-263000000.0,82000000.0,-41000000.0,-184000000.0,-284000000.0,-194000000.0,2919000000.0,0.0,445000000.0,445000000.0,445000000.0,0.0,0.0,0.048,1428000000.0,726000000.0,7793133000.0,0.092,1.544,9.144,9.091,850888000.0,0.0,72.73,0.337,0.337,1036317000.0,6667005000.0,9301000000.0,9301000000.0,0.0,,,,,12000000.0,1361000000.0,1.0,166829524.0,166829524.0,,55.752,17319813000.0,0.0,254000000.0,0.0,103.817,5115837000.0
40,HUM,MRQ,2011-06-30,2011-06-30,2011-06-30,2021-07-28,189030000.0,17594905000.0,,11475227000.0,6119678000.0,,45.053,-58000000.0,1567824000.0,1567824000.0,7269000000.0,460000000.0,1.805,1.319,1881302000.0,217287000.0,1664015000.0,1881302000.0,204859000.0,75000000.0,0.0,0.003,0.25,754000000.0,829000000.0,0.089,829000000.0,754000000.0,726000000.0,2.76,2.71,2.76,7586717000.0,,7586717000.0,13724962124.0,6.0,5.698,103000000.0,0.612,1.0,2015000000.0,0.217,2577511000.0,28000000.0,8975108000.0,,0.0,9202656000.0,7609737000.0,1592919000.0,10008188000.0,6355764000.0,3652424000.0,13562483124.0,-188000000.0,-6000000.0,-157000000.0,-35000000.0,0.0,-181000000.0,-168000000.0,-104000000.0,161000000.0,0.0,460000000.0,460000000.0,460000000.0,0.0,0.0,0.05,1261000000.0,754000000.0,7494286000.0,0.091,1.788,10.636,10.542,822611000.0,0.0,80.54,0.386,0.386,1546392000.0,6262943000.0,9284000000.0,9284000000.0,0.0,,,,,11000000.0,1193000000.0,1.0,168394377.0,168394377.0,,55.132,15017394000.0,0.0,266000000.0,0.0,89.18,5119463000.0
41,HUM,MRQ,2011-03-31,2011-03-31,2011-03-31,2021-07-28,108808000.0,17160060000.0,,11096774000.0,6063286000.0,,42.879,-71000000.0,1756041000.0,1756041000.0,7345000000.0,315000000.0,1.743,1.374,1918520000.0,252073000.0,1666447000.0,1918520000.0,219004000.0,76000000.0,0.0,0.0,0.0,524000000.0,600000000.0,0.065,600000000.0,524000000.0,497000000.0,1.88,1.86,1.88,7226978000.0,,7226978000.0,12193162136.0,6.0,5.515,725000000.0,4.302,1.0,1846000000.0,0.201,2576208000.0,27000000.0,8381597000.0,,0.0,8989049000.0,7420959000.0,1568090000.0,9933082000.0,6364734000.0,3568348000.0,11788065136.0,83000000.0,-5000000.0,-53000000.0,-157000000.0,0.0,-22000000.0,-691000000.0,-615000000.0,796000000.0,0.0,315000000.0,315000000.0,315000000.0,0.0,0.0,0.034,1322000000.0,524000000.0,7423721000.0,0.0,1.631,10.204,10.136,819729000.0,0.0,69.94,0.343,0.343,1219347000.0,5844177000.0,9191000000.0,9191000000.0,0.0,,,,,30000000.0,1256000000.0,1.0,168545398.0,168545398.0,,54.531,14583852000.0,0.0,182000000.0,0.0,86.528,4732040000.0
42,HUM,MRQ,2010-12-31,2010-12-31,2010-12-31,2021-07-28,120000000.0,16103000000.0,,10137000000.0,5966000000.0,,41.136,-69568000.0,1673000000.0,1673000000.0,6789258000.0,106935000.0,1.765,1.326,2078000000.0,409000000.0,1669000000.0,2078000000.0,185000000.0,66397000.0,0.0,0.0,0.0,200251000.0,266648000.0,0.032,266648000.0,200251000.0,173930000.0,0.65,0.63,0.65,6924000000.0,,6924000000.0,8203356263.0,4.0,3.875,-116739000.0,-0.694,1.0,1486349000.0,0.18,2568000000.0,26321000.0,8196000000.0,,0.0,8373000000.0,6873000000.0,1500000000.0,9179000000.0,5744000000.0,3435000000.0,9213757263.0,-1249264000.0,-822880000.0,-74094000.0,168235000.0,0.0,-256163000.0,-945930000.0,34839000.0,-47171000.0,0.0,106935000.0,106935000.0,106935000.0,0.0,0.0,0.013,1286098000.0,200251000.0,6643000000.0,0.0,1.331,8.384,8.357,815000000.0,0.0,54.74,0.274,0.274,959000000.0,5529000000.0,8275607000.0,8275607000.0,0.0,,,,,10896000.0,1223055000.0,1.0,168318547.0,168318547.0,,49.166,13535000000.0,0.0,66995000.0,0.0,80.413,4393000000.0
43,HUM,MRQ,2010-09-30,2010-09-30,2010-09-30,2021-07-28,259025000.0,16390352000.0,,11384613000.0,5005739000.0,,41.003,-61005000.0,2922852000.0,2922852000.0,6641264000.0,393221000.0,1.818,1.362,1912451000.0,241229000.0,1671222000.0,1912451000.0,213778000.0,64557000.0,0.0,0.0,0.0,648433000.0,712990000.0,0.085,712990000.0,648433000.0,622290000.0,2.35,2.32,2.35,6938969000.0,,6938969000.0,8416736082.0,4.0,3.589,1148204000.0,6.785,1.0,1709548000.0,0.205,1997277000.0,26143000.0,7121549000.0,,0.0,8619542000.0,7142395000.0,1477147000.0,9451383000.0,6261125000.0,3190258000.0,8502237082.0,923870000.0,-8451000.0,-46296000.0,1313000.0,0.0,-92410000.0,-192929000.0,-136985000.0,1209209000.0,0.0,393221000.0,393221000.0,393221000.0,0.0,0.0,0.047,1061115000.0,648433000.0,7085286000.0,0.0,1.225,6.84,6.789,670277000.0,0.0,50.24,0.26,0.26,794197000.0,5421676000.0,8350812000.0,8350812000.0,0.0,,,,,12477000.0,1002398000.0,1.0,169232426.0,169232426.0,,49.345,14393075000.0,0.0,229069000.0,0.0,85.049,5123488000.0
44,HUM,MRQ,2010-06-30,2010-06-30,2010-06-30,2021-07-28,158428000.0,15690570000.0,,10787089000.0,4903481000.0,,38.067,-52399000.0,1998982000.0,1998982000.0,6869096000.0,340076000.0,1.799,1.422,1913481000.0,239916000.0,1673565000.0,1913481000.0,209346000.0,69290000.0,0.0,0.0,0.0,562076000.0,631366000.0,0.074,631366000.0,562076000.0,535854000.0,2.02,2.0,2.02,6478825000.0,,6478825000.0,7870836193.0,4.0,3.594,272912000.0,1.604,1.0,1720147000.0,0.2,1994593000.0,26222000.0,7613487000.0,,0.0,8287797000.0,6882063000.0,1405734000.0,9211745000.0,5996989000.0,3214756000.0,7772911193.0,184989000.0,-1669000.0,-48020000.0,3878000.0,0.0,4602000.0,-144924000.0,-107459000.0,325311000.0,0.0,340076000.0,340076000.0,340076000.0,0.0,0.0,0.04,1158071000.0,562076000.0,6775075000.0,0.0,1.2,6.751,6.667,660223000.0,0.0,45.67,0.242,0.242,1310269000.0,5028455000.0,8589243000.0,8589243000.0,0.0,,,,,12288000.0,1093690000.0,1.0,170197311.0,170197311.0,,50.466,13695977000.0,0.0,195778000.0,0.0,80.471,4790100000.0
45,HUM,MRQ,2010-03-31,2010-03-31,2010-03-31,2021-07-28,69994000.0,15209136000.0,,10259986000.0,4949150000.0,,35.748,-39028000.0,1813993000.0,1813993000.0,6817382000.0,258768000.0,1.737,1.499,1911918000.0,236038000.0,1675880000.0,1911918000.0,235584000.0,62756000.0,0.0,0.0,0.0,443240000.0,505996000.0,0.06,505996000.0,443240000.0,416926000.0,1.54,1.52,1.54,6085237000.0,,6085237000.0,8400469787.0,5.0,4.028,715623000.0,4.204,1.0,1562956000.0,0.187,1992924000.0,26314000.0,7408276000.0,,0.0,8098492000.0,6764833000.0,1333659000.0,9123899000.0,5905861000.0,3218038000.0,7961427787.0,200405000.0,0.0,-2590000.0,-138426000.0,0.0,-27029000.0,-527217000.0,-546395000.0,754651000.0,0.0,258768000.0,258768000.0,258768000.0,0.0,0.0,0.031,1119716000.0,443240000.0,6647418000.0,0.0,1.308,7.284,7.184,665909000.0,0.0,46.77,0.253,0.253,1091372000.0,4688379000.0,8380338000.0,8380338000.0,0.0,,,,,27339000.0,1060857000.0,1.0,170225097.0,170225097.0,,49.231,13216212000.0,0.0,158158000.0,0.0,77.64,4354125000.0
46,HUM,MRQ,2009-12-31,2009-12-31,2009-12-31,2021-07-28,42135000.0,14153494000.0,,9252816000.0,4900678000.0,,34.01,-61865000.0,1613588000.0,1613588000.0,6035794000.0,250984000.0,1.759,1.45,2052630000.0,374464000.0,1678166000.0,2052630000.0,228817000.0,69420000.0,0.0,0.0,0.0,425335000.0,494755000.0,0.067,494755000.0,425335000.0,398940000.0,1.49,1.48,1.49,5776003000.0,,5776003000.0,7881749284.0,5.0,4.025,212644000.0,1.252,1.0,1379837000.0,0.186,1992924000.0,26395000.0,7339620000.0,,0.0,7497150000.0,6190062000.0,1307088000.0,8377491000.0,5259992000.0,3117499000.0,7453947284.0,161417000.0,436000.0,-2563000.0,175158000.0,0.0,275710000.0,-388802000.0,-390448000.0,274509000.0,0.0,250984000.0,250984000.0,250984000.0,0.0,0.0,0.034,954502000.0,425335000.0,5849758000.0,0.0,1.291,7.167,7.068,679142000.0,0.0,43.89,0.242,0.242,823620000.0,4429611000.0,7415631000.0,7415631000.0,0.0,,,,,17182000.0,898082000.0,1.0,169832474.0,169832474.0,,43.664,12160570000.0,0.0,147956000.0,0.0,71.603,3992824000.0
47,HUM,MRQ,2009-09-30,2009-09-30,2009-09-30,2021-07-28,83536000.0,14201787000.0,,9240828000.0,4960959000.0,,32.702,-39533000.0,1452006000.0,1452006000.0,6111351000.0,301519000.0,1.678,1.56,1879808000.0,199384000.0,1680424000.0,1879808000.0,219789000.0,62088000.0,0.0,0.0,0.0,495607000.0,557695000.0,0.072,557695000.0,495607000.0,469348000.0,1.8,1.78,1.8,5548203000.0,,5548203000.0,6579620698.0,4.0,3.633,900578000.0,5.308,1.0,1605468000.0,0.208,1992924000.0,26259000.0,7129427000.0,,0.0,7218704000.0,5899385000.0,1319319000.0,8653584000.0,5507238000.0,3146346000.0,6328222698.0,-133103000.0,-69000.0,1273000.0,45531000.0,0.0,-48093000.0,-1025121000.0,-1100753000.0,940111000.0,0.0,301519000.0,301519000.0,301519000.0,0.0,0.0,0.039,1109861000.0,495607000.0,6259969000.0,0.0,1.141,6.571,6.487,679010000.0,0.0,37.3,0.205,0.205,765039000.0,4178952000.0,7716819000.0,7716819000.0,0.0,,,,,15796000.0,1047773000.0,1.0,169657445.0,169657445.0,,45.485,12208863000.0,0.0,167829000.0,0.0,71.962,3733590000.0
48,HUM,MRQ,2009-06-30,2009-06-30,2009-06-30,2021-07-28,-86556000.0,13684389000.0,,8772364000.0,4912025000.0,,29.821,-43555000.0,1585109000.0,1585109000.0,6367545000.0,281780000.0,1.605,1.705,1836507000.0,153853000.0,1682654000.0,1836507000.0,244855000.0,60478000.0,0.0,0.0,0.0,466524000.0,527002000.0,0.067,527002000.0,466524000.0,439950000.0,1.68,1.67,1.68,5058278000.0,,5058278000.0,5753635908.0,4.0,3.57,118305000.0,0.697,1.0,1531344000.0,0.194,1992924000.0,26574000.0,6476261000.0,,0.0,5823620000.0,4583423000.0,1240197000.0,8626111000.0,5466602000.0,3159509000.0,5471919908.0,-326093000.0,0.0,55000.0,-354209000.0,0.0,-299674000.0,-188279000.0,-207132000.0,161860000.0,0.0,281780000.0,281780000.0,281780000.0,0.0,0.0,0.036,1064820000.0,466524000.0,6222211000.0,0.0,1.082,6.479,6.388,691414000.0,0.0,32.26,0.181,0.181,1265986000.0,3877433000.0,7898889000.0,7898889000.0,0.0,,,,,17346000.0,1004342000.0,1.0,169619340.0,169619340.0,,46.568,11691465000.0,0.0,158170000.0,0.0,68.928,3305762000.0
49,HUM,MRQ,2009-03-31,2009-03-31,2009-03-31,2021-07-28,-174924000.0,13606610000.0,,8882756000.0,4723854000.0,,27.659,-39047000.0,1911202000.0,1911202000.0,6269310000.0,205717000.0,1.618,1.913,2192918000.0,258062000.0,1934856000.0,2192918000.0,241462000.0,58014000.0,0.0,0.0,0.0,320534000.0,378548000.0,0.049,378548000.0,320534000.0,293762000.0,1.23,1.22,1.23,4670313000.0,,4670313000.0,4594889270.0,4.0,3.103,6473000.0,0.038,1.0,1442351000.0,0.187,1991220000.0,26772000.0,6407377000.0,,0.0,5520975000.0,4439005000.0,1081970000.0,8936297000.0,5489729000.0,3446568000.0,4403738270.0,-59221000.0,-12367000.0,-4765000.0,33520000.0,0.0,152057000.0,-256798000.0,-276667000.0,45520000.0,0.0,205717000.0,205717000.0,205717000.0,0.0,0.0,0.027,1121817000.0,320534000.0,6129895000.0,0.0,0.943,5.699,5.633,701376000.0,0.0,26.08,0.148,0.148,1025793000.0,3595653000.0,7711661000.0,7711661000.0,0.0,,,,,15676000.0,1063803000.0,1.0,168854995.0,168854995.0,,45.67,11615390000.0,0.0,88045000.0,0.0,68.789,3393027000.0
50,HUM,MRQ,2008-12-31,2008-12-31,2008-12-31,2021-07-28,-175243000.0,13041760000.0,,8396042000.0,4645718000.0,,26.419,-82021000.0,1970423000.0,1970423000.0,6041104000.0,174080000.0,1.62,1.926,2161574000.0,224542000.0,1937032000.0,2161574000.0,238098000.0,59808000.0,0.0,0.0,0.0,287781000.0,347589000.0,0.046,347589000.0,287781000.0,261046000.0,1.04,1.04,1.04,4457190000.0,,4457190000.0,6672567095.0,6.0,5.159,214552000.0,1.272,1.0,1446532000.0,0.193,1963111000.0,26735000.0,6085855000.0,,0.0,5215442000.0,4203538000.0,1011904000.0,8584570000.0,5183945000.0,3400625000.0,6289554095.0,427523000.0,-160568000.0,1617000.0,216828000.0,0.0,436962000.0,-306012000.0,-133586000.0,296573000.0,0.0,174080000.0,174080000.0,174080000.0,0.0,0.0,0.023,1158751000.0,287781000.0,5886063000.0,0.0,1.411,9.719,9.633,711492000.0,0.0,37.28,0.217,0.217,777672000.0,3389936000.0,7487636000.0,7487636000.0,0.0,,,,,13534000.0,1098943000.0,1.0,168711215.0,168711215.0,,44.381,11078649000.0,0.0,86966000.0,0.0,65.666,3212097000.0
51,HUM,MRQ,2008-09-30,2008-09-30,2008-09-30,2021-07-28,-172484000.0,12563870000.0,,8199987000.0,4363883000.0,,25.286,-67500000.0,1542900000.0,1542900000.0,5810613000.0,183008000.0,1.541,1.942,1925913000.0,257680000.0,1668233000.0,1925913000.0,220509000.0,56126000.0,0.0,0.0,0.0,302208000.0,358334000.0,0.05,358334000.0,302208000.0,282860000.0,1.1,1.09,1.1,4270532000.0,,4270532000.0,7716791341.0,7.0,5.624,509775000.0,3.018,1.0,1337557000.0,0.187,1823280000.0,19348000.0,5800665000.0,,0.0,4913014000.0,3982564000.0,930450000.0,8293338000.0,5322938000.0,2970400000.0,6958370341.0,368258000.0,3746000.0,-9547000.0,-41467000.0,0.0,-458515000.0,249498000.0,48457000.0,577275000.0,0.0,183008000.0,183008000.0,183008000.0,0.0,0.0,0.026,1035349000.0,302208000.0,5833421000.0,0.0,1.629,9.714,9.604,677882000.0,0.0,41.2,0.25,0.25,697497000.0,3215856000.0,7148170000.0,7148170000.0,0.0,,,,,14670000.0,979223000.0,1.0,168892484.0,168892484.0,,42.324,10740590000.0,0.0,99852000.0,0.0,63.594,2877049000.0
52,HUM,MRQ,2008-06-30,2008-06-30,2008-06-30,2021-07-28,-51125000.0,12939983000.0,,8460543000.0,4479440000.0,,24.843,-64958000.0,1174642000.0,1174642000.0,6038482000.0,209896000.0,1.467,2.078,1933063000.0,297965000.0,1635098000.0,1933063000.0,210770000.0,53458000.0,0.0,0.0,0.0,342881000.0,396339000.0,0.054,396339000.0,342881000.0,325014000.0,1.26,1.24,1.26,4203728000.0,,4203728000.0,6933867807.0,5.0,4.472,39065000.0,0.231,1.0,1312380000.0,0.179,1817460000.0,17867000.0,6115268000.0,,0.0,5184815000.0,4195562000.0,989253000.0,8736255000.0,5765676000.0,2970579000.0,6729573807.0,-513645000.0,-262255000.0,-13890000.0,75486000.0,0.0,-94482000.0,-523186000.0,-369572000.0,104023000.0,0.0,209896000.0,209896000.0,209896000.0,0.0,0.0,0.029,969499000.0,342881000.0,6237198000.0,0.0,1.601,8.053,7.954,655431000.0,0.0,39.77,0.25,0.25,987074000.0,3032848000.0,7350862000.0,7350862000.0,0.0,,,,,13249000.0,916041000.0,1.0,169212316.0,169212316.0,,43.442,11122523000.0,0.0,115118000.0,0.0,65.731,2694867000.0
53,HUM,MRQ,2008-03-31,2008-03-31,2008-03-31,2021-07-28,7312000.0,12762028000.0,,8610275000.0,4151753000.0,,23.814,-47087000.0,1688287000.0,1688287000.0,5818034000.0,80170000.0,1.502,2.149,1892581000.0,291246000.0,1601335000.0,1892581000.0,227492000.0,50958000.0,0.0,0.0,0.0,140267000.0,191225000.0,0.027,191225000.0,140267000.0,123928000.0,0.48,0.47,0.48,4052474000.0,,4052474000.0,7550574948.0,6.0,4.828,-42648000.0,-0.251,1.0,1141670000.0,0.164,1683604000.0,16339000.0,5548279000.0,,0.0,4917936000.0,3954830000.0,963106000.0,8709554000.0,5734439000.0,2975115000.0,7633978948.0,-352166000.0,-3838000.0,-73285000.0,-102980000.0,0.0,-437981000.0,81376000.0,-230823000.0,4439000.0,0.0,80170000.0,80170000.0,80170000.0,0.0,0.0,0.012,1001403000.0,140267000.0,6184420000.0,0.0,1.884,9.06,8.901,636935000.0,0.0,44.86,0.293,0.293,747806000.0,2822952000.0,6959704000.0,6959704000.0,0.0,,,,,13916000.0,950445000.0,1.0,170173405.0,170173405.0,,40.898,11078424000.0,0.0,43758000.0,0.0,65.101,2875836000.0
54,HUM,MRQ,2007-12-31,2007-12-31,2007-12-31,2021-07-28,14021000.0,12879074000.0,,8732846000.0,4146228000.0,,23.779,-72608000.0,2040453000.0,2040453000.0,4912251000.0,243219000.0,1.508,2.197,1957049000.0,269226000.0,1687823000.0,1957049000.0,219780000.0,48234000.0,0.0,0.0,0.0,377934000.0,426168000.0,0.067,426168000.0,377934000.0,358987000.0,1.45,1.43,1.45,4028937000.0,,4028937000.0,11720492697.0,9.0,7.596,-262440000.0,-1.549,1.0,1426544000.0,0.225,1663939000.0,18947000.0,5339880000.0,,0.0,4650367000.0,3635317000.0,1015050000.0,8850137000.0,5791851000.0,3058286000.0,12759948697.0,-545217000.0,-465987000.0,-410000.0,340870000.0,0.0,833927000.0,-1189312000.0,-144257000.0,-189832000.0,0.0,243219000.0,243219000.0,243219000.0,0.0,0.0,0.038,1048610000.0,377934000.0,6283531000.0,0.0,3.167,15.305,15.062,637241000.0,0.0,75.31,0.505,0.505,592761000.0,2742782000.0,6338795000.0,6338795000.0,0.0,,,,,11264000.0,1000376000.0,1.0,169432329.0,169432329.0,,37.412,11215135000.0,0.0,115768000.0,0.0,66.192,2940995000.0
55,HUM,MRQ,2007-09-30,2007-09-30,2007-09-30,2021-07-28,-11042000.0,12072506000.0,,9201824000.0,2870682000.0,,22.181,-29477000.0,2585670000.0,2585670000.0,4953862000.0,302378000.0,1.439,2.229,1546214000.0,253356000.0,1292858000.0,1546214000.0,177080000.0,42250000.0,0.0,0.0,0.0,494449000.0,536699000.0,0.085,536699000.0,494449000.0,478502000.0,1.81,1.78,1.81,3738877000.0,,3738877000.0,9537610153.0,8.0,6.749,-667130000.0,-3.958,1.0,1365722000.0,0.216,1330585000.0,15947000.0,3306607000.0,,0.0,3896069000.0,3475300000.0,420769000.0,8333629000.0,6395858000.0,1937771000.0,11779163153.0,-1135099000.0,-501000.0,11504000.0,38710000.0,0.0,-873828000.0,376382000.0,-109116000.0,-637653000.0,0.0,302378000.0,302378000.0,302378000.0,0.0,0.0,0.048,871273000.0,494449000.0,5965422000.0,0.0,3.15,15.801,15.598,570798000.0,0.0,69.88,0.479,0.479,685242000.0,2499563000.0,6319584000.0,6319584000.0,0.0,,,,,10604000.0,829023000.0,1.0,168562724.0,168562724.0,,37.491,10741921000.0,0.0,176124000.0,0.0,63.727,2805966000.0
56,HUM,MRQ,2007-06-30,2007-06-30,2007-06-30,2021-07-28,-38112000.0,13334965000.0,,10405926000.0,2929039000.0,,20.088,-43971000.0,3720769000.0,3720769000.0,5190418000.0,216846000.0,1.296,2.951,1479216000.0,289646000.0,1189570000.0,1479216000.0,1355017000.0,54264000.0,0.0,0.0,0.0,355656000.0,409920000.0,0.064,409920000.0,355656000.0,339590000.0,1.3,1.28,1.3,3375498000.0,,3375498000.0,8154980183.0,8.0,6.908,433295000.0,2.579,1.0,1236379000.0,0.192,1330585000.0,16066000.0,1733490000.0,,0.0,3724311000.0,3323536000.0,400775000.0,9959467000.0,8029337000.0,1930130000.0,10235133183.0,26710000.0,-224000.0,12775000.0,-104926000.0,0.0,141590000.0,-592146000.0,-251081000.0,477266000.0,0.0,216846000.0,216846000.0,216846000.0,0.0,0.0,0.034,880723000.0,355656000.0,6384674000.0,0.0,3.032,16.993,16.734,569412000.0,0.0,60.91,0.428,0.428,685479000.0,2197185000.0,6426797000.0,6426797000.0,0.0,,,,,10462000.0,826459000.0,1.0,168036992.0,168036992.0,,38.246,12004380000.0,0.0,122744000.0,0.0,71.439,2376589000.0
57,HUM,MRQ,2007-03-31,2007-03-31,2007-03-31,2021-07-28,-8378000.0,12706125000.0,,9870592000.0,2835533000.0,,18.951,-66674000.0,3694059000.0,3694059000.0,5214000000.0,71241000.0,1.311,3.022,1613906000.0,284572000.0,1329334000.0,1613906000.0,1330325000.0,40064000.0,0.0,0.0,0.0,130139000.0,170203000.0,0.027,170203000.0,130139000.0,112221000.0,0.43,0.42,0.43,3159527000.0,,3159527000.0,9495532127.0,12.0,9.845,1507807000.0,9.044,1.0,990813000.0,0.16,1331418000.0,17918000.0,1766783000.0,,0.0,3535058000.0,3154920000.0,380138000.0,9546598000.0,7527771000.0,2018827000.0,9673131127.0,1953755000.0,-26781000.0,10357000.0,50967000.0,0.0,819589000.0,-440315000.0,74345000.0,1574481000.0,0.0,71241000.0,71241000.0,71241000.0,0.0,0.0,0.011,860674000.0,130139000.0,5912874000.0,0.0,3.062,20.367,20.076,571405000.0,0.0,58.02,0.422,0.422,826314000.0,1980339000.0,6204813000.0,6204813000.0,0.0,,,,,9802000.0,820610000.0,1.0,166720633.0,166720633.0,,37.217,11374707000.0,0.0,40980000.0,0.0,68.226,2342821000.0
58,HUM,MRQ,2006-12-31,2006-12-31,2006-12-31,2021-07-28,-13205000.0,10098486000.0,,7303963000.0,2794523000.0,,18.372,-56378000.0,1740304000.0,1740304000.0,4541775000.0,155021000.0,1.428,2.307,1562705000.0,293605000.0,1269100000.0,1562705000.0,155298000.0,39419000.0,0.0,0.0,0.0,256987000.0,296406000.0,0.052,296406000.0,256987000.0,241181000.0,0.94,0.92,0.94,3053886000.0,,3053886000.0,9264250012.0,11.0,9.513,478523000.0,2.879,1.0,1113444000.0,0.197,1310631000.0,15806000.0,3496298000.0,,0.0,3607150000.0,3192273000.0,414877000.0,7044600000.0,5113958000.0,1930642000.0,9194096012.0,559070000.0,-1700000.0,-4448000.0,312177000.0,0.0,-152811000.0,176980000.0,-54277000.0,534901000.0,0.0,155021000.0,155021000.0,155021000.0,0.0,0.0,0.027,856457000.0,256987000.0,4985628000.0,0.0,3.011,18.863,18.623,545004000.0,0.0,55.31,0.429,0.429,667657000.0,1909098000.0,5655219000.0,5655219000.0,0.0,,,,,8157000.0,817038000.0,1.0,166228458.0,166228458.0,,34.021,8787855000.0,0.0,86160000.0,0.0,52.866,2190005000.0
59,HUM,MRQ,2006-09-30,2006-09-30,2006-09-30,2021-07-28,-6574000.0,9957165000.0,,7153005000.0,2804160000.0,,17.523,-47333000.0,1181234000.0,1181234000.0,4616002000.0,159198000.0,1.316,2.442,1251388000.0,281244000.0,970144000.0,1251388000.0,146320000.0,37677000.0,0.0,0.0,0.0,266383000.0,304060000.0,0.054,304060000.0,266383000.0,249374000.0,0.97,0.95,0.97,2892463000.0,,2892463000.0,10006794366.0,15.0,12.261,-438350000.0,-2.656,1.0,1033782000.0,0.183,1307231000.0,17009000.0,3283265000.0,,0.0,3650992000.0,3242711000.0,408281000.0,7064702000.0,5436823000.0,1627879000.0,10909094366.0,-1077230000.0,-431000.0,10970000.0,-142551000.0,0.0,310380000.0,-996593000.0,-272353000.0,-391017000.0,0.0,159198000.0,159198000.0,159198000.0,0.0,0.0,0.028,767399000.0,266383000.0,5009259000.0,0.0,3.772,27.676,27.423,518930000.0,0.0,66.09,0.562,0.562,729949000.0,1754077000.0,5649784000.0,5649784000.0,0.0,,,,,9350000.0,729722000.0,1.0,165064221.0,165064221.0,,34.228,8649934000.0,0.0,90176000.0,0.0,52.403,1716182000.0
60,HUM,MRQ,2006-06-30,2006-06-30,2006-06-30,2021-07-28,-43352000.0,9836600000.0,,7059026000.0,2777574000.0,,16.148,-36694000.0,2258464000.0,2258464000.0,4479501000.0,89489000.0,1.273,2.7,1356164000.0,571765000.0,784399000.0,1356164000.0,1170278000.0,36596000.0,0.0,0.0,0.0,157209000.0,193805000.0,0.036,193805000.0,157209000.0,140322000.0,0.55,0.53,0.55,2658795000.0,,2658795000.0,8175250206.0,17.0,13.122,498161000.0,3.026,1.0,927668000.0,0.172,1307650000.0,16887000.0,2083196000.0,,0.0,3385802000.0,2998440000.0,387362000.0,7177805000.0,5543454000.0,1634351000.0,8841612206.0,415059000.0,-25818000.0,366000.0,190957000.0,0.0,274989000.0,-394785000.0,-341746000.0,534855000.0,0.0,89489000.0,89489000.0,89489000.0,0.0,0.0,0.017,770459000.0,157209000.0,3801411000.0,0.0,3.325,31.377,31.04,505721000.0,0.0,53.7,0.502,0.502,767610000.0,1594879000.0,5407169000.0,5407169000.0,0.0,,,,,8471000.0,733863000.0,1.0,164648272.0,164648272.0,,32.841,8528950000.0,0.0,50833000.0,0.0,51.801,1515572000.0
61,HUM,MRQ,2006-03-31,2006-03-31,2006-03-31,2021-07-28,-28408000.0,8698020000.0,,6019326000.0,2678694000.0,,15.706,-43123000.0,1843405000.0,1843405000.0,3783926000.0,83715000.0,1.257,2.387,1177043000.0,575818000.0,601225000.0,1177043000.0,920678000.0,34906000.0,0.0,0.0,0.0,144647000.0,179553000.0,0.038,179553000.0,144647000.0,131208000.0,0.51,0.5,0.51,2567759000.0,,2567759000.0,8970566793.0,19.0,15.047,964850000.0,5.902,1.0,920439000.0,0.196,1265176000.0,13439000.0,1978944000.0,,0.0,2997592000.0,2623009000.0,374583000.0,6130261000.0,4787538000.0,1342723000.0,8607533793.0,1111389000.0,-113000.0,15636000.0,95582000.0,0.0,543084000.0,-439668000.0,-193720000.0,1007973000.0,0.0,83715000.0,83715000.0,83715000.0,0.0,0.0,0.018,775792000.0,144647000.0,3291042000.0,0.0,3.352,31.448,31.339,498267000.0,0.0,52.65,0.547,0.547,763061000.0,1505390000.0,4704365000.0,4704365000.0,0.0,,,,,6580000.0,740886000.0,1.0,163485922.0,163485922.0,,28.775,7432844000.0,0.0,47493000.0,0.0,45.465,1231788000.0
62,HUM,MRQ,2005-12-31,2005-12-31,2005-12-31,2021-07-28,24832000.0,6869614000.0,,4206186000.0,2663428000.0,,15.412,-51679000.0,732016000.0,732016000.0,2914831000.0,61776000.0,1.306,1.738,1095049000.0,581259000.0,513790000.0,1095049000.0,120489000.0,33727000.0,0.0,0.0,0.0,105003000.0,138730000.0,0.038,138730000.0,105003000.0,94674000.0,0.38,0.37,0.38,2508874000.0,,2508874000.0,8743395784.0,20.0,15.311,-302463000.0,-1.858,1.0,748249000.0,0.204,1264575000.0,10329000.0,2748482000.0,,0.0,2745939000.0,2354904000.0,391035000.0,4360740000.0,3219590000.0,1141150000.0,8844322784.0,-246920000.0,-50028000.0,7598000.0,221572000.0,0.0,163514000.0,-159650000.0,-127886000.0,-250784000.0,0.0,61776000.0,61776000.0,61776000.0,0.0,0.0,0.017,643246000.0,105003000.0,2517842000.0,0.0,3.525,29.806,29.689,484412000.0,0.0,54.33,0.613,0.613,723190000.0,1421675000.0,3663080000.0,3663080000.0,0.0,,,,,7716000.0,609519000.0,1.0,162788934.0,162788934.0,,22.502,5605039000.0,0.0,32898000.0,0.0,34.431,986596000.0
63,HUM,MRQ,2005-09-30,2005-09-30,2005-09-30,2021-07-28,-3504000.0,6832421000.0,,4283136000.0,2549285000.0,,14.567,-42481000.0,978936000.0,978936000.0,3094397000.0,46807000.0,1.21,1.888,878009000.0,560799000.0,317210000.0,878009000.0,533908000.0,34119000.0,0.0,0.0,0.0,76819000.0,110938000.0,0.029,110938000.0,76819000.0,66678000.0,0.29,0.28,0.29,2365970000.0,,2365970000.0,8233731968.0,21.0,15.87,543525000.0,3.346,1.0,727064000.0,0.19,1220461000.0,10141000.0,1972109000.0,,0.0,2594058000.0,2228424000.0,365634000.0,4466451000.0,3538924000.0,927527000.0,7776640968.0,375146000.0,-90000.0,8007000.0,-168060000.0,0.0,-114465000.0,-96395000.0,-13269000.0,586006000.0,0.0,46807000.0,46807000.0,46807000.0,0.0,0.0,0.012,650245000.0,76819000.0,2444217000.0,0.0,3.287,28.589,28.5,457078000.0,0.0,47.88,0.557,0.557,695344000.0,1473699000.0,3821461000.0,3821461000.0,0.0,,,,,8067000.0,616126000.0,1.0,162419402.0,162419402.0,,23.528,5611960000.0,0.0,19871000.0,0.0,34.552,744212000.0
64,HUM,MRQ,2005-06-30,2005-06-30,2005-06-30,2021-07-28,13115000.0,6277907000.0,,3743070000.0,2534837000.0,,14.312,-31004000.0,603790000.0,603790000.0,2888509000.0,81412000.0,1.532,1.71,1060881000.0,182493000.0,878388000.0,1060881000.0,121148000.0,31763000.0,0.0,0.0,0.0,135170000.0,166933000.0,0.047,166933000.0,135170000.0,124848000.0,0.5,0.49,0.5,2316188000.0,,2316188000.0,6949239239.0,16.0,12.126,148283000.0,0.916,1.0,657852000.0,0.186,1221663000.0,10322000.0,3069832000.0,,0.0,2576341000.0,2217698000.0,358643000.0,3961719000.0,2443503000.0,1518216000.0,6431491239.0,43526000.0,-4627000.0,6506000.0,-35248000.0,0.0,-75852000.0,-59909000.0,-73958000.0,179287000.0,0.0,81412000.0,81412000.0,81412000.0,0.0,0.0,0.023,522682000.0,135170000.0,2139862000.0,0.0,2.777,20.78,20.698,437393000.0,0.0,39.74,0.483,0.483,588706000.0,1423755000.0,3546361000.0,3546361000.0,0.0,,,,,7646000.0,490919000.0,1.0,161839236.0,161839236.0,,21.913,5056244000.0,0.0,43436000.0,0.0,31.242,1299567000.0
65,HUM,MRQ,2005-03-31,2005-03-31,2005-03-31,2021-07-28,-5648000.0,6149593000.0,,3638451000.0,2511142000.0,,13.679,-36185000.0,560264000.0,560264000.0,2753733000.0,106735000.0,1.513,1.796,1078012000.0,192741000.0,885271000.0,1078012000.0,143683000.0,29249000.0,0.0,0.0,0.0,125203000.0,154452000.0,0.046,154452000.0,125203000.0,116680000.0,0.66,0.65,0.66,2199805000.0,,2199805000.0,5385133684.0,12.0,9.599,59388000.0,0.369,1.0,633492000.0,0.187,1244370000.0,8523000.0,3018321000.0,,0.0,2482533000.0,2136841000.0,345692000.0,3949788000.0,2404650000.0,1545138000.0,5136456684.0,-19815000.0,-348099000.0,13760000.0,269681000.0,0.0,335934000.0,-451322000.0,-18200000.0,95573000.0,0.0,106735000.0,106735000.0,106735000.0,0.0,0.0,0.032,508289000.0,125203000.0,2068226000.0,0.0,2.335,16.631,16.635,428890000.0,0.0,31.94,0.389,0.389,568184000.0,1339618000.0,3387225000.0,3387225000.0,0.0,,,,,6724000.0,479040000.0,1.0,160815801.0,160815801.0,,21.063,4905223000.0,0.0,9945000.0,0.0,30.502,1233801000.0
66,HUM,MRQ,2004-12-31,2004-12-31,2004-12-31,2021-07-28,16526000.0,5657617000.0,,3596137000.0,2061480000.0,,13.112,-39677000.0,580079000.0,580079000.0,2645480000.0,37061000.0,1.546,1.707,828756000.0,192060000.0,636696000.0,828756000.0,146326000.0,33077000.0,0.0,0.0,0.0,53427000.0,86504000.0,0.027,86504000.0,53427000.0,46779000.0,0.23,0.23,0.23,2090124000.0,,2090124000.0,5104743712.0,12.0,9.447,-23940000.0,-0.15,1.0,564145000.0,0.176,885572000.0,6648000.0,2694154000.0,,0.0,2494110000.0,2145645000.0,348465000.0,3567493000.0,2326568000.0,1240925000.0,4732815712.0,204989000.0,-25838000.0,13683000.0,74000000.0,0.0,86929000.0,102323000.0,163336000.0,15737000.0,0.0,37061000.0,37061000.0,37061000.0,0.0,0.0,0.012,510718000.0,53427000.0,1988182000.0,0.0,2.264,17.532,17.673,399506000.0,0.0,29.69,0.361,0.361,554661000.0,1229823000.0,3209625000.0,3209625000.0,0.0,,,,,20492000.0,477641000.0,1.0,159407737.0,159407737.0,,20.135,4772045000.0,0.0,9718000.0,0.0,29.936,1269569000.0
67,HUM,MRQ,2004-09-30,2004-09-30,2004-09-30,2021-07-28,13797000.0,5411610000.0,,3405722000.0,2005888000.0,,12.686,-24610000.0,375090000.0,375090000.0,2550911000.0,84303000.0,1.555,1.676,747018000.0,116106000.0,630912000.0,747018000.0,132659000.0,31238000.0,0.0,0.0,0.0,133953000.0,165191000.0,0.052,165191000.0,133953000.0,127473000.0,0.53,0.52,0.53,2021995000.0,,2021995000.0,3776664810.0,8.0,6.456,278859000.0,1.75,1.0,625362000.0,0.197,859734000.0,6480000.0,2734012000.0,,0.0,2666318000.0,2332522000.0,333796000.0,3389615000.0,2189792000.0,1199823000.0,3184561810.0,171454000.0,-47237000.0,-11744000.0,-55956000.0,0.0,-46173000.0,-85842000.0,7532000.0,303469000.0,0.0,84303000.0,84303000.0,84303000.0,0.0,0.0,0.027,491409000.0,133953000.0,1941027000.0,0.0,1.575,10.644,10.742,390735000.0,0.0,19.98,0.244,0.244,405067000.0,1182697000.0,3176273000.0,3176273000.0,0.0,,,,,0.0,460171000.0,1.0,159387478.0,159387478.0,,19.928,4551876000.0,0.0,43170000.0,0.0,28.559,1215930000.0
68,HUM,MRQ,2004-06-30,2004-06-30,2004-06-30,2021-07-28,-16756000.0,5342909000.0,,3403923000.0,1938986000.0,,11.85,-15971000.0,203636000.0,203636000.0,2789740000.0,80753000.0,1.523,1.792,795739000.0,172062000.0,623677000.0,795739000.0,109066000.0,27165000.0,0.0,0.0,0.0,127678000.0,154843000.0,0.045,154843000.0,127678000.0,122353000.0,0.5,0.5,0.5,1913383000.0,,1913383000.0,3168591567.0,7.0,5.813,48939000.0,0.303,1.0,641738000.0,0.187,813399000.0,5325000.0,2886282000.0,,0.0,2645949000.0,2322282000.0,323667000.0,3429526000.0,2235331000.0,1194195000.0,2728904567.0,-214011000.0,-68735000.0,-35214000.0,-38375000.0,0.0,-114487000.0,-164434000.0,-120626000.0,64910000.0,0.0,80753000.0,80753000.0,80753000.0,0.0,0.0,0.024,514060000.0,127678000.0,1954203000.0,0.0,1.426,9.851,9.826,392956000.0,0.0,16.9,0.21,0.21,528078000.0,1098394000.0,3431478000.0,3431478000.0,0.0,,,,,0.0,486895000.0,1.0,161473643.0,161473643.0,,21.251,4529510000.0,0.0,41600000.0,0.0,28.051,1168592000.0
69,HUM,MRQ,2004-03-31,2004-03-31,2004-03-31,2021-07-28,24641000.0,5275745000.0,,3368820000.0,1906925000.0,,11.776,-3347000.0,417647000.0,417647000.0,2683516000.0,67830000.0,1.559,1.764,857334000.0,210437000.0,646897000.0,857334000.0,131372000.0,26312000.0,0.0,0.0,0.0,107492000.0,133804000.0,0.041,133804000.0,107492000.0,102773000.0,0.42,0.41,0.42,1908946000.0,,1908946000.0,3013604071.0,7.0,5.722,-43402000.0,-0.268,1.0,603433000.0,0.184,776874000.0,4719000.0,2777397000.0,,0.0,2427193000.0,2115784000.0,311409000.0,3366799000.0,2161161000.0,1205638000.0,3083316071.0,-513757000.0,0.0,-4179000.0,-8617000.0,0.0,2426000.0,-476128000.0,-457559000.0,-40055000.0,0.0,67830000.0,67830000.0,67830000.0,0.0,0.0,0.021,495941000.0,107492000.0,1819352000.0,0.0,1.615,11.612,11.458,397212000.0,0.0,19.02,0.245,0.245,511931000.0,1017641000.0,3286949000.0,3286949000.0,0.0,,,,,0.0,469629000.0,1.0,162109152.0,162109152.0,,20.276,4498871000.0,0.0,34943000.0,0.0,27.752,1207659000.0
70,HUM,MRQ,2003-12-31,2003-12-31,2003-12-31,2021-07-28,16909000.0,5379814000.0,,3407822000.0,1971992000.0,,11.397,-27589000.0,931404000.0,931404000.0,2534887000.0,66309000.0,1.449,1.93,861692000.0,219054000.0,642638000.0,861692000.0,333071000.0,26547000.0,0.0,0.0,0.0,104606000.0,131153000.0,0.042,131153000.0,104606000.0,99712000.0,0.41,0.4,0.41,1835949000.0,,1835949000.0,3908365130.0,11.0,7.995,262631000.0,1.63,1.0,617985000.0,0.196,776874000.0,4894000.0,2182116000.0,,0.0,1995809000.0,1676642000.0,319167000.0,3543865000.0,2351112000.0,1192753000.0,3681011130.0,295567000.0,0.0,13554000.0,-3028000.0,0.0,20200000.0,-14853000.0,22410000.0,290220000.0,0.0,66309000.0,66309000.0,66309000.0,0.0,0.0,0.021,513379000.0,104606000.0,1798987000.0,0.0,2.005,16.079,15.868,416472000.0,0.0,22.85,0.301,0.301,452404000.0,949811000.0,3152872000.0,3152872000.0,0.0,,,,,6337000.0,486832000.0,1.0,161094579.0,161094579.0,,19.572,4602940000.0,0.0,33403000.0,0.0,28.573,1056710000.0
71,HUM,MRQ,2003-09-30,2003-09-30,2003-09-30,2021-07-28,20086000.0,4749724000.0,,3079711000.0,1670013000.0,,10.89,-20020000.0,635837000.0,635837000.0,2528123000.0,62119000.0,1.493,1.7,863191000.0,218751000.0,644440000.0,863191000.0,108161000.0,27112000.0,0.0,0.0,0.0,98149000.0,125261000.0,0.04,125261000.0,98149000.0,93412000.0,0.39,0.38,0.39,1759124000.0,,1759124000.0,3066996929.0,12.0,7.869,49634000.0,0.307,1.0,583642000.0,0.188,776874000.0,4737000.0,2137800000.0,,0.0,2002866000.0,1682402000.0,320464000.0,2990600000.0,2062404000.0,928196000.0,2915741929.0,-119105000.0,0.0,-15782000.0,173354000.0,0.0,157572000.0,-346331000.0,-326311000.0,69654000.0,0.0,62119000.0,62119000.0,62119000.0,0.0,0.0,0.02,485493000.0,98149000.0,1735492000.0,0.0,1.657,18.119,17.696,413402000.0,0.0,18.05,0.244,0.244,461684000.0,883502000.0,3111765000.0,3111765000.0,0.0,,,,,0.0,458381000.0,1.0,161536949.0,161536949.0,,19.263,3972850000.0,0.0,31293000.0,0.0,24.594,1017307000.0
72,HUM,MRQ,2003-06-30,2003-06-30,2003-06-30,2021-07-28,,,,,,,,-20843000.0,,,2444977000.0,69276000.0,,,,,,,,28453000.0,,0.0,0.0,107991000.0,136444000.0,0.045,136444000.0,107991000.0,104190000.0,0.44,0.43,0.44,,,,2590462930.0,11.0,6.888,140653000.0,0.871,1.0,584981000.0,0.193,,3801000.0,,,,,,,,,,2439207930.0,222290000.0,0.0,6228000.0,-5043000.0,0.0,32741000.0,28053000.0,48896000.0,161496000.0,0.0,69276000.0,69276000.0,69276000.0,0.0,0.0,0.023,476990000.0,107991000.0,,0.0,,16.14,15.895,,0.0,15.1,0.209,0.209,,,3029958000.0,3029958000.0,0.0,,,,,0.0,448537000.0,1.0,161536949.0,161536949.0,,18.757,,,34914000.0,,,
73,HUM,MRQ,2003-03-31,2003-03-31,2003-03-31,2021-07-28,23257000.0,4429187000.0,,2731187000.0,1698000000.0,,10.082,-21634000.0,532652000.0,532652000.0,2371434000.0,31230000.0,1.238,1.733,683907000.0,349579000.0,334328000.0,683907000.0,117604000.0,44667000.0,0.0,0.0,0.0,51337000.0,96004000.0,0.033,96004000.0,51337000.0,47402000.0,0.2,0.19,0.2,1620779000.0,,1620779000.0,1521804531.0,7.0,4.464,-129864000.0,-0.808,1.0,560282000.0,0.191,776874000.0,3935000.0,1597619000.0,,0.0,1723873000.0,1411356000.0,312517000.0,2808408000.0,2205949000.0,602459000.0,1543366531.0,-188705000.0,0.0,-20466000.0,-10303000.0,0.0,-30769000.0,-49706000.0,-28072000.0,-108230000.0,0.0,31230000.0,31230000.0,31230000.0,0.0,0.0,0.011,508945000.0,51337000.0,1738766000.0,0.0,0.952,12.132,12.152,423465000.0,0.0,9.6,0.135,0.135,472972000.0,752107000.0,2931716000.0,2931716000.0,0.0,,,,,0.0,464278000.0,1.0,160767347.0,160767347.0,,18.236,3652313000.0,0.0,16172000.0,0.0,22.718,525238000.0
74,HUM,MRQ,2002-12-31,2002-12-31,2002-12-31,2021-07-28,22455000.0,4879937000.0,,2756733000.0,2123204000.0,,9.721,-26706000.0,721357000.0,721357000.0,2326448000.0,-1705000.0,1.153,2.038,699795000.0,359882000.0,339913000.0,699795000.0,335757000.0,30174000.0,0.0,0.0,0.0,1857000.0,32031000.0,0.011,32031000.0,1857000.0,-2507000.0,-0.01,-0.01,-0.01,1606474000.0,,1606474000.0,1980268300.0,9.0,5.692,396004000.0,2.396,1.0,528584000.0,0.185,776874000.0,4364000.0,1691042000.0,,0.0,1694557000.0,1395068000.0,299489000.0,3273463000.0,2390459000.0,883004000.0,1652541300.0,345621000.0,-1109000.0,-40451000.0,-11069000.0,0.0,17933000.0,-95022000.0,9610000.0,422710000.0,0.0,-1705000.0,-1705000.0,-1705000.0,0.0,0.0,-0.001,526727000.0,1857000.0,1694820000.0,0.0,1.029,11.576,11.494,459842000.0,0.0,10.0,0.147,0.147,321135000.0,720877000.0,2855032000.0,2855032000.0,0.0,,,,,9490000.0,496553000.0,1.0,165254130.0,165254130.0,,17.277,4103063000.0,0.0,-802000.0,0.0,24.829,366274000.0
75,HUM,MRQ,2002-09-30,2002-09-30,2002-09-30,2021-07-28,35819000.0,4379330000.0,,2584503000.0,1794827000.0,,9.837,-26851000.0,375736000.0,375736000.0,2301021000.0,52331000.0,1.231,1.626,703463000.0,369402000.0,334061000.0,703463000.0,89977000.0,30523000.0,0.0,0.0,0.0,81064000.0,111587000.0,0.039,111587000.0,81064000.0,76957000.0,0.32,0.31,0.32,1667444000.0,,1667444000.0,2372759830.0,8.0,5.677,55762000.0,0.329,1.0,540606000.0,0.19,776874000.0,4107000.0,1830488000.0,,0.0,1737870000.0,1420524000.0,317346000.0,2711886000.0,2099695000.0,612191000.0,2101814830.0,-74964000.0,0.0,-25439000.0,-28318000.0,0.0,-53936000.0,-103641000.0,-76790000.0,82613000.0,0.0,52331000.0,52331000.0,52331000.0,0.0,0.0,0.018,459542000.0,81064000.0,1640316000.0,0.0,1.261,11.705,11.376,462453000.0,0.0,12.4,0.191,0.191,489518000.0,722583000.0,2841627000.0,2841627000.0,0.0,,,,,0.0,429019000.0,1.0,169501196.0,169501196.0,,16.765,3602456000.0,50838000.0,24626000.0,0.0,21.253,484808000.0
76,HUM,MRQ,2002-06-30,2002-06-30,2002-06-30,2021-07-28,18635000.0,4361503000.0,,2579877000.0,1781626000.0,,9.58,-24365000.0,450700000.0,450700000.0,2316188000.0,45359000.0,1.201,1.69,721645000.0,398279000.0,323366000.0,721645000.0,82962000.0,30237000.0,0.0,0.0,0.0,71082000.0,101319000.0,0.036,101319000.0,71082000.0,66705000.0,0.28,0.27,0.28,1621138000.0,,1621138000.0,2892512507.0,11.0,7.211,-68143000.0,-0.403,1.0,515752000.0,0.182,776874000.0,4377000.0,1707522000.0,,0.0,1639568000.0,1337776000.0,301792000.0,2740365000.0,2148052000.0,592313000.0,2645009507.0,-35182000.0,0.0,0.0,-28151000.0,0.0,-21634000.0,30230000.0,54595000.0,-43778000.0,0.0,45359000.0,45359000.0,45359000.0,0.0,0.0,0.016,444670000.0,71082000.0,1666811000.0,0.0,1.632,16.787,16.453,462786000.0,0.0,15.63,0.245,0.245,454855000.0,670252000.0,2831940000.0,2831940000.0,0.0,,,,,0.0,414433000.0,1.0,169226456.0,169226456.0,,16.735,3584629000.0,73359000.0,21346000.0,0.0,21.182,431825000.0
77,HUM,MRQ,2002-03-31,2002-03-31,2002-03-31,2021-07-28,3303000.0,4303907000.0,,2541654000.0,1762253000.0,,9.177,-31256000.0,485882000.0,485882000.0,2194539000.0,46770000.0,1.174,1.777,733385000.0,426430000.0,306955000.0,733385000.0,87282000.0,29796000.0,0.0,0.0,0.0,73183000.0,102979000.0,0.038,102979000.0,73183000.0,68779000.0,0.28,0.28,0.28,1549652000.0,,1549652000.0,2364591788.0,10.0,6.145,-171393000.0,-1.015,1.0,538043000.0,0.197,776874000.0,4404000.0,1610412000.0,,0.0,1690179000.0,1409047000.0,281132000.0,2754255000.0,2164124000.0,590131000.0,2284765788.0,-165538000.0,0.0,0.0,10673000.0,0.0,11140000.0,-36541000.0,-5285000.0,-140137000.0,0.0,46770000.0,46770000.0,46770000.0,0.0,0.0,0.017,464860000.0,73183000.0,1650412000.0,0.0,1.474,16.642,16.5,467954000.0,0.0,13.53,0.218,0.218,325611000.0,624893000.0,2732582000.0,2732582000.0,0.0,,,,,0.0,435064000.0,1.0,168866651.0,168866651.0,,16.182,3527033000.0,93223000.0,22009000.0,0.0,20.886,377530000.0
78,HUM,MRQ,2001-12-31,2001-12-31,2001-12-31,2021-07-28,11670000.0,4403638000.0,,2622938000.0,1780700000.0,,8.939,-32798000.0,651420000.0,651420000.0,2108187000.0,35108000.0,1.137,1.92,731246000.0,415757000.0,315489000.0,731246000.0,325040000.0,42370000.0,0.0,0.0,0.0,59690000.0,102060000.0,0.039,102060000.0,59690000.0,54856000.0,0.21,0.21,0.21,1507949000.0,,1507949000.0,2126933279.0,10.0,5.75,56322000.0,0.334,1.0,514529000.0,0.196,776874000.0,4834000.0,1399411000.0,,0.0,1675719000.0,1389596000.0,286123000.0,2895689000.0,2307179000.0,588510000.0,1988933279.0,59587000.0,3761000.0,471000.0,948000.0,0.0,1793000.0,-31326000.0,-2289000.0,89120000.0,0.0,35108000.0,35108000.0,35108000.0,0.0,0.0,0.013,454839000.0,59690000.0,1566382000.0,0.0,1.319,16.975,16.606,461761000.0,0.0,11.79,0.195,0.195,299601000.0,578122000.0,2622716000.0,2622716000.0,0.0,,,,,10050000.0,412469000.0,1.0,168696631.0,168696631.0,,15.547,3626764000.0,0.0,19748000.0,0.0,21.499,315759000.0
79,HUM,MRQ,2001-09-30,2001-09-30,2001-09-30,2021-07-28,6000000.0,4174000000.0,,2451000000.0,1723000000.0,,8.664,-28420000.0,592000000.0,592000000.0,2117283000.0,30330000.0,1.091,1.851,730000000.0,412000000.0,318000000.0,730000000.0,283000000.0,41456000.0,0.0,0.0,0.0,53336000.0,94792000.0,0.036,94792000.0,53336000.0,47391000.0,0.18,0.18,0.18,1464000000.0,,1464000000.0,2181865394.0,12.0,6.306,58230000.0,0.345,1.0,493591000.0,0.189,793000000.0,5945000.0,1272000000.0,,0.0,1666000000.0,1392000000.0,274000000.0,2710000000.0,2247000000.0,463000000.0,2037865394.0,-10907000.0,300000.0,-1867000.0,-34343000.0,0.0,-36441000.0,-61116000.0,-32996000.0,86650000.0,0.0,30330000.0,30330000.0,30330000.0,0.0,0.0,0.012,440255000.0,53336000.0,1552000000.0,0.0,1.392,18.676,18.554,453000000.0,0.0,12.06,0.201,0.201,282000000.0,543000000.0,2610874000.0,2610874000.0,0.0,,,,,0.0,398799000.0,1.0,168977230.0,168977230.0,,15.451,3381000000.0,0.0,17061000.0,0.0,20.009,204000000.0
80,HUM,MRQ,2001-06-30,2001-06-30,2001-06-30,2021-07-28,-5000000.0,4160000000.0,,2459000000.0,1701000000.0,,8.403,-26044000.0,603000000.0,603000000.0,2047245000.0,25082000.0,0.948,1.93,747000000.0,747000000.0,0.0,747000000.0,313000000.0,38929000.0,0.0,0.0,0.0,46036000.0,84965000.0,0.034,84965000.0,46036000.0,39191000.0,0.15,0.15,0.15,1420000000.0,,1420000000.0,,,,16330000.0,0.097,1.0,450053000.0,0.18,807000000.0,6845000.0,904000000.0,,0.0,1621000000.0,1380000000.0,241000000.0,2740000000.0,2593000000.0,147000000.0,1664425716.0,32399000.0,-31180000.0,0.0,29482000.0,0.0,29207000.0,-39182000.0,18042000.0,42374000.0,0.0,25082000.0,25082000.0,25082000.0,0.0,0.0,0.01,404017000.0,46036000.0,1533000000.0,0.0,1.172,16.352,16.148,449000000.0,0.0,9.85,0.164,0.164,269000000.0,513000000.0,2497298000.0,2497298000.0,0.0,,,,,0.0,365088000.0,1.0,168977230.0,168977230.0,,14.779,3353000000.0,0.0,14109000.0,0.0,19.843,-134000000.0
81,HUM,MRQ,2001-03-31,2001-03-31,2001-03-31,2021-07-28,,,,,,,,-27709000.0,,,2007129000.0,26651000.0,,,,,,,,38776000.0,,0.0,0.0,49320000.0,88096000.0,0.036,88096000.0,49320000.0,41642000.0,0.16,0.16,0.16,,,,,,,-96895000.0,,1.0,456869000.0,0.185,,7678000.0,,,,,,,,,,,-87221000.0,-770000.0,0.0,-30984000.0,0.0,-30852000.0,12817000.0,41296000.0,-69186000.0,0.0,26651000.0,26651000.0,26651000.0,0.0,0.0,0.011,407549000.0,49320000.0,,0.0,,,18.386,,0.0,10.48,,,,,2463998000.0,2463998000.0,0.0,,,,,0.0,368773000.0,1.0,,,,,,,14991000.0,,,
82,HUM,MRQ,2000-12-31,2000-12-31,2000-12-31,2021-07-28,-8509000.0,4306978000.0,,2534066000.0,1772912000.0,,,-28904000.0,657562000.0,657562000.0,2117998000.0,27052000.0,0.942,2.166,748515000.0,748515000.0,0.0,748515000.0,333305000.0,37548000.0,0.0,0.0,0.0,40605000.0,78153000.0,0.03,78153000.0,40605000.0,33990000.0,0.16,0.16,0.16,1360421000.0,,1360421000.0,,,,250500000.0,,1.0,458952000.0,0.178,789541000.0,6615000.0,916987000.0,,0.0,1648586000.0,1408522000.0,240064000.0,2946557000.0,2691403000.0,255154000.0,,293275000.0,-4393000.0,-432000.0,10121000.0,0.0,7896000.0,5975000.0,39272000.0,279404000.0,0.0,27052000.0,27052000.0,27052000.0,0.0,0.0,0.01,418347000.0,40605000.0,1609583000.0,0.0,,,28.241,434620000.0,0.0,15.25,,,205260000.0,460951000.0,2576950000.0,2576950000.0,0.0,,,,,7069000.0,380799000.0,1.0,,,,,3517437000.0,169972000.0,6938000.0,0.0,,-157337000.0
83,HUM,MRQ,2000-09-30,2000-09-30,2000-09-30,2021-07-28,,,,,,,,-26000000.0,,,2179000000.0,23000000.0,,,,,,,,38000000.0,,0.0,0.0,36000000.0,74000000.0,0.028,74000000.0,36000000.0,29000000.0,0.14,0.14,0.14,,,,,,,-247000000.0,,1.0,456000000.0,0.173,,7000000.0,,,,,,,,,,,-425000000.0,-29000000.0,-26000000.0,-42000000.0,0.0,-68000000.0,-136000000.0,-81000000.0,-221000000.0,0.0,23000000.0,23000000.0,23000000.0,0.0,0.0,0.009,420000000.0,36000000.0,,0.0,,,,,0.0,10.75,,,,,2635000000.0,2635000000.0,0.0,,,,,0.0,382000000.0,1.0,,,,,,,6000000.0,,,
84,HUM,MRQ,2000-06-30,2000-06-30,2000-06-30,2021-07-28,,,,,,,,,,,2265000000.0,19000000.0,,,,,,,,,,0.0,0.0,31000000.0,,,,31000000.0,24000000.0,0.11,0.11,0.11,,,,,,,,,1.0,431000000.0,0.16,,7000000.0,,,,,,,,,,,,,,,,,,,,,19000000.0,19000000.0,19000000.0,0.0,0.0,0.007,400000000.0,31000000.0,,0.0,,,,,0.0,4.875,,,,,2696000000.0,2696000000.0,0.0,,,,,,363000000.0,1.0,,,,,,,5000000.0,,,
0,HUM,MRT,2021-06-30,2021-06-30,2021-06-30,2021-07-28,216000000.0,38070000000.0,37232750000.0,25790000000.0,12280000000.0,2.161,115.049,-1165000000.0,3378000000.0,3378000000.0,66269000000.0,2482000000.0,1.714,1.565,7408000000.0,1345000000.0,6063000000.0,7408000000.0,323000000.0,659000000.0,0.0,0.006,2.65,3464000000.0,4123000000.0,0.051,4123000000.0,3464000000.0,3170000000.0,19.05,18.93,19.05,14843000000.0,14632250000.0,14843000000.0,60849267121.0,18.0,14.758,456000000.0,3.534,1.0,14181000000.0,0.176,4914000000.0,294000000.0,22135000000.0,20489000000.0,0.0,15893000000.0,13471000000.0,2422000000.0,23227000000.0,15051000000.0,8176000000.0,57117267121.0,-3785000000.0,-325000000.0,-1802000000.0,-713000000.0,-340000000.0,-3000000000.0,-2406000000.0,-916000000.0,1621000000.0,0.0,2482000000.0,2482000000.0,2482000000.0,0.0,0.0,0.031,10245000000.0,3936000000.0,13383000000.0,0.139,3.848,23.013,23.24,2690000000.0,0.0,442.72,0.71,0.71,2438000000.0,21751000000.0,80450000000.0,80450000000.0,0.0,0.067,0.17,0.169,0.043,183000000.0,9704000000.0,1.0,129014427.0,129014427.0,,623.574,33156000000.0,0.0,688000000.0,0.0,256.995,10739000000.0
1,HUM,MRT,2021-03-31,2021-03-31,2021-03-31,2021-07-28,108000000.0,37415000000.0,37329000000.0,25526000000.0,11889000000.0,2.113,110.118,-1062000000.0,3877000000.0,3877000000.0,63295000000.0,3722000000.0,1.668,1.637,7609000000.0,1547000000.0,6062000000.0,7609000000.0,325000000.0,639000000.0,0.0,0.006,2.575,5301000000.0,5940000000.0,0.075,5940000000.0,5301000000.0,5010000000.0,28.31,28.13,28.31,14190000000.0,14525500000.0,14190000000.0,56332363733.0,11.0,9.484,3266000000.0,25.345,1.0,15593000000.0,0.198,4602000000.0,291000000.0,21245000000.0,19576750000.0,0.0,15576000000.0,13251000000.0,2325000000.0,23225000000.0,15300000000.0,7925000000.0,54025363733.0,-2177000000.0,-123000000.0,-1802000000.0,-529000000.0,-333000000.0,-3162000000.0,-3343000000.0,-2158000000.0,4328000000.0,0.0,3722000000.0,3722000000.0,3722000000.0,0.0,0.0,0.047,10458000000.0,5135000000.0,13428000000.0,0.091,3.807,14.515,14.809,2507000000.0,0.0,419.25,0.685,0.685,2196000000.0,21252000000.0,78888000000.0,78888000000.0,0.0,0.1,0.256,0.271,0.067,184000000.0,9942000000.0,1.0,128861929.0,128861929.0,,612.19,32813000000.0,0.0,1288000000.0,0.0,254.637,10226000000.0
2,HUM,MRT,2020-12-31,2020-12-31,2020-12-31,2021-07-28,391000000.0,34969000000.0,36633500000.0,23641000000.0,11328000000.0,2.106,103.732,-964000000.0,4673000000.0,4673000000.0,61628000000.0,3367000000.0,1.765,1.547,6980000000.0,920000000.0,6060000000.0,6980000000.0,318000000.0,616000000.0,0.0,0.006,2.5,4957000000.0,5573000000.0,0.072,5573000000.0,4957000000.0,4674000000.0,25.47,25.31,25.47,13728000000.0,14066750000.0,13728000000.0,54307727102.0,11.0,9.745,4675000000.0,35.325,1.0,15527000000.0,0.201,4447000000.0,283000000.0,19435000000.0,18623000000.0,0.0,14936000000.0,12554000000.0,2382000000.0,21241000000.0,13394000000.0,7847000000.0,54295727102.0,619000000.0,-709000000.0,-1771000000.0,1078000000.0,-323000000.0,-1955000000.0,-3065000000.0,-1392000000.0,5639000000.0,0.0,3367000000.0,3367000000.0,3367000000.0,0.0,0.0,0.044,10541000000.0,4986000000.0,12156000000.0,0.098,3.955,16.126,16.108,2371000000.0,0.0,410.27,0.704,0.704,1138000000.0,20517000000.0,77155000000.0,77155000000.0,0.0,0.092,0.239,0.266,0.064,181000000.0,10052000000.0,1.0,132341451.0,132341451.0,,583.0,30522000000.0,0.0,1307000000.0,0.0,230.631,10247000000.0
3,HUM,MRT,2020-09-30,2020-09-30,2020-09-30,2021-07-28,370000000.0,38477000000.0,35159750000.0,27031000000.0,11446000000.0,2.116,119.19,-898000000.0,7985000000.0,7985000000.0,59104000000.0,4153000000.0,1.814,1.44,7997000000.0,1938000000.0,6059000000.0,7997000000.0,287000000.0,596000000.0,0.0,0.006,2.425,5986000000.0,6582000000.0,0.088,6582000000.0,5986000000.0,5717000000.0,31.42,31.22,31.42,15768000000.0,13644000000.0,15768000000.0,55683570142.0,9.0,8.46,4970000000.0,37.568,1.0,15284000000.0,0.205,4443000000.0,269000000.0,19141000000.0,17777750000.0,0.0,15006000000.0,12741000000.0,2265000000.0,22709000000.0,14905000000.0,7804000000.0,54754570142.0,2458000000.0,-709000000.0,-25000000.0,1648000000.0,-314000000.0,401000000.0,-3811000000.0,-2204000000.0,5868000000.0,0.0,4153000000.0,4153000000.0,4153000000.0,0.0,0.0,0.056,9590000000.0,5694000000.0,12882000000.0,0.077,3.473,13.184,13.173,2228000000.0,0.0,413.89,0.736,0.736,1135000000.0,20872000000.0,74388000000.0,74388000000.0,0.0,0.118,0.304,0.337,0.08,173000000.0,9113000000.0,1.0,132292566.0,132292566.0,,562.299,34034000000.0,0.0,1564000000.0,0.0,257.263,12126000000.0
4,HUM,MRT,2020-06-30,2020-06-30,2020-06-30,2021-07-28,317000000.0,38455000000.0,32835500000.0,27868000000.0,10587000000.0,2.149,109.042,-858000000.0,7163000000.0,7163000000.0,56850000000.0,3502000000.0,1.694,1.668,8092000000.0,2034000000.0,6058000000.0,8092000000.0,266000000.0,594000000.0,0.0,0.006,2.35,5072000000.0,5666000000.0,0.08,5666000000.0,5072000000.0,4816000000.0,26.46,26.31,26.46,14416000000.0,12602250000.0,14416000000.0,53332903255.0,11.0,9.413,5637000000.0,42.638,1.0,13704000000.0,0.194,4443000000.0,256000000.0,18486000000.0,16733000000.0,0.0,14347000000.0,12836000000.0,1511000000.0,24039000000.0,16455000000.0,7584000000.0,51262903255.0,2385000000.0,-709000000.0,-1017000000.0,2148000000.0,-305000000.0,119000000.0,-4229000000.0,-2662000000.0,6495000000.0,0.0,3502000000.0,3502000000.0,3502000000.0,0.0,0.0,0.05,8965000000.0,4739000000.0,14358000000.0,0.089,3.556,14.638,14.654,2118000000.0,0.0,387.75,0.727,0.727,2238000000.0,19616000000.0,70554000000.0,70554000000.0,0.0,0.107,0.278,0.303,0.072,169000000.0,8489000000.0,1.0,132206069.0,132206069.0,,533.667,34012000000.0,0.0,1314000000.0,0.0,257.265,11413000000.0
5,HUM,MRT,2020-03-31,2020-03-31,2020-03-31,2021-07-28,48000000.0,34633000000.0,30450000000.0,24551000000.0,10082000000.0,2.224,93.523,-789000000.0,6054000000.0,6054000000.0,55993000000.0,2614000000.0,1.655,1.803,8124000000.0,2067000000.0,6057000000.0,8124000000.0,274000000.0,584000000.0,0.0,0.007,2.275,3686000000.0,4270000000.0,0.063,4270000000.0,3686000000.0,3446000000.0,19.59,19.5,19.59,12355000000.0,11966250000.0,12355000000.0,43321082188.0,12.0,10.145,4073000000.0,30.831,1.0,11723000000.0,0.173,4443000000.0,240000000.0,17430000000.0,15762500000.0,0.0,12590000000.0,11104000000.0,1486000000.0,22278000000.0,14830000000.0,7448000000.0,41484082188.0,2177000000.0,-709000000.0,-1017000000.0,1864000000.0,-296000000.0,-52000000.0,-2633000000.0,-1135000000.0,4862000000.0,0.0,2614000000.0,2614000000.0,2614000000.0,0.0,0.0,0.039,8304000000.0,3419000000.0,12694000000.0,0.116,3.358,15.87,16.03,2023000000.0,0.0,314.02,0.613,0.613,2009000000.0,17871000000.0,67716000000.0,67716000000.0,0.0,0.086,0.218,0.234,0.054,166000000.0,7838000000.0,1.0,132106497.0,132106497.0,,512.586,30190000000.0,0.0,832000000.0,0.0,228.528,9721000000.0
6,HUM,MRT,2019-12-31,2019-12-31,2019-12-31,2021-07-28,156000000.0,29074000000.0,28879000000.0,19888000000.0,9186000000.0,2.247,90.896,-736000000.0,4054000000.0,4054000000.0,53857000000.0,2707000000.0,1.82,1.415,5891000000.0,924000000.0,4967000000.0,5891000000.0,247000000.0,575000000.0,0.0,0.006,2.2,3712000000.0,4287000000.0,0.066,4287000000.0,3712000000.0,3470000000.0,20.2,20.1,20.2,12037000000.0,11587750000.0,12037000000.0,49346794013.0,13.0,11.511,4548000000.0,34.344,1.0,11031000000.0,0.17,3928000000.0,242000000.0,16054000000.0,15129000000.0,0.0,12441000000.0,10972000000.0,1469000000.0,17037000000.0,10929000000.0,6108000000.0,48536794013.0,1711000000.0,0.0,-1012000000.0,-369000000.0,-291000000.0,-2295000000.0,-1278000000.0,-542000000.0,5284000000.0,0.0,2707000000.0,2707000000.0,2707000000.0,0.0,0.0,0.042,7839000000.0,3192000000.0,9758000000.0,0.109,4.032,17.93,18.145,1955000000.0,0.0,366.52,0.748,0.748,1056000000.0,17483000000.0,64888000000.0,64888000000.0,0.0,0.094,0.234,0.245,0.057,163000000.0,7381000000.0,1.0,132426045.0,132426045.0,,489.994,25146000000.0,0.0,763000000.0,0.0,189.887,8959000000.0
7,HUM,MRT,2019-09-30,2019-09-30,2019-09-30,2021-07-28,177000000.0,29180000000.0,27963750000.0,20324000000.0,8856000000.0,2.244,85.877,-682000000.0,5527000000.0,5527000000.0,51601000000.0,2550000000.0,1.83,1.515,6337000000.0,972000000.0,5365000000.0,6337000000.0,274000000.0,569000000.0,0.0,0.008,2.15,3560000000.0,4129000000.0,0.066,4129000000.0,3560000000.0,3317000000.0,18.9,18.82,18.9,11601000000.0,11118750000.0,11601000000.0,35690278774.0,10.0,8.644,3757000000.0,27.811,1.0,11160000000.0,0.178,3922000000.0,243000000.0,14962000000.0,14949500000.0,0.0,11895000000.0,10430000000.0,1465000000.0,17579000000.0,11106000000.0,6473000000.0,34538278774.0,1385000000.0,-1095000000.0,-1785000000.0,948000000.0,-286000000.0,-2130000000.0,-924000000.0,853000000.0,4439000000.0,0.0,2550000000.0,2550000000.0,2550000000.0,0.0,0.0,0.041,7813000000.0,3347000000.0,10071000000.0,0.114,2.977,13.544,13.528,1864000000.0,0.0,255.67,0.55,0.55,848000000.0,17045000000.0,62761000000.0,62761000000.0,0.0,0.091,0.229,0.238,0.057,151000000.0,7367000000.0,1.0,135089290.0,135089290.0,,464.589,25258000000.0,0.0,767000000.0,0.0,186.973,9218000000.0
8,HUM,MRT,2019-06-30,2019-06-30,2019-06-30,2021-07-28,112000000.0,28913000000.0,27541250000.0,20160000000.0,8753000000.0,2.205,87.918,-636000000.0,4778000000.0,4778000000.0,49487000000.0,2505000000.0,1.747,1.435,5930000000.0,1553000000.0,4377000000.0,5930000000.0,312000000.0,541000000.0,0.0,0.008,2.1,3572000000.0,4113000000.0,0.068,4113000000.0,3572000000.0,3338000000.0,18.42,18.33,18.42,11872000000.0,10866750000.0,11872000000.0,38195790275.0,11.0,9.287,306000000.0,2.266,1.0,11239000000.0,0.185,3922000000.0,234000000.0,14604000000.0,14584000000.0,0.0,11458000000.0,9991000000.0,1467000000.0,17041000000.0,11539000000.0,5502000000.0,35824790275.0,-4053000000.0,-1900000000.0,-987000000.0,666000000.0,-281000000.0,-2284000000.0,-2711000000.0,-175000000.0,942000000.0,0.0,2505000000.0,2505000000.0,2505000000.0,0.0,0.0,0.041,7799000000.0,3440000000.0,9888000000.0,0.114,3.018,14.301,14.403,1796000000.0,0.0,265.3,0.59,0.59,904000000.0,16429000000.0,60726000000.0,60726000000.0,0.0,0.091,0.231,0.245,0.059,144000000.0,7378000000.0,1.0,135035018.0,135035018.0,,449.706,24991000000.0,0.0,833000000.0,0.0,185.071,8621000000.0
9,HUM,MRT,2019-03-31,2019-03-31,2019-03-31,2021-07-28,-10000000.0,28349000000.0,28880500000.0,19673000000.0,8676000000.0,2.034,79.968,-617000000.0,3877000000.0,3877000000.0,47705000000.0,1758000000.0,1.649,1.615,6248000000.0,1872000000.0,4376000000.0,6248000000.0,312000000.0,531000000.0,0.0,0.008,2.05,2343000000.0,2874000000.0,0.049,2874000000.0,2343000000.0,2116000000.0,12.86,12.78,12.86,10841000000.0,10451500000.0,10841000000.0,39957797794.0,17.0,13.903,-1234000000.0,-9.103,1.0,11035000000.0,0.188,3897000000.0,227000000.0,14896000000.0,13133000000.0,0.0,11346000000.0,9876000000.0,1470000000.0,17508000000.0,11927000000.0,5581000000.0,36060797794.0,-4978000000.0,-2085000000.0,-998000000.0,937000000.0,-276000000.0,-1824000000.0,-2537000000.0,165000000.0,-617000000.0,0.0,1758000000.0,1758000000.0,1758000000.0,0.0,0.0,0.03,7848000000.0,3187000000.0,9956000000.0,0.159,3.326,20.512,20.684,1754000000.0,0.0,266.0,0.614,0.614,1955000000.0,15563000000.0,58740000000.0,58740000000.0,0.0,0.061,0.168,0.178,0.04,135000000.0,7436000000.0,1.0,135566909.0,135566909.0,,433.292,24452000000.0,0.0,358000000.0,0.0,180.368,7746000000.0
10,HUM,MRT,2018-12-31,2018-12-31,2018-12-31,2021-07-28,-159000000.0,25413000000.0,30156500000.0,16948000000.0,8465000000.0,1.887,74.067,-612000000.0,2343000000.0,2343000000.0,45882000000.0,1683000000.0,1.682,1.501,6240000000.0,1865000000.0,4375000000.0,6240000000.0,283000000.0,534000000.0,0.0,0.007,2.0,2292000000.0,2826000000.0,0.05,2826000000.0,2292000000.0,2074000000.0,12.24,12.16,12.24,10161000000.0,10261500000.0,10161000000.0,40530297382.0,18.0,14.342,1561000000.0,11.379,1.0,11030000000.0,0.194,3897000000.0,218000000.0,15336000000.0,12078250000.0,0.0,11484000000.0,10026000000.0,1458000000.0,15252000000.0,10077000000.0,5175000000.0,39301297382.0,-1699000000.0,-2254000000.0,-1045000000.0,1165000000.0,-265000000.0,-785000000.0,-3087000000.0,-221000000.0,2173000000.0,0.0,1683000000.0,1683000000.0,1683000000.0,0.0,0.0,0.03,7930000000.0,3100000000.0,8148000000.0,0.163,3.868,23.352,23.405,1735000000.0,0.0,286.48,0.691,0.691,1015000000.0,15072000000.0,56912000000.0,56912000000.0,0.0,0.056,0.164,0.19,0.04,137000000.0,7525000000.0,1.0,137186880.0,137186880.0,,414.85,21516000000.0,0.0,391000000.0,0.0,156.837,6871000000.0
11,HUM,MRT,2018-09-30,2018-09-30,2018-09-30,2021-07-28,-206000000.0,27490000000.0,30597750000.0,19077000000.0,8413000000.0,1.828,76.893,-584000000.0,4142000000.0,4142000000.0,45088000000.0,1512000000.0,1.685,1.595,5371000000.0,597000000.0,4774000000.0,5371000000.0,294000000.0,528000000.0,0.0,0.006,1.9,2361000000.0,2889000000.0,0.052,2889000000.0,2361000000.0,2126000000.0,11.02,10.94,11.02,10593000000.0,10181750000.0,10593000000.0,43828668538.0,19.0,15.171,-989000000.0,-7.179,1.0,10845000000.0,0.194,3895000000.0,235000000.0,13500000000.0,12121750000.0,0.0,11148000000.0,9695000000.0,1453000000.0,16897000000.0,11324000000.0,5573000000.0,46635668538.0,-5723000000.0,-1180000000.0,-1792000000.0,262000000.0,-253000000.0,-1513000000.0,-3805000000.0,-2041000000.0,-405000000.0,0.0,1512000000.0,1512000000.0,1512000000.0,0.0,0.0,0.027,7696000000.0,3149000000.0,10629000000.0,0.172,4.402,30.844,30.719,1685000000.0,0.0,338.52,0.834,0.834,1062000000.0,14786000000.0,55933000000.0,55933000000.0,0.0,0.049,0.149,0.195,0.042,146000000.0,7283000000.0,1.0,137763407.0,137763407.0,,406.008,23595000000.0,0.0,614000000.0,0.0,171.272,7753000000.0
12,HUM,MRT,2018-06-30,2018-06-30,2018-06-30,2021-07-28,-176000000.0,34270000000.0,31964250000.0,26864000000.0,7406000000.0,1.721,74.164,-563000000.0,8052000000.0,8052000000.0,44487000000.0,1367000000.0,1.431,2.356,5245000000.0,472000000.0,4773000000.0,5245000000.0,3630000000.0,517000000.0,0.0,0.006,1.8,2256000000.0,2773000000.0,0.05,2773000000.0,2256000000.0,2015000000.0,9.8,9.73,9.8,10211000000.0,10336250000.0,10211000000.0,37417344555.0,17.0,13.493,2950000000.0,21.426,1.0,10522000000.0,0.191,3895000000.0,241000000.0,8800000000.0,11370000000.0,0.0,9843000000.0,9464000000.0,379000000.0,24059000000.0,18768000000.0,5291000000.0,40978344555.0,692000000.0,-376000000.0,-1829000000.0,143000000.0,-242000000.0,-671000000.0,-2150000000.0,-1211000000.0,3513000000.0,0.0,1367000000.0,1367000000.0,1367000000.0,0.0,0.0,0.025,7476000000.0,3046000000.0,12169000000.0,0.184,4.013,29.977,30.37,1626000000.0,0.0,297.63,0.745,0.745,1471000000.0,14211000000.0,55009000000.0,55009000000.0,0.0,0.043,0.132,0.198,0.041,143000000.0,7071000000.0,1.0,137682171.0,137682171.0,,399.536,30375000000.0,0.0,648000000.0,0.0,220.617,8096000000.0
13,HUM,MRT,2018-03-31,2018-03-31,2018-03-31,2021-07-28,-154000000.0,33453000000.0,31460000000.0,23932000000.0,9521000000.0,1.725,73.218,-536000000.0,8855000000.0,8855000000.0,43840000000.0,1824000000.0,1.548,2.318,5294000000.0,522000000.0,4772000000.0,5294000000.0,3706000000.0,506000000.0,0.0,0.006,1.7,3284000000.0,3790000000.0,0.07,3790000000.0,3284000000.0,3038000000.0,12.89,12.8,12.89,10081000000.0,10521750000.0,10081000000.0,38032677359.0,12.0,10.035,2996000000.0,21.76,1.0,10444000000.0,0.192,3760000000.0,246000000.0,10677000000.0,12226500000.0,0.0,12103000000.0,9742000000.0,2361000000.0,23372000000.0,15455000000.0,7917000000.0,37013677359.0,430000000.0,-193000000.0,-1803000000.0,-143000000.0,-230000000.0,-682000000.0,-2420000000.0,-1691000000.0,3532000000.0,0.0,1824000000.0,1824000000.0,1824000000.0,0.0,0.0,0.034,7160000000.0,3284000000.0,14069000000.0,0.132,3.672,20.293,20.856,1595000000.0,0.0,268.83,0.682,0.682,1276000000.0,14086000000.0,54284000000.0,54284000000.0,0.0,0.058,0.173,0.269,0.06,166000000.0,6763000000.0,1.0,137684326.0,137684326.0,,394.264,29693000000.0,0.0,1214000000.0,0.0,215.66,8477000000.0
14,HUM,MRT,2017-12-31,2017-12-31,2017-12-31,2021-07-28,19000000.0,27178000000.0,31024750000.0,17402000000.0,9776000000.0,1.733,68.893,-524000000.0,4042000000.0,4042000000.0,43496000000.0,2448000000.0,1.85,1.761,5061000000.0,291000000.0,4770000000.0,5061000000.0,378000000.0,485000000.0,0.0,0.008,1.89,4262000000.0,4747000000.0,0.088,4747000000.0,4262000000.0,4020000000.0,16.94,16.81,16.94,9842000000.0,10560000000.0,9842000000.0,30675304015.0,7.0,6.462,3527000000.0,24.688,1.0,10271000000.0,0.191,3281000000.0,242000000.0,15510000000.0,12540250000.0,0.0,12302000000.0,9557000000.0,2745000000.0,17336000000.0,9406000000.0,7930000000.0,35439304015.0,165000000.0,-31000000.0,-3303000000.0,755000000.0,-220000000.0,-945000000.0,-2941000000.0,-2386000000.0,4051000000.0,0.0,2448000000.0,2448000000.0,2448000000.0,0.0,0.0,0.046,6009000000.0,4262000000.0,11660000000.0,0.112,3.601,14.477,14.644,1584000000.0,0.0,248.07,0.659,0.659,854000000.0,13670000000.0,53767000000.0,53767000000.0,0.0,0.079,0.232,0.34,0.079,157000000.0,6567000000.0,1.0,142860096.0,142860096.0,,376.361,23897000000.0,0.0,1572000000.0,0.0,167.276,7996000000.0
15,HUM,MRT,2017-09-30,2017-09-30,2017-09-30,2021-07-28,12000000.0,32956000000.0,30579250000.0,23185000000.0,9771000000.0,1.748,77.576,-508000000.0,9865000000.0,9865000000.0,44058000000.0,1863000000.0,1.608,1.94,5101000000.0,1124000000.0,3977000000.0,5101000000.0,3447000000.0,474000000.0,0.0,0.007,1.78,3258000000.0,3732000000.0,0.07,3732000000.0,3258000000.0,3044000000.0,12.8,12.73,12.8,11211000000.0,10770750000.0,11211000000.0,32166725923.0,10.0,8.619,3681000000.0,25.471,1.0,9398000000.0,0.176,3281000000.0,214000000.0,10493000000.0,12345000000.0,0.0,11338000000.0,8622000000.0,2716000000.0,21745000000.0,14418000000.0,7327000000.0,35208725923.0,3096000000.0,-10000000.0,-1776000000.0,819000000.0,-206000000.0,1511000000.0,-2604000000.0,-2086000000.0,4189000000.0,0.0,1863000000.0,1863000000.0,1863000000.0,0.0,0.0,0.035,6140000000.0,3258000000.0,12740000000.0,0.139,3.141,18.899,19.034,1560000000.0,0.0,243.63,0.659,0.659,922000000.0,13542000000.0,53456000000.0,53456000000.0,0.0,0.061,0.173,0.264,0.061,155000000.0,6695000000.0,1.0,144517202.0,144517202.0,,369.894,29675000000.0,0.0,1181000000.0,0.0,205.339,8767000000.0
16,HUM,MRT,2017-06-30,2017-06-30,2017-06-30,2021-07-28,-5000000.0,32253000000.0,29706750000.0,22568000000.0,9685000000.0,1.813,75.897,-504000000.0,8139000000.0,8139000000.0,44316000000.0,1814000000.0,1.647,1.945,5097000000.0,818000000.0,4279000000.0,5097000000.0,3356000000.0,471000000.0,0.0,0.006,1.38,3349000000.0,3820000000.0,0.071,3820000000.0,3349000000.0,3147000000.0,12.35,12.27,12.35,10953000000.0,10789250000.0,10953000000.0,31728057254.0,9.0,8.306,5325000000.0,36.898,1.0,9552000000.0,0.177,3280000000.0,202000000.0,12226000000.0,12692750000.0,0.0,10785000000.0,8115000000.0,2670000000.0,21300000000.0,13705000000.0,7595000000.0,34725057254.0,5710000000.0,-15000000.0,-1544000000.0,806000000.0,-191000000.0,2024000000.0,-2143000000.0,-1624000000.0,5829000000.0,0.0,1814000000.0,1814000000.0,1814000000.0,0.0,0.0,0.034,6203000000.0,3349000000.0,12430000000.0,0.112,3.17,19.143,19.483,1543000000.0,0.0,240.62,0.645,0.645,2430000000.0,13101000000.0,53868000000.0,53868000000.0,0.0,0.061,0.168,0.264,0.062,150000000.0,6746000000.0,1.0,144314925.0,144314925.0,,373.267,28973000000.0,0.0,1333000000.0,0.0,200.762,8863000000.0
17,HUM,MRT,2017-03-31,2017-03-31,2017-03-31,2021-07-28,-58000000.0,31712000000.0,28452500000.0,22317000000.0,9395000000.0,1.91,68.535,-524000000.0,8425000000.0,8425000000.0,44936000000.0,1475000000.0,1.653,2.099,5428000000.0,648000000.0,4780000000.0,5428000000.0,3420000000.0,468000000.0,0.0,0.006,1.27,2932000000.0,3400000000.0,0.063,3400000000.0,2932000000.0,2741000000.0,9.94,9.87,9.94,10234000000.0,10769500000.0,10234000000.0,31208670180.0,11.0,9.179,5115000000.0,34.254,1.0,9405000000.0,0.173,3279000000.0,191000000.0,11932000000.0,13609250000.0,0.0,10629000000.0,8205000000.0,2424000000.0,21478000000.0,13504000000.0,7974000000.0,30781670180.0,5624000000.0,-14000000.0,-1562000000.0,1079000000.0,-177000000.0,1845000000.0,-1860000000.0,-1322000000.0,5639000000.0,0.0,1475000000.0,1475000000.0,1475000000.0,0.0,0.0,0.027,6473000000.0,2932000000.0,12263000000.0,0.128,3.008,20.869,20.738,1525000000.0,0.0,206.14,0.566,0.566,1838000000.0,12509000000.0,54341000000.0,54341000000.0,0.0,0.052,0.137,0.215,0.054,118000000.0,6992000000.0,1.0,149324101.0,149324101.0,,363.913,28433000000.0,0.0,1266000000.0,0.0,190.411,8813000000.0
18,HUM,MRT,2016-12-31,2016-12-31,2016-12-31,2021-07-28,-66000000.0,25396000000.0,27258000000.0,16190000000.0,9206000000.0,1.995,71.663,-527000000.0,3877000000.0,3877000000.0,45007000000.0,614000000.0,2.07,1.377,4304000000.0,512000000.0,3792000000.0,4304000000.0,280000000.0,465000000.0,0.0,0.004,0.87,1741000000.0,2206000000.0,0.041,2206000000.0,1741000000.0,1552000000.0,4.11,4.07,4.11,10685000000.0,10842250000.0,10685000000.0,27927113551.0,16.0,12.66,1409000000.0,9.45,1.0,9372000000.0,0.172,3272000000.0,189000000.0,14729000000.0,14404500000.0,0.0,9798000000.0,7595000000.0,2203000000.0,14711000000.0,7822000000.0,6889000000.0,30421113551.0,1306000000.0,-7000000.0,-93000000.0,-91000000.0,-177000000.0,732000000.0,-1362000000.0,-828000000.0,1936000000.0,0.0,614000000.0,614000000.0,614000000.0,0.0,0.0,0.011,7631000000.0,1741000000.0,9864000000.0,0.212,2.847,49.546,49.642,1505000000.0,0.0,204.03,0.559,0.559,1280000000.0,11454000000.0,54379000000.0,54379000000.0,0.0,0.023,0.057,0.121,0.032,115000000.0,7173000000.0,1.0,149101179.0,149101179.0,,364.712,22124000000.0,0.0,938000000.0,0.0,148.382,8368000000.0
19,HUM,MRT,2016-09-30,2016-09-30,2016-09-30,2021-07-28,112000000.0,29466000000.0,27078500000.0,19654000000.0,9812000000.0,2.026,75.704,-533000000.0,6769000000.0,6769000000.0,44922000000.0,1116000000.0,1.663,1.611,4275000000.0,483000000.0,3792000000.0,4275000000.0,3351000000.0,460000000.0,0.0,0.005,0.87,2471000000.0,2931000000.0,0.053,2931000000.0,2471000000.0,2284000000.0,7.48,7.39,7.48,11285000000.0,10757500000.0,11285000000.0,28224521773.0,11.0,9.63,4513000000.0,30.275,1.0,9940000000.0,0.181,3272000000.0,187000000.0,11884000000.0,14493250000.0,0.0,9602000000.0,7329000000.0,2273000000.0,18181000000.0,11816000000.0,6365000000.0,26368521773.0,5172000000.0,-1000000.0,-79000000.0,174000000.0,-176000000.0,957000000.0,-831000000.0,-297000000.0,5046000000.0,0.0,1116000000.0,1116000000.0,1116000000.0,0.0,0.0,0.02,7472000000.0,2468000000.0,10276000000.0,0.116,2.337,23.628,23.648,1478000000.0,0.0,176.89,0.481,0.481,765000000.0,11899000000.0,54862000000.0,54862000000.0,0.0,0.041,0.104,0.17,0.045,93000000.0,7017000000.0,1.0,149067340.0,149067340.0,,368.035,26194000000.0,0.0,1168000000.0,0.0,175.719,7838000000.0
20,HUM,MRT,2016-06-30,2016-06-30,2016-06-30,2021-07-28,134000000.0,27236000000.0,25786000000.0,17736000000.0,9500000000.0,2.115,72.962,-519000000.0,2429000000.0,2429000000.0,44918000000.0,980000000.0,1.785,1.505,4285000000.0,492000000.0,3793000000.0,4285000000.0,311000000.0,450000000.0,0.0,0.006,1.16,2217000000.0,2667000000.0,0.049,2667000000.0,2217000000.0,2030000000.0,6.58,6.5,6.58,10874000000.0,10524500000.0,10874000000.0,28357713322.0,13.0,10.633,1056000000.0,7.086,1.0,9613000000.0,0.176,3266000000.0,187000000.0,15892000000.0,15477250000.0,0.0,9468000000.0,7417000000.0,2051000000.0,16362000000.0,9934000000.0,6428000000.0,26808713322.0,179000000.0,5000000.0,-87000000.0,-119000000.0,-176000000.0,-197000000.0,-1199000000.0,-685000000.0,1575000000.0,0.0,980000000.0,980000000.0,980000000.0,0.0,0.0,0.018,7399000000.0,2214000000.0,11419000000.0,0.176,2.465,27.356,27.337,1452000000.0,0.0,179.88,0.492,0.492,2553000000.0,11492000000.0,54531000000.0,54531000000.0,0.0,0.038,0.093,0.143,0.041,88000000.0,6966000000.0,1.0,149036654.0,149036654.0,,365.89,23970000000.0,0.0,1050000000.0,0.0,160.833,7802000000.0
21,HUM,MRT,2016-03-31,2016-03-31,2016-03-31,2021-07-28,76000000.0,26934000000.0,25323000000.0,17844000000.0,9090000000.0,2.143,70.969,-524000000.0,2801000000.0,2801000000.0,44661000000.0,1100000000.0,1.766,1.559,4350000000.0,557000000.0,3793000000.0,4350000000.0,360000000.0,448000000.0,0.0,0.006,1.16,2374000000.0,2822000000.0,0.052,2822000000.0,2374000000.0,2187000000.0,7.38,7.29,7.38,10525000000.0,10326750000.0,10525000000.0,28982105018.0,12.0,10.27,739000000.0,4.983,1.0,9595000000.0,0.177,3265000000.0,187000000.0,15113000000.0,15336000000.0,0.0,9678000000.0,7738000000.0,1940000000.0,16409000000.0,10105000000.0,6304000000.0,27132105018.0,855000000.0,1023000000.0,-387000000.0,267000000.0,-175000000.0,-394000000.0,-14000000.0,-513000000.0,1263000000.0,0.0,1100000000.0,1100000000.0,1100000000.0,0.0,0.0,0.02,7491000000.0,2104000000.0,11421000000.0,0.157,2.578,24.666,24.79,1420000000.0,0.0,182.95,0.5,0.5,1737000000.0,11205000000.0,54256000000.0,54256000000.0,0.0,0.043,0.107,0.155,0.044,88000000.0,7084000000.0,1.0,148303389.0,148303389.0,,365.845,23669000000.0,0.0,1087000000.0,0.0,159.599,7739000000.0
22,HUM,MRT,2015-12-31,2015-12-31,2015-12-31,2021-07-28,58000000.0,24678000000.0,24995500000.0,15711000000.0,8967000000.0,2.172,69.8,-522000000.0,2571000000.0,2571000000.0,44269000000.0,1276000000.0,1.927,1.385,4394000000.0,600000000.0,3794000000.0,4394000000.0,364000000.0,447000000.0,0.0,0.006,1.15,2617000000.0,3064000000.0,0.056,3064000000.0,2617000000.0,2431000000.0,8.54,8.44,8.54,10346000000.0,10206500000.0,10346000000.0,28991453209.0,11.0,9.462,346000000.0,2.334,1.0,10020000000.0,0.185,3265000000.0,186000000.0,15084000000.0,15403250000.0,0.0,9110000000.0,7267000000.0,1843000000.0,14332000000.0,8152000000.0,6180000000.0,26459453209.0,636000000.0,1023000000.0,-364000000.0,265000000.0,-172000000.0,-552000000.0,320000000.0,-181000000.0,868000000.0,0.0,1276000000.0,1276000000.0,1276000000.0,0.0,0.0,0.024,7673000000.0,2347000000.0,9339000000.0,0.135,2.557,20.736,20.903,1384000000.0,0.0,178.51,0.487,0.487,1161000000.0,11017000000.0,54289000000.0,54289000000.0,0.0,0.051,0.125,0.17,0.048,109000000.0,7295000000.0,1.0,148223927.0,148223927.0,,366.263,21413000000.0,0.0,1155000000.0,0.0,144.464,7559000000.0
23,HUM,MRT,2015-09-30,2015-09-30,2015-09-30,2021-07-28,137000000.0,24296000000.0,24707750000.0,15773000000.0,8523000000.0,2.155,69.885,-551000000.0,1597000000.0,1597000000.0,42902000000.0,1320000000.0,2.037,1.347,4129000000.0,307000000.0,3822000000.0,4129000000.0,297000000.0,459000000.0,0.0,0.006,1.14,2696000000.0,3155000000.0,0.059,3155000000.0,2696000000.0,2472000000.0,8.83,8.73,8.83,10353000000.0,10031500000.0,10353000000.0,28699717646.0,11.0,9.097,173000000.0,1.168,1.0,10354000000.0,0.194,3266000000.0,224000000.0,15820000000.0,15394500000.0,0.0,9302000000.0,7423000000.0,1879000000.0,13943000000.0,7742000000.0,6201000000.0,26517717646.0,-1108000000.0,1002000000.0,-978000000.0,-461000000.0,-172000000.0,-2754000000.0,922000000.0,471000000.0,724000000.0,0.0,1320000000.0,1320000000.0,1320000000.0,0.0,0.0,0.025,7925000000.0,2429000000.0,9292000000.0,0.129,2.561,20.089,20.272,1343000000.0,0.0,179.0,0.498,0.498,986000000.0,10960000000.0,53256000000.0,53256000000.0,0.0,0.053,0.132,0.175,0.051,114000000.0,7571000000.0,1.0,148143674.0,148143674.0,,359.489,21030000000.0,0.0,1152000000.0,0.0,141.957,8031000000.0
24,HUM,MRT,2015-06-30,2015-06-30,2015-06-30,2021-07-28,153000000.0,25384000000.0,24716500000.0,16975000000.0,8409000000.0,2.109,67.318,-571000000.0,2250000000.0,2250000000.0,41672000000.0,1296000000.0,1.892,1.518,4432000000.0,609000000.0,3823000000.0,4432000000.0,291000000.0,464000000.0,0.0,0.006,1.13,2590000000.0,3054000000.0,0.059,3054000000.0,2590000000.0,2375000000.0,8.59,8.49,8.59,10083000000.0,9974500000.0,10083000000.0,30816161708.0,12.0,10.09,75000000.0,0.501,1.0,10459000000.0,0.201,3266000000.0,215000000.0,15327000000.0,15131250000.0,0.0,8880000000.0,7041000000.0,1839000000.0,15301000000.0,8973000000.0,6328000000.0,28650161708.0,657000000.0,1002000000.0,-1086000000.0,1548000000.0,-172000000.0,-744000000.0,755000000.0,324000000.0,646000000.0,0.0,1296000000.0,1296000000.0,1296000000.0,0.0,0.0,0.025,8136000000.0,2323000000.0,10221000000.0,0.132,2.841,22.107,22.268,1299000000.0,0.0,191.28,0.55,0.55,2129000000.0,10689000000.0,52131000000.0,52131000000.0,0.0,0.052,0.13,0.171,0.05,112000000.0,7781000000.0,1.0,149781272.0,149781272.0,,348.048,22118000000.0,0.0,1079000000.0,0.0,147.669,8002000000.0
25,HUM,MRT,2015-03-31,2015-03-31,2015-03-31,2021-07-28,227000000.0,25624000000.0,24150750000.0,17402000000.0,8222000000.0,2.096,67.135,-545000000.0,1946000000.0,1946000000.0,40047000000.0,1209000000.0,1.896,1.551,4112000000.0,288000000.0,3824000000.0,4112000000.0,378000000.0,456000000.0,0.0,0.006,1.12,2431000000.0,2887000000.0,0.057,2887000000.0,2431000000.0,2228000000.0,7.93,7.83,7.93,10044000000.0,9953750000.0,10044000000.0,28857197824.0,12.0,9.996,509000000.0,3.402,1.0,10574000000.0,0.209,3231000000.0,203000000.0,15382000000.0,14509750000.0,0.0,9572000000.0,7600000000.0,1972000000.0,15580000000.0,9177000000.0,6403000000.0,26633197824.0,284000000.0,-12000000.0,-867000000.0,1254000000.0,-172000000.0,-784000000.0,14000000.0,571000000.0,1054000000.0,0.0,1209000000.0,1209000000.0,1209000000.0,0.0,0.0,0.024,8143000000.0,2431000000.0,10616000000.0,0.141,2.652,22.029,22.449,1258000000.0,0.0,178.02,0.526,0.526,1690000000.0,10302000000.0,50621000000.0,50621000000.0,0.0,0.05,0.121,0.168,0.048,109000000.0,7799000000.0,1.0,149607897.0,149607897.0,,338.358,22393000000.0,0.0,1019000000.0,0.0,149.678,8225000000.0
26,HUM,MRT,2014-12-31,2014-12-31,2014-12-31,2021-07-28,223000000.0,23527000000.0,23386250000.0,15536000000.0,7991000000.0,2.074,62.908,-528000000.0,1935000000.0,1935000000.0,38166000000.0,1147000000.0,2.08,1.439,4159000000.0,334000000.0,3825000000.0,4159000000.0,361000000.0,449000000.0,0.0,0.008,1.11,2362000000.0,2811000000.0,0.058,2811000000.0,2362000000.0,2170000000.0,7.44,7.36,7.44,9646000000.0,9874000000.0,9646000000.0,23923499299.0,10.0,8.511,1090000000.0,7.109,1.0,10334000000.0,0.213,3231000000.0,192000000.0,15049000000.0,13753250000.0,0.0,9547000000.0,7598000000.0,1949000000.0,13881000000.0,7471000000.0,6410000000.0,22023499299.0,797000000.0,54000000.0,-843000000.0,1164000000.0,-172000000.0,-758000000.0,-63000000.0,411000000.0,1618000000.0,0.0,1147000000.0,1147000000.0,1147000000.0,0.0,0.0,0.024,7972000000.0,2362000000.0,8919000000.0,0.149,2.283,19.201,19.305,1228000000.0,0.0,143.63,0.454,0.454,1053000000.0,9916000000.0,48500000000.0,48500000000.0,0.0,0.049,0.116,0.172,0.049,98000000.0,7639000000.0,1.0,153334953.0,153334953.0,,316.301,20296000000.0,0.0,1023000000.0,0.0,132.364,8065000000.0
27,HUM,MRT,2014-09-30,2014-09-30,2014-09-30,2021-07-28,233000000.0,24331000000.0,22688250000.0,15636000000.0,8695000000.0,2.043,65.638,-488000000.0,2705000000.0,2705000000.0,36620000000.0,972000000.0,2.013,1.403,4605000000.0,779000000.0,3826000000.0,4605000000.0,246000000.0,439000000.0,0.0,0.008,1.1,1977000000.0,2416000000.0,0.052,2416000000.0,1977000000.0,1834000000.0,6.29,6.22,6.29,10125000000.0,9791500000.0,10125000000.0,21393875872.0,11.0,8.855,921000000.0,5.971,1.0,9739000000.0,0.21,3695000000.0,143000000.0,14767000000.0,13127000000.0,0.0,10035000000.0,8088000000.0,1947000000.0,14206000000.0,7769000000.0,6437000000.0,20097875872.0,1450000000.0,44000000.0,-427000000.0,1727000000.0,-172000000.0,448000000.0,-407000000.0,37000000.0,1409000000.0,0.0,972000000.0,972000000.0,972000000.0,0.0,0.0,0.021,7762000000.0,1977000000.0,9043000000.0,0.175,1.985,20.677,20.714,1349000000.0,0.0,130.29,0.434,0.434,1004000000.0,9813000000.0,46359000000.0,46359000000.0,0.0,0.043,0.099,0.151,0.043,95000000.0,7426000000.0,1.0,154254938.0,154254938.0,,300.535,20636000000.0,0.0,862000000.0,0.0,133.779,7867000000.0
28,HUM,MRT,2014-06-30,2014-06-30,2014-06-30,2021-07-28,260000000.0,23121000000.0,21831250000.0,14086000000.0,9035000000.0,2.036,64.606,-466000000.0,1593000000.0,1593000000.0,35029000000.0,1050000000.0,1.788,1.312,2889000000.0,294000000.0,2595000000.0,2889000000.0,249000000.0,433000000.0,0.0,0.009,1.09,2009000000.0,2442000000.0,0.055,2442000000.0,2009000000.0,1869000000.0,6.76,6.68,6.76,10000000000.0,9661750000.0,10000000000.0,20972042366.0,10.0,8.588,1136000000.0,7.339,1.0,9411000000.0,0.212,3696000000.0,140000000.0,12841000000.0,12499500000.0,0.0,9460000000.0,7565000000.0,1895000000.0,13121000000.0,7880000000.0,5241000000.0,19769042366.0,74000000.0,-105000000.0,-383000000.0,48000000.0,-171000000.0,-898000000.0,-630000000.0,-59000000.0,1602000000.0,0.0,1050000000.0,1050000000.0,1050000000.0,0.0,0.0,0.024,7402000000.0,2009000000.0,9623000000.0,0.161,1.977,18.828,18.893,1289000000.0,0.0,127.72,0.445,0.445,2074000000.0,9567000000.0,44440000000.0,44440000000.0,0.0,0.048,0.109,0.161,0.045,96000000.0,7068000000.0,1.0,154784234.0,154784234.0,,287.109,19425000000.0,0.0,819000000.0,0.0,125.497,6206000000.0
29,HUM,MRT,2014-03-31,2014-03-31,2014-03-31,2021-07-28,226000000.0,22566000000.0,21263000000.0,13975000000.0,8591000000.0,2.001,63.135,-453000000.0,1662000000.0,1662000000.0,33493000000.0,1126000000.0,1.812,1.32,2865000000.0,267000000.0,2598000000.0,2865000000.0,263000000.0,431000000.0,0.0,0.01,1.08,2017000000.0,2448000000.0,0.058,2448000000.0,2017000000.0,1877000000.0,7.2,7.12,7.2,9725000000.0,9495500000.0,9725000000.0,19227748550.0,10.0,7.854,1522000000.0,9.881,1.0,9046000000.0,0.213,3699000000.0,140000000.0,12356000000.0,12232500000.0,0.0,10048000000.0,8248000000.0,1800000000.0,12841000000.0,7714000000.0,5127000000.0,17362748550.0,264000000.0,-82000000.0,-406000000.0,-23000000.0,-170000000.0,-750000000.0,-961000000.0,-426000000.0,1975000000.0,0.0,1126000000.0,1126000000.0,1126000000.0,0.0,0.0,0.026,7029000000.0,2017000000.0,9383000000.0,0.15,1.785,15.42,15.656,1244000000.0,0.0,112.72,0.408,0.408,1460000000.0,9266000000.0,42539000000.0,42539000000.0,0.0,0.053,0.119,0.165,0.047,93000000.0,6694000000.0,1.0,154034320.0,154034320.0,,276.166,18867000000.0,0.0,751000000.0,0.0,122.486,6261000000.0
30,HUM,MRT,2013-12-31,2013-12-31,2013-12-31,2021-07-28,158000000.0,20735000000.0,20865000000.0,12300000000.0,8435000000.0,1.98,59.751,-437000000.0,1138000000.0,1138000000.0,32564000000.0,1231000000.0,1.945,1.226,3003000000.0,403000000.0,2600000000.0,3003000000.0,206000000.0,426000000.0,0.0,0.01,1.07,2061000000.0,2487000000.0,0.06,2487000000.0,2061000000.0,1921000000.0,7.81,7.73,7.81,9316000000.0,9355250000.0,9316000000.0,17714370723.0,9.0,7.123,1279000000.0,8.203,1.0,8749000000.0,0.212,3733000000.0,140000000.0,12544000000.0,12115750000.0,0.0,9800000000.0,8090000000.0,1710000000.0,11419000000.0,6323000000.0,5096000000.0,16093370723.0,-168000000.0,-153000000.0,-471000000.0,79000000.0,-168000000.0,-702000000.0,-1182000000.0,-592000000.0,1716000000.0,0.0,1231000000.0,1231000000.0,1231000000.0,0.0,0.0,0.03,6688000000.0,2061000000.0,7921000000.0,0.137,1.727,13.073,13.216,1218000000.0,0.0,103.22,0.39,0.39,950000000.0,8942000000.0,41313000000.0,41313000000.0,0.0,0.059,0.132,0.17,0.05,92000000.0,6355000000.0,1.0,155913299.0,155913299.0,,264.974,17002000000.0,0.0,690000000.0,0.0,109.048,5977000000.0
31,HUM,MRT,2013-09-30,2013-09-30,2013-09-30,2021-07-28,196000000.0,20903000000.0,20676000000.0,12573000000.0,8330000000.0,1.968,61.395,-416000000.0,1255000000.0,1255000000.0,31877000000.0,1453000000.0,1.919,1.176,2876000000.0,273000000.0,2603000000.0,2876000000.0,198000000.0,412000000.0,0.0,0.011,1.06,2384000000.0,2796000000.0,0.069,2796000000.0,2384000000.0,2252000000.0,9.19,9.09,9.19,9606000000.0,9238000000.0,9606000000.0,15935702990.0,7.0,5.699,1521000000.0,9.721,1.0,8806000000.0,0.216,3716000000.0,132000000.0,12257000000.0,11878000000.0,0.0,9999000000.0,8262000000.0,1737000000.0,11297000000.0,6551000000.0,4746000000.0,14602702990.0,-108000000.0,-1075000000.0,-266000000.0,986000000.0,-166000000.0,310000000.0,-2355000000.0,-864000000.0,1937000000.0,0.0,1453000000.0,1453000000.0,1453000000.0,0.0,0.0,0.036,6422000000.0,2384000000.0,7907000000.0,0.115,1.52,10.05,10.156,1180000000.0,0.0,93.33,0.359,0.359,824000000.0,9014000000.0,40683000000.0,40683000000.0,0.0,0.07,0.157,0.201,0.059,87000000.0,6102000000.0,1.0,156463120.0,156463120.0,,260.017,17187000000.0,0.0,799000000.0,0.0,109.847,6022000000.0
32,HUM,MRT,2013-06-30,2013-06-30,2013-06-30,2021-07-28,209000000.0,20848000000.0,20149500000.0,12628000000.0,8220000000.0,1.986,59.269,-412000000.0,1519000000.0,1519000000.0,31269000000.0,1511000000.0,1.865,1.233,2852000000.0,246000000.0,2606000000.0,2852000000.0,193000000.0,384000000.0,0.0,0.012,1.05,2464000000.0,2848000000.0,0.071,2848000000.0,2464000000.0,2341000000.0,9.5,9.4,9.5,9335000000.0,9009250000.0,9335000000.0,14789997749.0,6.0,5.193,-956000000.0,-6.07,1.0,8746000000.0,0.219,3638000000.0,123000000.0,11773000000.0,11312750000.0,0.0,9326000000.0,7556000000.0,1770000000.0,11513000000.0,6770000000.0,4743000000.0,13289997749.0,-2350000000.0,-1138000000.0,-426000000.0,976000000.0,-166000000.0,-32000000.0,-1774000000.0,-224000000.0,-544000000.0,0.0,1511000000.0,1511000000.0,1511000000.0,0.0,0.0,0.038,6282000000.0,2464000000.0,8141000000.0,0.111,1.424,8.795,8.882,1133000000.0,0.0,84.38,0.332,0.332,1593000000.0,8688000000.0,40015000000.0,40015000000.0,0.0,0.075,0.168,0.218,0.062,79000000.0,5970000000.0,1.0,157501751.0,157501751.0,,254.061,17210000000.0,0.0,830000000.0,0.0,109.269,5858000000.0
33,HUM,MRT,2013-03-31,2013-03-31,2013-03-31,2021-07-28,328000000.0,20974000000.0,20151250000.0,12678000000.0,8296000000.0,1.955,57.869,-414000000.0,1398000000.0,1398000000.0,30830000000.0,1447000000.0,1.826,1.289,2898000000.0,290000000.0,2608000000.0,2898000000.0,243000000.0,362000000.0,0.0,0.015,1.04,2365000000.0,2727000000.0,0.069,2727000000.0,2365000000.0,2251000000.0,9.03,8.93,9.03,9164000000.0,8789250000.0,9164000000.0,12573047363.0,5.0,4.611,-425000000.0,-2.684,1.0,8563000000.0,0.217,3641000000.0,114000000.0,11889000000.0,10218500000.0,0.0,9965000000.0,8141000000.0,1824000000.0,11810000000.0,6944000000.0,4866000000.0,10944047363.0,-2258000000.0,-1184000000.0,-444000000.0,986000000.0,-166000000.0,-80000000.0,-2167000000.0,-569000000.0,-11000000.0,0.0,1447000000.0,1447000000.0,1447000000.0,0.0,0.0,0.037,6198000000.0,2365000000.0,8335000000.0,0.115,1.194,7.563,7.653,1119000000.0,0.0,69.11,0.278,0.278,1321000000.0,8311000000.0,39393000000.0,39393000000.0,0.0,0.072,0.165,0.231,0.06,74000000.0,5893000000.0,1.0,158356929.0,158356929.0,,248.761,17333000000.0,0.0,804000000.0,0.0,109.455,5734000000.0
34,HUM,MRT,2012-12-31,2012-12-31,2012-12-31,2021-07-28,386000000.0,19979000000.0,20082750000.0,11710000000.0,8269000000.0,1.948,55.914,-410000000.0,1306000000.0,1306000000.0,30985000000.0,1222000000.0,1.837,1.258,2935000000.0,324000000.0,2611000000.0,2935000000.0,230000000.0,338000000.0,0.0,0.015,1.03,2016000000.0,2354000000.0,0.06,2354000000.0,2016000000.0,1911000000.0,7.56,7.47,7.56,8847000000.0,8556750000.0,8847000000.0,11388896306.0,6.0,4.838,1513000000.0,9.562,1.0,8141000000.0,0.208,3640000000.0,105000000.0,11593000000.0,9084000000.0,0.0,9847000000.0,8001000000.0,1846000000.0,11132000000.0,6375000000.0,4757000000.0,10858896306.0,-71000000.0,-1235000000.0,-461000000.0,972000000.0,-165000000.0,-29000000.0,-1965000000.0,-320000000.0,1923000000.0,0.0,1222000000.0,1222000000.0,1222000000.0,0.0,0.0,0.031,6125000000.0,2016000000.0,7679000000.0,0.136,1.227,8.886,9.078,1098000000.0,0.0,68.63,0.278,0.278,733000000.0,7881000000.0,39126000000.0,39126000000.0,0.0,0.061,0.143,0.222,0.052,82000000.0,5830000000.0,1.0,158223755.0,158223755.0,,247.283,16339000000.0,0.0,689000000.0,0.0,103.265,5335000000.0
35,HUM,MRT,2012-09-30,2012-09-30,2012-09-30,2021-07-28,397000000.0,18797000000.0,19515000000.0,11678000000.0,7119000000.0,1.979,53.744,-424000000.0,1363000000.0,1363000000.0,30531000000.0,1229000000.0,1.834,1.163,1893000000.0,277000000.0,1616000000.0,1893000000.0,172000000.0,316000000.0,0.0,0.015,1.02,2047000000.0,2363000000.0,0.061,2363000000.0,2047000000.0,1942000000.0,7.59,7.49,7.59,8691000000.0,8360750000.0,8691000000.0,9353127596.0,5.0,3.958,-503000000.0,-3.11,1.0,8094000000.0,0.21,2962000000.0,105000000.0,9996000000.0,8560750000.0,0.0,9895000000.0,8058000000.0,1837000000.0,10106000000.0,6369000000.0,3737000000.0,11344127596.0,-2656000000.0,-500000000.0,-460000000.0,-58000000.0,-165000000.0,-1609000000.0,-968000000.0,-44000000.0,-79000000.0,0.0,1229000000.0,1229000000.0,1229000000.0,0.0,0.0,0.032,6047000000.0,2047000000.0,7771000000.0,0.134,1.305,9.23,9.242,1034000000.0,0.0,70.15,0.294,0.294,642000000.0,7731000000.0,38625000000.0,38625000000.0,0.0,0.063,0.147,0.239,0.053,82000000.0,5760000000.0,1.0,161712439.0,161712439.0,,238.85,15835000000.0,0.0,713000000.0,0.0,97.921,5309000000.0
36,HUM,MRT,2012-06-30,2012-06-30,2012-06-30,2021-07-28,327000000.0,20855000000.0,19790682250.0,14071000000.0,6784000000.0,1.934,51.814,-392000000.0,3869000000.0,3869000000.0,30211000000.0,1248000000.0,1.622,1.467,1878000000.0,260000000.0,1618000000.0,1878000000.0,2341000000.0,312000000.0,0.0,0.013,1.01,2072000000.0,2384000000.0,0.062,2384000000.0,2072000000.0,1966000000.0,7.65,7.54,7.65,8455000000.0,8152492500.0,8455000000.0,10895600346.0,5.0,4.57,3782000000.0,23.177,1.0,8064000000.0,0.211,2792000000.0,106000000.0,7396000000.0,7747761500.0,0.0,9665000000.0,7882000000.0,1783000000.0,12400000000.0,8676000000.0,3724000000.0,12636600346.0,2301000000.0,-291000000.0,-489000000.0,7000000.0,-164000000.0,-1035000000.0,-838000000.0,-155000000.0,4174000000.0,0.0,1248000000.0,1248000000.0,1248000000.0,0.0,0.0,0.033,5992000000.0,2072000000.0,7860000000.0,0.132,1.495,10.125,10.123,976000000.0,0.0,77.44,0.33,0.33,898000000.0,7346000000.0,38275000000.0,38275000000.0,0.0,0.063,0.153,0.267,0.054,80000000.0,5713000000.0,1.0,163179240.0,163179240.0,,234.558,18063000000.0,0.0,718000000.0,0.0,110.694,5395000000.0
37,HUM,MRT,2012-03-31,2012-03-31,2012-03-31,2021-07-28,313000000.0,20700000000.0,18975658500.0,14056000000.0,6644000000.0,1.995,50.192,-351000000.0,3656000000.0,3656000000.0,29828000000.0,1352000000.0,1.593,1.514,1915000000.0,294000000.0,1621000000.0,1915000000.0,2298000000.0,305000000.0,0.0,0.011,1.0,2236000000.0,2541000000.0,0.067,2541000000.0,2236000000.0,2128000000.0,8.22,8.09,8.22,8234000000.0,7935421750.0,8234000000.0,15759422238.0,7.0,6.202,3278000000.0,19.982,1.0,8032000000.0,0.212,2785000000.0,108000000.0,7351000000.0,8142538500.0,0.0,9593000000.0,7889000000.0,1704000000.0,12466000000.0,8823000000.0,3643000000.0,15171422238.0,1900000000.0,-277000000.0,-522000000.0,6000000.0,-123000000.0,-872000000.0,-857000000.0,-229000000.0,3629000000.0,0.0,1352000000.0,1352000000.0,1352000000.0,0.0,0.0,0.036,5796000000.0,2236000000.0,7921000000.0,0.122,1.843,11.221,11.251,939000000.0,0.0,92.48,0.401,0.401,1330000000.0,7032000000.0,37860000000.0,37860000000.0,0.0,0.071,0.17,0.275,0.059,77000000.0,5522000000.0,1.0,164050846.0,164050846.0,,230.782,17915000000.0,0.0,776000000.0,0.0,109.204,5233000000.0
38,HUM,MRT,2011-12-31,2011-12-31,2011-12-31,2021-07-28,303000000.0,17708000000.0,18090673500.0,11181000000.0,6527000000.0,2.036,49.314,-336000000.0,1377000000.0,1377000000.0,28823000000.0,1419000000.0,1.846,1.196,1965000000.0,306000000.0,1659000000.0,1965000000.0,213000000.0,303000000.0,0.0,0.009,0.75,2344000000.0,2647000000.0,0.072,2647000000.0,2344000000.0,2235000000.0,8.58,8.46,8.58,8063000000.0,7683666250.0,8063000000.0,12265302444.0,5.0,4.634,1743000000.0,10.66,1.0,8009000000.0,0.217,2740000000.0,109000000.0,9500000000.0,8400187750.0,0.0,9453000000.0,7743000000.0,1710000000.0,9645000000.0,6056000000.0,3589000000.0,14324568444.0,-296000000.0,-226000000.0,-469000000.0,-103000000.0,-82000000.0,-1017000000.0,-1358000000.0,-796000000.0,2079000000.0,0.0,1419000000.0,1419000000.0,1419000000.0,0.0,0.0,0.039,5665000000.0,2344000000.0,7200000000.0,0.087,1.777,10.095,10.211,912000000.0,0.0,87.61,0.389,0.389,1034000000.0,6825000000.0,36832000000.0,36832000000.0,0.0,0.078,0.185,0.279,0.064,67000000.0,5395000000.0,1.0,163503806.0,163503806.0,,225.267,14968000000.0,0.0,816000000.0,0.0,91.545,5125000000.0
39,HUM,MRT,2011-09-30,2011-09-30,2011-09-30,2021-07-28,279844000.0,19899729000.0,17689423500.0,13632338000.0,6267391000.0,2.038,47.102,-285568000.0,4019405000.0,4019405000.0,28550258000.0,1326935000.0,1.601,1.532,1960139000.0,298587000.0,1661552000.0,1960139000.0,2005366000.0,291397000.0,0.0,0.007,0.5,2204251000.0,2495648000.0,0.069,2495648000.0,2204251000.0,2095930000.0,8.0,7.87,8.0,7857970000.0,7398916250.0,7857970000.0,12446989281.0,6.0,4.987,3543261000.0,21.239,1.0,7501349000.0,0.208,2579916000.0,108321000.0,6744046000.0,8074187750.0,0.0,9560580000.0,7864637000.0,1695943000.0,12041759000.0,8516501000.0,3525258000.0,12133511281.0,1096736000.0,-836880000.0,-547094000.0,58235000.0,-41000000.0,-643163000.0,-2088930000.0,-878161000.0,3828829000.0,0.0,1326935000.0,1326935000.0,1326935000.0,0.0,0.0,0.037,5297098000.0,2204251000.0,7793133000.0,0.062,1.544,9.144,9.091,850888000.0,0.0,72.73,0.337,0.337,1036317000.0,6667005000.0,36051607000.0,36051607000.0,0.0,0.075,0.179,0.273,0.061,63896000.0,5033055000.0,1.0,166829524.0,166829524.0,,216.098,17319813000.0,0.0,768995000.0,0.0,103.817,5115837000.0
40,HUM,MRT,2011-06-30,2011-06-30,2011-06-30,2021-07-28,189030000.0,17594905000.0,16812079250.0,11475227000.0,6119678000.0,2.088,45.053,-259573000.0,1567824000.0,1567824000.0,28044522000.0,1275156000.0,1.805,1.319,1881302000.0,217287000.0,1664015000.0,1881302000.0,204859000.0,281954000.0,0.0,0.003,0.25,2126684000.0,2408638000.0,0.069,2408638000.0,2126684000.0,2019220000.0,7.64,7.52,7.64,7586717000.0,7169166000.0,7586717000.0,13724962124.0,6.0,5.698,1859465000.0,11.042,1.0,7056897000.0,0.201,2577511000.0,107464000.0,8975108000.0,8168563500.0,0.0,9202656000.0,7609737000.0,1592919000.0,10008188000.0,6355764000.0,3652424000.0,13562483124.0,-430394000.0,-842331000.0,-330390000.0,-22452000.0,0.0,-551573000.0,-1997859000.0,-821146000.0,2119038000.0,0.0,1275156000.0,1275156000.0,1275156000.0,0.0,0.0,0.036,4930213000.0,2126684000.0,7494286000.0,0.033,1.788,10.636,10.542,822611000.0,0.0,80.54,0.386,0.386,1546392000.0,6262943000.0,35101419000.0,35101419000.0,0.0,0.076,0.178,0.26,0.061,64373000.0,4674453000.0,1.0,168394377.0,168394377.0,,208.448,15017394000.0,0.0,744064000.0,0.0,89.18,5119463000.0
41,HUM,MRT,2011-03-31,2011-03-31,2011-03-31,2021-07-28,108808000.0,17160060000.0,16335995500.0,11096774000.0,6063286000.0,2.106,42.879,-253972000.0,1756041000.0,1756041000.0,27644618000.0,1155232000.0,1.743,1.374,1918520000.0,252073000.0,1666447000.0,1918520000.0,219004000.0,276244000.0,0.0,0.0,0.0,1934760000.0,2211004000.0,0.064,2211004000.0,1934760000.0,1829074000.0,6.9,6.81,6.9,7226978000.0,6892193000.0,7226978000.0,12193162136.0,6.0,5.515,2029377000.0,12.041,1.0,6762044000.0,0.197,2576208000.0,105686000.0,8381597000.0,7828158250.0,0.0,8989049000.0,7420959000.0,1568090000.0,9933082000.0,6364734000.0,3568348000.0,11788065136.0,-57405000.0,-838000000.0,-221410000.0,16426000.0,0.0,-365971000.0,-1974783000.0,-824605000.0,2283349000.0,0.0,1155232000.0,1155232000.0,1155232000.0,0.0,0.0,0.034,4827284000.0,1934760000.0,7423721000.0,0.0,1.631,10.204,10.136,819729000.0,0.0,69.94,0.343,0.343,1219347000.0,5844177000.0,34406662000.0,34406662000.0,0.0,0.071,0.168,0.247,0.056,65661000.0,4575143000.0,1.0,168545398.0,168545398.0,,204.139,14583852000.0,0.0,673842000.0,0.0,86.528,4732040000.0
42,HUM,MRT,2010-12-31,2010-12-31,2010-12-31,2021-07-28,120000000.0,16103000000.0,15848264500.0,10137000000.0,5966000000.0,2.12,41.136,-222000000.0,1673000000.0,1673000000.0,27117000000.0,1099000000.0,1.765,1.326,2078000000.0,409000000.0,1669000000.0,2078000000.0,185000000.0,263000000.0,0.0,0.0,0.0,1854000000.0,2117000000.0,0.063,2117000000.0,1854000000.0,1749000000.0,6.55,6.47,6.55,6924000000.0,6606757750.0,6924000000.0,8203356263.0,4.0,3.875,2020000000.0,12.001,1.0,6479000000.0,0.193,2568000000.0,105000000.0,8196000000.0,7584828000.0,0.0,8373000000.0,6873000000.0,1500000000.0,9179000000.0,5744000000.0,3435000000.0,9213757263.0,60000000.0,-833000000.0,-171000000.0,35000000.0,0.0,-371000000.0,-1811000000.0,-756000000.0,2242000000.0,0.0,1099000000.0,1099000000.0,1099000000.0,0.0,0.0,0.033,4625000000.0,1854000000.0,6643000000.0,0.0,1.331,8.384,8.357,815000000.0,0.0,54.74,0.274,0.274,959000000.0,5529000000.0,33596000000.0,33596000000.0,0.0,0.069,0.166,0.244,0.055,63000000.0,4380000000.0,1.0,168318547.0,168318547.0,,199.598,13535000000.0,0.0,650000000.0,0.0,80.413,4393000000.0
43,HUM,MRT,2010-09-30,2010-09-30,2010-09-30,2021-07-28,259025000.0,16390352000.0,15360888000.0,11384613000.0,5005739000.0,2.131,41.003,-214297000.0,2922852000.0,2922852000.0,26363536000.0,1243049000.0,1.818,1.362,1912451000.0,241229000.0,1671222000.0,1912451000.0,213778000.0,266023000.0,0.0,0.0,0.0,2079084000.0,2345107000.0,0.072,2345107000.0,2079084000.0,1974010000.0,7.4,7.32,7.4,6938969000.0,6319758500.0,6938969000.0,8416736082.0,4.0,3.589,2349383000.0,13.883,1.0,6372488000.0,0.195,1997277000.0,105074000.0,7121549000.0,7370733000.0,0.0,8619542000.0,7142395000.0,1477147000.0,9451383000.0,6261125000.0,3190258000.0,8502237082.0,1470681000.0,-9684000.0,-99469000.0,41923000.0,0.0,160873000.0,-1253872000.0,-1181287000.0,2563680000.0,0.0,1243049000.0,1243049000.0,1243049000.0,0.0,0.0,0.038,4293404000.0,2079084000.0,7085286000.0,0.0,1.225,6.84,6.789,670277000.0,0.0,50.24,0.26,0.26,794197000.0,5421676000.0,32736024000.0,32736024000.0,0.0,0.081,0.197,0.282,0.064,69286000.0,4055027000.0,1.0,169232426.0,169232426.0,,193.438,14393075000.0,0.0,730961000.0,0.0,85.049,5123488000.0
44,HUM,MRT,2010-06-30,2010-06-30,2010-06-30,2021-07-28,158428000.0,15690570000.0,14813746750.0,10787089000.0,4903481000.0,2.167,38.067,-192825000.0,1998982000.0,1998982000.0,25833623000.0,1151347000.0,1.799,1.422,1913481000.0,239916000.0,1673565000.0,1913481000.0,209346000.0,263554000.0,0.0,0.0,0.0,1926258000.0,2189812000.0,0.068,2189812000.0,1926258000.0,1821068000.0,6.85,6.78,6.85,6478825000.0,5972067000.0,6478825000.0,7870836193.0,4.0,3.594,2101757000.0,12.349,1.0,6268408000.0,0.195,1994593000.0,105190000.0,7613487000.0,7372702500.0,0.0,8287797000.0,6882063000.0,1405734000.0,9211745000.0,5996989000.0,3214756000.0,7772911193.0,413708000.0,-1302000.0,-51900000.0,86141000.0,0.0,205190000.0,-2086064000.0,-2145055000.0,2294582000.0,0.0,1151347000.0,1151347000.0,1151347000.0,0.0,0.0,0.036,4342150000.0,1926258000.0,6775075000.0,0.0,1.2,6.751,6.667,660223000.0,0.0,45.67,0.242,0.242,1310269000.0,5028455000.0,32102031000.0,32102031000.0,0.0,0.078,0.193,0.261,0.06,72605000.0,4100402000.0,1.0,170197311.0,170197311.0,,188.617,13695977000.0,0.0,669721000.0,0.0,80.471,4790100000.0
45,HUM,MRT,2010-03-31,2010-03-31,2010-03-31,2021-07-28,69994000.0,15209136000.0,14312201500.0,10259986000.0,4949150000.0,2.195,35.748,-183981000.0,1813993000.0,1813993000.0,25332072000.0,1093051000.0,1.737,1.499,1911918000.0,236038000.0,1675880000.0,1911918000.0,235584000.0,254742000.0,0.0,0.0,0.0,1830706000.0,2085448000.0,0.066,2085448000.0,1830706000.0,1725164000.0,6.51,6.45,6.51,6085237000.0,5616930250.0,6085237000.0,8400469787.0,5.0,4.028,1947150000.0,11.439,1.0,6079605000.0,0.194,1992924000.0,105542000.0,7408276000.0,7088396000.0,0.0,8098492000.0,6764833000.0,1333659000.0,9123899000.0,5905861000.0,3218038000.0,7961427787.0,-97374000.0,367000.0,-3825000.0,-271946000.0,0.0,-99086000.0,-2129419000.0,-2244728000.0,2131131000.0,0.0,1093051000.0,1093051000.0,1093051000.0,0.0,0.0,0.035,4248899000.0,1830706000.0,6647418000.0,0.0,1.308,7.284,7.184,665909000.0,0.0,46.77,0.253,0.253,1091372000.0,4688379000.0,31411677000.0,31411677000.0,0.0,0.076,0.195,0.258,0.058,77663000.0,4011054000.0,1.0,170225097.0,170225097.0,,184.53,13216212000.0,0.0,632113000.0,0.0,77.64,4354125000.0
46,HUM,MRT,2009-12-31,2009-12-31,2009-12-31,2021-07-28,42135000.0,14153494000.0,13911570000.0,9252816000.0,4900678000.0,2.21,34.01,-184000000.0,1613588000.0,1613588000.0,24784000000.0,1040000000.0,1.759,1.45,2052630000.0,374464000.0,1678166000.0,2052630000.0,228817000.0,250000000.0,0.0,0.0,0.0,1708000000.0,1958000000.0,0.064,1958000000.0,1708000000.0,1602000000.0,6.21,6.15,6.21,5776003000.0,5263199250.0,5776003000.0,7881749284.0,5.0,4.025,1238000000.0,7.29,1.0,5959000000.0,0.194,1992924000.0,106000000.0,7339620000.0,6838171250.0,0.0,7497150000.0,6190062000.0,1307088000.0,8377491000.0,5259992000.0,3117499000.0,7453947284.0,-357000000.0,-12000000.0,-6000000.0,-100000000.0,0.0,80000000.0,-1859000000.0,-1975000000.0,1422000000.0,0.0,1040000000.0,1040000000.0,1040000000.0,0.0,0.0,0.034,4251000000.0,1708000000.0,5849758000.0,0.0,1.291,7.167,7.068,679142000.0,0.0,43.89,0.242,0.242,823620000.0,4429611000.0,30743000000.0,30743000000.0,0.0,0.075,0.198,0.25,0.056,66000000.0,4014000000.0,1.0,169832474.0,169832474.0,,181.02,12160570000.0,0.0,562000000.0,0.0,71.603,3992824000.0
47,HUM,MRT,2009-09-30,2009-09-30,2009-09-30,2021-07-28,83536000.0,14201787000.0,13633636500.0,9240828000.0,4960959000.0,2.26,32.702,-204156000.0,1452006000.0,1452006000.0,24789310000.0,963096000.0,1.678,1.56,1879808000.0,199384000.0,1680424000.0,1879808000.0,219789000.0,240388000.0,0.0,0.0,0.0,1570446000.0,1810834000.0,0.059,1810834000.0,1570446000.0,1464106000.0,5.75,5.71,5.75,5548203000.0,4933496000.0,5548203000.0,6579620698.0,4.0,3.633,1239908000.0,7.308,1.0,6025695000.0,0.196,1992924000.0,106340000.0,7129427000.0,6524730000.0,0.0,7218704000.0,5899385000.0,1319319000.0,8653584000.0,5507238000.0,3146346000.0,6328222698.0,-90894000.0,-173004000.0,-1820000.0,-58330000.0,0.0,241252000.0,-1776210000.0,-1718138000.0,1444064000.0,0.0,963096000.0,963096000.0,963096000.0,0.0,0.0,0.031,4455249000.0,1570446000.0,6259969000.0,0.0,1.141,6.571,6.487,679010000.0,0.0,37.3,0.205,0.205,765039000.0,4178952000.0,30815005000.0,30815005000.0,0.0,0.071,0.195,0.241,0.051,62352000.0,4214861000.0,1.0,169657445.0,169657445.0,,181.631,12208863000.0,0.0,501010000.0,0.0,71.962,3733590000.0
48,HUM,MRT,2009-06-30,2009-06-30,2009-06-30,2021-07-28,-86556000.0,13684389000.0,13224157250.0,8772364000.0,4912025000.0,2.287,29.821,-232123000.0,1585109000.0,1585109000.0,24488572000.0,844585000.0,1.605,1.705,1836507000.0,153853000.0,1682654000.0,1836507000.0,244855000.0,234426000.0,0.0,0.0,0.0,1377047000.0,1611473000.0,0.053,1611473000.0,1377047000.0,1277618000.0,5.05,5.02,5.05,5058278000.0,4614078250.0,5058278000.0,5753635908.0,4.0,3.57,849105000.0,5.006,1.0,5757784000.0,0.19,1992924000.0,99429000.0,6476261000.0,6192539500.0,0.0,5823620000.0,4583423000.0,1240197000.0,8626111000.0,5466602000.0,3159509000.0,5471919908.0,410467000.0,-169189000.0,-12640000.0,-145328000.0,0.0,-169170000.0,-501591000.0,-568928000.0,1081228000.0,0.0,844585000.0,844585000.0,844585000.0,0.0,0.0,0.028,4380737000.0,1377047000.0,6222211000.0,0.0,1.082,6.479,6.388,691414000.0,0.0,32.26,0.181,0.181,1265986000.0,3877433000.0,30246356000.0,30246356000.0,0.0,0.064,0.183,0.222,0.046,61226000.0,4146311000.0,1.0,169619340.0,169619340.0,,178.319,11691465000.0,0.0,433033000.0,0.0,68.928,3305762000.0
49,HUM,MRT,2009-03-31,2009-03-31,2009-03-31,2021-07-28,-174924000.0,13606610000.0,13038055750.0,8882756000.0,4723854000.0,2.278,27.659,-253526000.0,1911202000.0,1911202000.0,24159509000.0,772701000.0,1.618,1.913,2192918000.0,258062000.0,1934856000.0,2192918000.0,241462000.0,227406000.0,0.0,0.0,0.0,1253404000.0,1480810000.0,0.05,1480810000.0,1253404000.0,1162682000.0,4.63,4.59,4.63,4670313000.0,4400440750.0,4670313000.0,4594889270.0,4.0,3.103,769865000.0,4.559,1.0,5538820000.0,0.187,1991220000.0,90722000.0,6407377000.0,6102291250.0,0.0,5520975000.0,4439005000.0,1081970000.0,8936297000.0,5489729000.0,3446568000.0,4403738270.0,222915000.0,-431444000.0,-26585000.0,284367000.0,0.0,36022000.0,-836498000.0,-731368000.0,1023391000.0,0.0,772701000.0,772701000.0,772701000.0,0.0,0.0,0.026,4285416000.0,1253404000.0,6129895000.0,0.0,0.943,5.699,5.633,701376000.0,0.0,26.08,0.148,0.148,1025793000.0,3595653000.0,29698329000.0,29698329000.0,0.0,0.059,0.176,0.205,0.042,57129000.0,4058010000.0,1.0,168854995.0,168854995.0,,175.881,11615390000.0,0.0,389981000.0,0.0,68.789,3393027000.0
50,HUM,MRT,2008-12-31,2008-12-31,2008-12-31,2021-07-28,-175243000.0,13041760000.0,12826910250.0,8396042000.0,4645718000.0,2.257,26.419,-261566000.0,1970423000.0,1970423000.0,23708233000.0,647154000.0,1.62,1.926,2161574000.0,224542000.0,1937032000.0,2161574000.0,238098000.0,220350000.0,0.0,0.0,0.0,1073137000.0,1293487000.0,0.045,1293487000.0,1073137000.0,992848000.0,3.87,3.83,3.87,4457190000.0,4245981000.0,4457190000.0,6672567095.0,6.0,5.159,720744000.0,4.272,1.0,5238139000.0,0.181,1963111000.0,80289000.0,6085855000.0,5887516750.0,0.0,5215442000.0,4203538000.0,1011904000.0,8584570000.0,5183945000.0,3400625000.0,6289554095.0,-70030000.0,-422915000.0,-95105000.0,147867000.0,0.0,-554016000.0,-498324000.0,-685524000.0,982310000.0,0.0,647154000.0,647154000.0,647154000.0,0.0,0.0,0.022,4165002000.0,1073137000.0,5886063000.0,0.0,1.411,9.719,9.633,711492000.0,0.0,37.28,0.217,0.217,777672000.0,3389936000.0,28946372000.0,28946372000.0,0.0,0.05,0.152,0.182,0.037,55369000.0,3944652000.0,1.0,168711215.0,168711215.0,,171.573,11078649000.0,0.0,345694000.0,0.0,65.666,3212097000.0
51,HUM,MRT,2008-09-30,2008-09-30,2008-09-30,2021-07-28,-172484000.0,12563870000.0,12786238750.0,8199987000.0,4363883000.0,2.174,25.286,-252153000.0,1542900000.0,1542900000.0,22579380000.0,716293000.0,1.541,1.942,1925913000.0,257680000.0,1668233000.0,1925913000.0,220509000.0,208776000.0,0.0,0.0,0.0,1163290000.0,1372066000.0,0.049,1372066000.0,1163290000.0,1090789000.0,4.29,4.23,4.29,4270532000.0,4138917750.0,4270532000.0,7716791341.0,7.0,5.624,243752000.0,1.443,1.0,5218151000.0,0.188,1823280000.0,72501000.0,5800665000.0,5701023000.0,0.0,4913014000.0,3982564000.0,930450000.0,8293338000.0,5322938000.0,2970400000.0,6958370341.0,-1042770000.0,-728334000.0,-97132000.0,271909000.0,0.0,-157051000.0,-1381624000.0,-696195000.0,495905000.0,0.0,716293000.0,716293000.0,716293000.0,0.0,0.0,0.026,4054861000.0,1163290000.0,5833421000.0,0.0,1.629,9.714,9.604,677882000.0,0.0,41.2,0.25,0.25,697497000.0,3215856000.0,27797531000.0,27797531000.0,0.0,0.056,0.173,0.204,0.042,53099000.0,3846085000.0,1.0,168892484.0,168892484.0,,164.587,10740590000.0,0.0,374496000.0,0.0,63.594,2877049000.0
52,HUM,MRT,2008-06-30,2008-06-30,2008-06-30,2021-07-28,-51125000.0,12939983000.0,12663397750.0,8460543000.0,4479440000.0,2.13,24.843,-214130000.0,1174642000.0,1174642000.0,21722629000.0,835663000.0,1.467,2.078,1933063000.0,297965000.0,1635098000.0,1933063000.0,210770000.0,194900000.0,0.0,0.0,0.0,1355531000.0,1550431000.0,0.057,1550431000.0,1355531000.0,1286431000.0,5.0,4.92,5.0,4203728000.0,4006004000.0,4203728000.0,6933867807.0,5.0,4.472,-933153000.0,-5.515,1.0,5246316000.0,0.195,1817460000.0,69100000.0,6115268000.0,5077508500.0,0.0,5184815000.0,4195562000.0,989253000.0,8736255000.0,5765676000.0,2970579000.0,6729573807.0,-2546127000.0,-732581000.0,-76081000.0,352086000.0,0.0,-572364000.0,-1254740000.0,-853768000.0,-719023000.0,0.0,835663000.0,835663000.0,835663000.0,0.0,0.0,0.031,3890785000.0,1355531000.0,6237198000.0,0.0,1.601,8.053,7.954,655431000.0,0.0,39.77,0.25,0.25,987074000.0,3032848000.0,26968945000.0,26968945000.0,0.0,0.066,0.209,0.267,0.05,49033000.0,3695885000.0,1.0,169212316.0,169212316.0,,159.379,11122523000.0,0.0,450768000.0,0.0,65.731,2694867000.0
53,HUM,MRT,2008-03-31,2008-03-31,2008-03-31,2021-07-28,7312000.0,12762028000.0,12762143250.0,8610275000.0,4151753000.0,2.041,23.814,-193143000.0,1688287000.0,1688287000.0,20874565000.0,842613000.0,1.502,2.149,1892581000.0,291246000.0,1601335000.0,1892581000.0,227492000.0,195706000.0,0.0,0.0,0.0,1368306000.0,1564012000.0,0.06,1564012000.0,1368306000.0,1301007000.0,5.04,4.96,5.04,4052474000.0,3798946500.0,4052474000.0,7550574948.0,6.0,4.828,-538923000.0,-3.167,1.0,5170315000.0,0.199,1683604000.0,67299000.0,5548279000.0,3982064000.0,0.0,4917936000.0,3954830000.0,963106000.0,8709554000.0,5734439000.0,2975115000.0,7633978948.0,-2005772000.0,-470550000.0,-49416000.0,171674000.0,0.0,-336292000.0,-1323700000.0,-735277000.0,-345780000.0,0.0,842613000.0,842613000.0,842613000.0,0.0,0.0,0.032,3802009000.0,1368306000.0,6184420000.0,0.0,1.884,9.06,8.901,636935000.0,0.0,44.86,0.293,0.293,747806000.0,2822952000.0,26044880000.0,26044880000.0,0.0,0.066,0.222,0.344,0.053,46246000.0,3606303000.0,1.0,170173405.0,170173405.0,,153.049,11078424000.0,0.0,458394000.0,0.0,65.101,2875836000.0
54,HUM,MRT,2007-12-31,2007-12-31,2007-12-31,2021-07-28,14021000.0,12879074000.0,12748167500.0,8732846000.0,4146228000.0,1.984,23.779,-212730000.0,2040453000.0,2040453000.0,20270531000.0,833684000.0,1.508,2.197,1957049000.0,269226000.0,1687823000.0,1957049000.0,219780000.0,184812000.0,0.0,0.0,0.0,1358178000.0,1542990000.0,0.061,1542990000.0,1358178000.0,1289300000.0,5.0,4.91,5.0,4028937000.0,3575709750.0,4028937000.0,11720492697.0,9.0,7.596,1011532000.0,5.97,1.0,5019458000.0,0.198,1663939000.0,68878000.0,5339880000.0,3036690000.0,0.0,4650367000.0,3635317000.0,1015050000.0,8850137000.0,5791851000.0,3058286000.0,12759948697.0,300149000.0,-493493000.0,34226000.0,325621000.0,0.0,921278000.0,-1845391000.0,-430109000.0,1224262000.0,0.0,833684000.0,833684000.0,833684000.0,0.0,0.0,0.033,3661280000.0,1358178000.0,6283531000.0,0.0,3.167,15.305,15.062,637241000.0,0.0,75.31,0.505,0.505,592761000.0,2742782000.0,25289989000.0,25289989000.0,0.0,0.065,0.233,0.447,0.054,42132000.0,3476468000.0,1.0,169432329.0,169432329.0,,149.263,11215135000.0,0.0,455616000.0,0.0,66.192,2940995000.0
55,HUM,MRT,2007-09-30,2007-09-30,2007-09-30,2021-07-28,-11042000.0,12072506000.0,12053020500.0,9201824000.0,2870682000.0,2.042,22.181,-196500000.0,2585670000.0,2585670000.0,19900055000.0,745486000.0,1.439,2.229,1546214000.0,253356000.0,1292858000.0,1546214000.0,177080000.0,175997000.0,0.0,0.0,0.0,1237231000.0,1413228000.0,0.057,1413228000.0,1237231000.0,1171494000.0,4.48,4.4,4.48,3738877000.0,3331947000.0,3738877000.0,9537610153.0,8.0,6.749,1752495000.0,10.397,1.0,4706358000.0,0.191,1330585000.0,65737000.0,3306607000.0,2575794500.0,0.0,3896069000.0,3475300000.0,420769000.0,8333629000.0,6395858000.0,1937771000.0,11779163153.0,1404436000.0,-29206000.0,30188000.0,296928000.0,0.0,-65460000.0,-479099000.0,-340129000.0,1948995000.0,0.0,745486000.0,745486000.0,745486000.0,0.0,0.0,0.03,3469127000.0,1237231000.0,5965422000.0,0.0,3.15,15.801,15.598,570798000.0,0.0,69.88,0.479,0.479,685242000.0,2499563000.0,24606413000.0,24606413000.0,0.0,0.062,0.224,0.48,0.05,39025000.0,3293130000.0,1.0,168562724.0,168562724.0,,145.978,10741921000.0,0.0,426008000.0,0.0,63.727,2805966000.0
56,HUM,MRT,2007-06-30,2007-06-30,2007-06-30,2021-07-28,-38112000.0,13334965000.0,11524185250.0,10405926000.0,2929039000.0,2.077,20.088,-214356000.0,3720769000.0,3720769000.0,19562195000.0,602306000.0,1.296,2.951,1479216000.0,289646000.0,1189570000.0,1479216000.0,1355017000.0,171424000.0,0.0,0.0,0.0,1009165000.0,1180589000.0,0.049,1180589000.0,1009165000.0,942366000.0,3.64,3.57,3.64,3375498000.0,3120343500.0,3375498000.0,8154980183.0,8.0,6.908,1981275000.0,11.791,1.0,4374418000.0,0.183,1330585000.0,66799000.0,1733490000.0,2569959000.0,0.0,3724311000.0,3323536000.0,400775000.0,9959467000.0,8029337000.0,1930130000.0,10235133183.0,1462305000.0,-29136000.0,29654000.0,115667000.0,0.0,1118748000.0,-1852074000.0,-503366000.0,2195631000.0,0.0,602306000.0,602306000.0,602306000.0,0.0,0.0,0.025,3365253000.0,1009165000.0,6384674000.0,0.0,3.032,16.993,16.734,569412000.0,0.0,60.91,0.428,0.428,685479000.0,2197185000.0,23936613000.0,23936613000.0,0.0,0.052,0.193,0.393,0.042,37771000.0,3193829000.0,1.0,168036992.0,168036992.0,,142.448,12004380000.0,0.0,340060000.0,0.0,71.439,2376589000.0
57,HUM,MRT,2007-03-31,2007-03-31,2007-03-31,2021-07-28,-8378000.0,12706125000.0,10649594000.0,9870592000.0,2835533000.0,2.152,18.951,-207079000.0,3694059000.0,3694059000.0,18851278000.0,474949000.0,1.311,3.022,1613906000.0,284572000.0,1329334000.0,1613906000.0,1330325000.0,153756000.0,0.0,0.0,0.0,810718000.0,964474000.0,0.042,964474000.0,810718000.0,743098000.0,2.89,2.82,2.89,3159527000.0,2941167750.0,3159527000.0,9495532127.0,12.0,9.845,2046141000.0,12.273,1.0,4065707000.0,0.177,1331418000.0,67620000.0,1766783000.0,2657385500.0,0.0,3535058000.0,3154920000.0,380138000.0,9546598000.0,7527771000.0,2018827000.0,9673131127.0,1850654000.0,-54730000.0,17245000.0,411550000.0,0.0,1252147000.0,-1654713000.0,-594031000.0,2253220000.0,0.0,474949000.0,474949000.0,474949000.0,0.0,0.0,0.021,3254989000.0,810718000.0,5912874000.0,0.0,3.062,20.367,20.076,571405000.0,0.0,58.02,0.422,0.422,826314000.0,1980339000.0,22916985000.0,22916985000.0,0.0,0.045,0.161,0.305,0.035,35780000.0,3101233000.0,1.0,166720633.0,166720633.0,,137.457,11374707000.0,0.0,268149000.0,0.0,68.226,2342821000.0
58,HUM,MRT,2006-12-31,2006-12-31,2006-12-31,2021-07-28,-13205000.0,10098486000.0,9647567750.0,7303963000.0,2794523000.0,2.22,18.372,-183528000.0,1740304000.0,1740304000.0,17421204000.0,487423000.0,1.428,2.307,1562705000.0,293605000.0,1269100000.0,1562705000.0,155298000.0,148598000.0,0.0,0.0,0.0,825226000.0,973824000.0,0.045,973824000.0,825226000.0,762085000.0,2.97,2.9,2.97,3053886000.0,2793225750.0,3053886000.0,9264250012.0,11.0,9.513,1503184000.0,9.043,1.0,3995333000.0,0.187,1310631000.0,63141000.0,3496298000.0,2710425750.0,0.0,3607150000.0,3192273000.0,414877000.0,7044600000.0,5113958000.0,1930642000.0,9194096012.0,1008288000.0,-28062000.0,22524000.0,456165000.0,0.0,975642000.0,-1654066000.0,-862096000.0,1686712000.0,0.0,487423000.0,487423000.0,487423000.0,0.0,0.0,0.023,3170107000.0,825226000.0,4985628000.0,0.0,3.011,18.863,18.623,545004000.0,0.0,55.31,0.429,0.429,667657000.0,1909098000.0,21416537000.0,21416537000.0,0.0,0.051,0.175,0.304,0.039,32558000.0,3021509000.0,1.0,166228458.0,166228458.0,,128.838,8787855000.0,0.0,274662000.0,0.0,52.866,2190005000.0
59,HUM,MRT,2006-09-30,2006-09-30,2006-09-30,2021-07-28,-6574000.0,9957165000.0,8840349750.0,7153005000.0,2804160000.0,2.197,17.523,-178829000.0,1181234000.0,1181234000.0,15794260000.0,394178000.0,1.316,2.442,1251388000.0,281244000.0,970144000.0,1251388000.0,146320000.0,142906000.0,0.0,0.0,0.0,673242000.0,816148000.0,0.042,816148000.0,673242000.0,615578000.0,2.41,2.35,2.41,2892463000.0,2656972750.0,2892463000.0,10006794366.0,15.0,12.261,722198000.0,4.375,1.0,3630138000.0,0.187,1307231000.0,57664000.0,3283265000.0,2523471750.0,0.0,3650992000.0,3242711000.0,408281000.0,7064702000.0,5436823000.0,1627879000.0,10909094366.0,202298000.0,-76390000.0,34570000.0,365560000.0,0.0,1291967000.0,-1990696000.0,-935705000.0,901027000.0,0.0,394178000.0,394178000.0,394178000.0,0.0,0.0,0.02,2956896000.0,673242000.0,5009259000.0,0.0,3.772,27.676,27.423,518930000.0,0.0,66.09,0.562,0.562,729949000.0,1754077000.0,19424398000.0,19424398000.0,0.0,0.045,0.148,0.267,0.035,32117000.0,2813990000.0,1.0,165064221.0,165064221.0,,117.678,8649934000.0,0.0,221400000.0,0.0,52.403,1716182000.0
60,HUM,MRT,2006-06-30,2006-06-30,2006-06-30,2021-07-28,-43352000.0,9836600000.0,8059163750.0,7059026000.0,2777574000.0,2.183,16.148,-173977000.0,2258464000.0,2258464000.0,14272655000.0,281787000.0,1.273,2.7,1356164000.0,571765000.0,784399000.0,1356164000.0,1170278000.0,139348000.0,0.0,0.0,0.0,483678000.0,623026000.0,0.035,623026000.0,483678000.0,432882000.0,1.73,1.68,1.73,2658795000.0,2525349500.0,2658795000.0,8175250206.0,17.0,13.122,1704073000.0,10.35,1.0,3323420000.0,0.189,1307650000.0,50796000.0,2083196000.0,2195682750.0,0.0,3385802000.0,2998440000.0,387362000.0,7177805000.0,5543454000.0,1634351000.0,8841612206.0,1654674000.0,-76049000.0,31607000.0,340051000.0,0.0,867122000.0,-1090498000.0,-676621000.0,1878050000.0,0.0,281787000.0,281787000.0,281787000.0,0.0,0.0,0.016,2839742000.0,483678000.0,3801411000.0,0.0,3.325,31.377,31.04,505721000.0,0.0,53.7,0.502,0.502,767610000.0,1594879000.0,17596075000.0,17596075000.0,0.0,0.035,0.112,0.22,0.027,30834000.0,2700394000.0,1.0,164648272.0,164648272.0,,106.871,8528950000.0,0.0,151095000.0,0.0,51.801,1515572000.0
61,HUM,MRT,2006-03-31,2006-03-31,2006-03-31,2021-07-28,-28408000.0,8698020000.0,7169490500.0,6019326000.0,2678694000.0,2.195,15.706,-168287000.0,1843405000.0,1843405000.0,12681663000.0,273710000.0,1.257,2.387,1177043000.0,575818000.0,601225000.0,1177043000.0,920678000.0,134515000.0,0.0,0.0,0.0,461639000.0,596154000.0,0.038,596154000.0,461639000.0,417408000.0,1.68,1.64,1.68,2567759000.0,2439697750.0,2567759000.0,8970566793.0,19.0,15.047,1354195000.0,8.283,1.0,3053604000.0,0.194,1265176000.0,44231000.0,1978944000.0,2442341750.0,0.0,2997592000.0,2623009000.0,374583000.0,6130261000.0,4787538000.0,1342723000.0,8607533793.0,1283141000.0,-54858000.0,37747000.0,113846000.0,0.0,516281000.0,-755622000.0,-408833000.0,1522482000.0,0.0,273710000.0,273710000.0,273710000.0,0.0,0.0,0.017,2591965000.0,461639000.0,3291042000.0,0.0,3.352,31.448,31.339,498267000.0,0.0,52.65,0.547,0.547,763061000.0,1505390000.0,15735267000.0,15735267000.0,0.0,0.038,0.112,0.189,0.029,30009000.0,2457450000.0,1.0,163485922.0,163485922.0,,96.248,7432844000.0,0.0,143698000.0,0.0,45.465,1231788000.0
62,HUM,MRT,2005-12-31,2005-12-31,2005-12-31,2021-07-28,24832000.0,6869614000.0,6532383750.0,4206186000.0,2663428000.0,2.207,15.412,-161349000.0,732016000.0,732016000.0,11651470000.0,296730000.0,1.306,1.738,1095049000.0,581259000.0,513790000.0,1095049000.0,120489000.0,128858000.0,0.0,0.0,0.0,442195000.0,571053000.0,0.04,571053000.0,442195000.0,402880000.0,1.83,1.79,1.83,2508874000.0,2347709250.0,2508874000.0,8743395784.0,20.0,15.311,448733000.0,2.757,1.0,2766657000.0,0.192,1264575000.0,39315000.0,2748482000.0,2702186000.0,0.0,2745939000.0,2354904000.0,391035000.0,4360740000.0,3219590000.0,1141150000.0,8844322784.0,151937000.0,-402844000.0,35871000.0,287945000.0,0.0,309131000.0,-767276000.0,-233313000.0,610082000.0,0.0,296730000.0,296730000.0,296730000.0,0.0,0.0,0.021,2324462000.0,442195000.0,2517842000.0,0.0,3.525,29.806,29.689,484412000.0,0.0,54.33,0.613,0.613,723190000.0,1421675000.0,14418127000.0,14418127000.0,0.0,0.045,0.126,0.164,0.031,30153000.0,2195604000.0,1.0,162788934.0,162788934.0,,88.569,5605039000.0,0.0,106150000.0,0.0,34.431,986596000.0
63,HUM,MRT,2005-09-30,2005-09-30,2005-09-30,2021-07-28,-3504000.0,6832421000.0,6229384500.0,4283136000.0,2549285000.0,2.242,14.567,-149347000.0,978936000.0,978936000.0,11382119000.0,272015000.0,1.21,1.888,878009000.0,560799000.0,317210000.0,878009000.0,533908000.0,128208000.0,0.0,0.0,0.0,390619000.0,518827000.0,0.037,518827000.0,390619000.0,354985000.0,1.68,1.65,1.68,2365970000.0,2243021750.0,2365970000.0,8233731968.0,21.0,15.87,727256000.0,4.478,1.0,2582553000.0,0.185,1220461000.0,35634000.0,1972109000.0,2688604000.0,0.0,2594058000.0,2228424000.0,365634000.0,4466451000.0,3538924000.0,927527000.0,7776640968.0,603846000.0,-378654000.0,41956000.0,140373000.0,0.0,232546000.0,-505303000.0,57909000.0,876603000.0,0.0,272015000.0,272015000.0,272015000.0,0.0,0.0,0.019,2191934000.0,390619000.0,2444217000.0,0.0,3.287,28.589,28.5,457078000.0,0.0,47.88,0.557,0.557,695344000.0,1473699000.0,13964672000.0,13964672000.0,0.0,0.044,0.121,0.145,0.028,42929000.0,2063726000.0,1.0,162419402.0,162419402.0,,85.979,5611960000.0,0.0,82970000.0,0.0,34.552,744212000.0
64,HUM,MRT,2005-06-30,2005-06-30,2005-06-30,2021-07-28,13115000.0,6277907000.0,5874181750.0,3743070000.0,2534837000.0,2.267,14.312,-131476000.0,603790000.0,603790000.0,10838633000.0,309511000.0,1.532,1.71,1060881000.0,182493000.0,878388000.0,1060881000.0,121148000.0,125327000.0,0.0,0.0,0.0,447753000.0,573080000.0,0.043,573080000.0,447753000.0,415780000.0,1.92,1.89,1.92,2316188000.0,2157028000.0,2316188000.0,6949239239.0,16.0,12.126,462590000.0,2.858,1.0,2480851000.0,0.186,1221663000.0,31973000.0,3069832000.0,2879079750.0,0.0,2576341000.0,2217698000.0,358643000.0,3961719000.0,2443503000.0,1518216000.0,6431491239.0,400154000.0,-425801000.0,22205000.0,252477000.0,0.0,300838000.0,-494750000.0,78710000.0,594066000.0,0.0,309511000.0,309511000.0,309511000.0,0.0,0.0,0.023,2033098000.0,447753000.0,2139862000.0,0.0,2.777,20.78,20.698,437393000.0,0.0,39.74,0.483,0.483,588706000.0,1423755000.0,13319484000.0,13319484000.0,0.0,0.053,0.143,0.156,0.034,34862000.0,1907771000.0,1.0,161839236.0,161839236.0,,82.301,5056244000.0,0.0,106269000.0,0.0,31.242,1299567000.0
65,HUM,MRT,2005-03-31,2005-03-31,2005-03-31,2021-07-28,-5648000.0,6149593000.0,5640432250.0,3638451000.0,2511142000.0,2.341,13.679,-116443000.0,560264000.0,560264000.0,10739864000.0,308852000.0,1.513,1.796,1078012000.0,192741000.0,885271000.0,1078012000.0,143683000.0,120729000.0,0.0,0.0,0.0,440261000.0,560990000.0,0.042,560990000.0,440261000.0,413285000.0,1.92,1.9,1.92,2199805000.0,2056326750.0,2199805000.0,5385133684.0,12.0,9.599,363246000.0,2.259,1.0,2464737000.0,0.187,1244370000.0,26976000.0,3018321000.0,2833192250.0,0.0,2482533000.0,2136841000.0,345692000.0,3949788000.0,2404650000.0,1545138000.0,5136456684.0,142617000.0,-489909000.0,-19515000.0,249350000.0,0.0,262203000.0,-599275000.0,32042000.0,479689000.0,0.0,308852000.0,308852000.0,308852000.0,0.0,0.0,0.023,2024476000.0,440261000.0,2068226000.0,0.0,2.335,16.631,16.635,428890000.0,0.0,31.94,0.389,0.389,568184000.0,1339618000.0,13204601000.0,13204601000.0,0.0,0.055,0.15,0.155,0.033,27216000.0,1903747000.0,1.0,160815801.0,160815801.0,,82.11,4905223000.0,0.0,104433000.0,0.0,30.502,1233801000.0
66,HUM,MRT,2004-12-31,2004-12-31,2004-12-31,2021-07-28,16526000.0,5657617000.0,5421970250.0,3596137000.0,2061480000.0,2.417,13.112,-83605000.0,580079000.0,580079000.0,10669647000.0,269947000.0,1.546,1.707,828756000.0,192060000.0,636696000.0,828756000.0,146326000.0,117792000.0,0.0,0.0,0.0,422550000.0,540342000.0,0.041,540342000.0,422550000.0,399378000.0,1.68,1.66,1.68,2090124000.0,1983612000.0,2090124000.0,5104743712.0,12.0,9.447,260456000.0,1.634,1.0,2434678000.0,0.186,885572000.0,23172000.0,2694154000.0,2772961250.0,0.0,2494110000.0,2145645000.0,348465000.0,3567493000.0,2326568000.0,1240925000.0,4732815712.0,-351325000.0,-141810000.0,-37454000.0,-28948000.0,0.0,-71305000.0,-624081000.0,-407317000.0,344061000.0,0.0,269947000.0,269947000.0,269947000.0,0.0,0.0,0.021,2012128000.0,422550000.0,1988182000.0,0.0,2.264,17.532,17.673,399506000.0,0.0,29.69,0.361,0.361,554661000.0,1229823000.0,13104325000.0,13104325000.0,0.0,0.05,0.136,0.152,0.032,20492000.0,1894336000.0,1.0,159407737.0,159407737.0,,82.206,4772045000.0,0.0,129431000.0,0.0,29.936,1269569000.0
67,HUM,MRT,2004-09-30,2004-09-30,2004-09-30,2021-07-28,13797000.0,5411610000.0,5352519500.0,3405722000.0,2005888000.0,2.438,12.686,-71517000.0,375090000.0,375090000.0,10559054000.0,299195000.0,1.555,1.676,747018000.0,116106000.0,630912000.0,747018000.0,132659000.0,111262000.0,0.0,0.0,0.0,473729000.0,584991000.0,0.045,584991000.0,473729000.0,452311000.0,1.86,1.83,1.86,2021995000.0,1920068250.0,2021995000.0,3776664810.0,8.0,6.456,547027000.0,3.432,1.0,2488518000.0,0.191,859734000.0,21418000.0,2734012000.0,2644951750.0,0.0,2666318000.0,2332522000.0,333796000.0,3389615000.0,2189792000.0,1199823000.0,3184561810.0,-260747000.0,-115972000.0,-37583000.0,-105976000.0,0.0,-138034000.0,-741257000.0,-548243000.0,618544000.0,0.0,299195000.0,299195000.0,299195000.0,0.0,0.0,0.023,2014789000.0,473729000.0,1941027000.0,0.0,1.575,10.644,10.742,390735000.0,0.0,19.98,0.244,0.244,405067000.0,1182697000.0,13047572000.0,13047572000.0,0.0,0.056,0.156,0.179,0.036,6337000.0,1903527000.0,1.0,159387478.0,159387478.0,,81.861,4551876000.0,0.0,153116000.0,0.0,28.559,1215930000.0
68,HUM,MRT,2004-06-30,2004-06-30,2004-06-30,2021-07-28,-16756000.0,5342909000.0,5187048000.0,3403923000.0,1938986000.0,2.503,11.85,-66927000.0,203636000.0,203636000.0,10536266000.0,277011000.0,1.523,1.792,795739000.0,172062000.0,623677000.0,795739000.0,109066000.0,107136000.0,0.0,0.0,0.0,437925000.0,545061000.0,0.042,545061000.0,437925000.0,418250000.0,1.72,1.69,1.72,1913383000.0,1854350500.0,1913383000.0,3168591567.0,7.0,5.813,317802000.0,1.968,1.0,2446798000.0,0.188,813399000.0,19675000.0,2886282000.0,2495898750.0,0.0,2645949000.0,2322282000.0,323667000.0,3429526000.0,2235331000.0,1194195000.0,2728904567.0,-551306000.0,-68735000.0,-41621000.0,123334000.0,0.0,65711000.0,-1001746000.0,-882086000.0,384729000.0,0.0,277011000.0,277011000.0,277011000.0,0.0,0.0,0.021,2008873000.0,437925000.0,1954203000.0,0.0,1.426,9.851,9.826,392956000.0,0.0,16.9,0.21,0.21,528078000.0,1098394000.0,12983064000.0,12983064000.0,0.0,0.053,0.149,0.175,0.034,6337000.0,1901737000.0,1.0,161473643.0,161473643.0,,80.404,4529510000.0,0.0,141239000.0,0.0,28.051,1168592000.0
69,HUM,MRT,2004-03-31,2004-03-31,2004-03-31,2021-07-28,24641000.0,5275745000.0,4852466000.0,3368820000.0,1906925000.0,2.593,11.776,-71799000.0,417647000.0,417647000.0,10191503000.0,265534000.0,1.559,1.764,857334000.0,210437000.0,646897000.0,857334000.0,131372000.0,108424000.0,0.0,0.0,0.0,418238000.0,526662000.0,0.042,526662000.0,418238000.0,400087000.0,1.66,1.62,1.66,1908946000.0,1764862500.0,1908946000.0,3013604071.0,7.0,5.722,409516000.0,2.526,1.0,2390041000.0,0.19,776874000.0,18151000.0,2777397000.0,2187508000.0,0.0,2427193000.0,2115784000.0,311409000.0,3366799000.0,2161161000.0,1205638000.0,3083316071.0,-115005000.0,0.0,-179000.0,156666000.0,0.0,212939000.0,-809259000.0,-712564000.0,481315000.0,0.0,265534000.0,265534000.0,265534000.0,0.0,0.0,0.021,1971803000.0,418238000.0,1819352000.0,0.0,1.615,11.612,11.458,397212000.0,0.0,19.02,0.245,0.245,511931000.0,1017641000.0,12581544000.0,12581544000.0,0.0,0.055,0.15,0.191,0.033,6337000.0,1863379000.0,1.0,162109152.0,162109152.0,,77.612,4498871000.0,0.0,134553000.0,0.0,27.752,1207659000.0
70,HUM,MRT,2003-12-31,2003-12-31,2003-12-31,2021-07-28,16909000.0,5379814000.0,5129875500.0,3407822000.0,1971992000.0,2.383,11.397,-90086000.0,931404000.0,931404000.0,9879421000.0,228934000.0,1.449,1.93,861692000.0,219054000.0,642638000.0,861692000.0,333071000.0,126779000.0,0.0,0.0,0.0,362083000.0,488862000.0,0.04,488862000.0,362083000.0,344716000.0,1.44,1.41,1.44,1835949000.0,1721211500.0,1835949000.0,3908365130.0,11.0,7.995,323054000.0,2.005,1.0,2346890000.0,0.192,776874000.0,17367000.0,2182116000.0,1936579000.0,0.0,1995809000.0,1676642000.0,319167000.0,3543865000.0,2351112000.0,1192753000.0,3681011130.0,210047000.0,0.0,-16466000.0,154980000.0,0.0,179744000.0,-382837000.0,-283077000.0,413140000.0,0.0,228934000.0,228934000.0,228934000.0,0.0,0.0,0.019,1984807000.0,362083000.0,1798987000.0,0.0,2.005,16.079,15.868,416472000.0,0.0,22.85,0.301,0.301,452404000.0,949811000.0,12226311000.0,12226311000.0,0.0,0.045,0.133,0.187,0.03,6337000.0,1858028000.0,1.0,161094579.0,161094579.0,,75.895,4602940000.0,0.0,115782000.0,0.0,28.573,1056710000.0
71,HUM,MRT,2003-09-30,2003-09-30,2003-09-30,2021-07-28,20086000.0,4749724000.0,4564527000.0,3079711000.0,1670013000.0,2.613,10.89,-89203000.0,635837000.0,635837000.0,9670982000.0,160920000.0,1.493,1.7,863191000.0,218751000.0,644440000.0,863191000.0,108161000.0,130406000.0,0.0,0.0,0.0,259334000.0,389740000.0,0.033,389740000.0,259334000.0,242497000.0,1.02,0.99,1.02,1759124000.0,1713284000.0,1759124000.0,3066996929.0,12.0,7.869,456427000.0,2.826,1.0,2257489000.0,0.189,776874000.0,16837000.0,2137800000.0,1984144000.0,0.0,2002866000.0,1682402000.0,320464000.0,2990600000.0,2062404000.0,928196000.0,2915741929.0,260101000.0,-1109000.0,-70471000.0,146939000.0,0.0,177477000.0,-463006000.0,-295877000.0,545630000.0,0.0,160920000.0,160920000.0,160920000.0,0.0,0.0,0.013,1998155000.0,259334000.0,1735492000.0,0.0,1.657,18.119,17.696,413402000.0,0.0,18.05,0.244,0.244,461684000.0,883502000.0,11928471000.0,11928471000.0,0.0,0.035,0.094,0.131,0.022,9490000.0,1867749000.0,1.0,161536949.0,161536949.0,,73.844,3972850000.0,0.0,81577000.0,0.0,24.594,1017307000.0
72,HUM,MRT,2003-06-30,2003-06-30,2003-06-30,2021-07-28,,,,,,,,-96034000.0,,,9443880000.0,151132000.0,,,,,,,,133817000.0,,0.0,0.0,242249000.0,376066000.0,0.032,376066000.0,242249000.0,226042000.0,0.95,0.92,0.95,,,,2590462930.0,11.0,6.888,462555000.0,2.863,1.0,2214453000.0,0.19,,16207000.0,,,,,,,,,,2439207930.0,304242000.0,-1109000.0,-80128000.0,-54733000.0,0.0,-34031000.0,-220316000.0,-46356000.0,558589000.0,0.0,151132000.0,151132000.0,151132000.0,0.0,0.0,0.013,1972204000.0,242249000.0,,0.0,,16.14,15.895,,0.0,15.1,0.209,0.209,,,11658333000.0,11658333000.0,0.0,,,,0.021,9490000.0,1838387000.0,1.0,161536949.0,161536949.0,,72.171,,,74910000.0,,,
73,HUM,MRT,2003-03-31,2003-03-31,2003-03-31,2021-07-28,23257000.0,4429187000.0,4512489250.0,2731187000.0,1698000000.0,2.54,10.082,-99556000.0,532652000.0,532652000.0,9315091000.0,127215000.0,1.238,1.733,683907000.0,349579000.0,334328000.0,683907000.0,117604000.0,135601000.0,0.0,0.0,0.0,205340000.0,340941000.0,0.03,340941000.0,205340000.0,188557000.0,0.79,0.76,0.79,1620779000.0,1628958750.0,1620779000.0,1521804531.0,7.0,4.464,253759000.0,1.578,1.0,2145224000.0,0.187,776874000.0,16783000.0,1597619000.0,1706667750.0,0.0,1723873000.0,1411356000.0,312517000.0,2808408000.0,2205949000.0,602459000.0,1543366531.0,46770000.0,-1109000.0,-86356000.0,-77841000.0,0.0,-88406000.0,-218139000.0,-40657000.0,353315000.0,0.0,127215000.0,127215000.0,127215000.0,0.0,0.0,0.011,1939884000.0,205340000.0,1738766000.0,0.0,0.952,12.132,12.152,423465000.0,0.0,9.6,0.135,0.135,472972000.0,752107000.0,11460315000.0,11460315000.0,0.0,0.028,0.078,0.12,0.018,9490000.0,1804283000.0,1.0,160767347.0,160767347.0,,71.285,3652313000.0,0.0,61342000.0,0.0,22.718,525238000.0
74,HUM,MRT,2002-12-31,2002-12-31,2002-12-31,2021-07-28,22455000.0,4879937000.0,4481169250.0,2756733000.0,2123204000.0,2.513,9.721,-110287000.0,721357000.0,721357000.0,9138196000.0,142755000.0,1.153,2.038,699795000.0,359882000.0,339913000.0,699795000.0,335757000.0,120730000.0,0.0,0.0,0.0,227186000.0,347916000.0,0.031,347916000.0,227186000.0,209934000.0,0.87,0.85,0.87,1606474000.0,1611177000.0,1606474000.0,1980268300.0,9.0,5.692,211121000.0,1.278,1.0,2122985000.0,0.189,776874000.0,17252000.0,1691042000.0,1709866000.0,0.0,1694557000.0,1395068000.0,299489000.0,3273463000.0,2390459000.0,883004000.0,1652541300.0,69937000.0,0.0,-65890000.0,-57424000.0,0.0,-46497000.0,-204974000.0,-17870000.0,321408000.0,0.0,142755000.0,142755000.0,142755000.0,0.0,0.0,0.013,1895799000.0,227186000.0,1694820000.0,0.0,1.029,11.576,11.494,459842000.0,0.0,10.0,0.147,0.147,321135000.0,720877000.0,11261181000.0,11261181000.0,0.0,0.032,0.089,0.133,0.02,9490000.0,1775069000.0,1.0,165254130.0,165254130.0,,68.145,4103063000.0,0.0,67179000.0,0.0,24.829,366274000.0
75,HUM,MRT,2002-09-30,2002-09-30,2002-09-30,2021-07-28,35819000.0,4379330000.0,4362094500.0,2584503000.0,1794827000.0,2.528,9.837,-115270000.0,375736000.0,375736000.0,8919935000.0,179568000.0,1.231,1.626,703463000.0,369402000.0,334061000.0,703463000.0,89977000.0,132926000.0,0.0,0.0,0.0,285019000.0,417945000.0,0.038,417945000.0,285019000.0,267297000.0,1.09,1.07,1.09,1667444000.0,1586545750.0,1667444000.0,2372759830.0,8.0,5.677,-127452000.0,-0.752,1.0,2108930000.0,0.191,776874000.0,17722000.0,1830488000.0,1636958250.0,0.0,1737870000.0,1420524000.0,317346000.0,2711886000.0,2099695000.0,612191000.0,2101814830.0,-216097000.0,3761000.0,-24968000.0,-44848000.0,0.0,-62637000.0,-141278000.0,-29769000.0,-12182000.0,0.0,179568000.0,179568000.0,179568000.0,0.0,0.0,0.016,1823911000.0,285019000.0,1640316000.0,0.0,1.261,11.705,11.376,462453000.0,0.0,12.4,0.191,0.191,489518000.0,722583000.0,11028865000.0,11028865000.0,0.0,0.041,0.113,0.174,0.026,10050000.0,1690985000.0,1.0,169501196.0,169501196.0,,65.067,3602456000.0,50838000.0,87729000.0,0.0,21.253,484808000.0
76,HUM,MRT,2002-06-30,2002-06-30,2002-06-30,2021-07-28,18635000.0,4361503000.0,4310762000.0,2579877000.0,1781626000.0,2.505,9.58,-116839000.0,450700000.0,450700000.0,8736197000.0,157567000.0,1.201,1.69,721645000.0,398279000.0,323366000.0,721645000.0,82962000.0,143859000.0,0.0,0.0,0.0,257291000.0,401150000.0,0.037,401150000.0,257291000.0,237731000.0,0.95,0.94,0.95,1621138000.0,1535684750.0,1621138000.0,2892512507.0,11.0,7.211,-124984000.0,-0.739,1.0,2061915000.0,0.191,776874000.0,19560000.0,1707522000.0,1497336250.0,0.0,1639568000.0,1337776000.0,301792000.0,2740365000.0,2148052000.0,592313000.0,2645009507.0,-152040000.0,4061000.0,-1396000.0,-50873000.0,0.0,-45142000.0,-98753000.0,14025000.0,-8145000.0,0.0,157567000.0,157567000.0,157567000.0,0.0,0.0,0.015,1804624000.0,257291000.0,1666811000.0,0.0,1.632,16.787,16.453,462786000.0,0.0,15.63,0.245,0.245,454855000.0,670252000.0,10798112000.0,10798112000.0,0.0,0.037,0.103,0.172,0.024,10050000.0,1660765000.0,1.0,169226456.0,169226456.0,,63.809,3584629000.0,73359000.0,80164000.0,0.0,21.182,431825000.0
77,HUM,MRT,2002-03-31,2002-03-31,2002-03-31,2021-07-28,3303000.0,4303907000.0,4260386250.0,2541654000.0,1762253000.0,2.456,9.177,-118518000.0,485882000.0,485882000.0,8467254000.0,137290000.0,1.174,1.777,733385000.0,426430000.0,306955000.0,733385000.0,87282000.0,152551000.0,0.0,0.0,0.0,232245000.0,384796000.0,0.037,384796000.0,232245000.0,210217000.0,0.82,0.82,0.82,1549652000.0,1485400250.0,1549652000.0,2364591788.0,10.0,6.145,-40511000.0,-0.24,1.0,1996216000.0,0.191,776874000.0,22028000.0,1610412000.0,1296455750.0,0.0,1690179000.0,1409047000.0,281132000.0,2754255000.0,2164124000.0,590131000.0,2284765788.0,-84459000.0,-27119000.0,-1396000.0,6760000.0,0.0,5699000.0,-168165000.0,-22528000.0,78007000.0,0.0,137290000.0,137290000.0,137290000.0,0.0,0.0,0.013,1763971000.0,232245000.0,1650412000.0,0.0,1.474,16.642,16.5,467954000.0,0.0,13.53,0.218,0.218,325611000.0,624893000.0,10463470000.0,10463470000.0,0.0,0.032,0.092,0.179,0.022,10050000.0,1611420000.0,1.0,168866651.0,168866651.0,,61.963,3527033000.0,93223000.0,72927000.0,0.0,20.886,377530000.0
78,HUM,MRT,2001-12-31,2001-12-31,2001-12-31,2021-07-28,11670000.0,4403638000.0,4355308000.0,2622938000.0,1780700000.0,2.341,8.939,-114971000.0,651420000.0,651420000.0,8279844000.0,117171000.0,1.137,1.92,731246000.0,415757000.0,315489000.0,731246000.0,325040000.0,161531000.0,0.0,0.0,0.0,208382000.0,369913000.0,0.036,369913000.0,208382000.0,183080000.0,0.71,0.7,0.71,1507949000.0,1434185000.0,1507949000.0,2126933279.0,10.0,5.75,33987000.0,0.201,1.0,1915042000.0,0.188,776874000.0,25302000.0,1399411000.0,1158199000.0,0.0,1675719000.0,1389596000.0,286123000.0,2895689000.0,2307179000.0,588510000.0,1988933279.0,-6142000.0,-27889000.0,-1396000.0,-34897000.0,0.0,-36293000.0,-118807000.0,24053000.0,148958000.0,0.0,117171000.0,117171000.0,117171000.0,0.0,0.0,0.011,1706660000.0,208382000.0,1566382000.0,0.0,1.319,16.975,16.606,461761000.0,0.0,11.79,0.195,0.195,299601000.0,578122000.0,10194886000.0,10194886000.0,0.0,0.027,0.082,0.18,0.02,10050000.0,1545129000.0,1.0,168696631.0,168696631.0,,60.433,3626764000.0,0.0,65909000.0,0.0,21.499,315759000.0
79,HUM,MRT,2001-09-30,2001-09-30,2001-09-30,2021-07-28,6000000.0,4174000000.0,,2451000000.0,1723000000.0,,8.664,-111077000.0,592000000.0,592000000.0,8289655000.0,109115000.0,1.091,1.851,730000000.0,412000000.0,318000000.0,730000000.0,283000000.0,156709000.0,0.0,0.0,0.0,189297000.0,346006000.0,0.034,346006000.0,189297000.0,162214000.0,0.65,0.65,0.65,1464000000.0,,1464000000.0,2181865394.0,12.0,6.306,228165000.0,1.35,1.0,1859465000.0,0.183,793000000.0,27083000.0,1272000000.0,,0.0,1666000000.0,1392000000.0,274000000.0,2710000000.0,2247000000.0,463000000.0,2037865394.0,227546000.0,-36043000.0,-2299000.0,-25724000.0,0.0,-30190000.0,-81506000.0,65614000.0,339242000.0,0.0,109115000.0,109115000.0,109115000.0,0.0,0.0,0.011,1670168000.0,189297000.0,1552000000.0,0.0,1.392,18.676,18.554,453000000.0,0.0,12.06,0.201,0.201,282000000.0,543000000.0,10149120000.0,10149120000.0,0.0,,,,0.019,7069000.0,1513459000.0,1.0,168977230.0,168977230.0,,60.062,3381000000.0,0.0,53099000.0,0.0,20.009,204000000.0
80,HUM,MRT,2001-06-30,2001-06-30,2001-06-30,2021-07-28,-5000000.0,4160000000.0,,2459000000.0,1701000000.0,,8.403,-108657000.0,603000000.0,603000000.0,8351372000.0,101785000.0,0.948,1.93,747000000.0,747000000.0,0.0,747000000.0,313000000.0,153253000.0,0.0,0.0,0.0,171961000.0,325214000.0,0.032,325214000.0,171961000.0,143823000.0,0.61,0.61,0.61,1420000000.0,,1420000000.0,,,,-77065000.0,-0.456,1.0,1821874000.0,0.179,807000000.0,28138000.0,904000000.0,,0.0,1621000000.0,1380000000.0,241000000.0,2740000000.0,2593000000.0,147000000.0,1664425716.0,-186547000.0,-65343000.0,-26432000.0,-33381000.0,0.0,-61749000.0,-156390000.0,17610000.0,31592000.0,0.0,101785000.0,101785000.0,101785000.0,0.0,0.0,0.01,1649913000.0,171961000.0,1533000000.0,0.0,1.172,16.352,16.148,449000000.0,0.0,9.85,0.164,0.164,269000000.0,513000000.0,10173246000.0,10173246000.0,0.0,,,,0.017,7069000.0,1496660000.0,1.0,168977230.0,168977230.0,,60.205,3353000000.0,0.0,42038000.0,0.0,19.843,-134000000.0
81,HUM,MRT,2001-03-31,2001-03-31,2001-03-31,2021-07-28,,,,,,,,,,,8569127000.0,95703000.0,,,,,,,,,,0.0,0.0,156925000.0,,,,156925000.0,128632000.0,0.57,0.57,0.57,,,,,,,,,1.0,1802821000.0,0.174,,28293000.0,,,,,,,,,,,,,,,,,,,,,95703000.0,95703000.0,95703000.0,0.0,0.0,0.009,1645896000.0,156925000.0,,0.0,,,18.386,,0.0,10.48,,,,,10371948000.0,10371948000.0,0.0,,,,0.015,,1494572000.0,1.0,,,,,,,32929000.0,,,
82,HUM,MRT,2000-12-31,2000-12-31,2000-12-31,2021-07-28,-8509000.0,4306978000.0,,2534066000.0,1772912000.0,,,-113904000.0,657562000.0,657562000.0,8781998000.0,90052000.0,0.942,2.166,748515000.0,748515000.0,0.0,748515000.0,333305000.0,146548000.0,0.0,0.0,0.0,142605000.0,289153000.0,0.027,289153000.0,142605000.0,113990000.0,0.54,0.54,0.54,1360421000.0,,1360421000.0,,,,-73500000.0,,1.0,1813952000.0,0.171,789541000.0,28615000.0,916987000.0,,0.0,1648586000.0,1408522000.0,240064000.0,2946557000.0,2691403000.0,255154000.0,,-320725000.0,15607000.0,-26432000.0,-152879000.0,0.0,-183104000.0,-178025000.0,-79728000.0,40404000.0,0.0,90052000.0,90052000.0,90052000.0,0.0,0.0,0.008,1671347000.0,142605000.0,1609583000.0,0.0,,,28.241,434620000.0,0.0,15.25,,,205260000.0,460951000.0,10595950000.0,10595950000.0,0.0,,,,0.013,7069000.0,1524799000.0,1.0,,,,,3517437000.0,169972000.0,23938000.0,0.0,,-157337000.0
83,HUM,MRT,2000-09-30,2000-09-30,2000-09-30,2021-07-28,,,,,,,,,,,,,,,,,,,,,,0.0,0.0,,,,,,,,,,,,,,,,,,1.0,,,,,,,,,,,,,,,,,,,,,,,,,,,,,,,,,,,,,,,,10.75,,,,,,,,,,,,,,1.0,,,,,,,,,,
84,HUM,MRT,2000-06-30,2000-06-30,2000-06-30,2021-07-28,,,,,,,,,,,,,,,,,,,,,,0.0,0.0,,,,,,,,,,,,,,,,,,1.0,,,,,,,,,,,,,,,,,,,,,,,,,,,,,,,,,,,,,,,,4.875,,,,,,,,,,,,,,1.0,,,,,,,,,,
85,HUM,MRT,1999-12-31,1999-12-31,1999-12-31,2021-07-28,,,,,,,,-35097000.0,,,8533090000.0,-382420000.0,,,,,,,,123858000.0,,0.0,0.0,-371446000.0,-247588000.0,-0.024,-247588000.0,-371446000.0,-404839000.0,-2.28,-2.28,-2.28,,,,,,,182638000.0,,1.0,1678445000.0,0.164,,33393000.0,,,,,,,,,,,65708000.0,-14810000.0,0.0,-156006000.0,0.0,-169806000.0,17779000.0,67686000.0,217735000.0,0.0,-382420000.0,-382420000.0,-382420000.0,0.0,0.0,-0.037,2049891000.0,-371446000.0,,0.0,,,-3.591,,0.0,8.188,,,,,10211535000.0,10211535000.0,0.0,,,,-0.036,3104000.0,1466181000.0,1.0,,,,,,,-22419000.0,,,
