None,ticker,dimension,calendardate,datekey,reportperiod,lastupdated,accoci,assets,assetsavg,assetsc,assetsnc,assetturnover,bvps,capex,cashneq,cashnequsd,cor,consolinc,currentratio,de,debt,debtc,debtnc,debtusd,deferredrev,depamor,deposits,divyield,dps,ebit,ebitda,ebitdamargin,ebitdausd,ebitusd,ebt,eps,epsdil,epsusd,equity,equityavg,equityusd,ev,evebit,evebitda,fcf,fcfps,fxusd,gp,grossmargin,intangibles,intexp,invcap,invcapavg,inventory,investments,investmentsc,investmentsnc,liabilities,liabilitiesc,liabilitiesnc,marketcap,ncf,ncfbus,ncfcommon,ncfdebt,ncfdiv,ncff,ncfi,ncfinv,ncfo,ncfx,netinc,netinccmn,netinccmnusd,netincdis,netincnci,netmargin,opex,opinc,payables,payoutratio,pb,pe,pe1,ppnenet,prefdivis,price,ps,ps1,receivables,retearn,revenue,revenueusd,rnd,roa,roe,roic,ros,sbcomp,sgna,sharefactor,sharesbas,shareswa,shareswadil,sps,tangibles,taxassets,taxexp,taxliabilities,tbvps,workingcapital
0,KEY,MRY,2020-12-31,2020-12-31,2020-12-31,2021-09-09,738000000.0,170336000000.0,167066250000.0,,,0.034,18.58,-63000000.0,1091000000.0,1091000000.0,0.0,1343000000.0,,8.473,14688000000.0,,,14688000000.0,0.0,111000000.0,135282000000.0,0.045,0.74,1570000000.0,1681000000.0,0.297,1681000000.0,1570000000.0,1570000000.0,1.28,1.27,1.28,17981000000.0,17664000000.0,17981000000.0,28783914644.0,18.0,17.123,1610000000.0,1.664,1.0,5665000000.0,1.0,2852000000.0,0.0,181081000000.0,179424000000.0,0.0,153843000000.0,,,152355000000.0,,,16023914644.0,359000000.0,0.0,-126000000.0,986000000.0,-829000000.0,23407000000.0,-24721000000.0,-24724000000.0,1673000000.0,0.0,1343000000.0,1237000000.0,1237000000.0,-14000000.0,0.0,0.218,4109000000.0,1556000000.0,0.0,0.578,0.891,12.954,12.82,753000000.0,106000000.0,16.41,2.829,2.803,0.0,12751000000.0,5665000000.0,5665000000.0,0.0,0.007,0.07,0.009,0.277,101000000.0,3259000000.0,1.0,976472556.0,967783000,974807000.0,5.854,167484000000.0,0.0,227000000.0,0.0,173.059,
1,KEY,MRY,2019-12-31,2019-12-31,2019-12-31,2021-09-09,26000000.0,144988000000.0,144434750000.0,,,0.041,17.174,-67000000.0,732000000.0,732000000.0,0.0,1717000000.0,,7.51,13540000000.0,,,13540000000.0,0.0,241000000.0,111870000000.0,0.035,0.71,2031000000.0,2272000000.0,0.384,2272000000.0,2031000000.0,2031000000.0,1.63,1.62,1.63,17038000000.0,16761750000.0,17038000000.0,34651550102.0,17.0,15.252,2839000000.0,2.862,1.0,5923000000.0,1.0,2917000000.0,0.0,154879000000.0,155680000000.0,0.0,129907000000.0,,,127950000000.0,,,19935550102.0,54000000.0,-185000000.0,-817000000.0,-1276000000.0,-804000000.0,2066000000.0,-4918000000.0,-4748000000.0,2906000000.0,0.0,1717000000.0,1620000000.0,1620000000.0,-9000000.0,0.0,0.274,3901000000.0,2022000000.0,0.0,0.436,1.17,12.306,12.417,814000000.0,97000000.0,20.24,3.366,3.39,0.0,12469000000.0,5923000000.0,5923000000.0,0.0,0.011,0.097,0.013,0.343,96000000.0,3139000000.0,1.0,984958009.0,992091000,1002254000.0,5.97,142071000000.0,0.0,314000000.0,0.0,143.204,
2,KEY,MRY,2018-12-31,2018-12-31,2018-12-31,2021-09-09,-818000000.0,139613000000.0,138314750000.0,,,0.045,14.982,-97000000.0,678000000.0,678000000.0,0.0,1866000000.0,,7.952,14595000000.0,,,14595000000.0,0.0,382000000.0,107309000000.0,0.038,0.565,2210000000.0,2592000000.0,0.42,2592000000.0,2210000000.0,2210000000.0,1.73,1.71,1.73,15595000000.0,15211750000.0,15595000000.0,30742359637.0,14.0,11.86,2409000000.0,2.314,1.0,6178000000.0,1.0,2832000000.0,0.0,150698000000.0,150342500000.0,0.0,124920000000.0,,,124017000000.0,,,15290359637.0,7000000.0,0.0,-1078000000.0,-722000000.0,-656000000.0,-17000000.0,-2482000000.0,-2494000000.0,2506000000.0,0.0,1866000000.0,1800000000.0,1800000000.0,-7000000.0,0.0,0.291,3975000000.0,2203000000.0,0.0,0.327,0.98,8.495,8.543,882000000.0,66000000.0,14.78,2.475,2.49,0.0,11556000000.0,6178000000.0,6178000000.0,0.0,0.013,0.118,0.015,0.358,99000000.0,3218000000.0,1.0,1034530422.0,1040890000,1054682000.0,5.935,136781000000.0,0.0,344000000.0,0.0,131.408,
3,KEY,MRY,2017-12-31,2017-12-31,2017-12-31,2021-09-09,-779000000.0,137698000000.0,136182750000.0,,,0.044,14.013,-112000000.0,671000000.0,671000000.0,0.0,1298000000.0,,8.166,15344000000.0,,,15344000000.0,0.0,407000000.0,105235000000.0,0.019,0.38,1933000000.0,2340000000.0,0.388,2340000000.0,1933000000.0,1933000000.0,1.14,1.13,1.14,15023000000.0,15125250000.0,15023000000.0,37216811041.0,19.0,15.905,1703000000.0,1.589,1.0,6026000000.0,1.0,2954000000.0,0.0,149417000000.0,147978250000.0,0.0,122613000000.0,,,122673000000.0,,,21690811041.0,-6000000.0,-144000000.0,-639000000.0,805000000.0,-480000000.0,418000000.0,-2239000000.0,-2089000000.0,1815000000.0,0.0,1296000000.0,1226000000.0,1226000000.0,-7000000.0,2000000.0,0.203,4098000000.0,1928000000.0,0.0,0.333,1.444,17.692,17.693,1751000000.0,70000000.0,20.17,3.6,3.588,0.0,10335000000.0,6026000000.0,6026000000.0,0.0,0.009,0.081,0.013,0.321,100000000.0,3260000000.0,1.0,1075399655.0,1072078000,1088593000.0,5.621,134744000000.0,0.0,637000000.0,0.0,125.685,
4,KEY,MRY,2016-12-31,2016-12-31,2016-12-31,2021-09-09,-541000000.0,136453000000.0,117952500000.0,,,0.04,16.426,-145000000.0,677000000.0,677000000.0,0.0,790000000.0,,7.954,14694000000.0,,,14694000000.0,0.0,314000000.0,104087000000.0,0.018,0.33,970000000.0,1284000000.0,0.272,1284000000.0,970000000.0,970000000.0,0.81,0.8,0.81,15240000000.0,13153750000.0,15240000000.0,33028607253.0,34.0,25.723,1544000000.0,1.664,1.0,4724000000.0,1.0,2830000000.0,0.0,147640000000.0,128590500000.0,0.0,121911000000.0,,,121213000000.0,,,19744607253.0,70000000.0,-481000000.0,-108000000.0,225000000.0,-335000000.0,4838000000.0,-6457000000.0,-5876000000.0,1689000000.0,0.0,791000000.0,754000000.0,754000000.0,-1000000.0,-1000000.0,0.16,3756000000.0,968000000.0,0.0,0.407,1.296,26.186,22.556,1518000000.0,37000000.0,18.27,4.18,3.588,0.0,9378000000.0,4724000000.0,4724000000.0,0.0,0.006,0.057,0.008,0.205,99000000.0,3042000000.0,1.0,1080711946.0,927816000,938536000.0,5.092,133623000000.0,0.0,179000000.0,0.0,144.019,
5,KEY,MRY,2015-12-31,2015-12-31,2015-12-31,2021-09-09,-405000000.0,95131000000.0,94839750000.0,,,0.043,12.841,-74000000.0,607000000.0,607000000.0,0.0,920000000.0,,7.851,11089000000.0,,,11089000000.0,0.0,247000000.0,71046000000.0,0.022,0.29,1219000000.0,1466000000.0,0.361,1466000000.0,1219000000.0,1219000000.0,1.06,1.05,1.06,10746000000.0,10661000000.0,10746000000.0,21942489741.0,18.0,14.968,1057000000.0,1.263,1.0,4062000000.0,1.0,1125000000.0,0.0,104488000000.0,104022250000.0,0.0,83603000000.0,,,84372000000.0,,,11018489741.0,-46000000.0,0.0,-426000000.0,2491000000.0,-267000000.0,846000000.0,-2023000000.0,-2017000000.0,1131000000.0,0.0,916000000.0,893000000.0,893000000.0,-1000000.0,4000000.0,0.22,2840000000.0,1222000000.0,0.0,0.274,1.025,12.339,12.443,1119000000.0,23000000.0,13.19,2.713,2.717,0.0,8922000000.0,4062000000.0,4062000000.0,0.0,0.009,0.084,0.012,0.3,58000000.0,2375000000.0,1.0,835366925.0,836846000,844489000.0,4.854,94006000000.0,0.0,303000000.0,0.0,112.334,
6,KEY,MRY,2014-12-31,2014-12-31,2014-12-31,2021-09-09,-356000000.0,93821000000.0,91551250000.0,,,0.044,12.083,-96000000.0,653000000.0,653000000.0,0.0,907000000.0,,7.909,8873000000.0,,,8873000000.0,0.0,246000000.0,71998000000.0,0.018,0.25,1226000000.0,1472000000.0,0.365,1472000000.0,1226000000.0,1226000000.0,1.01,0.99,1.01,10530000000.0,10480750000.0,10530000000.0,20215910953.0,16.0,13.734,1224000000.0,1.405,1.0,4033000000.0,1.0,1158000000.0,0.0,100883000000.0,99152000000.0,0.0,82084000000.0,,,83279000000.0,,,12041910953.0,36000000.0,-47000000.0,-457000000.0,-507000000.0,-240000000.0,1532000000.0,-2816000000.0,-2725000000.0,1320000000.0,0.0,900000000.0,878000000.0,878000000.0,39000000.0,7000000.0,0.218,2761000000.0,1272000000.0,0.0,0.248,1.144,13.715,13.762,1171000000.0,22000000.0,13.9,2.986,3.004,0.0,8273000000.0,4033000000.0,4033000000.0,0.0,0.01,0.084,0.012,0.304,44000000.0,2311000000.0,1.0,866324529.0,871464000,878199000.0,4.628,92663000000.0,0.0,326000000.0,0.0,106.33,
7,KEY,MRY,2013-12-31,2013-12-31,2013-12-31,2021-09-09,-352000000.0,92934000000.0,90869750000.0,,,0.044,11.365,-92000000.0,617000000.0,617000000.0,0.0,910000000.0,,8.018,9527000000.0,,,9527000000.0,0.0,221000000.0,69262000000.0,0.016,0.215,1181000000.0,1402000000.0,0.355,1402000000.0,1181000000.0,1181000000.0,0.98,0.97,0.98,10303000000.0,10269500000.0,10303000000.0,19360336214.0,16.0,13.809,1455000000.0,1.605,1.0,3953000000.0,1.0,1106000000.0,0.0,100738000000.0,98158750000.0,0.0,79026000000.0,,,82614000000.0,,,12033336214.0,33000000.0,732000000.0,-448000000.0,1010000000.0,-217000000.0,2678000000.0,-4192000000.0,-4886000000.0,1547000000.0,0.0,910000000.0,887000000.0,887000000.0,-40000000.0,0.0,0.224,2812000000.0,1141000000.0,0.0,0.219,1.168,13.566,13.694,1190000000.0,23000000.0,13.42,3.044,3.078,0.0,7606000000.0,3953000000.0,3953000000.0,0.0,0.01,0.086,0.012,0.299,35000000.0,2346000000.0,1.0,896671849.0,906524000,912571000.0,4.361,91828000000.0,0.0,271000000.0,0.0,101.297,
8,KEY,MRY,2012-12-31,2012-12-31,2012-12-31,2021-09-09,-124000000.0,89236000000.0,87535000000.0,,,0.044,10.939,-163000000.0,584000000.0,584000000.0,0.0,865000000.0,,7.684,8743000000.0,,,8743000000.0,0.0,235000000.0,65993000000.0,0.021,0.18,1089000000.0,1324000000.0,0.34,1324000000.0,1089000000.0,1089000000.0,0.89,0.89,0.89,10271000000.0,10194000000.0,10271000000.0,15140301804.0,14.0,11.435,1136000000.0,1.21,1.0,3891000000.0,1.0,1150000000.0,0.0,96245000000.0,95235000000.0,0.0,74860000000.0,,,78927000000.0,,,7861301804.0,-109000000.0,776000000.0,-249000000.0,-2709000000.0,-191000000.0,-1160000000.0,-248000000.0,-894000000.0,1299000000.0,0.0,858000000.0,836000000.0,836000000.0,-23000000.0,7000000.0,0.215,2818000000.0,1073000000.0,0.0,0.202,0.765,9.403,9.461,1253000000.0,22000000.0,8.42,2.02,2.032,0.0,6913000000.0,3891000000.0,3891000000.0,0.0,0.01,0.082,0.011,0.28,49000000.0,2359000000.0,1.0,933646295.0,938941000,943259000.0,4.144,88086000000.0,0.0,231000000.0,0.0,93.814,
9,KEY,MRY,2011-12-31,2011-12-31,2011-12-31,2021-09-09,-28000000.0,88785000000.0,89316750000.0,,,0.045,10.628,-179000000.0,694000000.0,694000000.0,0.0,932000000.0,,7.962,11568000000.0,,,11568000000.0,0.0,201000000.0,61956000000.0,0.013,0.1,1284000000.0,1485000000.0,0.37,1485000000.0,1284000000.0,1284000000.0,0.87,0.87,0.87,9905000000.0,9737500000.0,9905000000.0,19463709797.0,15.0,13.107,1614000000.0,1.732,1.0,4015000000.0,1.0,934000000.0,0.0,98725000000.0,100570750000.0,0.0,73670000000.0,,,78863000000.0,,,7327709797.0,415000000.0,0.0,534000000.0,-2317000000.0,-164000000.0,-3101000000.0,1723000000.0,1880000000.0,1793000000.0,0.0,920000000.0,813000000.0,813000000.0,35000000.0,12000000.0,0.202,2684000000.0,1331000000.0,0.0,0.115,0.74,9.013,8.839,1294000000.0,107000000.0,7.69,1.825,1.785,0.0,6246000000.0,4015000000.0,4015000000.0,0.0,0.009,0.083,0.013,0.32,41000000.0,2230000000.0,1.0,952888140.0,931934000,935801000.0,4.308,87851000000.0,0.0,364000000.0,0.0,94.267,
10,KEY,MRY,2010-12-31,2010-12-31,2010-12-31,2021-09-09,-17000000.0,91843000000.0,93839000000.0,,,0.041,12.709,-153000000.0,278000000.0,278000000.0,0.0,584000000.0,,7.238,13788000000.0,,,13788000000.0,0.0,330000000.0,60610000000.0,0.005,0.04,740000000.0,1070000000.0,0.28,1070000000.0,740000000.0,740000000.0,0.45,0.44,0.45,11117000000.0,10928000000.0,11117000000.0,21890170881.0,30.0,20.458,2571000000.0,2.939,1.0,3827000000.0,1.0,938000000.0,0.0,104415000000.0,106398500000.0,0.0,75613000000.0,,,80469000000.0,,,7792170881.0,-193000000.0,0.0,0.0,254000000.0,-184000000.0,-4891000000.0,1974000000.0,2127000000.0,2724000000.0,0.0,554000000.0,390000000.0,390000000.0,23000000.0,30000000.0,0.102,3034000000.0,793000000.0,0.0,0.089,0.701,19.98,19.667,1417000000.0,164000000.0,8.85,2.036,2.023,0.0,5557000000.0,3827000000.0,3827000000.0,0.0,0.004,0.036,0.007,0.193,0.0,2274000000.0,1.0,880471286.0,874748000,878153000.0,4.375,90905000000.0,0.0,186000000.0,0.0,103.921,
11,KEY,MRY,2009-12-31,2009-12-31,2009-12-31,2021-09-09,-3000000.0,93287000000.0,96475500000.0,,,0.013,15.295,-213000000.0,471000000.0,471000000.0,0.0,-1311000000.0,,7.723,13640000000.0,,,13640000000.0,0.0,389000000.0,65571000000.0,0.017,0.092,-2370000000.0,-1981000000.0,-1.577,-1981000000.0,-2370000000.0,-2370000000.0,-2.34,-2.34,-2.34,10663000000.0,10613000000.0,10663000000.0,19151201834.0,-8.0,-9.667,2107000000.0,3.022,1.0,1256000000.0,1.0,967000000.0,0.0,105489000000.0,110890000000.0,0.0,78878000000.0,,,82354000000.0,,,4876201834.0,-774000000.0,105000000.0,986000000.0,-10915000000.0,-213000000.0,-9703000000.0,6609000000.0,6717000000.0,2320000000.0,0.0,-1335000000.0,-1629000000.0,-1629000000.0,48000000.0,24000000.0,-1.297,3554000000.0,-2298000000.0,0.0,-0.039,0.457,-2.993,-2.372,1596000000.0,294000000.0,5.55,3.882,3.081,0.0,5158000000.0,1256000000.0,1256000000.0,0.0,-0.017,-0.153,-0.021,-1.887,0.0,2317000000.0,1.0,878594925.0,697155000,697155000.0,1.802,92320000000.0,0.0,-1035000000.0,0.0,132.424,
12,KEY,MRY,2008-12-31,2008-12-31,2008-12-31,2021-09-09,65000000.0,104531000000.0,102214250000.0,,,0.026,23.287,-194000000.0,1245000000.0,1245000000.0,0.0,-1460000000.0,,8.955,25029000000.0,,,25029000000.0,0.0,429000000.0,65127000000.0,0.117,1.0,-1031000000.0,-602000000.0,-0.229,-602000000.0,-1031000000.0,-1031000000.0,-3.36,-3.36,-3.36,10480000000.0,9107250000.0,10480000000.0,25028466609.0,-24.0,-41.576,-754000000.0,-1.675,1.0,2626000000.0,1.0,1229000000.0,0.0,127086000000.0,122466750000.0,0.0,90026000000.0,,,93850000000.0,,,4217466609.0,-558000000.0,8000000.0,4194000000.0,2038000000.0,-445000000.0,6167000000.0,-6165000000.0,-5979000000.0,-560000000.0,0.0,-1468000000.0,-1510000000.0,-1510000000.0,173000000.0,8000000.0,-0.575,3476000000.0,-850000000.0,0.0,-0.298,0.402,-2.793,-2.536,1830000000.0,42000000.0,8.52,1.606,1.46,0.0,6727000000.0,2626000000.0,2626000000.0,0.0,-0.015,-0.166,-0.008,-0.393,0.0,2344000000.0,1.0,495007818.0,450039000,450039000.0,5.835,103302000000.0,0.0,437000000.0,0.0,229.54,
13,KEY,MRY,2007-12-31,2007-12-31,2007-12-31,2021-09-09,130000000.0,98228000000.0,94897000000.0,,,0.046,19.76,-187000000.0,1814000000.0,1814000000.0,0.0,951000000.0,,11.681,21745000000.0,,,21745000000.0,0.0,420000000.0,63099000000.0,0.062,1.46,1196000000.0,1616000000.0,0.367,1616000000.0,1196000000.0,1196000000.0,2.35,2.32,2.35,7746000000.0,7746500000.0,7746000000.0,26790630822.0,22.0,16.578,-231000000.0,-0.589,1.0,4402000000.0,1.0,1375000000.0,0.0,116784000000.0,111717500000.0,0.0,86236000000.0,,,90482000000.0,,,9116630822.0,-461000000.0,186000000.0,-483000000.0,2025000000.0,-570000000.0,5015000000.0,-5432000000.0,-5431000000.0,-44000000.0,0.0,919000000.0,919000000.0,919000000.0,16000000.0,32000000.0,0.209,3158000000.0,1244000000.0,0.0,0.621,1.177,9.92,9.979,1809000000.0,0.0,23.45,2.071,2.088,0.0,8522000000.0,4402000000.0,4402000000.0,0.0,0.01,0.119,0.011,0.272,0.0,2334000000.0,1.0,388768905.0,392013000,395823000.0,11.229,96853000000.0,0.0,277000000.0,0.0,247.066,
14,KEY,MRY,2006-12-31,2006-12-31,2006-12-31,2021-09-09,-184000000.0,92337000000.0,94169250000.0,,,0.051,19.044,-114000000.0,2264000000.0,2264000000.0,0.0,1055000000.0,,10.987,19368000000.0,,,19368000000.0,0.0,397000000.0,59116000000.0,0.036,1.38,1505000000.0,1902000000.0,0.397,1902000000.0,1505000000.0,1505000000.0,2.61,2.57,2.61,7703000000.0,7756250000.0,7703000000.0,33264116835.0,22.0,17.489,891000000.0,2.203,1.0,4792000000.0,1.0,1322000000.0,0.0,108119000000.0,110197000000.0,0.0,80237000000.0,,,84634000000.0,,,15272116835.0,-844000000.0,2486000000.0,-400000000.0,-1402000000.0,-557000000.0,-1970000000.0,121000000.0,-2251000000.0,1005000000.0,0.0,1055000000.0,1055000000.0,1055000000.0,143000000.0,0.0,0.22,3149000000.0,1643000000.0,0.0,0.529,1.983,14.476,14.571,1719000000.0,0.0,38.03,3.187,3.21,0.0,8377000000.0,4792000000.0,4792000000.0,0.0,0.011,0.136,0.014,0.314,0.0,2487000000.0,1.0,401580774.0,404490000,410222000.0,11.847,91015000000.0,0.0,450000000.0,0.0,225.012,
15,KEY,MRY,2005-12-31,2005-12-31,2005-12-31,2021-09-09,-106000000.0,93126000000.0,91685000000.0,,,0.05,18.578,-143000000.0,3108000000.0,3108000000.0,0.0,1129000000.0,,11.257,20554000000.0,,,20554000000.0,0.0,358000000.0,58765000000.0,0.039,1.3,1565000000.0,1923000000.0,0.42,1923000000.0,1565000000.0,1565000000.0,2.76,2.73,2.76,7598000000.0,7408500000.0,7598000000.0,31250432397.0,20.0,16.251,2025000000.0,4.951,1.0,4580000000.0,1.0,1480000000.0,0.0,109092000000.0,107523500000.0,0.0,80216000000.0,,,85528000000.0,,,13428432397.0,654000000.0,-219000000.0,-100000000.0,1816000000.0,-531000000.0,2128000000.0,-3642000000.0,-3280000000.0,2168000000.0,0.0,1129000000.0,1129000000.0,1129000000.0,-39000000.0,0.0,0.247,3054000000.0,1526000000.0,0.0,0.471,1.767,11.894,11.931,1611000000.0,0.0,32.93,2.932,2.941,0.0,7882000000.0,4580000000.0,4580000000.0,0.0,0.012,0.152,0.015,0.342,0.0,2397000000.0,1.0,407787197.0,408981000,414014000.0,11.199,91646000000.0,0.0,436000000.0,0.0,224.084,
16,KEY,MRY,2004-12-31,2004-12-31,2004-12-31,2021-09-09,-22000000.0,90747000000.0,87472250000.0,,,0.048,17.334,-95000000.0,2454000000.0,2454000000.0,0.0,954000000.0,,11.751,19506000000.0,,,19506000000.0,0.0,345000000.0,57842000000.0,0.037,1.24,1359000000.0,1704000000.0,0.406,1704000000.0,1359000000.0,1359000000.0,2.32,2.3,2.32,7117000000.0,6972750000.0,7117000000.0,30419353895.0,22.0,17.852,-310000000.0,-0.755,1.0,4196000000.0,1.0,1446000000.0,0.0,106353000000.0,104158250000.0,0.0,78951000000.0,,,83630000000.0,,,13784353895.0,-258000000.0,-1733000000.0,-352000000.0,-1650000000.0,-508000000.0,3919000000.0,-38000000.0,-2096000000.0,-215000000.0,0.0,954000000.0,954000000.0,954000000.0,-47000000.0,0.0,0.227,2884000000.0,1312000000.0,0.0,0.534,1.937,14.449,14.612,603000000.0,0.0,33.9,3.285,3.317,0.0,7284000000.0,4196000000.0,4196000000.0,0.0,0.011,0.137,0.013,0.324,0.0,2261000000.0,1.0,406618109.0,410585000,415430000.0,10.22,89301000000.0,0.0,405000000.0,0.0,217.497,
17,KEY,MRY,2003-12-31,2003-12-31,2003-12-31,2021-09-09,-8000000.0,84487000000.0,85229000000.0,,,0.049,16.484,-83000000.0,2712000000.0,2712000000.0,0.0,903000000.0,,11.123,20908000000.0,,,20908000000.0,0.0,368000000.0,50858000000.0,0.042,1.22,1242000000.0,1610000000.0,0.389,1610000000.0,1242000000.0,1242000000.0,2.13,2.12,2.13,6969000000.0,6958250000.0,6969000000.0,32744284869.0,26.0,20.338,824000000.0,1.949,1.0,4141000000.0,1.0,1187000000.0,0.0,101496000000.0,103164250000.0,0.0,71737000000.0,,,77518000000.0,,,12289284869.0,-652000000.0,-17000000.0,-244000000.0,-2659000000.0,-513000000.0,-1884000000.0,260000000.0,165000000.0,907000000.0,0.0,903000000.0,903000000.0,903000000.0,0.0,0.0,0.218,2899000000.0,1242000000.0,0.0,0.573,1.763,13.609,13.765,606000000.0,0.0,29.32,2.968,2.993,0.0,6838000000.0,4141000000.0,4141000000.0,0.0,0.011,0.13,0.012,0.3,0.0,2271000000.0,1.0,419143413.0,422776000,426157000.0,9.795,83300000000.0,0.0,339000000.0,0.0,197.031,
18,KEY,MRY,2002-12-31,2002-12-31,2002-12-31,2021-09-09,39000000.0,85202000000.0,83213500000.0,,,0.048,16.065,-81000000.0,3364000000.0,3364000000.0,0.0,976000000.0,,11.466,22290000000.0,,,22290000000.0,0.0,226000000.0,49346000000.0,0.048,1.2,1312000000.0,1538000000.0,0.388,1538000000.0,1312000000.0,1312000000.0,2.29,2.27,2.29,6835000000.0,6620000000.0,6835000000.0,33176983059.0,25.0,21.572,1378000000.0,3.239,1.0,3965000000.0,1.0,1177000000.0,0.0,102951000000.0,103865250000.0,0.0,72183000000.0,,,78367000000.0,,,10681983059.0,473000000.0,-63000000.0,-40000000.0,-2290000000.0,-511000000.0,1287000000.0,485000000.0,-2614000000.0,1459000000.0,0.0,976000000.0,976000000.0,976000000.0,0.0,0.0,0.246,2653000000.0,1312000000.0,0.0,0.524,1.563,10.945,10.978,644000000.0,0.0,25.14,2.694,2.698,0.0,6448000000.0,3965000000.0,3965000000.0,0.0,0.012,0.147,0.013,0.331,0.0,2204000000.0,1.0,424899883.0,425451000,430703000.0,9.32,84025000000.0,0.0,336000000.0,0.0,197.496,
19,KEY,MRY,2001-12-31,2001-12-31,2001-12-31,2021-09-09,2000000.0,80938000000.0,84413000000.0,,,0.038,14.507,-106000000.0,2891000000.0,2891000000.0,0.0,132000000.0,,12.15,23838000000.0,,,23838000000.0,0.0,530000000.0,44795000000.0,0.048,1.18,234000000.0,764000000.0,0.239,764000000.0,234000000.0,234000000.0,0.31,0.31,0.31,6155000000.0,6474750000.0,6155000000.0,33025224264.0,141.0,43.227,1588000000.0,3.743,1.0,3200000000.0,1.0,1134000000.0,0.0,100751000000.0,106686500000.0,0.0,69995000000.0,,,74783000000.0,,,10307224264.0,-298000000.0,-3000000.0,-17000000.0,-2277000000.0,-501000000.0,-6636000000.0,-160000000.0,4913000000.0,1694000000.0,0.0,132000000.0,132000000.0,132000000.0,0.0,0.0,0.041,2941000000.0,259000000.0,0.0,3.806,1.675,78.085,78.516,687000000.0,0.0,24.34,3.221,3.227,0.0,5856000000.0,3200000000.0,3200000000.0,0.0,0.002,0.02,0.002,0.073,0.0,2214000000.0,1.0,423468540.0,424275000,429573000.0,7.542,79804000000.0,0.0,102000000.0,0.0,188.095,
20,KEY,MRY,2000-12-31,2000-12-31,2000-12-31,2021-09-09,-10000000.0,87270000000.0,85248250000.0,,,0.052,15.309,-81000000.0,3189000000.0,3189000000.0,0.0,1002000000.0,,12.177,26054000000.0,,,26054000000.0,0.0,382000000.0,48649000000.0,0.04,1.12,1517000000.0,1899000000.0,0.428,1899000000.0,1517000000.0,1517000000.0,2.32,2.3,2.32,6623000000.0,6535750000.0,6623000000.0,36006142280.0,24.0,18.961,1502000000.0,3.472,1.0,4434000000.0,1.0,1368000000.0,0.0,108767000000.0,106047750000.0,0.0,76315000000.0,,,80647000000.0,,,11923142280.0,373000000.0,-375000000.0,-434000000.0,-2395000000.0,-484000000.0,2114000000.0,-49000000.0,-2819000000.0,1583000000.0,0.0,1002000000.0,1002000000.0,1002000000.0,0.0,0.0,0.226,2917000000.0,1517000000.0,0.0,0.483,1.8,11.899,12.069,717000000.0,0.0,28.0,2.689,2.732,0.0,6352000000.0,4434000000.0,4434000000.0,0.0,0.012,0.153,0.014,0.342,0.0,2280000000.0,1.0,425826510.0,432617000,435573000.0,10.249,85902000000.0,0.0,515000000.0,0.0,198.564,
21,KEY,MRY,1999-12-31,1999-12-31,1999-12-31,2021-09-09,-127000000.0,83395000000.0,81713250000.0,,,0.058,14.256,-67000000.0,2816000000.0,2816000000.0,0.0,1107000000.0,,12.053,28497000000.0,,,28497000000.0,0.0,396000000.0,43233000000.0,0.047,1.04,1684000000.0,2080000000.0,0.438,2080000000.0,1684000000.0,1684000000.0,2.47,2.45,2.47,6389000000.0,6281500000.0,6389000000.0,35999878638.0,21.0,17.308,1787000000.0,3.987,1.0,4754000000.0,1.0,1449000000.0,0.0,107627000000.0,106037500000.0,0.0,72803000000.0,,,77006000000.0,,,9898878638.0,-480000000.0,-576000000.0,-311000000.0,1558000000.0,-467000000.0,2775000000.0,5000000.0,-4471000000.0,1854000000.0,0.0,1107000000.0,1107000000.0,1107000000.0,0.0,0.0,0.233,3070000000.0,1684000000.0,0.0,0.421,1.549,8.942,8.96,797000000.0,0.0,22.13,2.082,2.086,0.0,5833000000.0,4754000000.0,4754000000.0,0.0,0.014,0.176,0.016,0.354,0.0,2336000000.0,1.0,447305858.0,448168000,452363000.0,10.608,81946000000.0,0.0,577000000.0,0.0,182.847,
22,KEY,MRY,1998-12-31,1998-12-31,1998-12-31,2021-09-09,28000000.0,80020000000.0,76671750000.0,,,0.052,13.956,-76000000.0,3296000000.0,3296000000.0,0.0,996000000.0,,11.976,28160000000.0,,,28160000000.0,0.0,328000000.0,42583000000.0,0.029,0.94,1479000000.0,1807000000.0,0.453,1807000000.0,1479000000.0,1479000000.0,2.25,2.23,2.25,6167000000.0,5645750000.0,6167000000.0,38394242080.0,26.0,21.248,1727000000.0,3.908,1.0,3987000000.0,1.0,1509000000.0,0.0,103375000000.0,98430500000.0,0.0,69340000000.0,,,73853000000.0,,,14566242080.0,-355000000.0,-467000000.0,-212000000.0,6767000000.0,-416000000.0,4315000000.0,296000000.0,-6226000000.0,1803000000.0,0.0,996000000.0,996000000.0,996000000.0,0.0,0.0,0.25,2508000000.0,1479000000.0,0.0,0.418,2.362,14.625,14.222,902000000.0,0.0,32.0,3.653,3.547,0.0,5192000000.0,3987000000.0,3987000000.0,0.0,0.013,0.176,0.015,0.371,0.0,2005000000.0,1.0,455195065.0,441895000,447437000.0,9.023,78511000000.0,0.0,483000000.0,0.0,177.669,
23,KEY,MRY,1997-12-31,1997-12-31,1997-12-31,2021-09-09,11000000.0,73699000000.0,70835250000.0,,,0.053,11.801,-85000000.0,3651000000.0,3651000000.0,0.0,919000000.0,,13.08,21142000000.0,,,21142000000.0,0.0,284000000.0,45073000000.0,0.024,0.84,1345000000.0,1629000000.0,0.437,1629000000.0,1345000000.0,1345000000.0,2.09,2.07,2.09,5181000000.0,4936250000.0,5181000000.0,33647744945.0,25.0,20.655,160000000.0,0.364,1.0,3731000000.0,1.0,1176000000.0,0.0,90014000000.0,85945500000.0,0.0,63346000000.0,,,67768000000.0,,,15555744945.0,207000000.0,-919000000.0,-498000000.0,4319000000.0,-369000000.0,5470000000.0,-905000000.0,-3299000000.0,245000000.0,0.0,919000000.0,919000000.0,919000000.0,0.0,0.0,0.246,2386000000.0,1345000000.0,0.0,0.402,3.002,16.927,16.94,985000000.0,0.0,35.405,4.169,4.166,0.0,4611000000.0,3731000000.0,3731000000.0,0.0,0.013,0.186,0.016,0.36,0.0,1844000000.0,1.0,439365766.0,439042000,444544000.0,8.498,72523000000.0,0.0,426000000.0,0.0,165.185,
24,KEY,MRY,1996-12-31,1996-12-31,1996-12-31,2021-09-09,-6000000.0,67621000000.0,65698250000.0,,,0.055,10.615,-229000000.0,3444000000.0,3444000000.0,0.0,783000000.0,,12.751,15607000000.0,,,15607000000.0,0.0,253000000.0,45317000000.0,0.03,0.76,1135000000.0,1388000000.0,0.385,1388000000.0,1135000000.0,1135000000.0,1.69,1.67,1.69,4881000000.0,4994250000.0,4881000000.0,,,,1428000000.0,3.106,1.0,3607000000.0,1.0,961000000.0,0.0,78823000000.0,75720000000.0,0.0,58390000000.0,,,62240000000.0,,,,0.0,128000000.0,-519000000.0,2739000000.0,-357000000.0,1233000000.0,-383000000.0,-2061000000.0,1657000000.0,,775000000.0,775000000.0,775000000.0,0.0,8000000.0,0.215,2464000000.0,1143000000.0,0.0,0.45,,,14.941,1084000000.0,0.0,25.25,,3.219,0.0,4060000000.0,3607000000.0,3607000000.0,0.0,0.012,0.155,0.015,0.315,0.0,1824000000.0,1.0,,459810000,464282000.0,7.845,66660000000.0,0.0,360000000.0,0.0,144.973,
25,KEY,MRY,1995-12-31,1995-12-31,1995-12-31,2021-09-09,48000000.0,66339000000.0,,,,,10.974,-165000000.0,3444000000.0,3444000000.0,0.0,825000000.0,,11.874,12427000000.0,,,12427000000.0,0.0,215000000.0,47282000000.0,0.04,0.72,1177000000.0,1392000000.0,0.401,1392000000.0,1177000000.0,1177000000.0,1.73,1.71,1.73,5153000000.0,,5153000000.0,,,,2252000000.0,4.796,1.0,3469000000.0,1.0,1070000000.0,0.0,74252000000.0,,0.0,57886000000.0,,,61186000000.0,,,,-67000000.0,-2879000000.0,-688000000.0,-179000000.0,-354000000.0,-4209000000.0,63000000.0,5251000000.0,2417000000.0,0.0,809000000.0,809000000.0,809000000.0,0.0,16000000.0,0.233,2312000000.0,1157000000.0,0.0,0.416,,,10.477,1030000000.0,0.0,18.125,,2.453,0.0,3633000000.0,3469000000.0,3469000000.0,0.0,,,,0.339,0.0,1633000000.0,1.0,,469574000,472882000.0,7.388,65269000000.0,0.0,368000000.0,0.0,138.996,
26,KEY,MRY,1994-12-31,1994-12-31,1994-12-31,2021-09-09,,,,,,,,-178000000.0,,,0.0,853000000.0,,,,,,,,181000000.0,,0.051,0.64,1267000000.0,1448000000.0,0.42,1448000000.0,1267000000.0,1267000000.0,1.725,,1.725,,,,,,,1689000000.0,3.474,1.0,3451000000.0,1.0,,0.0,,,,,,,,,,,734000000.0,40000000.0,-197000000.0,4658000000.0,-359000000.0,4702000000.0,-138000000.0,-5275000000.0,1867000000.0,0.0,837000000.0,837000000.0,837000000.0,0.0,16000000.0,0.243,2168000000.0,1283000000.0,,0.371,,,7.212,,0.0,12.44,,1.752,,,3451000000.0,3451000000.0,0.0,,,,0.367,0.0,1544000000.0,1.0,,486134000,,7.099,,,430000000.0,,,
0,KEY,MRQ,2021-06-30,2021-06-30,2021-06-30,2021-09-09,150000000.0,181115000000.0,,,,,18.739,-20000000.0,792000000.0,792000000.0,0.0,729000000.0,,9.095,14145000000.0,,,14145000000.0,0.0,4000000.0,146072000000.0,0.036,0.185,918000000.0,922000000.0,0.464,922000000.0,918000000.0,918000000.0,0.73,0.73,0.73,17941000000.0,,17941000000.0,32627226395.0,11.0,11.185,433000000.0,0.452,1.0,1989000000.0,1.0,2832000000.0,0.0,191636000000.0,,0.0,163806000000.0,,,163174000000.0,,,20041226395.0,-146000000.0,0.0,-292000000.0,595000000.0,-206000000.0,3985000000.0,-4584000000.0,-4583000000.0,453000000.0,0.0,729000000.0,703000000.0,703000000.0,-5000000.0,0.0,0.353,1076000000.0,913000000.0,0.0,0.253,1.117,8.887,8.825,785000000.0,26000000.0,20.65,2.798,2.76,0.0,13689000000.0,1989000000.0,1989000000.0,0.0,,,,,26000000.0,876000000.0,1.0,970519438.0,957423000,967163000.0,2.077,178283000000.0,0.0,189000000.0,0.0,186.211,
1,KEY,MRQ,2021-03-31,2021-03-31,2021-03-31,2021-09-09,103000000.0,176203000000.0,,,,,18.276,-12000000.0,938000000.0,938000000.0,0.0,622000000.0,,8.992,13524000000.0,,,13524000000.0,0.0,17000000.0,142183000000.0,0.037,0.185,769000000.0,786000000.0,0.428,786000000.0,769000000.0,769000000.0,0.62,0.61,0.62,17634000000.0,,17634000000.0,32953926737.0,15.0,14.685,-217000000.0,-0.225,1.0,1836000000.0,1.0,2846000000.0,0.0,185943000000.0,,0.0,159372000000.0,,,158569000000.0,,,19356926737.0,-153000000.0,-9000000.0,-123000000.0,-958000000.0,-207000000.0,5582000000.0,-5530000000.0,-5526000000.0,-205000000.0,0.0,622000000.0,595000000.0,595000000.0,-4000000.0,0.0,0.324,1071000000.0,765000000.0,0.0,0.298,1.098,11.3,11.225,737000000.0,27000000.0,19.98,3.024,3.011,0.0,13166000000.0,1836000000.0,1836000000.0,0.0,,,,,26000000.0,874000000.0,1.0,968815152.0,964878000,974297000.0,1.903,173357000000.0,0.0,147000000.0,0.0,179.667,
2,KEY,MRQ,2020-12-31,2020-12-31,2020-12-31,2021-09-09,738000000.0,170336000000.0,,,,,18.571,-18000000.0,1091000000.0,1091000000.0,0.0,582000000.0,,8.473,14688000000.0,,,14688000000.0,0.0,-1000000.0,135282000000.0,0.045,0.185,696000000.0,695000000.0,0.382,695000000.0,696000000.0,696000000.0,0.58,0.57,0.58,17981000000.0,,17981000000.0,28783914644.0,18.0,17.123,928000000.0,0.958,1.0,1817000000.0,1.0,2852000000.0,0.0,181081000000.0,,0.0,153843000000.0,,,152355000000.0,,,16023914644.0,135000000.0,0.0,-16000000.0,1054000000.0,-207000000.0,-633000000.0,-178000000.0,-180000000.0,946000000.0,0.0,582000000.0,556000000.0,556000000.0,-7000000.0,0.0,0.306,1128000000.0,689000000.0,0.0,0.319,0.891,12.954,12.82,753000000.0,26000000.0,16.41,2.829,2.803,0.0,12751000000.0,1817000000.0,1817000000.0,0.0,,,,,26000000.0,908000000.0,1.0,976472556.0,968236000,976388000.0,1.877,167484000000.0,0.0,114000000.0,0.0,172.978,
3,KEY,MRQ,2020-09-30,2020-09-30,2020-09-30,2021-09-09,867000000.0,170540000000.0,,,,,18.312,-18000000.0,956000000.0,956000000.0,0.0,428000000.0,,8.623,13716000000.0,,,13716000000.0,0.0,26000000.0,136746000000.0,0.062,0.185,488000000.0,514000000.0,0.338,514000000.0,488000000.0,488000000.0,0.41,0.41,0.41,17722000000.0,,17722000000.0,26301679749.0,19.0,16.563,604000000.0,0.624,1.0,1521000000.0,1.0,2867000000.0,0.0,180433000000.0,,0.0,153855000000.0,,,152818000000.0,,,11643679749.0,-103000000.0,0.0,1000000.0,-1953000000.0,-207000000.0,-926000000.0,201000000.0,213000000.0,622000000.0,0.0,428000000.0,401000000.0,401000000.0,-4000000.0,0.0,0.264,1037000000.0,484000000.0,0.0,0.451,0.657,10.368,10.374,765000000.0,27000000.0,11.93,2.169,2.15,0.0,12375000000.0,1521000000.0,1521000000.0,0.0,,,,,24000000.0,819000000.0,1.0,975999979.0,967804000,973988000.0,1.572,167673000000.0,0.0,60000000.0,0.0,173.251,
4,KEY,MRQ,2020-06-30,2020-06-30,2020-06-30,2021-09-09,936000000.0,171192000000.0,,,,,18.138,-15000000.0,1059000000.0,1059000000.0,0.0,187000000.0,,8.759,15717000000.0,,,15717000000.0,0.0,32000000.0,135513000000.0,0.061,0.185,217000000.0,249000000.0,0.203,249000000.0,217000000.0,217000000.0,0.17,0.17,0.17,17542000000.0,,17542000000.0,31797440074.0,22.0,19.604,263000000.0,0.272,1.0,1228000000.0,1.0,2882000000.0,0.0,182968000000.0,,0.0,154469000000.0,,,153650000000.0,,,11880440074.0,194000000.0,0.0,1000000.0,-5064000000.0,-207000000.0,14938000000.0,-15022000000.0,-15028000000.0,278000000.0,0.0,187000000.0,161000000.0,161000000.0,-2000000.0,0.0,0.131,1013000000.0,215000000.0,0.0,1.088,0.677,10.722,10.779,776000000.0,26000000.0,12.18,2.254,2.235,0.0,12154000000.0,1228000000.0,1228000000.0,0.0,,,,,26000000.0,797000000.0,1.0,975405589.0,967147000,972141000.0,1.27,168310000000.0,0.0,30000000.0,0.0,174.027,
5,KEY,MRQ,2020-03-31,2020-03-31,2020-03-31,2021-09-09,814000000.0,156197000000.0,,,,,17.997,-12000000.0,865000000.0,865000000.0,0.0,146000000.0,,7.971,20782000000.0,,,20782000000.0,0.0,54000000.0,115304000000.0,0.07,0.185,169000000.0,223000000.0,0.203,223000000.0,169000000.0,169000000.0,0.12,0.12,0.12,17411000000.0,,17411000000.0,22865756199.0,13.0,11.738,-185000000.0,-0.191,1.0,1099000000.0,1.0,2900000000.0,0.0,173214000000.0,,0.0,139974000000.0,,,138786000000.0,,,10057756199.0,133000000.0,0.0,-112000000.0,6949000000.0,-208000000.0,10028000000.0,-9722000000.0,-9729000000.0,-173000000.0,0.0,146000000.0,119000000.0,119000000.0,-1000000.0,0.0,0.108,931000000.0,168000000.0,0.0,1.542,0.578,7.439,7.625,791000000.0,27000000.0,10.37,1.805,1.801,0.0,12174000000.0,1099000000.0,1099000000.0,0.0,,,,,25000000.0,735000000.0,1.0,969889701.0,967446000,976110000.0,1.136,153297000000.0,0.0,23000000.0,0.0,158.455,
6,KEY,MRQ,2019-12-31,2019-12-31,2019-12-31,2021-09-09,26000000.0,144988000000.0,,,,,17.501,-26000000.0,732000000.0,732000000.0,0.0,469000000.0,,7.51,13540000000.0,,,13540000000.0,0.0,58000000.0,111870000000.0,0.035,0.185,544000000.0,602000000.0,0.396,602000000.0,544000000.0,544000000.0,0.45,0.45,0.45,17038000000.0,,17038000000.0,34651550102.0,17.0,15.252,967000000.0,0.993,1.0,1521000000.0,1.0,2917000000.0,0.0,154879000000.0,,0.0,129907000000.0,,,127950000000.0,,,19935550102.0,96000000.0,0.0,-230000000.0,-1733000000.0,-209000000.0,-1951000000.0,1054000000.0,1039000000.0,993000000.0,0.0,469000000.0,442000000.0,442000000.0,-3000000.0,0.0,0.291,980000000.0,541000000.0,0.0,0.411,1.17,12.306,12.417,814000000.0,27000000.0,20.24,3.366,3.39,0.0,12469000000.0,1521000000.0,1521000000.0,0.0,,,,,24000000.0,784000000.0,1.0,984958009.0,973560000,985316000.0,1.562,142071000000.0,0.0,75000000.0,0.0,145.929,
7,KEY,MRQ,2019-09-30,2019-09-30,2019-09-30,2021-09-09,159000000.0,146691000000.0,,,,,17.318,-4000000.0,636000000.0,636000000.0,0.0,416000000.0,,7.57,15352000000.0,,,15352000000.0,0.0,62000000.0,111649000000.0,0.039,0.185,486000000.0,548000000.0,0.385,548000000.0,486000000.0,486000000.0,0.39,0.39,0.39,17116000000.0,,17116000000.0,32484137010.0,16.0,13.894,1179000000.0,1.193,1.0,1422000000.0,1.0,2936000000.0,0.0,158471000000.0,,0.0,131267000000.0,,,129575000000.0,,,17898137010.0,29000000.0,0.0,-246000000.0,90000000.0,-212000000.0,1335000000.0,-2489000000.0,-2499000000.0,1183000000.0,0.0,416000000.0,386000000.0,386000000.0,-3000000.0,0.0,0.271,939000000.0,483000000.0,0.0,0.474,1.046,10.92,11.012,815000000.0,30000000.0,17.84,2.989,2.944,0.0,12209000000.0,1422000000.0,1422000000.0,0.0,,,,,24000000.0,768000000.0,1.0,1003258801.0,988319000,998328000.0,1.439,143755000000.0,0.0,70000000.0,0.0,145.454,
8,KEY,MRQ,2019-06-30,2019-06-30,2019-06-30,2021-09-09,-2000000.0,144545000000.0,,,,,16.983,-29000000.0,607000000.0,607000000.0,0.0,425000000.0,,7.518,15193000000.0,,,15193000000.0,0.0,63000000.0,109946000000.0,0.038,0.17,512000000.0,575000000.0,0.376,575000000.0,512000000.0,512000000.0,0.4,0.4,0.4,16969000000.0,,16969000000.0,32399121266.0,15.0,13.203,141000000.0,0.141,1.0,1529000000.0,1.0,2962000000.0,0.0,156169000000.0,,0.0,129323000000.0,,,127574000000.0,,,17897121266.0,-4000000.0,-185000000.0,-177000000.0,-67000000.0,-191000000.0,1770000000.0,-1944000000.0,-1741000000.0,170000000.0,0.0,425000000.0,405000000.0,405000000.0,-2000000.0,0.0,0.265,1019000000.0,510000000.0,0.0,0.425,1.055,10.399,10.565,829000000.0,20000000.0,17.75,2.934,2.908,0.0,12005000000.0,1529000000.0,1529000000.0,0.0,,,,,23000000.0,811000000.0,1.0,1008288522.0,999163000,1007964000.0,1.53,141583000000.0,0.0,87000000.0,0.0,141.702,
9,KEY,MRQ,2019-03-31,2019-03-31,2019-03-31,2021-09-09,-530000000.0,141515000000.0,,,,,15.818,-8000000.0,611000000.0,611000000.0,0.0,407000000.0,,7.887,15113000000.0,,,15113000000.0,0.0,58000000.0,108175000000.0,0.04,0.17,489000000.0,547000000.0,0.377,547000000.0,489000000.0,489000000.0,0.38,0.38,0.38,15924000000.0,,15924000000.0,29805407236.0,13.0,11.661,552000000.0,0.548,1.0,1451000000.0,1.0,2816000000.0,0.0,153201000000.0,,0.0,126413000000.0,,,125589000000.0,,,15888407236.0,-67000000.0,0.0,-164000000.0,434000000.0,-192000000.0,912000000.0,-1539000000.0,-1547000000.0,560000000.0,0.0,407000000.0,387000000.0,387000000.0,-1000000.0,0.0,0.267,963000000.0,488000000.0,0.0,0.447,0.998,8.911,9.157,849000000.0,20000000.0,15.75,2.586,2.58,0.0,11771000000.0,1451000000.0,1451000000.0,0.0,,,,,25000000.0,776000000.0,1.0,1008787761.0,1006717000,1016504000.0,1.441,138699000000.0,0.0,82000000.0,0.0,137.774,
10,KEY,MRQ,2018-12-31,2018-12-31,2018-12-31,2021-09-09,-818000000.0,139613000000.0,,,,,15.314,-25000000.0,678000000.0,678000000.0,0.0,484000000.0,,7.952,14595000000.0,,,14595000000.0,0.0,92000000.0,107309000000.0,0.038,0.17,576000000.0,668000000.0,0.421,668000000.0,576000000.0,576000000.0,0.45,0.45,0.45,15595000000.0,,15595000000.0,30742359637.0,14.0,11.86,1687000000.0,1.657,1.0,1586000000.0,1.0,2832000000.0,0.0,150698000000.0,,0.0,124920000000.0,,,124017000000.0,,,15290359637.0,359000000.0,0.0,-277000000.0,-1308000000.0,-198000000.0,-254000000.0,-1099000000.0,-1101000000.0,1712000000.0,0.0,484000000.0,461000000.0,461000000.0,-2000000.0,0.0,0.291,1012000000.0,574000000.0,0.0,0.378,0.98,8.495,8.543,882000000.0,23000000.0,14.78,2.475,2.49,0.0,11556000000.0,1586000000.0,1586000000.0,0.0,,,,,21000000.0,806000000.0,1.0,1034530422.0,1018369000,1030280000.0,1.557,136781000000.0,0.0,92000000.0,0.0,134.314,
11,KEY,MRQ,2018-09-30,2018-09-30,2018-09-30,2021-09-09,-1166000000.0,138805000000.0,,,,,14.673,-37000000.0,319000000.0,319000000.0,0.0,482000000.0,,8.127,15771000000.0,,,15771000000.0,0.0,95000000.0,105780000000.0,0.025,0.17,569000000.0,664000000.0,0.433,664000000.0,569000000.0,569000000.0,0.45,0.45,0.45,15208000000.0,,15208000000.0,36299997830.0,17.0,14.655,349000000.0,0.337,1.0,1533000000.0,1.0,2854000000.0,0.0,151403000000.0,,0.0,124120000000.0,,,123595000000.0,,,20924997830.0,-465000000.0,0.0,-536000000.0,-344000000.0,-190000000.0,573000000.0,-1424000000.0,-1414000000.0,386000000.0,0.0,482000000.0,468000000.0,468000000.0,0.0,0.0,0.305,964000000.0,569000000.0,0.0,0.378,1.376,13.757,13.812,1821000000.0,14000000.0,19.89,3.41,3.359,0.0,11262000000.0,1533000000.0,1533000000.0,0.0,,,,,25000000.0,777000000.0,1.0,1052036090.0,1036479000,1049976000.0,1.479,135951000000.0,0.0,87000000.0,0.0,131.166,
12,KEY,MRQ,2018-06-30,2018-06-30,2018-06-30,2021-09-09,-1085000000.0,137792000000.0,,,,,14.345,-17000000.0,784000000.0,784000000.0,0.0,482000000.0,,8.125,16159000000.0,,,16159000000.0,0.0,92000000.0,104548000000.0,0.022,0.12,585000000.0,677000000.0,0.43,677000000.0,585000000.0,585000000.0,0.44,0.44,0.44,15100000000.0,,15100000000.0,35599904223.0,18.0,14.747,602000000.0,0.572,1.0,1575000000.0,1.0,2877000000.0,0.0,150290000000.0,,0.0,122585000000.0,,,122690000000.0,,,20744904223.0,141000000.0,0.0,-119000000.0,696000000.0,-141000000.0,230000000.0,-708000000.0,-721000000.0,619000000.0,0.0,482000000.0,467000000.0,467000000.0,-3000000.0,0.0,0.297,993000000.0,582000000.0,0.0,0.273,1.374,14.786,14.916,1795000000.0,15000000.0,19.54,3.405,3.376,0.0,10970000000.0,1575000000.0,1575000000.0,0.0,,,,,26000000.0,819000000.0,1.0,1061663471.0,1052652000,1065793000.0,1.496,134915000000.0,0.0,103000000.0,0.0,128.167,
13,KEY,MRQ,2018-03-31,2018-03-31,2018-03-31,2021-09-09,-991000000.0,137049000000.0,,,,,14.151,-18000000.0,643000000.0,643000000.0,0.0,418000000.0,,8.171,15498000000.0,,,15498000000.0,0.0,103000000.0,104751000000.0,0.02,0.105,480000000.0,583000000.0,0.393,583000000.0,480000000.0,480000000.0,0.38,0.38,0.38,14944000000.0,,14944000000.0,35409438357.0,18.0,14.723,-229000000.0,-0.217,1.0,1484000000.0,1.0,2925000000.0,0.0,148979000000.0,,0.0,122080000000.0,,,122103000000.0,,,20736438357.0,-28000000.0,0.0,-146000000.0,234000000.0,-127000000.0,-566000000.0,749000000.0,742000000.0,-211000000.0,0.0,418000000.0,404000000.0,404000000.0,-2000000.0,0.0,0.272,1006000000.0,478000000.0,0.0,0.276,1.388,15.545,15.766,1754000000.0,14000000.0,19.55,3.412,3.397,0.0,10624000000.0,1484000000.0,1484000000.0,0.0,,,,,27000000.0,816000000.0,1.0,1060687384.0,1056037000,1071786000.0,1.405,134124000000.0,0.0,62000000.0,0.0,127.007,
14,KEY,MRQ,2017-12-31,2017-12-31,2017-12-31,2021-09-09,-779000000.0,137698000000.0,,,,,14.14,-56000000.0,671000000.0,671000000.0,0.0,197000000.0,,8.166,15344000000.0,,,15344000000.0,0.0,106000000.0,105235000000.0,0.019,0.105,447000000.0,553000000.0,0.358,553000000.0,447000000.0,447000000.0,0.17,0.17,0.17,15023000000.0,,15023000000.0,37216811041.0,19.0,15.905,680000000.0,0.64,1.0,1545000000.0,1.0,2954000000.0,0.0,149417000000.0,,0.0,122613000000.0,,,122673000000.0,,,21690811041.0,109000000.0,-70000000.0,-202000000.0,-680000000.0,-127000000.0,779000000.0,-1406000000.0,-1309000000.0,736000000.0,0.0,196000000.0,182000000.0,182000000.0,-1000000.0,1000000.0,0.118,1098000000.0,447000000.0,0.0,0.618,1.444,17.692,17.693,1751000000.0,14000000.0,20.17,3.6,3.588,0.0,10335000000.0,1545000000.0,1545000000.0,0.0,,,,,26000000.0,873000000.0,1.0,1075399655.0,1062424000,1079407000.0,1.454,134744000000.0,0.0,251000000.0,0.0,126.827,
15,KEY,MRQ,2017-09-30,2017-09-30,2017-09-30,2021-09-09,-506000000.0,136733000000.0,,,,,14.206,-32000000.0,562000000.0,562000000.0,0.0,364000000.0,,7.967,16088000000.0,,,16088000000.0,0.0,103000000.0,103446000000.0,0.019,0.095,498000000.0,601000000.0,0.404,601000000.0,498000000.0,498000000.0,0.32,0.32,0.32,15249000000.0,,15249000000.0,35831604729.0,20.0,17.268,1636000000.0,1.524,1.0,1489000000.0,1.0,2899000000.0,0.0,149360000000.0,,0.0,122367000000.0,,,121483000000.0,,,20467604729.0,-39000000.0,0.0,-266000000.0,158000000.0,-117000000.0,394000000.0,-2101000000.0,-2102000000.0,1668000000.0,0.0,364000000.0,350000000.0,350000000.0,-1000000.0,0.0,0.235,992000000.0,497000000.0,0.0,0.297,1.342,16.335,16.224,1652000000.0,14000000.0,18.82,3.428,3.383,0.0,10125000000.0,1489000000.0,1489000000.0,0.0,,,,,23000000.0,801000000.0,1.0,1087545416.0,1073390000,1088841000.0,1.387,133834000000.0,0.0,134000000.0,0.0,124.683,
16,KEY,MRQ,2017-06-30,2017-06-30,2017-06-30,2021-09-09,-506000000.0,135824000000.0,,,,,14.173,-22000000.0,601000000.0,601000000.0,0.0,412000000.0,,7.905,15965000000.0,,,15965000000.0,0.0,98000000.0,102821000000.0,0.019,0.095,570000000.0,668000000.0,0.428,668000000.0,570000000.0,570000000.0,0.37,0.36,0.37,15253000000.0,,15253000000.0,33701051627.0,23.0,18.406,-206000000.0,-0.191,1.0,1560000000.0,1.0,2899000000.0,0.0,148289000000.0,,0.0,121009000000.0,,,120569000000.0,,,20541051627.0,52000000.0,-74000000.0,-86000000.0,2262000000.0,-118000000.0,891000000.0,-655000000.0,-583000000.0,-184000000.0,0.0,412000000.0,398000000.0,398000000.0,-5000000.0,0.0,0.255,995000000.0,565000000.0,0.0,0.257,1.347,19.215,18.554,1610000000.0,14000000.0,18.74,3.571,3.506,0.0,9878000000.0,1560000000.0,1560000000.0,0.0,,,,,24000000.0,788000000.0,1.0,1096107344.0,1076203000,1093039000.0,1.45,132925000000.0,0.0,158000000.0,0.0,123.513,
17,KEY,MRQ,2017-03-31,2017-03-31,2017-03-31,2021-09-09,-554000000.0,134476000000.0,,,,,14.014,-2000000.0,549000000.0,549000000.0,0.0,325000000.0,,7.979,13709000000.0,,,13709000000.0,0.0,100000000.0,103982000000.0,0.019,0.085,418000000.0,518000000.0,0.362,518000000.0,418000000.0,418000000.0,0.28,0.27,0.28,14976000000.0,,14976000000.0,33084961224.0,29.0,22.116,-407000000.0,-0.381,1.0,1432000000.0,1.0,2789000000.0,0.0,144847000000.0,,0.0,119969000000.0,,,119498000000.0,,,19067961224.0,-128000000.0,0.0,-85000000.0,-935000000.0,-118000000.0,-1646000000.0,1923000000.0,1905000000.0,-405000000.0,0.0,324000000.0,296000000.0,296000000.0,0.0,1000000.0,0.207,1013000000.0,419000000.0,0.0,0.304,1.273,21.993,20.437,1498000000.0,28000000.0,17.78,3.66,3.647,0.0,9584000000.0,1432000000.0,1432000000.0,0.0,,,,,27000000.0,797000000.0,1.0,1072438764.0,1068609000,1086540000.0,1.34,131687000000.0,0.0,94000000.0,0.0,123.232,
18,KEY,MRQ,2016-12-31,2016-12-31,2016-12-31,2021-09-09,-541000000.0,136453000000.0,,,,,14.259,-66000000.0,677000000.0,677000000.0,0.0,228000000.0,,7.954,14694000000.0,,,14694000000.0,0.0,21000000.0,104087000000.0,0.018,0.085,267000000.0,288000000.0,0.193,288000000.0,267000000.0,267000000.0,0.19,0.19,0.19,15240000000.0,,15240000000.0,33028607253.0,34.0,25.723,763000000.0,0.714,1.0,1490000000.0,1.0,2830000000.0,0.0,147640000000.0,,0.0,121911000000.0,,,121213000000.0,,,19744607253.0,-72000000.0,0.0,-40000000.0,873000000.0,-111000000.0,1112000000.0,-2013000000.0,-1955000000.0,829000000.0,0.0,229000000.0,209000000.0,209000000.0,4000000.0,-1000000.0,0.14,1220000000.0,270000000.0,0.0,0.447,1.296,26.186,22.556,1518000000.0,20000000.0,18.27,4.18,3.588,0.0,9378000000.0,1490000000.0,1490000000.0,0.0,,,,,33000000.0,975000000.0,1.0,1080711946.0,1068792000,1084777000.0,1.394,133623000000.0,0.0,38000000.0,0.0,125.022,
19,KEY,MRQ,2016-09-30,2016-09-30,2016-09-30,2021-09-09,-182000000.0,135805000000.0,,,,,15.27,-49000000.0,749000000.0,749000000.0,0.0,173000000.0,,8.056,14033000000.0,,,14033000000.0,0.0,169000000.0,104185000000.0,0.026,0.085,188000000.0,357000000.0,0.281,357000000.0,188000000.0,188000000.0,0.17,0.17,0.17,14996000000.0,,14996000000.0,25109141930.0,25.0,18.382,87000000.0,0.089,1.0,1270000000.0,1.0,2906000000.0,0.0,146183000000.0,,0.0,121528000000.0,,,120807000000.0,,,13170141930.0,253000000.0,-481000000.0,-71000000.0,-1859000000.0,-78000000.0,-1621000000.0,1738000000.0,2260000000.0,136000000.0,0.0,172000000.0,166000000.0,166000000.0,-1000000.0,1000000.0,0.131,1082000000.0,188000000.0,0.0,0.5,0.878,17.216,13.83,1453000000.0,6000000.0,12.17,3.08,2.795,0.0,9260000000.0,1270000000.0,1270000000.0,0.0,,,,,30000000.0,871000000.0,1.0,1082180931.0,982080000,994660000.0,1.293,132899000000.0,0.0,16000000.0,0.0,135.324,
20,KEY,MRQ,2016-06-30,2016-06-30,2016-06-30,2021-09-09,-114000000.0,101150000000.0,,,,,13.599,-22000000.0,496000000.0,496000000.0,0.0,201000000.0,,7.941,12435000000.0,,,12435000000.0,0.0,62000000.0,75325000000.0,0.028,0.085,271000000.0,333000000.0,0.327,333000000.0,271000000.0,271000000.0,0.23,0.23,0.23,11313000000.0,,11313000000.0,20583221639.0,19.0,15.135,329000000.0,0.395,1.0,1018000000.0,1.0,1110000000.0,0.0,111979000000.0,,0.0,90445000000.0,,,89832000000.0,,,9308221639.0,22000000.0,0.0,2000000.0,649000000.0,-78000000.0,2516000000.0,-2845000000.0,-2840000000.0,351000000.0,0.0,202000000.0,196000000.0,196000000.0,-3000000.0,-1000000.0,0.193,751000000.0,267000000.0,0.0,0.37,0.823,11.463,11.392,1141000000.0,6000000.0,11.05,2.314,2.286,0.0,9166000000.0,1018000000.0,1018000000.0,0.0,,,,,17000000.0,614000000.0,1.0,842372999.0,831899000,838496000.0,1.224,100040000000.0,0.0,69000000.0,0.0,120.255,
21,KEY,MRQ,2016-03-31,2016-03-31,2016-03-31,2021-09-09,-213000000.0,98402000000.0,,,,,13.375,-8000000.0,474000000.0,474000000.0,0.0,188000000.0,,7.892,11749000000.0,,,11749000000.0,0.0,62000000.0,73382000000.0,0.027,0.075,244000000.0,306000000.0,0.323,306000000.0,244000000.0,244000000.0,0.22,0.22,0.22,11066000000.0,,11066000000.0,19709092282.0,17.0,13.929,365000000.0,0.441,1.0,946000000.0,1.0,1117000000.0,0.0,108560000000.0,,0.0,87512000000.0,,,87331000000.0,,,9225092282.0,-133000000.0,0.0,1000000.0,562000000.0,-68000000.0,2831000000.0,-3337000000.0,-3341000000.0,373000000.0,0.0,188000000.0,183000000.0,183000000.0,-1000000.0,0.0,0.193,703000000.0,243000000.0,0.0,0.341,0.834,10.866,10.824,1112000000.0,5000000.0,11.04,2.286,2.264,0.0,9042000000.0,946000000.0,946000000.0,0.0,,,,,19000000.0,582000000.0,1.0,835606185.0,827381000,835060000.0,1.143,97285000000.0,0.0,56000000.0,0.0,117.582,
22,KEY,MRQ,2015-12-31,2015-12-31,2015-12-31,2021-09-09,-405000000.0,95131000000.0,,,,,12.977,-35000000.0,607000000.0,607000000.0,0.0,229000000.0,,7.851,11089000000.0,,,11089000000.0,0.0,71000000.0,71046000000.0,0.022,0.075,299000000.0,370000000.0,0.355,370000000.0,299000000.0,299000000.0,0.26,0.26,0.26,10746000000.0,,10746000000.0,21942489741.0,18.0,14.968,847000000.0,1.023,1.0,1042000000.0,1.0,1125000000.0,0.0,104488000000.0,,0.0,83603000000.0,,,84372000000.0,,,11018489741.0,137000000.0,0.0,3000000.0,-67000000.0,-68000000.0,-159000000.0,-586000000.0,-565000000.0,882000000.0,0.0,226000000.0,220000000.0,220000000.0,4000000.0,3000000.0,0.211,736000000.0,306000000.0,0.0,0.288,1.025,12.339,12.443,1119000000.0,6000000.0,13.19,2.713,2.717,0.0,8922000000.0,1042000000.0,1042000000.0,0.0,,,,,11000000.0,619000000.0,1.0,835366925.0,828110000,835843000.0,1.258,94006000000.0,0.0,73000000.0,0.0,113.519,
23,KEY,MRQ,2015-09-30,2015-09-30,2015-09-30,2021-09-09,-272000000.0,95420000000.0,,,,,12.875,-22000000.0,470000000.0,470000000.0,0.0,217000000.0,,7.912,11392000000.0,,,11392000000.0,0.0,60000000.0,71073000000.0,0.022,0.075,291000000.0,351000000.0,0.345,351000000.0,291000000.0,291000000.0,0.26,0.25,0.26,10705000000.0,,10705000000.0,21485601584.0,17.0,14.286,168000000.0,0.202,1.0,1016000000.0,1.0,1134000000.0,0.0,105208000000.0,,0.0,83782000000.0,,,84703000000.0,,,10939601584.0,-223000000.0,0.0,-121000000.0,-25000000.0,-69000000.0,189000000.0,-602000000.0,-598000000.0,190000000.0,0.0,219000000.0,213000000.0,213000000.0,3000000.0,-2000000.0,0.21,724000000.0,292000000.0,0.0,0.288,1.022,11.878,11.827,1086000000.0,6000000.0,13.01,2.688,2.658,0.0,8764000000.0,1016000000.0,1016000000.0,0.0,,,,,14000000.0,606000000.0,1.0,840860998.0,831430000,838880000.0,1.222,94286000000.0,0.0,72000000.0,0.0,113.402,
24,KEY,MRQ,2015-06-30,2015-06-30,2015-06-30,2021-09-09,-345000000.0,94604000000.0,,,,,12.615,-14000000.0,693000000.0,693000000.0,0.0,239000000.0,,7.932,11237000000.0,,,11237000000.0,0.0,66000000.0,70669000000.0,0.018,0.075,322000000.0,388000000.0,0.376,388000000.0,322000000.0,322000000.0,0.28,0.27,0.28,10590000000.0,,10590000000.0,22073549992.0,18.0,14.925,1147000000.0,1.366,1.0,1031000000.0,1.0,1140000000.0,0.0,104008000000.0,,0.0,82704000000.0,,,84003000000.0,,,12741549992.0,187000000.0,0.0,-120000000.0,1585000000.0,-69000000.0,443000000.0,-1417000000.0,-1418000000.0,1161000000.0,0.0,238000000.0,233000000.0,233000000.0,-3000000.0,1000000.0,0.226,711000000.0,320000000.0,0.0,0.268,1.203,14.349,14.305,1084000000.0,5000000.0,15.02,3.164,3.131,0.0,8614000000.0,1031000000.0,1031000000.0,0.0,,,,,20000000.0,595000000.0,1.0,848305592.0,839454000,846312000.0,1.228,93464000000.0,0.0,84000000.0,0.0,111.339,
25,KEY,MRQ,2015-03-31,2015-03-31,2015-03-31,2021-09-09,-279000000.0,94204000000.0,,,,,12.495,-3000000.0,506000000.0,506000000.0,0.0,235000000.0,,7.884,9836000000.0,,,9836000000.0,0.0,50000000.0,71622000000.0,0.018,0.065,307000000.0,357000000.0,0.367,357000000.0,307000000.0,307000000.0,0.27,0.26,0.27,10603000000.0,,10603000000.0,20331397596.0,17.0,14.09,-1105000000.0,-1.302,1.0,973000000.0,1.0,1149000000.0,0.0,102385000000.0,,0.0,82561000000.0,,,83591000000.0,,,12111397596.0,-147000000.0,0.0,-188000000.0,998000000.0,-61000000.0,373000000.0,582000000.0,564000000.0,-1102000000.0,0.0,233000000.0,227000000.0,227000000.0,-5000000.0,2000000.0,0.233,669000000.0,304000000.0,0.0,0.241,1.142,13.937,14.02,1112000000.0,6000000.0,14.16,3.019,2.995,0.0,8445000000.0,973000000.0,973000000.0,0.0,,,,,13000000.0,555000000.0,1.0,855324689.0,848580000,857122000.0,1.147,93055000000.0,0.0,74000000.0,0.0,109.66,
26,KEY,MRQ,2014-12-31,2014-12-31,2014-12-31,2021-09-09,-356000000.0,93821000000.0,,,,,12.263,-44000000.0,653000000.0,653000000.0,0.0,254000000.0,,7.909,8873000000.0,,,8873000000.0,0.0,61000000.0,71998000000.0,0.018,0.065,347000000.0,408000000.0,0.389,408000000.0,347000000.0,347000000.0,0.29,0.28,0.29,10530000000.0,,10530000000.0,20215910953.0,16.0,13.734,811000000.0,0.944,1.0,1050000000.0,1.0,1158000000.0,0.0,100883000000.0,,0.0,82084000000.0,,,83279000000.0,,,12041910953.0,2000000.0,-1000000.0,-125000000.0,103000000.0,-62000000.0,3458000000.0,-4311000000.0,-4281000000.0,855000000.0,0.0,253000000.0,248000000.0,248000000.0,-2000000.0,1000000.0,0.236,704000000.0,346000000.0,0.0,0.224,1.144,13.715,13.762,1171000000.0,5000000.0,13.9,2.986,3.004,0.0,8273000000.0,1050000000.0,1050000000.0,0.0,,,,,13000000.0,589000000.0,1.0,866324529.0,858672000,865443000.0,1.223,92663000000.0,0.0,94000000.0,0.0,107.914,
27,KEY,MRQ,2014-09-30,2014-09-30,2014-09-30,2021-09-09,-325000000.0,89784000000.0,,,,,12.09,-23000000.0,651000000.0,651000000.0,0.0,186000000.0,,7.561,8825000000.0,,,8825000000.0,0.0,76000000.0,68456000000.0,0.018,0.065,250000000.0,326000000.0,0.335,326000000.0,250000000.0,250000000.0,0.21,0.21,0.21,10486000000.0,,10486000000.0,20999804404.0,18.0,14.82,179000000.0,0.206,1.0,973000000.0,1.0,1177000000.0,0.0,96781000000.0,,0.0,77919000000.0,,,79281000000.0,,,11656804404.0,47000000.0,-46000000.0,-115000000.0,-1049000000.0,-61000000.0,-568000000.0,413000000.0,473000000.0,202000000.0,0.0,186000000.0,180000000.0,180000000.0,17000000.0,0.0,0.185,706000000.0,267000000.0,0.0,0.31,1.112,13.65,13.742,1136000000.0,6000000.0,13.33,2.92,2.896,0.0,8082000000.0,973000000.0,973000000.0,0.0,,,,,10000000.0,586000000.0,1.0,874478950.0,867350000,874122000.0,1.122,88607000000.0,0.0,64000000.0,0.0,102.158,
28,KEY,MRQ,2014-06-30,2014-06-30,2014-06-30,2021-09-09,-289000000.0,91798000000.0,,,,,12.0,-19000000.0,604000000.0,604000000.0,0.0,225000000.0,,7.738,9947000000.0,,,9947000000.0,0.0,57000000.0,67799000000.0,0.016,0.065,295000000.0,352000000.0,0.346,352000000.0,295000000.0,295000000.0,0.24,0.24,0.24,10504000000.0,,10504000000.0,21841703760.0,17.0,14.59,88000000.0,0.101,1.0,1016000000.0,1.0,1087000000.0,0.0,100054000000.0,,0.0,78192000000.0,,,81277000000.0,,,12657703760.0,195000000.0,0.0,-102000000.0,367000000.0,-62000000.0,736000000.0,-648000000.0,-651000000.0,107000000.0,0.0,219000000.0,214000000.0,214000000.0,28000000.0,6000000.0,0.211,687000000.0,329000000.0,0.0,0.271,1.205,13.466,13.648,1150000000.0,5000000.0,14.33,3.142,3.114,0.0,7950000000.0,1016000000.0,1016000000.0,0.0,,,,,10000000.0,576000000.0,1.0,883301030.0,875298000,902137000.0,1.161,90711000000.0,0.0,76000000.0,0.0,103.634,
29,KEY,MRQ,2014-03-31,2014-03-31,2014-03-31,2021-09-09,-324000000.0,90802000000.0,,,,,11.758,-10000000.0,409000000.0,409000000.0,0.0,242000000.0,,7.727,9593000000.0,,,9593000000.0,0.0,52000000.0,67266000000.0,0.015,0.055,334000000.0,386000000.0,0.388,386000000.0,334000000.0,334000000.0,0.27,0.26,0.27,10403000000.0,,10403000000.0,21575034540.0,17.0,14.677,146000000.0,0.165,1.0,994000000.0,1.0,1096000000.0,0.0,98890000000.0,,0.0,77285000000.0,,,80383000000.0,,,12665034540.0,-208000000.0,0.0,-115000000.0,72000000.0,-55000000.0,-2094000000.0,1730000000.0,1734000000.0,156000000.0,0.0,242000000.0,236000000.0,236000000.0,-4000000.0,0.0,0.237,664000000.0,330000000.0,0.0,0.204,1.217,13.707,13.825,1156000000.0,6000000.0,14.24,3.171,3.154,0.0,7793000000.0,994000000.0,994000000.0,0.0,,,,,11000000.0,560000000.0,1.0,889398493.0,884727000,891890000.0,1.124,89706000000.0,0.0,92000000.0,0.0,101.394,
30,KEY,MRQ,2013-12-31,2013-12-31,2013-12-31,2021-09-09,-352000000.0,92934000000.0,,,,,11.572,-40000000.0,617000000.0,617000000.0,0.0,230000000.0,,8.018,9527000000.0,,,9527000000.0,0.0,53000000.0,69262000000.0,0.016,0.055,300000000.0,353000000.0,0.35,353000000.0,300000000.0,300000000.0,0.25,0.25,0.25,10303000000.0,,10303000000.0,19360336214.0,16.0,13.809,639000000.0,0.718,1.0,1009000000.0,1.0,1106000000.0,0.0,100738000000.0,,0.0,79026000000.0,,,82614000000.0,,,12033336214.0,-131000000.0,-216000000.0,-95000000.0,1511000000.0,-55000000.0,2089000000.0,-2899000000.0,-2674000000.0,679000000.0,0.0,230000000.0,224000000.0,224000000.0,5000000.0,0.0,0.222,704000000.0,305000000.0,0.0,0.22,1.168,13.566,13.694,1190000000.0,6000000.0,13.42,3.044,3.078,0.0,7606000000.0,1009000000.0,1009000000.0,0.0,,,,,8000000.0,597000000.0,1.0,896671849.0,890342000,897547000.0,1.133,91828000000.0,0.0,70000000.0,0.0,103.138,
31,KEY,MRQ,2013-09-30,2013-09-30,2013-09-30,2021-09-09,-369000000.0,90708000000.0,,,,,11.316,-26000000.0,748000000.0,748000000.0,0.0,271000000.0,,7.885,8075000000.0,,,8075000000.0,0.0,75000000.0,68535000000.0,0.018,0.055,331000000.0,406000000.0,0.402,406000000.0,331000000.0,331000000.0,0.29,0.29,0.29,10206000000.0,,10206000000.0,18304420062.0,16.0,13.283,-83000000.0,-0.092,1.0,1009000000.0,1.0,1116000000.0,0.0,96919000000.0,,0.0,76692000000.0,,,80472000000.0,,,10389420062.0,52000000.0,375000000.0,-190000000.0,-525000000.0,-55000000.0,-203000000.0,312000000.0,-39000000.0,-57000000.0,0.0,272000000.0,266000000.0,266000000.0,-37000000.0,-1000000.0,0.264,716000000.0,293000000.0,0.0,0.19,1.018,12.081,12.128,1183000000.0,6000000.0,11.4,2.646,2.618,0.0,7431000000.0,1009000000.0,1009000000.0,0.0,,,,,8000000.0,596000000.0,1.0,911352637.0,901904000,908253000.0,1.119,89592000000.0,0.0,59000000.0,0.0,99.337,
32,KEY,MRQ,2013-06-30,2013-06-30,2013-06-30,2021-09-09,-318000000.0,90639000000.0,,,,,11.195,-22000000.0,696000000.0,696000000.0,0.0,204000000.0,,7.858,8611000000.0,,,8611000000.0,0.0,49000000.0,67721000000.0,0.019,0.055,276000000.0,325000000.0,0.331,325000000.0,276000000.0,276000000.0,0.22,0.22,0.22,10229000000.0,,10229000000.0,19654433944.0,18.0,15.119,672000000.0,0.735,1.0,982000000.0,1.0,1128000000.0,0.0,97426000000.0,,0.0,76302000000.0,,,80378000000.0,,,10162433944.0,75000000.0,573000000.0,-106000000.0,-1386000000.0,-55000000.0,830000000.0,-1449000000.0,-2015000000.0,694000000.0,0.0,204000000.0,198000000.0,198000000.0,-5000000.0,0.0,0.202,711000000.0,271000000.0,0.0,0.25,0.993,12.577,12.545,1203000000.0,6000000.0,11.04,2.606,2.587,0.0,7214000000.0,982000000.0,982000000.0,0.0,,,,,9000000.0,592000000.0,1.0,920510321.0,913736000,918628000.0,1.075,89511000000.0,0.0,72000000.0,0.0,97.962,
33,KEY,MRQ,2013-03-31,2013-03-31,2013-03-31,2021-09-09,-162000000.0,89198000000.0,,,,,11.235,-4000000.0,621000000.0,621000000.0,0.0,205000000.0,,7.623,10113000000.0,,,10113000000.0,0.0,44000000.0,64654000000.0,0.02,0.05,274000000.0,318000000.0,0.334,318000000.0,274000000.0,274000000.0,0.22,0.21,0.22,10340000000.0,,10340000000.0,17359632373.0,16.0,13.141,227000000.0,0.247,1.0,953000000.0,1.0,1138000000.0,0.0,97552000000.0,,0.0,74782000000.0,,,78819000000.0,,,9201632373.0,37000000.0,0.0,-57000000.0,1410000000.0,-52000000.0,-38000000.0,-156000000.0,-158000000.0,231000000.0,0.0,204000000.0,199000000.0,199000000.0,-3000000.0,1000000.0,0.209,681000000.0,272000000.0,0.0,0.227,0.89,10.941,11.067,1239000000.0,5000000.0,9.96,2.365,2.356,0.0,7065000000.0,953000000.0,953000000.0,0.0,,,,,10000000.0,561000000.0,1.0,923858672.0,920316000,926051000.0,1.036,88060000000.0,0.0,70000000.0,0.0,95.685,
34,KEY,MRQ,2012-12-31,2012-12-31,2012-12-31,2021-09-09,-124000000.0,89236000000.0,,,,,11.096,-63000000.0,584000000.0,584000000.0,0.0,203000000.0,,7.684,8743000000.0,,,8743000000.0,0.0,73000000.0,65993000000.0,0.021,0.05,256000000.0,329000000.0,0.335,329000000.0,256000000.0,256000000.0,0.21,0.22,0.21,10271000000.0,,10271000000.0,15140301804.0,14.0,11.435,588000000.0,0.635,1.0,983000000.0,1.0,1150000000.0,0.0,96245000000.0,,0.0,74860000000.0,,,78927000000.0,,,7861301804.0,-389000000.0,-90000000.0,-88000000.0,527000000.0,-52000000.0,2192000000.0,-3232000000.0,-3112000000.0,651000000.0,0.0,203000000.0,197000000.0,197000000.0,-7000000.0,0.0,0.2,734000000.0,249000000.0,0.0,0.238,0.765,9.403,9.461,1253000000.0,6000000.0,8.42,2.02,2.032,0.0,6913000000.0,983000000.0,983000000.0,0.0,,,,,11000000.0,630000000.0,1.0,933646295.0,925630000,930290000.0,1.062,88086000000.0,0.0,53000000.0,0.0,95.163,
35,KEY,MRQ,2012-09-30,2012-09-30,2012-09-30,2021-09-09,-69000000.0,86950000000.0,,,,,10.949,-41000000.0,973000000.0,973000000.0,0.0,221000000.0,,7.479,8253000000.0,,,8253000000.0,0.0,58000000.0,64188000000.0,0.018,0.05,270000000.0,328000000.0,0.334,328000000.0,270000000.0,270000000.0,0.23,0.23,0.23,10251000000.0,,10251000000.0,17127867660.0,16.0,13.68,234000000.0,0.25,1.0,981000000.0,1.0,1161000000.0,0.0,93069000000.0,,0.0,72022000000.0,,,76671000000.0,,,8245867660.0,257000000.0,866000000.0,-80000000.0,-1276000000.0,-52000000.0,-1435000000.0,1417000000.0,592000000.0,275000000.0,0.0,219000000.0,214000000.0,214000000.0,-3000000.0,2000000.0,0.218,712000000.0,269000000.0,0.0,0.217,0.804,9.899,10.046,1232000000.0,5000000.0,8.74,2.181,2.164,0.0,6762000000.0,981000000.0,981000000.0,0.0,,,,,11000000.0,599000000.0,1.0,943463119.0,936223000,940764000.0,1.048,85789000000.0,0.0,51000000.0,0.0,91.633,
36,KEY,MRQ,2012-06-30,2012-06-30,2012-06-30,2021-09-09,-72000000.0,86523000000.0,,,,,10.75,-33000000.0,716000000.0,716000000.0,0.0,241000000.0,,7.518,9599000000.0,,,9599000000.0,0.0,56000000.0,62167000000.0,0.018,0.05,290000000.0,346000000.0,0.355,346000000.0,290000000.0,290000000.0,0.24,0.24,0.24,10155000000.0,,10155000000.0,18029280140.0,16.0,13.858,1431000000.0,1.515,1.0,974000000.0,1.0,932000000.0,0.0,94474000000.0,,0.0,71829000000.0,,,76347000000.0,,,7377280140.0,301000000.0,0.0,-81000000.0,-1510000000.0,-52000000.0,-970000000.0,-193000000.0,-160000000.0,1464000000.0,0.0,236000000.0,231000000.0,231000000.0,-14000000.0,5000000.0,0.237,693000000.0,281000000.0,0.0,0.208,0.726,8.878,9.0,1249000000.0,5000000.0,7.74,1.93,1.913,0.0,6595000000.0,974000000.0,974000000.0,0.0,,,,,27000000.0,577000000.0,1.0,953136969.0,944648000,948087000.0,1.031,85591000000.0,0.0,54000000.0,0.0,90.606,
37,KEY,MRQ,2012-03-31,2012-03-31,2012-03-31,2021-09-09,-19000000.0,87431000000.0,,,,,10.638,-26000000.0,415000000.0,415000000.0,0.0,200000000.0,,7.656,11068000000.0,,,11068000000.0,0.0,48000000.0,61494000000.0,0.014,0.03,273000000.0,321000000.0,0.337,321000000.0,273000000.0,273000000.0,0.2,0.2,0.2,10099000000.0,,10099000000.0,18979271611.0,16.0,13.976,-1117000000.0,-1.177,1.0,953000000.0,1.0,932000000.0,0.0,97152000000.0,,0.0,72682000000.0,,,77315000000.0,,,8105271611.0,-278000000.0,0.0,0.0,-450000000.0,-35000000.0,-947000000.0,1760000000.0,1786000000.0,-1091000000.0,0.0,200000000.0,194000000.0,194000000.0,1000000.0,0.0,0.204,679000000.0,274000000.0,0.0,0.15,0.803,9.719,9.77,1272000000.0,6000000.0,8.5,2.092,2.083,0.0,6411000000.0,953000000.0,953000000.0,0.0,,,,,0.0,553000000.0,1.0,953561366.0,949342000,953971000.0,1.004,86499000000.0,0.0,73000000.0,0.0,91.115,
38,KEY,MRQ,2011-12-31,2011-12-31,2011-12-31,2021-09-09,-28000000.0,88785000000.0,,,,,10.439,-78000000.0,694000000.0,694000000.0,0.0,200000000.0,,7.962,11568000000.0,,,11568000000.0,0.0,-7000000.0,61956000000.0,0.013,0.03,264000000.0,257000000.0,0.294,257000000.0,264000000.0,264000000.0,0.2,0.2,0.2,9905000000.0,,9905000000.0,19463709797.0,15.0,13.107,-160000000.0,-0.169,1.0,873000000.0,1.0,934000000.0,0.0,98725000000.0,,0.0,73670000000.0,,,78863000000.0,,,7327709797.0,-135000000.0,0.0,0.0,-1303000000.0,-34000000.0,-413000000.0,360000000.0,416000000.0,-82000000.0,0.0,200000000.0,194000000.0,194000000.0,-2000000.0,0.0,0.222,611000000.0,262000000.0,0.0,0.15,0.74,9.013,8.839,1294000000.0,6000000.0,7.69,1.825,1.785,0.0,6246000000.0,873000000.0,873000000.0,0.0,,,,,41000000.0,538000000.0,1.0,952888140.0,948842000,951857000.0,0.92,87851000000.0,0.0,64000000.0,0.0,92.588,
39,KEY,MRQ,2011-09-30,2011-09-30,2011-09-30,2021-09-09,143000000.0,89262000000.0,,,,,10.436,-27000000.0,828000000.0,828000000.0,0.0,218000000.0,,8.014,12964000000.0,,,12964000000.0,0.0,65000000.0,61032000000.0,0.013,0.03,312000000.0,377000000.0,0.369,377000000.0,312000000.0,312000000.0,0.22,0.22,0.22,9901000000.0,,9901000000.0,17973454955.0,12.0,10.007,394000000.0,0.415,1.0,1022000000.0,1.0,935000000.0,0.0,100463000000.0,,0.0,73976000000.0,,,79344000000.0,,,5650454955.0,-25000000.0,0.0,0.0,-333000000.0,-34000000.0,255000000.0,-701000000.0,-674000000.0,421000000.0,0.0,217000000.0,212000000.0,212000000.0,17000000.0,1000000.0,0.207,692000000.0,330000000.0,0.0,0.136,0.571,6.292,5.99,1317000000.0,5000000.0,5.93,1.286,1.28,0.0,6079000000.0,1022000000.0,1022000000.0,0.0,,,,,0.0,576000000.0,1.0,952859183.0,948702000,950686000.0,1.077,88327000000.0,0.0,95000000.0,0.0,93.103,
40,KEY,MRQ,2011-06-30,2011-06-30,2011-06-30,2021-09-09,109000000.0,88782000000.0,,,,,10.257,-44000000.0,853000000.0,853000000.0,0.0,243000000.0,,8.133,13176000000.0,,,13176000000.0,0.0,69000000.0,60410000000.0,0.007,0.03,334000000.0,403000000.0,0.393,403000000.0,334000000.0,334000000.0,0.25,0.25,0.25,9719000000.0,,9719000000.0,21345279954.0,14.0,11.832,998000000.0,1.053,1.0,1026000000.0,1.0,936000000.0,0.0,100169000000.0,,0.0,73117000000.0,,,79045000000.0,,,7920279954.0,313000000.0,0.0,-66000000.0,-900000000.0,-35000000.0,-1401000000.0,672000000.0,716000000.0,1042000000.0,0.0,240000000.0,234000000.0,234000000.0,9000000.0,3000000.0,0.228,680000000.0,346000000.0,0.0,0.12,0.815,9.167,8.588,1372000000.0,6000000.0,8.33,1.798,1.792,0.0,5926000000.0,1026000000.0,1026000000.0,0.0,,,,,0.0,564000000.0,1.0,950813920.0,947565000,952133000.0,1.083,87846000000.0,0.0,94000000.0,0.0,92.707,
41,KEY,MRQ,2011-03-31,2011-03-31,2011-03-31,2021-09-09,-35000000.0,90438000000.0,,,,,10.687,-30000000.0,540000000.0,540000000.0,0.0,271000000.0,,8.567,13965000000.0,,,13965000000.0,0.0,74000000.0,60810000000.0,0.005,0.01,374000000.0,448000000.0,0.41,448000000.0,374000000.0,374000000.0,0.2,0.19,0.2,9425000000.0,,9425000000.0,21328563992.0,17.0,13.611,382000000.0,0.433,1.0,1094000000.0,1.0,937000000.0,0.0,102926000000.0,,0.0,74226000000.0,,,80741000000.0,,,7818563992.0,262000000.0,0.0,600000000.0,219000000.0,-61000000.0,-1542000000.0,1392000000.0,1422000000.0,412000000.0,0.0,263000000.0,173000000.0,173000000.0,11000000.0,8000000.0,0.158,701000000.0,393000000.0,0.0,0.05,0.83,11.864,11.84,1397000000.0,90000000.0,8.88,1.836,1.839,0.0,5721000000.0,1094000000.0,1094000000.0,0.0,,,,,0.0,552000000.0,1.0,880468918.0,881894000,887836000.0,1.241,89501000000.0,0.0,111000000.0,0.0,101.487,
42,KEY,MRQ,2010-12-31,2010-12-31,2010-12-31,2021-09-09,-17000000.0,91843000000.0,,,,,12.698,-52000000.0,278000000.0,278000000.0,0.0,323000000.0,,7.238,13788000000.0,,,13788000000.0,0.0,76000000.0,60610000000.0,0.005,0.01,492000000.0,568000000.0,0.454,568000000.0,492000000.0,492000000.0,0.32,0.31,0.32,11117000000.0,,11117000000.0,21890170881.0,30.0,20.458,703000000.0,0.803,1.0,1252000000.0,1.0,938000000.0,0.0,104415000000.0,,0.0,75613000000.0,,,80469000000.0,,,7792170881.0,-545000000.0,0.0,0.0,-867000000.0,-46000000.0,-1721000000.0,421000000.0,473000000.0,755000000.0,0.0,320000000.0,279000000.0,279000000.0,13000000.0,3000000.0,0.223,744000000.0,508000000.0,0.0,0.031,0.701,19.98,19.667,1417000000.0,41000000.0,8.85,2.036,2.023,0.0,5557000000.0,1252000000.0,1252000000.0,0.0,,,,,0.0,584000000.0,1.0,880471286.0,875507000,889127000.0,1.43,90905000000.0,0.0,172000000.0,0.0,103.831,
43,KEY,MRQ,2010-09-30,2010-09-30,2010-09-30,2021-09-09,285000000.0,94043000000.0,,,,,12.733,-48000000.0,823000000.0,823000000.0,0.0,226000000.0,,7.424,14921000000.0,,,14921000000.0,0.0,81000000.0,61418000000.0,0.005,0.01,304000000.0,385000000.0,0.373,385000000.0,304000000.0,304000000.0,0.2,0.2,0.2,11134000000.0,,11134000000.0,20522048740.0,-64.0,892.263,368000000.0,0.421,1.0,1032000000.0,1.0,956000000.0,0.0,107185000000.0,,0.0,76982000000.0,,,82655000000.0,,,7007048740.0,232000000.0,0.0,0.0,564000000.0,-46000000.0,-439000000.0,255000000.0,303000000.0,416000000.0,0.0,219000000.0,178000000.0,178000000.0,-15000000.0,7000000.0,0.172,736000000.0,296000000.0,0.0,0.05,0.629,-45.5,-99.5,1451000000.0,41000000.0,7.96,2.401,2.385,0.0,5287000000.0,1032000000.0,1032000000.0,0.0,,,,,0.0,561000000.0,1.0,880282505.0,874433000,874433000.0,1.18,93087000000.0,0.0,85000000.0,0.0,106.454,
44,KEY,MRQ,2010-06-30,2010-06-30,2010-06-30,2021-09-09,153000000.0,94167000000.0,,,,,12.37,-33000000.0,591000000.0,591000000.0,0.0,74000000.0,,7.68,14106000000.0,,,14106000000.0,0.0,85000000.0,62375000000.0,0.005,0.01,81000000.0,166000000.0,0.188,166000000.0,81000000.0,81000000.0,0.03,0.03,0.03,10820000000.0,,10820000000.0,19691694514.0,-15.0,-21.016,677000000.0,0.774,1.0,881000000.0,1.0,959000000.0,0.0,106723000000.0,,0.0,77172000000.0,,,83095000000.0,,,6760694514.0,-28000000.0,0.0,0.0,584000000.0,-46000000.0,-2236000000.0,1498000000.0,1531000000.0,710000000.0,0.0,70000000.0,29000000.0,29000000.0,27000000.0,4000000.0,0.033,769000000.0,112000000.0,0.0,0.333,0.625,-8.78,-9.613,1461000000.0,41000000.0,7.69,3.179,3.162,0.0,5118000000.0,881000000.0,881000000.0,0.0,,,,,0.0,579000000.0,1.0,879154033.0,874664000,874664000.0,1.007,93208000000.0,0.0,11000000.0,0.0,106.564,
45,KEY,MRQ,2010-03-31,2010-03-31,2010-03-31,2021-09-09,19000000.0,95303000000.0,,,,,12.17,-20000000.0,619000000.0,619000000.0,0.0,-39000000.0,,7.93,13550000000.0,,,13550000000.0,0.0,88000000.0,65149000000.0,0.005,0.01,-137000000.0,-49000000.0,-0.074,-49000000.0,-137000000.0,-137000000.0,-0.11,-0.11,-0.11,10641000000.0,,10641000000.0,19974573344.0,-11.0,-14.278,823000000.0,0.941,1.0,662000000.0,1.0,963000000.0,0.0,107271000000.0,,0.0,78586000000.0,,,84381000000.0,,,6805573344.0,148000000.0,0.0,0.0,-27000000.0,-46000000.0,-495000000.0,-200000000.0,-180000000.0,843000000.0,0.0,-55000000.0,-96000000.0,-96000000.0,-2000000.0,16000000.0,-0.145,785000000.0,-123000000.0,0.0,-0.091,0.64,-5.724,-5.132,1524000000.0,41000000.0,7.75,4.008,3.991,0.0,5098000000.0,662000000.0,662000000.0,0.0,,,,,0.0,550000000.0,1.0,878138496.0,874386000,874386000.0,0.757,94340000000.0,0.0,-82000000.0,0.0,107.893,
46,KEY,MRQ,2009-12-31,2009-12-31,2009-12-31,2021-09-09,-3000000.0,93287000000.0,,,,,15.295,-98000000.0,471000000.0,471000000.0,0.0,-188000000.0,,7.723,13640000000.0,,,13640000000.0,0.0,92000000.0,65571000000.0,0.017,0.01,-571000000.0,-479000000.0,-1.397,-479000000.0,-571000000.0,-571000000.0,-0.2,-0.2,-0.2,10663000000.0,,10663000000.0,19151201834.0,-8.0,-9.667,755000000.0,1.083,1.0,343000000.0,1.0,967000000.0,0.0,105489000000.0,,0.0,78878000000.0,,,82354000000.0,,,4876201834.0,-254000000.0,0.0,-1000000.0,-1918000000.0,-45000000.0,-3652000000.0,2545000000.0,2643000000.0,853000000.0,0.0,-224000000.0,-265000000.0,-265000000.0,7000000.0,36000000.0,-0.773,871000000.0,-528000000.0,0.0,-0.05,0.457,-2.993,-2.372,1596000000.0,41000000.0,5.55,3.882,3.081,0.0,5158000000.0,343000000.0,343000000.0,0.0,,,,,0.0,626000000.0,1.0,878594925.0,697155000,697155000.0,0.492,92320000000.0,0.0,-347000000.0,0.0,132.424,
47,KEY,MRQ,2009-09-30,2009-09-30,2009-09-30,2021-09-09,46000000.0,96989000000.0,,,,,13.061,-44000000.0,725000000.0,725000000.0,0.0,-402000000.0,,7.821,15000000000.0,,,15000000000.0,0.0,96000000.0,67259000000.0,0.022,0.01,-671000000.0,-575000000.0,-2.386,-575000000.0,-671000000.0,-671000000.0,-0.52,-0.52,-0.52,10970000000.0,,10970000000.0,21689540544.0,-8.0,-9.704,549000000.0,0.654,1.0,241000000.0,1.0,971000000.0,0.0,110293000000.0,,0.0,82973000000.0,,,85801000000.0,,,5710540544.0,19000000.0,0.0,0.0,-1327000000.0,-46000000.0,-1894000000.0,1320000000.0,1364000000.0,593000000.0,0.0,-397000000.0,-438000000.0,-438000000.0,16000000.0,-5000000.0,-1.817,901000000.0,-660000000.0,0.0,-0.019,0.521,-2.977,-1.879,1638000000.0,41000000.0,6.5,4.193,4.008,0.0,5431000000.0,241000000.0,241000000.0,0.0,,,,,0.0,575000000.0,1.0,878544699.0,839906000,839906000.0,0.287,96018000000.0,0.0,-274000000.0,0.0,114.32,
48,KEY,MRQ,2009-06-30,2009-06-30,2009-06-30,2021-09-09,0.0,97792000000.0,,,,,18.81,-39000000.0,706000000.0,706000000.0,0.0,-223000000.0,,7.993,16702000000.0,,,16702000000.0,0.0,106000000.0,67780000000.0,0.062,0.01,-402000000.0,-296000000.0,-0.655,-296000000.0,-402000000.0,-402000000.0,-0.68,-0.68,-0.68,10851000000.0,,10851000000.0,20823990673.0,-10.0,-12.894,903000000.0,1.565,1.0,452000000.0,1.0,1021000000.0,0.0,112767000000.0,,0.0,84492000000.0,,,86732000000.0,,,2632990673.0,82000000.0,0.0,987000000.0,-1631000000.0,-47000000.0,1208000000.0,-2068000000.0,-2029000000.0,942000000.0,0.0,-226000000.0,-390000000.0,-390000000.0,-4000000.0,3000000.0,-0.863,855000000.0,-403000000.0,0.0,-0.015,0.243,-1.723,-1.724,1700000000.0,164000000.0,5.24,1.421,1.631,0.0,5878000000.0,452000000.0,452000000.0,0.0,,,,,0.0,574000000.0,1.0,502479136.0,576883000,576883000.0,0.784,96771000000.0,0.0,-176000000.0,0.0,167.748,
49,KEY,MRQ,2009-03-31,2009-03-31,2009-03-31,2021-09-09,97000000.0,97834000000.0,,,,,20.227,-32000000.0,624000000.0,624000000.0,0.0,-498000000.0,,8.794,18828000000.0,,,18828000000.0,0.0,95000000.0,65877000000.0,0.087,0.062,-726000000.0,-631000000.0,-2.868,-631000000.0,-726000000.0,-726000000.0,-1.09,-1.09,-1.09,9968000000.0,,9968000000.0,27665329900.0,-13.0,-16.01,-100000000.0,-0.203,1.0,220000000.0,1.0,1027000000.0,0.0,115011000000.0,,0.0,84413000000.0,,,87660000000.0,,,3893329900.0,-621000000.0,105000000.0,0.0,-6039000000.0,-75000000.0,-5365000000.0,4812000000.0,4739000000.0,-68000000.0,0.0,-488000000.0,-536000000.0,-536000000.0,29000000.0,-10000000.0,-2.436,927000000.0,-707000000.0,0.0,-0.057,0.391,-1.72,-1.555,1736000000.0,48000000.0,7.87,2.347,2.338,0.0,6160000000.0,220000000.0,220000000.0,0.0,,,,,0.0,542000000.0,1.0,494705197.0,492813000,492813000.0,0.446,96807000000.0,0.0,-238000000.0,0.0,196.438,
50,KEY,MRQ,2008-12-31,2008-12-31,2008-12-31,2021-09-09,65000000.0,104531000000.0,,,,,21.274,-88000000.0,1245000000.0,1245000000.0,0.0,-527000000.0,,8.955,25029000000.0,,,25029000000.0,0.0,109000000.0,65127000000.0,0.117,0.062,-842000000.0,-733000000.0,-1.633,-733000000.0,-842000000.0,-842000000.0,-1.17,-1.17,-1.17,10480000000.0,,10480000000.0,25028466609.0,-24.0,-41.576,-1030000000.0,-2.091,1.0,449000000.0,1.0,1229000000.0,0.0,127086000000.0,,0.0,90026000000.0,,,93850000000.0,,,4217466609.0,-682000000.0,0.0,2500000000.0,1697000000.0,-42000000.0,4710000000.0,-4450000000.0,-4362000000.0,-942000000.0,0.0,-524000000.0,-554000000.0,-554000000.0,30000000.0,-3000000.0,-1.234,1264000000.0,-815000000.0,0.0,-0.053,0.402,-2.793,-2.536,1830000000.0,30000000.0,8.52,1.606,1.46,0.0,6727000000.0,449000000.0,449000000.0,0.0,,,,,0.0,619000000.0,1.0,495007818.0,492618000,492618000.0,0.911,103302000000.0,0.0,-318000000.0,0.0,209.7,
51,KEY,MRQ,2008-09-30,2008-09-30,2008-09-30,2021-09-09,153000000.0,101290000000.0,,,,,17.613,-20000000.0,1927000000.0,1927000000.0,0.0,-25000000.0,,10.685,22748000000.0,,,22748000000.0,0.0,103000000.0,64567000000.0,0.109,0.188,-58000000.0,45000000.0,0.061,45000000.0,-58000000.0,-58000000.0,-0.1,-0.1,-0.1,8651000000.0,,8651000000.0,27173204819.0,-87.0,244.804,563000000.0,1.146,1.0,732000000.0,1.0,1700000000.0,0.0,120411000000.0,,0.0,85689000000.0,,,92432000000.0,,,5906204819.0,26000000.0,0.0,87000000.0,-144000000.0,-105000000.0,173000000.0,-730000000.0,-710000000.0,583000000.0,0.0,-36000000.0,-48000000.0,-48000000.0,39000000.0,11000000.0,-0.066,740000000.0,-8000000.0,0.0,-1.88,0.683,-6.344,-5.477,1831000000.0,12000000.0,11.94,2.099,2.084,0.0,7320000000.0,732000000.0,732000000.0,0.0,,,,,0.0,569000000.0,1.0,494657020.0,491179000,491179000.0,1.49,99590000000.0,0.0,-22000000.0,0.0,202.757,
52,KEY,MRQ,2008-06-30,2008-06-30,2008-06-30,2021-09-09,149000000.0,101544000000.0,,,,,20.896,-40000000.0,1912000000.0,1912000000.0,0.0,-1127000000.0,,10.643,23179000000.0,,,23179000000.0,0.0,107000000.0,64396000000.0,0.135,0.375,-516000000.0,-409000000.0,-1.585,-409000000.0,-516000000.0,-516000000.0,-2.7,-2.7,-2.7,8706000000.0,,8706000000.0,25970597776.0,633.0,55.374,-503000000.0,-1.207,1.0,258000000.0,1.0,1744000000.0,0.0,121067000000.0,,0.0,90165000000.0,,,92659000000.0,,,4396597776.0,182000000.0,0.0,1604000000.0,210000000.0,-150000000.0,1356000000.0,-711000000.0,-671000000.0,-463000000.0,0.0,-1126000000.0,-1126000000.0,-1126000000.0,-2000000.0,-1000000.0,-4.364,777000000.0,-519000000.0,0.0,-0.139,0.505,-6.533,-7.13,1837000000.0,0.0,10.98,1.398,1.455,0.0,7461000000.0,258000000.0,258000000.0,0.0,,,,,0.0,583000000.0,1.0,400418741.0,416629000,416629000.0,0.619,99800000000.0,0.0,610000000.0,0.0,239.542,
53,KEY,MRQ,2008-03-31,2008-03-31,2008-03-31,2021-09-09,393000000.0,101492000000.0,,,,,21.527,-46000000.0,1730000000.0,1730000000.0,0.0,219000000.0,,10.792,23304000000.0,,,23304000000.0,0.0,110000000.0,64702000000.0,0.067,0.375,322000000.0,432000000.0,0.409,432000000.0,322000000.0,322000000.0,0.55,0.54,0.55,8592000000.0,,8592000000.0,29275812664.0,29.0,20.246,216000000.0,0.541,1.0,1056000000.0,1.0,1763000000.0,0.0,121303000000.0,,0.0,89929000000.0,,,92723000000.0,,,8752812664.0,-84000000.0,8000000.0,3000000.0,275000000.0,-148000000.0,-72000000.0,-274000000.0,-236000000.0,262000000.0,0.0,218000000.0,218000000.0,218000000.0,0.0,1000000.0,0.206,733000000.0,323000000.0,0.0,0.682,1.019,11.122,10.92,1782000000.0,0.0,21.95,2.099,2.101,0.0,8737000000.0,1056000000.0,1056000000.0,0.0,,,,,0.0,583000000.0,1.0,398761397.0,399121000,399769000.0,2.646,99729000000.0,0.0,104000000.0,0.0,249.872,
54,KEY,MRQ,2007-12-31,2007-12-31,2007-12-31,2021-09-09,130000000.0,98228000000.0,,,,,19.917,-73000000.0,1814000000.0,1814000000.0,0.0,57000000.0,,11.681,21745000000.0,,,21745000000.0,0.0,104000000.0,63099000000.0,0.062,0.365,-61000000.0,43000000.0,0.056,43000000.0,-61000000.0,-61000000.0,0.07,0.07,0.07,7746000000.0,,7746000000.0,26790630822.0,22.0,16.578,482000000.0,1.239,1.0,768000000.0,1.0,1375000000.0,0.0,116784000000.0,,0.0,86236000000.0,,,90482000000.0,,,9116630822.0,-213000000.0,-80000000.0,1000000.0,1816000000.0,-143000000.0,1110000000.0,-1878000000.0,-1725000000.0,555000000.0,0.0,25000000.0,25000000.0,25000000.0,-9000000.0,32000000.0,0.033,806000000.0,-38000000.0,0.0,5.214,1.177,9.92,9.979,1809000000.0,0.0,23.45,2.071,2.088,0.0,8522000000.0,768000000.0,768000000.0,0.0,,,,,0.0,571000000.0,1.0,388768905.0,388908000,389844000.0,1.975,96853000000.0,0.0,-86000000.0,0.0,249.038,
55,KEY,MRQ,2007-09-30,2007-09-30,2007-09-30,2021-09-09,-54000000.0,96137000000.0,,,,,20.086,-57000000.0,2016000000.0,2016000000.0,0.0,210000000.0,,11.294,19376000000.0,,,19376000000.0,0.0,107000000.0,63714000000.0,0.045,0.365,296000000.0,403000000.0,0.379,403000000.0,296000000.0,296000000.0,0.54,0.54,0.54,7820000000.0,,7820000000.0,30377054780.0,20.0,15.813,-226000000.0,-0.581,1.0,1063000000.0,1.0,1307000000.0,0.0,112190000000.0,,0.0,84422000000.0,,,88317000000.0,,,12621054780.0,198000000.0,27000000.0,-50000000.0,-143000000.0,-141000000.0,2782000000.0,-2415000000.0,-2385000000.0,-169000000.0,0.0,210000000.0,210000000.0,210000000.0,14000000.0,0.0,0.198,753000000.0,310000000.0,0.0,0.676,1.614,12.136,12.246,1766000000.0,0.0,32.33,2.602,2.595,0.0,8788000000.0,1063000000.0,1063000000.0,0.0,,,,,0.0,562000000.0,1.0,390382146.0,389319000,393164000.0,2.73,94830000000.0,0.0,86000000.0,0.0,243.579,
56,KEY,MRQ,2007-06-30,2007-06-30,2007-06-30,2021-09-09,-169000000.0,92967000000.0,,,,,19.643,-35000000.0,1818000000.0,1818000000.0,0.0,334000000.0,,11.072,19419000000.0,,,19419000000.0,0.0,104000000.0,60599000000.0,0.041,0.365,464000000.0,568000000.0,0.443,568000000.0,464000000.0,464000000.0,0.85,0.84,0.85,7701000000.0,,7701000000.0,31354528237.0,19.0,15.295,-138000000.0,-0.352,1.0,1282000000.0,1.0,1312000000.0,0.0,109256000000.0,,0.0,81590000000.0,,,85266000000.0,,,13467528237.0,-234000000.0,40000000.0,-205000000.0,-148000000.0,-141000000.0,334000000.0,-465000000.0,-470000000.0,-103000000.0,0.0,334000000.0,334000000.0,334000000.0,3000000.0,0.0,0.261,815000000.0,467000000.0,0.0,0.429,1.749,11.793,11.962,1710000000.0,0.0,34.33,2.693,2.691,0.0,8720000000.0,1282000000.0,1282000000.0,0.0,,,,,0.0,589000000.0,1.0,392296191.0,392045000,396918000.0,3.27,91655000000.0,0.0,130000000.0,0.0,233.787,
57,KEY,MRQ,2007-03-31,2007-03-31,2007-03-31,2021-09-09,-114000000.0,92256000000.0,,,,,19.401,-22000000.0,2052000000.0,2052000000.0,0.0,350000000.0,,10.952,19753000000.0,,,19753000000.0,0.0,105000000.0,59773000000.0,0.037,0.365,497000000.0,602000000.0,0.467,602000000.0,497000000.0,497000000.0,0.88,0.87,0.88,7719000000.0,,7719000000.0,31938193968.0,20.0,15.882,-349000000.0,-0.877,1.0,1289000000.0,1.0,1317000000.0,0.0,108640000000.0,,0.0,80632000000.0,,,84537000000.0,,,14834193968.0,-212000000.0,199000000.0,-229000000.0,500000000.0,-145000000.0,789000000.0,-674000000.0,-851000000.0,-327000000.0,0.0,350000000.0,350000000.0,350000000.0,8000000.0,0.0,0.272,784000000.0,505000000.0,0.0,0.415,1.922,13.292,13.478,1664000000.0,0.0,37.47,3.0,3.015,0.0,8528000000.0,1289000000.0,1289000000.0,0.0,,,,,0.0,612000000.0,1.0,395895222.0,397875000,403478000.0,3.24,90939000000.0,0.0,147000000.0,0.0,228.562,
58,KEY,MRQ,2006-12-31,2006-12-31,2006-12-31,2021-09-09,-184000000.0,92337000000.0,,,,,19.147,-50000000.0,2264000000.0,2264000000.0,0.0,146000000.0,,10.987,19368000000.0,,,19368000000.0,0.0,105000000.0,59116000000.0,0.036,0.345,243000000.0,348000000.0,0.286,348000000.0,243000000.0,243000000.0,0.37,0.36,0.37,7703000000.0,,7703000000.0,33264116835.0,22.0,17.489,1473000000.0,3.661,1.0,1217000000.0,1.0,1322000000.0,0.0,108119000000.0,,0.0,80237000000.0,,,84634000000.0,,,15272116835.0,-693000000.0,2511000000.0,-150000000.0,-1694000000.0,-137000000.0,-4292000000.0,144000000.0,-408000000.0,1523000000.0,0.0,146000000.0,146000000.0,146000000.0,165000000.0,0.0,0.12,809000000.0,408000000.0,0.0,0.932,1.983,14.476,14.571,1719000000.0,0.0,38.03,3.187,3.21,0.0,8377000000.0,1217000000.0,1217000000.0,0.0,,,,,0.0,654000000.0,1.0,401580774.0,402306000,407801000.0,3.025,91015000000.0,0.0,97000000.0,0.0,226.233,
59,KEY,MRQ,2006-09-30,2006-09-30,2006-09-30,2021-09-09,-70000000.0,96155000000.0,,,,,19.682,-34000000.0,2957000000.0,2957000000.0,0.0,312000000.0,,11.1,20949000000.0,,,20949000000.0,0.0,102000000.0,61429000000.0,0.036,0.345,430000000.0,532000000.0,0.439,532000000.0,430000000.0,430000000.0,0.77,0.76,0.77,7947000000.0,,7947000000.0,32349481912.0,20.0,15.912,-142000000.0,-0.352,1.0,1213000000.0,1.0,1499000000.0,0.0,112648000000.0,,0.0,83103000000.0,,,88208000000.0,,,15099481912.0,143000000.0,9000000.0,-23000000.0,696000000.0,-140000000.0,1130000000.0,9000000.0,-863000000.0,-108000000.0,0.0,312000000.0,312000000.0,312000000.0,-7000000.0,0.0,0.257,790000000.0,423000000.0,0.0,0.448,1.9,12.531,12.649,1643000000.0,0.0,37.44,3.231,3.235,0.0,8371000000.0,1213000000.0,1213000000.0,0.0,,,,,0.0,618000000.0,1.0,403298128.0,403780000,409428000.0,3.004,94656000000.0,0.0,118000000.0,0.0,234.425,
60,KEY,MRQ,2006-06-30,2006-06-30,2006-06-30,2021-09-09,-120000000.0,94794000000.0,,,,,19.126,-17000000.0,2814000000.0,2814000000.0,0.0,308000000.0,,11.252,20064000000.0,,,20064000000.0,0.0,96000000.0,60838000000.0,0.038,0.345,433000000.0,529000000.0,0.431,529000000.0,433000000.0,433000000.0,0.76,0.75,0.76,7737000000.0,,7737000000.0,31986612163.0,20.0,16.058,-490000000.0,-1.211,1.0,1226000000.0,1.0,1504000000.0,0.0,110540000000.0,,0.0,81797000000.0,,,87057000000.0,,,14421612163.0,328000000.0,-34000000.0,-118000000.0,15000000.0,-140000000.0,1204000000.0,266000000.0,-618000000.0,-473000000.0,0.0,308000000.0,308000000.0,308000000.0,-5000000.0,0.0,0.251,798000000.0,428000000.0,0.0,0.454,1.864,12.316,12.432,1600000000.0,0.0,35.68,3.107,3.11,0.0,8199000000.0,1226000000.0,1226000000.0,0.0,,,,,0.0,624000000.0,1.0,404193166.0,404528000,410559000.0,3.031,93290000000.0,0.0,125000000.0,0.0,230.614,
61,KEY,MRQ,2006-03-31,2006-03-31,2006-03-31,2021-09-09,-121000000.0,93391000000.0,,,,,18.749,-13000000.0,2486000000.0,2486000000.0,0.0,289000000.0,,11.227,20051000000.0,,,20051000000.0,0.0,94000000.0,59402000000.0,0.036,0.345,399000000.0,493000000.0,0.434,493000000.0,399000000.0,399000000.0,0.71,0.7,0.71,7638000000.0,,7638000000.0,32355764168.0,20.0,16.542,50000000.0,0.123,1.0,1136000000.0,1.0,1475000000.0,0.0,109481000000.0,,0.0,81068000000.0,,,85753000000.0,,,14909764168.0,-622000000.0,0.0,-109000000.0,-419000000.0,-140000000.0,-12000000.0,-298000000.0,-362000000.0,63000000.0,0.0,289000000.0,289000000.0,289000000.0,-10000000.0,0.0,0.254,752000000.0,384000000.0,0.0,0.486,1.952,12.92,13.05,1533000000.0,0.0,36.8,3.26,3.278,0.0,8031000000.0,1136000000.0,1136000000.0,0.0,,,,,0.0,591000000.0,1.0,405156635.0,407386000,413140000.0,2.789,91916000000.0,0.0,110000000.0,0.0,225.624,
62,KEY,MRQ,2005-12-31,2005-12-31,2005-12-31,2021-09-09,-106000000.0,93126000000.0,,,,,18.603,-84000000.0,3108000000.0,3108000000.0,0.0,296000000.0,,11.257,20554000000.0,,,20554000000.0,0.0,93000000.0,58765000000.0,0.039,0.325,386000000.0,479000000.0,0.436,479000000.0,386000000.0,386000000.0,0.72,0.72,0.72,7598000000.0,,7598000000.0,31250432397.0,20.0,16.251,624000000.0,1.528,1.0,1098000000.0,1.0,1480000000.0,0.0,109092000000.0,,0.0,80216000000.0,,,85528000000.0,,,13428432397.0,448000000.0,-187000000.0,-73000000.0,160000000.0,-133000000.0,653000000.0,-2975000000.0,-1309000000.0,708000000.0,0.0,296000000.0,296000000.0,296000000.0,-39000000.0,0.0,0.27,751000000.0,347000000.0,0.0,0.451,1.767,11.894,11.931,1611000000.0,0.0,32.93,2.932,2.941,0.0,7882000000.0,1098000000.0,1098000000.0,0.0,,,,,0.0,581000000.0,1.0,407787197.0,408426000,412526000.0,2.688,91646000000.0,0.0,90000000.0,0.0,224.388,
63,KEY,MRQ,2005-09-30,2005-09-30,2005-09-30,2021-09-09,-73000000.0,92323000000.0,,,,,18.326,-39000000.0,2660000000.0,2660000000.0,0.0,278000000.0,,11.274,20482000000.0,,,20482000000.0,0.0,91000000.0,58071000000.0,0.04,0.325,400000000.0,491000000.0,0.416,491000000.0,400000000.0,400000000.0,0.68,0.67,0.68,7522000000.0,,7522000000.0,29959163779.0,20.0,16.168,-165000000.0,-0.402,1.0,1181000000.0,1.0,1453000000.0,0.0,108692000000.0,,0.0,80135000000.0,,,84801000000.0,,,13200163779.0,-308000000.0,-25000000.0,0.0,920000000.0,-133000000.0,804000000.0,-180000000.0,-742000000.0,-126000000.0,0.0,278000000.0,278000000.0,278000000.0,0.0,0.0,0.235,781000000.0,400000000.0,0.0,0.478,1.755,12.62,12.598,593000000.0,0.0,32.25,2.933,2.941,0.0,7719000000.0,1181000000.0,1181000000.0,0.0,,,,,0.0,620000000.0,1.0,409307404.0,410456000,415441000.0,2.877,90870000000.0,0.0,122000000.0,0.0,221.388,
64,KEY,MRQ,2005-06-30,2005-06-30,2005-06-30,2021-09-09,-86000000.0,91015000000.0,,,,,17.986,-14000000.0,2968000000.0,2968000000.0,0.0,291000000.0,,11.38,19727000000.0,,,19727000000.0,0.0,87000000.0,58063000000.0,0.038,0.325,406000000.0,493000000.0,0.425,493000000.0,406000000.0,406000000.0,0.71,0.7,0.71,7352000000.0,,7352000000.0,30663254699.0,21.0,17.035,610000000.0,1.492,1.0,1159000000.0,1.0,1443000000.0,0.0,106331000000.0,,0.0,78896000000.0,,,83663000000.0,,,13514254699.0,-23000000.0,-2000000.0,17000000.0,-430000000.0,-133000000.0,384000000.0,-290000000.0,-725000000.0,624000000.0,0.0,291000000.0,291000000.0,291000000.0,0.0,0.0,0.251,753000000.0,406000000.0,0.0,0.458,1.838,13.249,13.26,576000000.0,0.0,33.15,3.07,3.078,0.0,7574000000.0,1159000000.0,1159000000.0,0.0,,,,,0.0,583000000.0,1.0,407669825.0,408754000,414309000.0,2.835,89572000000.0,0.0,115000000.0,0.0,219.134,
65,KEY,MRQ,2005-03-31,2005-03-31,2005-03-31,2021-09-09,-71000000.0,90276000000.0,,,,,17.543,-6000000.0,2991000000.0,2991000000.0,0.0,264000000.0,,11.605,20140000000.0,,,20140000000.0,0.0,87000000.0,57127000000.0,0.039,0.325,373000000.0,460000000.0,0.403,460000000.0,373000000.0,373000000.0,0.65,0.64,0.65,7162000000.0,,7162000000.0,30237154319.0,22.0,17.17,956000000.0,2.342,1.0,1142000000.0,1.0,1446000000.0,0.0,105979000000.0,,0.0,78011000000.0,,,83114000000.0,,,13185154319.0,537000000.0,-5000000.0,-44000000.0,1166000000.0,-132000000.0,287000000.0,-197000000.0,-504000000.0,962000000.0,0.0,264000000.0,264000000.0,264000000.0,0.0,0.0,0.231,769000000.0,373000000.0,0.0,0.5,1.841,13.621,13.692,587000000.0,0.0,32.45,3.074,3.089,0.0,7416000000.0,1142000000.0,1142000000.0,0.0,,,,,0.0,613000000.0,1.0,406322167.0,408264000,413762000.0,2.797,88830000000.0,0.0,109000000.0,0.0,217.58,
66,KEY,MRQ,2004-12-31,2004-12-31,2004-12-31,2021-09-09,-22000000.0,90747000000.0,,,,,17.434,-26000000.0,2454000000.0,2454000000.0,0.0,213000000.0,,11.751,19506000000.0,,,19506000000.0,0.0,84000000.0,57842000000.0,0.037,0.31,325000000.0,409000000.0,0.401,409000000.0,325000000.0,325000000.0,0.52,0.52,0.52,7117000000.0,,7117000000.0,30419353895.0,22.0,17.852,-585000000.0,-1.433,1.0,1019000000.0,1.0,1446000000.0,0.0,106353000000.0,,0.0,78951000000.0,,,83630000000.0,,,13784353895.0,-530000000.0,-1702000000.0,48000000.0,-379000000.0,-126000000.0,975000000.0,622000000.0,160000000.0,-559000000.0,0.0,213000000.0,213000000.0,213000000.0,-47000000.0,0.0,0.209,741000000.0,278000000.0,0.0,0.596,1.937,14.449,14.612,603000000.0,0.0,33.9,3.285,3.317,0.0,7284000000.0,1019000000.0,1019000000.0,0.0,,,,,0.0,557000000.0,1.0,406618109.0,408227000,413714000.0,2.496,89301000000.0,0.0,112000000.0,0.0,218.753,
67,KEY,MRQ,2004-09-30,2004-09-30,2004-09-30,2021-09-09,-48000000.0,88463000000.0,,,,,17.059,-23000000.0,2984000000.0,2984000000.0,0.0,252000000.0,,11.736,19619000000.0,,,19619000000.0,0.0,85000000.0,55843000000.0,0.039,0.31,353000000.0,438000000.0,0.405,438000000.0,353000000.0,353000000.0,0.62,0.61,0.62,6946000000.0,,6946000000.0,31542104486.0,23.0,17.321,473000000.0,1.162,1.0,1082000000.0,1.0,1211000000.0,0.0,103887000000.0,,0.0,74409000000.0,,,81517000000.0,,,12855104486.0,671000000.0,-31000000.0,-53000000.0,-1523000000.0,-127000000.0,1706000000.0,-78000000.0,-1399000000.0,496000000.0,0.0,252000000.0,252000000.0,252000000.0,0.0,0.0,0.233,729000000.0,353000000.0,0.0,0.5,1.851,13.185,13.447,599000000.0,0.0,31.6,2.983,2.985,0.0,7197000000.0,1082000000.0,1082000000.0,0.0,,,,,0.0,581000000.0,1.0,406807104.0,407187000,411575000.0,2.657,87252000000.0,0.0,101000000.0,0.0,214.28,
68,KEY,MRQ,2004-06-30,2004-06-30,2004-06-30,2021-09-09,-83000000.0,86231000000.0,,,,,16.644,-23000000.0,2313000000.0,2313000000.0,0.0,239000000.0,,11.627,21000000000.0,,,21000000000.0,0.0,125000000.0,52423000000.0,0.041,0.31,329000000.0,454000000.0,0.434,454000000.0,329000000.0,329000000.0,0.58,0.58,0.58,6829000000.0,,6829000000.0,31656913808.0,24.0,17.987,-208000000.0,-0.507,1.0,1046000000.0,1.0,1181000000.0,0.0,103737000000.0,,0.0,73088000000.0,,,79402000000.0,,,12264913808.0,200000000.0,0.0,-161000000.0,-250000000.0,-127000000.0,1981000000.0,-295000000.0,-1278000000.0,-185000000.0,0.0,239000000.0,239000000.0,239000000.0,0.0,0.0,0.228,717000000.0,329000000.0,0.0,0.534,1.796,12.91,13.167,600000000.0,0.0,29.89,2.889,2.889,0.0,7072000000.0,1046000000.0,1046000000.0,0.0,,,,,0.0,569000000.0,1.0,410335022.0,410292000,414908000.0,2.549,85050000000.0,0.0,90000000.0,0.0,207.291,
69,KEY,MRQ,2004-03-31,2004-03-31,2004-03-31,2021-09-09,54000000.0,84448000000.0,,,,,16.797,-23000000.0,2113000000.0,2113000000.0,0.0,250000000.0,,11.066,21505000000.0,,,21505000000.0,0.0,51000000.0,49931000000.0,0.04,0.31,352000000.0,403000000.0,0.399,403000000.0,352000000.0,352000000.0,0.6,0.59,0.6,6999000000.0,,6999000000.0,30742681394.0,24.0,18.387,10000000.0,0.024,1.0,1011000000.0,1.0,1184000000.0,0.0,102656000000.0,,0.0,71963000000.0,,,77449000000.0,,,12546681394.0,-599000000.0,0.0,-186000000.0,502000000.0,-128000000.0,-743000000.0,-287000000.0,421000000.0,33000000.0,0.0,250000000.0,250000000.0,250000000.0,0.0,0.0,0.247,659000000.0,352000000.0,0.0,0.517,1.793,13.405,13.644,604000000.0,0.0,30.29,2.984,3.002,0.0,6960000000.0,1011000000.0,1011000000.0,0.0,,,,,0.0,554000000.0,1.0,414218600.0,416680000,421572000.0,2.426,83264000000.0,0.0,102000000.0,0.0,199.827,
70,KEY,MRQ,2003-12-31,2003-12-31,2003-12-31,2021-09-09,-8000000.0,84487000000.0,,,,,16.592,-21000000.0,2712000000.0,2712000000.0,0.0,234000000.0,,11.123,20908000000.0,,,20908000000.0,0.0,210000000.0,50858000000.0,0.042,0.305,316000000.0,526000000.0,0.449,526000000.0,316000000.0,316000000.0,0.55,0.55,0.55,6969000000.0,,6969000000.0,32744284869.0,26.0,20.338,140000000.0,0.333,1.0,1171000000.0,1.0,1187000000.0,0.0,101496000000.0,,0.0,71737000000.0,,,77518000000.0,,,12289284869.0,314000000.0,0.0,-90000000.0,-1972000000.0,-128000000.0,-59000000.0,163000000.0,70000000.0,161000000.0,0.0,234000000.0,234000000.0,234000000.0,0.0,0.0,0.2,855000000.0,316000000.0,0.0,0.555,1.763,13.609,13.765,606000000.0,0.0,29.32,2.968,2.993,0.0,6838000000.0,1171000000.0,1171000000.0,0.0,,,,,0.0,579000000.0,1.0,419143413.0,420013000,423724000.0,2.788,83300000000.0,0.0,82000000.0,0.0,198.327,
71,KEY,MRQ,2003-09-30,2003-09-30,2003-09-30,2021-09-09,17000000.0,84460000000.0,,,,,16.534,-40000000.0,2398000000.0,2398000000.0,0.0,227000000.0,,11.105,22853000000.0,,,22853000000.0,0.0,59000000.0,48739000000.0,0.048,0.305,318000000.0,377000000.0,0.371,377000000.0,318000000.0,318000000.0,0.54,0.53,0.54,6977000000.0,,6977000000.0,29114725636.0,23.0,19.725,-320000000.0,-0.758,1.0,1017000000.0,1.0,1195000000.0,0.0,103720000000.0,,0.0,71853000000.0,,,77483000000.0,,,10760725636.0,-851000000.0,-17000000.0,-56000000.0,48000000.0,-128000000.0,-1249000000.0,245000000.0,490000000.0,-280000000.0,0.0,227000000.0,227000000.0,227000000.0,0.0,0.0,0.223,699000000.0,318000000.0,0.0,0.565,1.542,11.773,11.893,614000000.0,0.0,25.57,2.703,2.71,0.0,6732000000.0,1017000000.0,1017000000.0,0.0,,,,,0.0,574000000.0,1.0,420834010.0,421971000,425669000.0,2.41,83265000000.0,0.0,91000000.0,0.0,197.324,
72,KEY,MRQ,2003-06-30,2003-06-30,2003-06-30,2021-09-09,79000000.0,85479000000.0,,,,,16.488,-13000000.0,3249000000.0,3249000000.0,0.0,225000000.0,,11.231,21603000000.0,,,21603000000.0,0.0,49000000.0,49869000000.0,0.048,0.305,317000000.0,366000000.0,0.364,366000000.0,317000000.0,317000000.0,0.53,0.53,0.53,6989000000.0,,6989000000.0,30151151552.0,23.0,20.195,909000000.0,2.144,1.0,1005000000.0,1.0,1173000000.0,0.0,102660000000.0,,0.0,72311000000.0,,,78490000000.0,,,10684151552.0,175000000.0,0.0,-58000000.0,-959000000.0,-128000000.0,-1741000000.0,899000000.0,108000000.0,922000000.0,0.0,225000000.0,225000000.0,225000000.0,0.0,0.0,0.224,688000000.0,317000000.0,0.0,0.575,1.529,11.464,11.592,606000000.0,0.0,25.27,2.697,2.704,0.0,6633000000.0,1005000000.0,1005000000.0,0.0,,,,,0.0,570000000.0,1.0,422799824.0,423882000,427170000.0,2.371,84306000000.0,0.0,92000000.0,0.0,198.89,
73,KEY,MRQ,2003-03-31,2003-03-31,2003-03-31,2021-09-09,42000000.0,86490000000.0,,,,,16.22,-9000000.0,3074000000.0,3074000000.0,0.0,217000000.0,,11.538,22541000000.0,,,22541000000.0,0.0,50000000.0,50455000000.0,0.053,0.305,291000000.0,341000000.0,0.36,341000000.0,291000000.0,291000000.0,0.51,0.51,0.51,6898000000.0,,6898000000.0,28469724737.0,22.0,18.755,95000000.0,0.223,1.0,948000000.0,1.0,1176000000.0,0.0,104781000000.0,,0.0,73692000000.0,,,79592000000.0,,,9543724737.0,-290000000.0,0.0,-40000000.0,224000000.0,-129000000.0,1165000000.0,-1047000000.0,-503000000.0,104000000.0,0.0,217000000.0,217000000.0,217000000.0,0.0,0.0,0.229,657000000.0,291000000.0,0.0,0.598,1.384,10.014,10.117,623000000.0,0.0,22.56,2.415,2.428,0.0,6536000000.0,948000000.0,948000000.0,0.0,,,,,0.0,548000000.0,1.0,423037444.0,425275000,428090000.0,2.229,85314000000.0,0.0,74000000.0,0.0,200.609,
74,KEY,MRQ,2002-12-31,2002-12-31,2002-12-31,2021-09-09,39000000.0,85202000000.0,,,,,16.099,-21000000.0,3364000000.0,3364000000.0,0.0,245000000.0,,11.466,22290000000.0,,,22290000000.0,0.0,49000000.0,49346000000.0,0.048,0.3,343000000.0,392000000.0,0.388,392000000.0,343000000.0,343000000.0,0.57,0.58,0.57,6835000000.0,,6835000000.0,33176983059.0,25.0,21.572,478000000.0,1.126,1.0,1011000000.0,1.0,1177000000.0,0.0,102951000000.0,,0.0,72183000000.0,,,78367000000.0,,,10681983059.0,325000000.0,-48000000.0,-26000000.0,-3490000000.0,-128000000.0,713000000.0,-376000000.0,-442000000.0,499000000.0,0.0,245000000.0,245000000.0,245000000.0,0.0,0.0,0.242,668000000.0,343000000.0,0.0,0.526,1.563,10.945,10.978,644000000.0,0.0,25.14,2.694,2.698,0.0,6448000000.0,1011000000.0,1011000000.0,0.0,,,,,0.0,550000000.0,1.0,424899883.0,424566000,429518000.0,2.381,84025000000.0,0.0,98000000.0,0.0,197.908,
75,KEY,MRQ,2002-09-30,2002-09-30,2002-09-30,2021-09-09,17000000.0,83516000000.0,,,,,15.605,-23000000.0,3039000000.0,3039000000.0,0.0,245000000.0,,11.555,25534000000.0,,,25534000000.0,0.0,56000000.0,44610000000.0,0.048,0.3,338000000.0,394000000.0,0.395,394000000.0,338000000.0,338000000.0,0.57,0.57,0.57,6652000000.0,,6652000000.0,33116450679.0,50.0,35.533,421000000.0,0.988,1.0,997000000.0,1.0,1128000000.0,0.0,104883000000.0,,0.0,71057000000.0,,,76864000000.0,,,10650450679.0,110000000.0,0.0,-42000000.0,-44000000.0,-128000000.0,-445000000.0,279000000.0,-120000000.0,444000000.0,0.0,245000000.0,245000000.0,245000000.0,0.0,0.0,0.246,659000000.0,338000000.0,0.0,0.526,1.601,19.121,19.208,651000000.0,0.0,24.97,3.18,3.178,0.0,6330000000.0,997000000.0,997000000.0,0.0,,,,,0.0,547000000.0,1.0,426529863.0,426274000,431326000.0,2.339,82388000000.0,0.0,93000000.0,0.0,193.275,
76,KEY,MRQ,2002-06-30,2002-06-30,2002-06-30,2021-09-09,32000000.0,82777000000.0,,,,,15.468,-27000000.0,2929000000.0,2929000000.0,0.0,246000000.0,,11.559,25395000000.0,,,25395000000.0,0.0,60000000.0,44805000000.0,0.044,0.3,331000000.0,391000000.0,0.393,391000000.0,331000000.0,331000000.0,0.58,0.57,0.58,6591000000.0,,6591000000.0,34913735655.0,50.0,34.568,159000000.0,0.373,1.0,996000000.0,1.0,1131000000.0,0.0,104112000000.0,,0.0,71280000000.0,,,76186000000.0,,,11628735655.0,446000000.0,-15000000.0,12000000.0,-703000000.0,-128000000.0,738000000.0,76000000.0,-537000000.0,186000000.0,0.0,246000000.0,246000000.0,246000000.0,0.0,0.0,0.247,665000000.0,331000000.0,0.0,0.517,1.764,20.729,20.682,659000000.0,0.0,27.3,3.406,3.407,0.0,6214000000.0,996000000.0,996000000.0,0.0,,,,,0.0,552000000.0,1.0,425961013.0,426092000,431935000.0,2.338,81646000000.0,0.0,85000000.0,0.0,191.616,
77,KEY,MRQ,2002-03-31,2002-03-31,2002-03-31,2021-09-09,-20000000.0,81359000000.0,,,,,15.069,-10000000.0,2483000000.0,2483000000.0,0.0,240000000.0,,11.708,25768000000.0,,,25768000000.0,0.0,61000000.0,43233000000.0,0.044,0.3,300000000.0,361000000.0,0.376,361000000.0,300000000.0,300000000.0,0.56,0.56,0.56,6402000000.0,,6402000000.0,32272704341.0,161.0,46.502,320000000.0,0.753,1.0,961000000.0,1.0,1129000000.0,0.0,103515000000.0,,0.0,70775000000.0,,,74957000000.0,,,11325704341.0,-408000000.0,0.0,16000000.0,1947000000.0,-127000000.0,281000000.0,506000000.0,-1515000000.0,330000000.0,0.0,240000000.0,240000000.0,240000000.0,0.0,0.0,0.25,661000000.0,300000000.0,0.0,0.536,1.769,73.069,74.028,663000000.0,0.0,26.65,3.621,3.62,0.0,6096000000.0,961000000.0,961000000.0,0.0,,,,,0.0,555000000.0,1.0,424979525.0,424855000,430019000.0,2.262,80230000000.0,0.0,60000000.0,0.0,188.841,
78,KEY,MRQ,2001-12-31,2001-12-31,2001-12-31,2021-09-09,2000000.0,80938000000.0,,,,,14.531,-37000000.0,2891000000.0,2891000000.0,0.0,-174000000.0,,12.15,23838000000.0,,,23838000000.0,0.0,93000000.0,44795000000.0,0.048,0.295,-307000000.0,-214000000.0,-0.542,-214000000.0,-307000000.0,-307000000.0,-0.41,-0.4,-0.41,6155000000.0,,6155000000.0,33025224264.0,141.0,43.227,1024000000.0,2.417,1.0,395000000.0,1.0,1134000000.0,0.0,100751000000.0,,0.0,69995000000.0,,,74783000000.0,,,10307224264.0,88000000.0,0.0,8000000.0,-1646000000.0,-125000000.0,-2340000000.0,-353000000.0,1757000000.0,1061000000.0,0.0,-174000000.0,-174000000.0,-174000000.0,0.0,0.0,-0.441,702000000.0,-307000000.0,0.0,-0.72,1.675,78.085,78.516,687000000.0,0.0,24.34,3.221,3.227,0.0,5856000000.0,395000000.0,395000000.0,0.0,,,,,0.0,546000000.0,1.0,423468540.0,423591000,428265000.0,0.933,79804000000.0,0.0,-133000000.0,0.0,188.399,
79,KEY,MRQ,2001-09-30,2001-09-30,2001-09-30,2021-09-09,7000000.0,84419000000.0,,,,,15.478,-21000000.0,2803000000.0,2803000000.0,0.0,249000000.0,,11.839,25521000000.0,,,25521000000.0,0.0,93000000.0,45372000000.0,0.048,0.295,379000000.0,472000000.0,0.444,472000000.0,379000000.0,379000000.0,0.59,0.58,0.59,6575000000.0,,6575000000.0,35205151706.0,38.0,23.949,146000000.0,0.344,1.0,1062000000.0,1.0,1121000000.0,0.0,106016000000.0,,0.0,72769000000.0,,,77844000000.0,,,10264151706.0,22000000.0,0.0,-42000000.0,-2272000000.0,-126000000.0,-2789000000.0,-18000000.0,2683000000.0,167000000.0,0.0,249000000.0,249000000.0,249000000.0,0.0,0.0,0.234,683000000.0,379000000.0,0.0,0.5,1.561,17.944,17.881,682000000.0,0.0,24.14,2.627,2.625,0.0,6282000000.0,1062000000.0,1062000000.0,0.0,,,,,0.0,550000000.0,1.0,425192697.0,424802000,430346000.0,2.5,83298000000.0,0.0,130000000.0,0.0,196.087,
80,KEY,MRQ,2001-06-30,2001-06-30,2001-06-30,2021-09-09,-6000000.0,85838000000.0,,,,,15.228,-28000000.0,2781000000.0,2781000000.0,0.0,-160000000.0,,12.273,27722000000.0,,,27722000000.0,0.0,247000000.0,45743000000.0,0.044,0.295,-172000000.0,75000000.0,0.106,75000000.0,-172000000.0,-172000000.0,-0.38,-0.38,-0.38,6467000000.0,,6467000000.0,36253701298.0,50.0,28.659,395000000.0,0.93,1.0,710000000.0,1.0,1141000000.0,0.0,109638000000.0,,0.0,75300000000.0,,,79371000000.0,,,11058701298.0,297000000.0,0.0,6000000.0,69000000.0,-125000000.0,-265000000.0,87000000.0,80000000.0,423000000.0,0.0,-160000000.0,-160000000.0,-160000000.0,0.0,0.0,-0.225,858000000.0,-148000000.0,0.0,-0.776,1.71,24.907,25.048,694000000.0,0.0,26.05,2.908,2.909,0.0,6159000000.0,710000000.0,710000000.0,0.0,,,,,0.0,552000000.0,1.0,424518284.0,424675000,429760000.0,1.672,84697000000.0,0.0,-12000000.0,0.0,199.44,
81,KEY,MRQ,2001-03-31,2001-03-31,2001-03-31,2021-09-09,-47000000.0,86457000000.0,,,,,15.806,-20000000.0,2484000000.0,2484000000.0,0.0,217000000.0,,11.9,27679000000.0,,,27679000000.0,0.0,97000000.0,45965000000.0,0.044,0.295,334000000.0,431000000.0,0.417,431000000.0,334000000.0,334000000.0,0.51,0.51,0.51,6702000000.0,,6702000000.0,33807515558.0,26.0,20.28,23000000.0,0.054,1.0,1033000000.0,1.0,1311000000.0,0.0,110341000000.0,,0.0,76026000000.0,,,79755000000.0,,,10942515558.0,-705000000.0,-3000000.0,11000000.0,1572000000.0,-125000000.0,-1242000000.0,124000000.0,393000000.0,43000000.0,0.0,217000000.0,217000000.0,217000000.0,0.0,0.0,0.21,698000000.0,335000000.0,0.0,0.578,1.633,12.843,12.965,703000000.0,0.0,25.8,2.622,2.622,0.0,6444000000.0,1033000000.0,1033000000.0,0.0,,,,,0.0,566000000.0,1.0,424128510.0,424024000,429917000.0,2.436,85146000000.0,0.0,117000000.0,0.0,200.805,
82,KEY,MRQ,2000-12-31,2000-12-31,2000-12-31,2021-09-09,-10000000.0,87270000000.0,,,,,15.584,-40000000.0,3189000000.0,3189000000.0,0.0,266000000.0,,12.177,26054000000.0,,,26054000000.0,0.0,95000000.0,48649000000.0,0.04,0.28,397000000.0,492000000.0,0.446,492000000.0,397000000.0,397000000.0,0.63,0.62,0.63,6623000000.0,,6623000000.0,36006142280.0,24.0,18.961,1118000000.0,2.631,1.0,1102000000.0,1.0,1368000000.0,0.0,108767000000.0,,0.0,76315000000.0,,,80647000000.0,,,11923142280.0,498000000.0,0.0,-134000000.0,554000000.0,-120000000.0,1140000000.0,-300000000.0,-1460000000.0,1158000000.0,0.0,266000000.0,266000000.0,266000000.0,0.0,0.0,0.241,705000000.0,397000000.0,0.0,0.444,1.8,11.899,12.069,717000000.0,0.0,28.0,2.689,2.732,0.0,6352000000.0,1102000000.0,1102000000.0,0.0,,,,,0.0,566000000.0,1.0,425826510.0,425000000,430599000.0,2.593,85902000000.0,0.0,131000000.0,0.0,202.122,
83,KEY,MRQ,2000-09-30,2000-09-30,2000-09-30,2021-09-09,-64000000.0,85500000000.0,,,,,15.177,-20000000.0,2691000000.0,2691000000.0,0.0,121000000.0,,12.113,25531000000.0,,,25531000000.0,0.0,96000000.0,47809000000.0,0.043,0.28,171000000.0,267000000.0,0.279,267000000.0,171000000.0,171000000.0,0.28,0.28,0.28,6520000000.0,,6520000000.0,32567370616.0,21.0,17.015,-182000000.0,-0.424,1.0,958000000.0,1.0,1387000000.0,0.0,106953000000.0,,0.0,74785000000.0,,,78980000000.0,,,10896370616.0,-487000000.0,-18000000.0,-68000000.0,1924000000.0,-119000000.0,481000000.0,116000000.0,-884000000.0,-162000000.0,0.0,121000000.0,121000000.0,121000000.0,0.0,0.0,0.126,787000000.0,171000000.0,0.0,1.0,1.671,10.896,11.15,711000000.0,0.0,25.31,2.355,2.35,0.0,6205000000.0,958000000.0,958000000.0,0.0,,,,,0.0,556000000.0,1.0,430516421.0,429584000,431972000.0,2.23,84113000000.0,0.0,50000000.0,0.0,195.801,
84,KEY,MRQ,2000-06-30,2000-06-30,2000-06-30,2021-09-09,-148000000.0,84719000000.0,,,,,14.989,-15000000.0,3178000000.0,3178000000.0,0.0,248000000.0,,12.02,23606000000.0,,,23606000000.0,0.0,95000000.0,49076000000.0,0.061,0.28,382000000.0,477000000.0,0.442,477000000.0,382000000.0,382000000.0,0.57,0.57,0.57,6507000000.0,,6507000000.0,31571178540.0,18.0,14.637,540000000.0,1.244,1.0,1080000000.0,1.0,1409000000.0,0.0,103738000000.0,,0.0,73769000000.0,,,78212000000.0,,,7665178540.0,421000000.0,0.0,-121000000.0,-1816000000.0,-122000000.0,981000000.0,708000000.0,-1808000000.0,555000000.0,0.0,248000000.0,248000000.0,248000000.0,0.0,0.0,0.23,698000000.0,382000000.0,0.0,0.491,1.178,6.671,6.807,726000000.0,0.0,17.63,1.602,1.599,0.0,6203000000.0,1080000000.0,1080000000.0,0.0,,,,,0.0,571000000.0,1.0,434780405.0,434112000,436022000.0,2.488,83310000000.0,0.0,134000000.0,0.0,191.909,
85,KEY,MRQ,2000-03-31,2000-03-31,2000-03-31,2021-09-09,-157000000.0,83504000000.0,,,,,14.696,-6000000.0,2757000000.0,2757000000.0,0.0,367000000.0,,11.861,25420000000.0,,,25420000000.0,0.0,96000000.0,46036000000.0,0.056,0.28,567000000.0,663000000.0,0.512,663000000.0,567000000.0,567000000.0,0.83,0.83,0.83,6493000000.0,,6493000000.0,35310715995.0,19.0,15.985,26000000.0,0.059,1.0,1294000000.0,1.0,1434000000.0,0.0,104733000000.0,,0.0,72974000000.0,,,77011000000.0,,,8386715995.0,-59000000.0,-357000000.0,-111000000.0,-3057000000.0,-123000000.0,-488000000.0,-573000000.0,1333000000.0,32000000.0,0.0,367000000.0,367000000.0,367000000.0,0.0,0.0,0.284,727000000.0,567000000.0,0.0,0.337,1.292,7.101,7.17,761000000.0,0.0,19.0,1.726,1.728,0.0,6077000000.0,1294000000.0,1294000000.0,0.0,,,,,0.0,587000000.0,1.0,441406105.0,441834000,443757000.0,2.929,82070000000.0,0.0,200000000.0,0.0,185.748,
86,KEY,MRQ,1999-12-31,1999-12-31,1999-12-31,2021-09-09,-127000000.0,83395000000.0,,,,,14.313,-29000000.0,2816000000.0,2816000000.0,0.0,264000000.0,,12.053,28497000000.0,,,28497000000.0,0.0,98000000.0,43233000000.0,0.047,0.26,409000000.0,507000000.0,0.392,507000000.0,409000000.0,409000000.0,0.59,0.59,0.59,6389000000.0,,6389000000.0,35999878638.0,21.0,17.308,1074000000.0,2.406,1.0,1294000000.0,1.0,1449000000.0,0.0,107627000000.0,,0.0,72803000000.0,,,77006000000.0,,,9898878638.0,-202000000.0,-576000000.0,-141000000.0,620000000.0,-117000000.0,1464000000.0,-201000000.0,-1963000000.0,1103000000.0,0.0,264000000.0,264000000.0,264000000.0,0.0,0.0,0.204,885000000.0,409000000.0,0.0,0.441,1.549,8.942,8.96,797000000.0,0.0,22.13,2.082,2.086,0.0,5833000000.0,1294000000.0,1294000000.0,0.0,,,,,0.0,597000000.0,1.0,447305858.0,446380000,449651000.0,2.899,81946000000.0,0.0,145000000.0,0.0,183.579,
87,KEY,MRQ,1999-09-30,1999-09-30,1999-09-30,2021-09-09,-111000000.0,82577000000.0,,,,,14.255,-11000000.0,3018000000.0,3018000000.0,0.0,270000000.0,,11.909,29119000000.0,,,29119000000.0,0.0,100000000.0,43466000000.0,0.039,0.26,410000000.0,510000000.0,0.456,510000000.0,410000000.0,410000000.0,0.6,0.6,0.6,6397000000.0,,6397000000.0,36754623764.0,22.0,17.92,171000000.0,0.381,1.0,1118000000.0,1.0,1486000000.0,0.0,107192000000.0,,0.0,71901000000.0,,,76180000000.0,,,11581623764.0,-42000000.0,0.0,3000000.0,919000000.0,-117000000.0,1265000000.0,-246000000.0,-1232000000.0,182000000.0,0.0,270000000.0,270000000.0,270000000.0,0.0,0.0,0.242,708000000.0,410000000.0,0.0,0.433,1.81,10.5,10.535,818000000.0,0.0,25.81,2.55,2.55,0.0,5686000000.0,1118000000.0,1118000000.0,0.0,,,,,0.0,568000000.0,1.0,448726221.0,448742000,452886000.0,2.491,81091000000.0,0.0,140000000.0,0.0,180.707,
88,KEY,MRQ,1999-06-30,1999-06-30,1999-06-30,2021-09-09,-107000000.0,80889000000.0,,,,,13.916,-25000000.0,3060000000.0,3060000000.0,0.0,280000000.0,,11.973,28233000000.0,,,28233000000.0,0.0,99000000.0,43016000000.0,0.031,0.26,430000000.0,529000000.0,0.459,529000000.0,430000000.0,430000000.0,0.63,0.62,0.63,6235000000.0,,6235000000.0,40687540763.0,25.0,20.354,329000000.0,0.734,1.0,1153000000.0,1.0,1514000000.0,0.0,104548000000.0,,0.0,70167000000.0,,,74654000000.0,,,14389540763.0,79000000.0,0.0,-12000000.0,-1051000000.0,-117000000.0,513000000.0,-196000000.0,-567000000.0,354000000.0,0.0,280000000.0,280000000.0,280000000.0,0.0,0.0,0.243,723000000.0,430000000.0,0.0,0.413,2.308,13.262,13.277,846000000.0,0.0,32.13,3.251,3.252,0.0,5533000000.0,1153000000.0,1153000000.0,0.0,,,,,0.0,590000000.0,1.0,447853743.0,448037000,452733000.0,2.573,79375000000.0,0.0,150000000.0,0.0,177.162,
89,KEY,MRQ,1999-03-31,1999-03-31,1999-03-31,2021-09-09,-56000000.0,79992000000.0,,,,,13.581,-2000000.0,2981000000.0,2981000000.0,0.0,293000000.0,,12.103,29279000000.0,,,29279000000.0,0.0,99000000.0,41323000000.0,0.032,0.26,435000000.0,534000000.0,0.449,534000000.0,435000000.0,435000000.0,0.65,0.65,0.65,6105000000.0,,6105000000.0,38445738960.0,24.0,20.013,213000000.0,0.474,1.0,1189000000.0,1.0,1507000000.0,0.0,104783000000.0,,0.0,69528000000.0,,,73887000000.0,,,13581738960.0,-315000000.0,0.0,-161000000.0,1070000000.0,-116000000.0,-467000000.0,648000000.0,-709000000.0,215000000.0,0.0,293000000.0,293000000.0,293000000.0,0.0,0.0,0.246,754000000.0,435000000.0,0.0,0.4,2.225,12.886,12.843,863000000.0,0.0,30.31,3.198,3.208,0.0,5369000000.0,1189000000.0,1189000000.0,0.0,,,,,0.0,581000000.0,1.0,448094324.0,449520000,454197000.0,2.645,78485000000.0,0.0,142000000.0,0.0,174.597,
90,KEY,MRQ,1998-12-31,1998-12-31,1998-12-31,2021-09-09,28000000.0,80020000000.0,,,,,13.703,-48000000.0,3296000000.0,3296000000.0,0.0,260000000.0,,11.976,28160000000.0,,,28160000000.0,0.0,88000000.0,42583000000.0,0.029,0.235,390000000.0,478000000.0,0.442,478000000.0,390000000.0,390000000.0,0.57,0.58,0.57,6167000000.0,,6167000000.0,38394242080.0,26.0,21.248,816000000.0,1.813,1.0,1082000000.0,1.0,1509000000.0,0.0,103375000000.0,,0.0,69340000000.0,,,73853000000.0,,,14566242080.0,546000000.0,-34000000.0,-98000000.0,1330000000.0,-107000000.0,1111000000.0,515000000.0,-1862000000.0,864000000.0,0.0,260000000.0,260000000.0,260000000.0,0.0,0.0,0.24,692000000.0,390000000.0,0.0,0.412,2.362,14.625,14.222,902000000.0,0.0,32.0,3.653,3.547,0.0,5192000000.0,1082000000.0,1082000000.0,0.0,,,,,0.0,534000000.0,1.0,455195065.0,450040000,454607000.0,2.404,78511000000.0,0.0,130000000.0,0.0,174.453,
91,KEY,MRQ,1998-09-30,1998-09-30,1998-09-30,2021-09-09,41000000.0,77691000000.0,,,,,12.653,-24000000.0,2750000000.0,2750000000.0,0.0,252000000.0,,12.991,26578000000.0,,,26578000000.0,0.0,84000000.0,42597000000.0,0.032,0.235,374000000.0,458000000.0,0.457,458000000.0,374000000.0,374000000.0,0.57,0.57,0.57,5553000000.0,,5553000000.0,35529391739.0,24.0,19.761,652000000.0,1.486,1.0,1002000000.0,1.0,1121000000.0,0.0,100398000000.0,,0.0,67668000000.0,,,72138000000.0,,,12703391739.0,-300000000.0,0.0,-144000000.0,706000000.0,-103000000.0,1270000000.0,-723000000.0,-1499000000.0,676000000.0,0.0,252000000.0,252000000.0,252000000.0,0.0,0.0,0.251,628000000.0,374000000.0,0.0,0.412,2.288,12.91,12.951,876000000.0,0.0,28.88,3.299,3.291,0.0,5038000000.0,1002000000.0,1002000000.0,0.0,,,,,0.0,506000000.0,1.0,439868135.0,438856000,443750000.0,2.283,76570000000.0,0.0,122000000.0,0.0,174.476,
92,KEY,MRQ,1998-06-30,1998-06-30,1998-06-30,2021-09-09,28000000.0,75778000000.0,,,,,12.554,-30000000.0,3050000000.0,3050000000.0,0.0,249000000.0,,12.715,25876000000.0,,,25876000000.0,0.0,79000000.0,41794000000.0,0.025,0.235,372000000.0,451000000.0,0.463,451000000.0,372000000.0,372000000.0,0.57,0.56,0.57,5525000000.0,,5525000000.0,36093732402.0,25.0,20.66,-351000000.0,-0.798,1.0,974000000.0,1.0,1116000000.0,0.0,97488000000.0,,0.0,66041000000.0,,,70253000000.0,,,15679732402.0,-237000000.0,-344000000.0,11000000.0,2175000000.0,-103000000.0,2733000000.0,-103000000.0,-2172000000.0,-321000000.0,0.0,249000000.0,249000000.0,249000000.0,0.0,0.0,0.256,602000000.0,372000000.0,0.0,0.412,2.838,16.198,16.195,894000000.0,0.0,35.63,4.079,4.079,0.0,4889000000.0,974000000.0,974000000.0,0.0,,,,,0.0,487000000.0,1.0,440071075.0,440092000,446568000.0,2.213,74662000000.0,0.0,123000000.0,0.0,169.651,
93,KEY,MRQ,1998-03-31,1998-03-31,1998-03-31,2021-09-09,8000000.0,73198000000.0,,,,,12.171,26000000.0,3287000000.0,3287000000.0,0.0,235000000.0,,12.713,23701000000.0,,,23701000000.0,0.0,77000000.0,41661000000.0,0.023,0.235,343000000.0,420000000.0,0.452,420000000.0,343000000.0,343000000.0,0.53,0.53,0.53,5338000000.0,,5338000000.0,34079447694.0,25.0,20.249,610000000.0,1.391,1.0,929000000.0,1.0,1151000000.0,0.0,92461000000.0,,0.0,63468000000.0,,,67860000000.0,,,16588447694.0,-364000000.0,-89000000.0,19000000.0,2556000000.0,-103000000.0,-799000000.0,607000000.0,-693000000.0,584000000.0,0.0,235000000.0,235000000.0,235000000.0,0.0,0.0,0.253,586000000.0,343000000.0,0.0,0.443,3.108,17.61,17.668,924000000.0,0.0,37.81,4.39,4.388,0.0,4743000000.0,929000000.0,929000000.0,0.0,,,,,0.0,478000000.0,1.0,438731756.0,438589000,444836000.0,2.118,72047000000.0,0.0,108000000.0,0.0,164.27,
94,KEY,MRQ,1997-12-31,1997-12-31,1997-12-31,2021-09-09,11000000.0,73699000000.0,,,,,11.809,-41000000.0,3651000000.0,3651000000.0,0.0,248000000.0,,13.08,21142000000.0,,,21142000000.0,0.0,104000000.0,45073000000.0,0.024,0.21,365000000.0,469000000.0,0.496,469000000.0,365000000.0,365000000.0,0.56,0.56,0.56,5181000000.0,,5181000000.0,33647744945.0,25.0,20.655,112000000.0,0.255,1.0,946000000.0,1.0,1176000000.0,0.0,90014000000.0,,0.0,63346000000.0,,,67768000000.0,,,15555744945.0,711000000.0,-678000000.0,-78000000.0,360000000.0,-94000000.0,2067000000.0,-743000000.0,253000000.0,153000000.0,0.0,248000000.0,248000000.0,248000000.0,0.0,0.0,0.262,581000000.0,365000000.0,0.0,0.375,3.002,16.927,16.94,985000000.0,0.0,35.405,4.169,4.166,0.0,4611000000.0,946000000.0,946000000.0,0.0,,,,,0.0,578000000.0,1.0,439365766.0,438748000,445156000.0,2.156,72523000000.0,0.0,117000000.0,0.0,165.295,
95,KEY,MRQ,1997-09-30,1997-09-30,1997-09-30,2021-09-09,7000000.0,72077000000.0,,,,,11.636,-8000000.0,2940000000.0,2940000000.0,0.0,236000000.0,,13.052,21032000000.0,,,21032000000.0,0.0,60000000.0,43870000000.0,0.026,0.21,347000000.0,407000000.0,0.409,407000000.0,347000000.0,347000000.0,0.54,0.53,0.54,5076000000.0,,5076000000.0,29119943840.0,24.0,20.027,86000000.0,0.197,1.0,995000000.0,1.0,1207000000.0,0.0,88962000000.0,,0.0,62900000000.0,,,66251000000.0,,,13821943840.0,29000000.0,-125000000.0,-132000000.0,1601000000.0,-91000000.0,1807000000.0,-338000000.0,-1401000000.0,94000000.0,0.0,236000000.0,236000000.0,236000000.0,0.0,0.0,0.237,648000000.0,347000000.0,0.0,0.389,2.723,16.815,17.013,993000000.0,0.0,31.815,3.74,3.755,0.0,4456000000.0,995000000.0,995000000.0,0.0,,,,,0.0,429000000.0,1.0,434447394.0,436214000,442050000.0,2.281,70870000000.0,0.0,111000000.0,0.0,162.466,
96,KEY,MRQ,1997-06-30,1997-06-30,1997-06-30,2021-09-09,-36000000.0,69672000000.0,,,,,10.992,-6000000.0,2911000000.0,2911000000.0,0.0,223000000.0,,13.317,18209000000.0,,,18209000000.0,0.0,60000000.0,44626000000.0,0.029,0.21,327000000.0,387000000.0,0.426,387000000.0,327000000.0,327000000.0,0.51,0.51,0.51,4814000000.0,,4814000000.0,25535068269.0,22.0,18.097,-315000000.0,-0.719,1.0,909000000.0,1.0,918000000.0,0.0,84052000000.0,,0.0,60628000000.0,,,64108000000.0,,,12233068269.0,-331000000.0,-116000000.0,-72000000.0,921000000.0,-92000000.0,1545000000.0,-101000000.0,-1344000000.0,-309000000.0,0.0,223000000.0,223000000.0,223000000.0,0.0,0.0,0.245,582000000.0,327000000.0,0.0,0.412,2.541,15.426,15.697,1025000000.0,0.0,27.94,3.376,3.376,0.0,4311000000.0,909000000.0,909000000.0,0.0,,,,,0.0,416000000.0,1.0,437833510.0,437946000,442480000.0,2.076,68754000000.0,0.0,104000000.0,0.0,156.992,
97,KEY,MRQ,1997-03-31,1997-03-31,1997-03-31,2021-09-09,-117000000.0,67893000000.0,,,,,10.543,-30000000.0,3242000000.0,3242000000.0,0.0,212000000.0,,13.419,17044000000.0,,,17044000000.0,0.0,60000000.0,44239000000.0,0.032,0.21,306000000.0,366000000.0,0.415,366000000.0,306000000.0,306000000.0,0.48,0.47,0.48,4674000000.0,,4674000000.0,22335191806.0,20.0,15.977,277000000.0,0.625,1.0,881000000.0,1.0,941000000.0,0.0,80754000000.0,,0.0,58955000000.0,,,62719000000.0,,,10672191806.0,-202000000.0,0.0,-216000000.0,1437000000.0,-92000000.0,51000000.0,277000000.0,-807000000.0,307000000.0,0.0,212000000.0,212000000.0,212000000.0,0.0,0.0,0.241,575000000.0,306000000.0,0.0,0.438,2.283,13.63,14.09,1057000000.0,0.0,24.375,2.953,2.99,0.0,4180000000.0,881000000.0,881000000.0,0.0,,,,,0.0,421000000.0,1.0,437833510.0,443340000,448558000.0,1.987,66952000000.0,0.0,94000000.0,0.0,151.017,
98,KEY,MRQ,1996-12-31,1996-12-31,1996-12-31,2021-09-09,-6000000.0,67621000000.0,,,,,10.821,-82000000.0,3444000000.0,3444000000.0,0.0,151000000.0,,12.751,15607000000.0,,,15607000000.0,0.0,83000000.0,45317000000.0,0.03,0.19,211000000.0,294000000.0,0.323,294000000.0,211000000.0,211000000.0,0.34,0.345,0.34,4881000000.0,,4881000000.0,,,,262000000.0,0.581,1.0,911000000.0,1.0,961000000.0,0.0,78823000000.0,,0.0,58390000000.0,,,62240000000.0,,,,0.0,2326000000.0,-213000000.0,990000000.0,-86000000.0,1985000000.0,-258000000.0,-3781000000.0,344000000.0,,151000000.0,151000000.0,151000000.0,0.0,0.0,0.166,700000000.0,211000000.0,0.0,0.559,,,14.941,1084000000.0,0.0,25.25,,3.219,0.0,4060000000.0,911000000.0,911000000.0,0.0,,,,,0.0,538000000.0,1.0,,451062000,468950000.0,2.02,66660000000.0,0.0,60000000.0,0.0,147.785,
99,KEY,MRQ,1996-09-30,1996-09-30,1996-09-30,2021-09-09,-37000000.0,65356000000.0,,,,,10.833,-72000000.0,3110000000.0,3110000000.0,0.0,207000000.0,,12.134,14117000000.0,,,14117000000.0,0.0,56000000.0,44523000000.0,0.034,0.19,308000000.0,364000000.0,0.394,364000000.0,308000000.0,308000000.0,0.45,0.44,0.45,4976000000.0,,4976000000.0,,,,148000000.0,0.322,1.0,923000000.0,1.0,838000000.0,0.0,75525000000.0,,0.0,56770000000.0,,,60380000000.0,,,,49000000.0,-2323000000.0,-184000000.0,363000000.0,-87000000.0,194000000.0,78000000.0,2032000000.0,220000000.0,0.0,207000000.0,207000000.0,207000000.0,0.0,0.0,0.224,615000000.0,308000000.0,0.0,0.422,,,,1052000000.0,0.0,22.0,,,0.0,3994000000.0,923000000.0,923000000.0,0.0,,,,,0.0,444000000.0,1.0,,459336000,459336000.0,2.009,64518000000.0,0.0,101000000.0,0.0,140.459,
100,KEY,MRQ,1996-06-30,1996-06-30,1996-06-30,2021-09-09,-70000000.0,64764000000.0,,,,,10.798,-38000000.0,3061000000.0,3061000000.0,0.0,217000000.0,,11.963,13753000000.0,,,13753000000.0,0.0,58000000.0,44417000000.0,0.038,0.19,316000000.0,374000000.0,0.416,374000000.0,316000000.0,316000000.0,0.46,0.455,0.46,4996000000.0,,4996000000.0,,,,154000000.0,0.333,1.0,899000000.0,1.0,998000000.0,0.0,74458000000.0,,0.0,56534000000.0,,,59768000000.0,,,,86000000.0,125000000.0,-38000000.0,789000000.0,-92000000.0,512000000.0,-387000000.0,-318000000.0,192000000.0,0.0,213000000.0,213000000.0,213000000.0,0.0,4000000.0,0.237,579000000.0,320000000.0,0.0,0.413,,,,1032000000.0,0.0,19.375,,,0.0,3874000000.0,899000000.0,899000000.0,0.0,,,,,0.0,422000000.0,1.0,,462682000,462682000.0,1.943,63766000000.0,0.0,103000000.0,0.0,137.818,
101,KEY,MRQ,1996-03-31,1996-03-31,1996-03-31,2021-09-09,-15000000.0,65052000000.0,,,,,10.991,-37000000.0,2975000000.0,2975000000.0,0.0,208000000.0,,11.696,13038000000.0,,,13038000000.0,0.0,56000000.0,45401000000.0,0.038,0.19,300000000.0,356000000.0,0.407,356000000.0,300000000.0,300000000.0,0.44,,0.44,5124000000.0,,5124000000.0,,,,864000000.0,1.853,1.0,874000000.0,1.0,1041000000.0,0.0,74074000000.0,,0.0,57066000000.0,,,59928000000.0,,,,-469000000.0,0.0,-84000000.0,597000000.0,-92000000.0,-1458000000.0,184000000.0,6000000.0,901000000.0,0.0,204000000.0,204000000.0,204000000.0,0.0,4000000.0,0.233,570000000.0,304000000.0,0.0,0.432,,,,1032000000.0,0.0,19.188,,,0.0,3749000000.0,874000000.0,874000000.0,0.0,,,,,0.0,420000000.0,1.0,,466200000,,1.875,64011000000.0,0.0,96000000.0,0.0,137.304,
102,KEY,MRQ,1995-12-31,1995-12-31,1995-12-31,2021-09-09,48000000.0,66339000000.0,,,,,10.974,,3444000000.0,3444000000.0,,,,11.874,12427000000.0,,,12427000000.0,0.0,,47282000000.0,0.04,0.18,,,,,,,,,,5153000000.0,,5153000000.0,,,,,,1.0,,,1070000000.0,,74252000000.0,,0.0,57886000000.0,,,61186000000.0,,,,,,,,,,,,,,,,,,,,,,0.0,,,,10.477,1030000000.0,,18.125,,2.453,0.0,3633000000.0,,,,,,,,,,1.0,,469574000,,,65269000000.0,0.0,,0.0,138.996,
0,KEY,MRT,2021-06-30,2021-06-30,2021-06-30,2021-09-09,150000000.0,181115000000.0,174548500000.0,,,0.041,18.739,-68000000.0,792000000.0,792000000.0,0.0,2361000000.0,,9.095,14145000000.0,,,14145000000.0,0.0,46000000.0,146072000000.0,0.036,0.74,2871000000.0,2917000000.0,0.407,2917000000.0,2871000000.0,2871000000.0,2.34,2.32,2.34,17941000000.0,17819500000.0,17941000000.0,32627226395.0,11.0,11.185,1748000000.0,1.826,1.0,7163000000.0,1.0,2832000000.0,0.0,191636000000.0,184773250000.0,0.0,163806000000.0,,,163174000000.0,,,20041226395.0,-267000000.0,-9000000.0,-430000000.0,-1262000000.0,-827000000.0,8008000000.0,-10091000000.0,-10076000000.0,1816000000.0,0.0,2361000000.0,2255000000.0,2255000000.0,-20000000.0,0.0,0.315,4312000000.0,2851000000.0,0.0,0.316,1.117,8.887,8.825,785000000.0,106000000.0,20.65,2.798,2.76,0.0,13689000000.0,7163000000.0,7163000000.0,0.0,0.013,0.127,0.016,0.401,102000000.0,3477000000.0,1.0,970519438.0,957423000,967163000.0,7.482,178283000000.0,0.0,510000000.0,0.0,186.211,
1,KEY,MRT,2021-03-31,2021-03-31,2021-03-31,2021-09-09,103000000.0,176203000000.0,172067750000.0,,,0.037,18.276,-63000000.0,938000000.0,938000000.0,0.0,1819000000.0,,8.992,13524000000.0,,,13524000000.0,0.0,74000000.0,142183000000.0,0.037,0.74,2170000000.0,2244000000.0,0.351,2244000000.0,2170000000.0,2170000000.0,1.78,1.76,1.78,17634000000.0,17719750000.0,17634000000.0,32953926737.0,15.0,14.685,1578000000.0,1.635,1.0,6402000000.0,1.0,2846000000.0,0.0,185943000000.0,182606250000.0,0.0,159372000000.0,,,158569000000.0,,,19356926737.0,73000000.0,-9000000.0,-137000000.0,-6921000000.0,-828000000.0,18961000000.0,-20529000000.0,-20521000000.0,1641000000.0,0.0,1819000000.0,1713000000.0,1713000000.0,-17000000.0,0.0,0.268,4249000000.0,2153000000.0,0.0,0.416,1.098,11.3,11.225,737000000.0,106000000.0,19.98,3.024,3.011,0.0,13166000000.0,6402000000.0,6402000000.0,0.0,0.01,0.097,0.012,0.339,102000000.0,3398000000.0,1.0,968815152.0,964878000,974297000.0,6.635,173357000000.0,0.0,351000000.0,0.0,179.667,
2,KEY,MRT,2020-12-31,2020-12-31,2020-12-31,2021-09-09,738000000.0,170336000000.0,167066250000.0,,,0.034,18.58,-63000000.0,1091000000.0,1091000000.0,0.0,1343000000.0,,8.473,14688000000.0,,,14688000000.0,0.0,111000000.0,135282000000.0,0.045,0.74,1570000000.0,1681000000.0,0.297,1681000000.0,1570000000.0,1570000000.0,1.28,1.27,1.28,17981000000.0,17664000000.0,17981000000.0,28783914644.0,18.0,17.123,1610000000.0,1.664,1.0,5665000000.0,1.0,2852000000.0,0.0,181081000000.0,179424000000.0,0.0,153843000000.0,,,152355000000.0,,,16023914644.0,359000000.0,0.0,-126000000.0,986000000.0,-829000000.0,23407000000.0,-24721000000.0,-24724000000.0,1673000000.0,0.0,1343000000.0,1237000000.0,1237000000.0,-14000000.0,0.0,0.218,4109000000.0,1556000000.0,0.0,0.578,0.891,12.954,12.82,753000000.0,106000000.0,16.41,2.829,2.803,0.0,12751000000.0,5665000000.0,5665000000.0,0.0,0.007,0.07,0.009,0.277,101000000.0,3259000000.0,1.0,976472556.0,967783000,974807000.0,5.854,167484000000.0,0.0,227000000.0,0.0,173.059,
3,KEY,MRT,2020-09-30,2020-09-30,2020-09-30,2021-09-09,867000000.0,170540000000.0,160729250000.0,,,0.033,18.312,-71000000.0,956000000.0,956000000.0,0.0,1230000000.0,,8.623,13716000000.0,,,13716000000.0,0.0,170000000.0,136746000000.0,0.062,0.74,1418000000.0,1588000000.0,0.296,1588000000.0,1418000000.0,1418000000.0,1.15,1.15,1.15,17722000000.0,17428250000.0,17722000000.0,26301679749.0,19.0,16.563,1649000000.0,1.704,1.0,5369000000.0,1.0,2867000000.0,0.0,180433000000.0,172873500000.0,0.0,153855000000.0,,,152818000000.0,,,11643679749.0,320000000.0,0.0,-340000000.0,-1801000000.0,-831000000.0,22089000000.0,-23489000000.0,-23505000000.0,1720000000.0,0.0,1230000000.0,1123000000.0,1123000000.0,-10000000.0,0.0,0.209,3961000000.0,1408000000.0,0.0,0.643,0.657,10.368,10.374,765000000.0,107000000.0,11.93,2.169,2.15,0.0,12375000000.0,5369000000.0,5369000000.0,0.0,0.007,0.064,0.008,0.264,99000000.0,3135000000.0,1.0,975999979.0,967804000,973988000.0,5.548,167673000000.0,0.0,188000000.0,0.0,173.251,
4,KEY,MRT,2020-06-30,2020-06-30,2020-06-30,2021-09-09,936000000.0,171192000000.0,154767000000.0,,,0.034,18.138,-57000000.0,1059000000.0,1059000000.0,0.0,1218000000.0,,8.759,15717000000.0,,,15717000000.0,0.0,206000000.0,135513000000.0,0.061,0.74,1416000000.0,1622000000.0,0.308,1622000000.0,1416000000.0,1416000000.0,1.13,1.13,1.13,17542000000.0,17276750000.0,17542000000.0,31797440074.0,22.0,19.604,2224000000.0,2.3,1.0,5270000000.0,1.0,2882000000.0,0.0,182968000000.0,167383000000.0,0.0,154469000000.0,,,153650000000.0,,,11880440074.0,452000000.0,0.0,-587000000.0,242000000.0,-836000000.0,24350000000.0,-26179000000.0,-26217000000.0,2281000000.0,0.0,1218000000.0,1108000000.0,1108000000.0,-9000000.0,0.0,0.21,3863000000.0,1407000000.0,0.0,0.655,0.677,10.722,10.779,776000000.0,110000000.0,12.18,2.254,2.235,0.0,12154000000.0,5270000000.0,5270000000.0,0.0,0.007,0.064,0.008,0.269,99000000.0,3084000000.0,1.0,975405589.0,967147000,972141000.0,5.449,168310000000.0,0.0,198000000.0,0.0,174.027,
5,KEY,MRT,2020-03-31,2020-03-31,2020-03-31,2021-09-09,814000000.0,156197000000.0,148105250000.0,,,0.038,17.997,-71000000.0,865000000.0,865000000.0,0.0,1456000000.0,,7.971,20782000000.0,,,20782000000.0,0.0,237000000.0,115304000000.0,0.07,0.725,1711000000.0,1948000000.0,0.35,1948000000.0,1711000000.0,1711000000.0,1.36,1.36,1.36,17411000000.0,17133500000.0,17411000000.0,22865756199.0,13.0,11.738,2102000000.0,2.173,1.0,5571000000.0,1.0,2900000000.0,0.0,173214000000.0,160683250000.0,0.0,139974000000.0,,,138786000000.0,,,10057756199.0,254000000.0,-185000000.0,-765000000.0,5239000000.0,-820000000.0,11182000000.0,-13101000000.0,-12930000000.0,2173000000.0,0.0,1456000000.0,1352000000.0,1352000000.0,-9000000.0,0.0,0.243,3869000000.0,1702000000.0,0.0,0.533,0.578,7.439,7.625,791000000.0,104000000.0,10.37,1.805,1.801,0.0,12174000000.0,5571000000.0,5571000000.0,0.0,0.009,0.079,0.011,0.307,96000000.0,3098000000.0,1.0,969889701.0,967446000,976110000.0,5.758,153297000000.0,0.0,255000000.0,0.0,158.455,
6,KEY,MRT,2019-12-31,2019-12-31,2019-12-31,2021-09-09,26000000.0,144988000000.0,144434750000.0,,,0.041,17.174,-67000000.0,732000000.0,732000000.0,0.0,1717000000.0,,7.51,13540000000.0,,,13540000000.0,0.0,241000000.0,111870000000.0,0.035,0.71,2031000000.0,2272000000.0,0.384,2272000000.0,2031000000.0,2031000000.0,1.63,1.62,1.63,17038000000.0,16761750000.0,17038000000.0,34651550102.0,17.0,15.252,2839000000.0,2.862,1.0,5923000000.0,1.0,2917000000.0,0.0,154879000000.0,155680000000.0,0.0,129907000000.0,,,127950000000.0,,,19935550102.0,54000000.0,-185000000.0,-817000000.0,-1276000000.0,-804000000.0,2066000000.0,-4918000000.0,-4748000000.0,2906000000.0,0.0,1717000000.0,1620000000.0,1620000000.0,-9000000.0,0.0,0.274,3901000000.0,2022000000.0,0.0,0.436,1.17,12.306,12.417,814000000.0,97000000.0,20.24,3.366,3.39,0.0,12469000000.0,5923000000.0,5923000000.0,0.0,0.011,0.097,0.013,0.343,96000000.0,3139000000.0,1.0,984958009.0,992091000,1002254000.0,5.97,142071000000.0,0.0,314000000.0,0.0,143.204,
7,KEY,MRT,2019-09-30,2019-09-30,2019-09-30,2021-09-09,159000000.0,146691000000.0,143091000000.0,,,0.042,17.318,-66000000.0,636000000.0,636000000.0,0.0,1732000000.0,,7.57,15352000000.0,,,15352000000.0,0.0,275000000.0,111649000000.0,0.039,0.695,2063000000.0,2338000000.0,0.39,2338000000.0,2063000000.0,2063000000.0,1.62,1.62,1.62,17116000000.0,16401000000.0,17116000000.0,32484137010.0,16.0,13.894,3559000000.0,3.601,1.0,5988000000.0,1.0,2936000000.0,0.0,158471000000.0,154634750000.0,0.0,131267000000.0,,,129575000000.0,,,17898137010.0,317000000.0,-185000000.0,-864000000.0,-851000000.0,-793000000.0,3763000000.0,-7071000000.0,-6888000000.0,3625000000.0,0.0,1732000000.0,1639000000.0,1639000000.0,-8000000.0,0.0,0.274,3933000000.0,2055000000.0,0.0,0.429,1.046,10.92,11.012,815000000.0,93000000.0,17.84,2.989,2.944,0.0,12209000000.0,5988000000.0,5988000000.0,0.0,0.011,0.1,0.013,0.345,93000000.0,3161000000.0,1.0,1003258801.0,988319000,998328000.0,6.059,143755000000.0,0.0,331000000.0,0.0,145.454,
8,KEY,MRT,2019-06-30,2019-06-30,2019-06-30,2021-09-09,-2000000.0,144545000000.0,141119500000.0,,,0.043,16.983,-99000000.0,607000000.0,607000000.0,0.0,1798000000.0,,7.518,15193000000.0,,,15193000000.0,0.0,308000000.0,109946000000.0,0.038,0.68,2146000000.0,2454000000.0,0.402,2454000000.0,2146000000.0,2146000000.0,1.68,1.68,1.68,16969000000.0,15924000000.0,16969000000.0,32399121266.0,15.0,13.203,2729000000.0,2.731,1.0,6099000000.0,1.0,2962000000.0,0.0,156169000000.0,152867750000.0,0.0,129323000000.0,,,127574000000.0,,,17897121266.0,-177000000.0,-185000000.0,-1154000000.0,-1285000000.0,-771000000.0,3001000000.0,-6006000000.0,-5803000000.0,2828000000.0,0.0,1798000000.0,1721000000.0,1721000000.0,-5000000.0,0.0,0.282,3958000000.0,2141000000.0,0.0,0.405,1.055,10.399,10.565,829000000.0,77000000.0,17.75,2.934,2.908,0.0,12005000000.0,6099000000.0,6099000000.0,0.0,0.012,0.108,0.014,0.352,94000000.0,3170000000.0,1.0,1008288522.0,999163000,1007964000.0,6.104,141583000000.0,0.0,348000000.0,0.0,141.702,
9,KEY,MRT,2019-03-31,2019-03-31,2019-03-31,2021-09-09,-530000000.0,141515000000.0,139431250000.0,,,0.044,15.818,-87000000.0,611000000.0,611000000.0,0.0,1855000000.0,,7.887,15113000000.0,,,15113000000.0,0.0,337000000.0,108175000000.0,0.04,0.63,2219000000.0,2556000000.0,0.416,2556000000.0,2219000000.0,2219000000.0,1.72,1.72,1.72,15924000000.0,15456750000.0,15924000000.0,29805407236.0,13.0,11.661,3190000000.0,3.169,1.0,6145000000.0,1.0,2816000000.0,0.0,153201000000.0,151398000000.0,0.0,126413000000.0,,,125589000000.0,,,15888407236.0,-32000000.0,0.0,-1096000000.0,-522000000.0,-721000000.0,1461000000.0,-4770000000.0,-4783000000.0,3277000000.0,0.0,1855000000.0,1783000000.0,1783000000.0,-6000000.0,0.0,0.29,3932000000.0,2213000000.0,0.0,0.366,0.998,8.911,9.157,849000000.0,72000000.0,15.75,2.586,2.58,0.0,11771000000.0,6145000000.0,6145000000.0,0.0,0.013,0.115,0.015,0.361,97000000.0,3178000000.0,1.0,1008787761.0,1006717000,1016504000.0,6.104,138699000000.0,0.0,364000000.0,0.0,137.774,
10,KEY,MRT,2018-12-31,2018-12-31,2018-12-31,2021-09-09,-818000000.0,139613000000.0,138314750000.0,,,0.045,14.982,-97000000.0,678000000.0,678000000.0,0.0,1866000000.0,,7.952,14595000000.0,,,14595000000.0,0.0,382000000.0,107309000000.0,0.038,0.565,2210000000.0,2592000000.0,0.42,2592000000.0,2210000000.0,2210000000.0,1.73,1.71,1.73,15595000000.0,15211750000.0,15595000000.0,30742359637.0,14.0,11.86,2409000000.0,2.314,1.0,6178000000.0,1.0,2832000000.0,0.0,150698000000.0,150342500000.0,0.0,124920000000.0,,,124017000000.0,,,15290359637.0,7000000.0,0.0,-1078000000.0,-722000000.0,-656000000.0,-17000000.0,-2482000000.0,-2494000000.0,2506000000.0,0.0,1866000000.0,1800000000.0,1800000000.0,-7000000.0,0.0,0.291,3975000000.0,2203000000.0,0.0,0.327,0.98,8.495,8.543,882000000.0,66000000.0,14.78,2.475,2.49,0.0,11556000000.0,6178000000.0,6178000000.0,0.0,0.013,0.118,0.015,0.358,99000000.0,3218000000.0,1.0,1034530422.0,1040890000,1054682000.0,5.935,136781000000.0,0.0,344000000.0,0.0,131.408,
11,KEY,MRT,2018-09-30,2018-09-30,2018-09-30,2021-09-09,-1166000000.0,138805000000.0,137836000000.0,,,0.045,14.673,-128000000.0,319000000.0,319000000.0,0.0,1579000000.0,,8.127,15771000000.0,,,15771000000.0,0.0,396000000.0,105780000000.0,0.025,0.5,2081000000.0,2477000000.0,0.404,2477000000.0,2081000000.0,2081000000.0,1.44,1.44,1.44,15208000000.0,15068750000.0,15208000000.0,36299997830.0,17.0,14.655,1402000000.0,1.353,1.0,6137000000.0,1.0,2854000000.0,0.0,151403000000.0,150022250000.0,0.0,124120000000.0,,,123595000000.0,,,20924997830.0,-243000000.0,-70000000.0,-1003000000.0,-94000000.0,-585000000.0,1016000000.0,-2789000000.0,-2702000000.0,1530000000.0,0.0,1578000000.0,1521000000.0,1521000000.0,-6000000.0,1000000.0,0.248,4061000000.0,2076000000.0,0.0,0.347,1.376,13.757,13.812,1821000000.0,57000000.0,19.89,3.41,3.359,0.0,11262000000.0,6137000000.0,6137000000.0,0.0,0.011,0.101,0.014,0.339,104000000.0,3285000000.0,1.0,1052036090.0,1036479000,1049976000.0,5.921,135951000000.0,0.0,503000000.0,0.0,131.166,
12,KEY,MRT,2018-06-30,2018-06-30,2018-06-30,2021-09-09,-1085000000.0,137792000000.0,137318000000.0,,,0.044,14.345,-123000000.0,784000000.0,784000000.0,0.0,1461000000.0,,8.125,16159000000.0,,,16159000000.0,0.0,404000000.0,104548000000.0,0.022,0.425,2010000000.0,2414000000.0,0.396,2414000000.0,2010000000.0,2010000000.0,1.31,1.31,1.31,15100000000.0,15079000000.0,15100000000.0,35599904223.0,18.0,14.747,2689000000.0,2.555,1.0,6093000000.0,1.0,2877000000.0,0.0,150290000000.0,149511500000.0,0.0,122585000000.0,,,122690000000.0,,,20744904223.0,183000000.0,-70000000.0,-733000000.0,408000000.0,-512000000.0,837000000.0,-3466000000.0,-3390000000.0,2812000000.0,0.0,1460000000.0,1403000000.0,1403000000.0,-7000000.0,1000000.0,0.23,4089000000.0,2004000000.0,0.0,0.324,1.374,14.786,14.916,1795000000.0,57000000.0,19.54,3.405,3.376,0.0,10970000000.0,6093000000.0,6093000000.0,0.0,0.01,0.093,0.013,0.33,102000000.0,3309000000.0,1.0,1061663471.0,1052652000,1065793000.0,5.788,134915000000.0,0.0,550000000.0,0.0,128.167,
13,KEY,MRT,2018-03-31,2018-03-31,2018-03-31,2021-09-09,-991000000.0,137049000000.0,136826000000.0,,,0.044,14.151,-128000000.0,643000000.0,643000000.0,0.0,1391000000.0,,8.171,15498000000.0,,,15498000000.0,0.0,410000000.0,104751000000.0,0.02,0.4,1995000000.0,2405000000.0,0.396,2405000000.0,1995000000.0,1995000000.0,1.24,1.23,1.24,14944000000.0,15117250000.0,14944000000.0,35409438357.0,18.0,14.723,1881000000.0,1.781,1.0,6078000000.0,1.0,2925000000.0,0.0,148979000000.0,149011250000.0,0.0,122080000000.0,,,122103000000.0,,,20736438357.0,94000000.0,-144000000.0,-700000000.0,1974000000.0,-489000000.0,1498000000.0,-3413000000.0,-3252000000.0,2009000000.0,0.0,1390000000.0,1334000000.0,1334000000.0,-9000000.0,1000000.0,0.219,4091000000.0,1987000000.0,0.0,0.323,1.388,15.545,15.766,1754000000.0,56000000.0,19.55,3.412,3.397,0.0,10624000000.0,6078000000.0,6078000000.0,0.0,0.01,0.088,0.013,0.328,100000000.0,3278000000.0,1.0,1060687384.0,1056037000,1071786000.0,5.755,134124000000.0,0.0,605000000.0,0.0,127.007,
14,KEY,MRT,2017-12-31,2017-12-31,2017-12-31,2021-09-09,-779000000.0,137698000000.0,136182750000.0,,,0.044,14.013,-112000000.0,671000000.0,671000000.0,0.0,1298000000.0,,8.166,15344000000.0,,,15344000000.0,0.0,407000000.0,105235000000.0,0.019,0.38,1933000000.0,2340000000.0,0.388,2340000000.0,1933000000.0,1933000000.0,1.14,1.13,1.14,15023000000.0,15125250000.0,15023000000.0,37216811041.0,19.0,15.905,1703000000.0,1.589,1.0,6026000000.0,1.0,2954000000.0,0.0,149417000000.0,147978250000.0,0.0,122613000000.0,,,122673000000.0,,,21690811041.0,-6000000.0,-144000000.0,-639000000.0,805000000.0,-480000000.0,418000000.0,-2239000000.0,-2089000000.0,1815000000.0,0.0,1296000000.0,1226000000.0,1226000000.0,-7000000.0,2000000.0,0.203,4098000000.0,1928000000.0,0.0,0.333,1.444,17.692,17.693,1751000000.0,70000000.0,20.17,3.6,3.588,0.0,10335000000.0,6026000000.0,6026000000.0,0.0,0.009,0.081,0.013,0.321,100000000.0,3260000000.0,1.0,1075399655.0,1072078000,1088593000.0,5.621,134744000000.0,0.0,637000000.0,0.0,125.685,
15,KEY,MRT,2017-09-30,2017-09-30,2017-09-30,2021-09-09,-506000000.0,136733000000.0,135871500000.0,,,0.044,14.206,-122000000.0,562000000.0,562000000.0,0.0,1329000000.0,,7.967,16088000000.0,,,16088000000.0,0.0,322000000.0,103446000000.0,0.019,0.36,1753000000.0,2075000000.0,0.348,2075000000.0,1753000000.0,1753000000.0,1.16,1.14,1.16,15249000000.0,15179500000.0,15249000000.0,35831604729.0,20.0,17.268,1786000000.0,1.664,1.0,5971000000.0,1.0,2899000000.0,0.0,149360000000.0,147534000000.0,0.0,122367000000.0,,,121483000000.0,,,20467604729.0,-187000000.0,-74000000.0,-477000000.0,2358000000.0,-464000000.0,751000000.0,-2846000000.0,-2735000000.0,1908000000.0,0.0,1329000000.0,1253000000.0,1253000000.0,-2000000.0,0.0,0.21,4220000000.0,1751000000.0,0.0,0.31,1.342,16.335,16.224,1652000000.0,76000000.0,18.82,3.428,3.383,0.0,10125000000.0,5971000000.0,5971000000.0,0.0,0.009,0.083,0.012,0.294,107000000.0,3361000000.0,1.0,1087545416.0,1073390000,1088841000.0,5.563,133834000000.0,0.0,424000000.0,0.0,124.683,
16,KEY,MRT,2017-06-30,2017-06-30,2017-06-30,2021-09-09,-506000000.0,135824000000.0,135639500000.0,,,0.042,14.173,-139000000.0,601000000.0,601000000.0,0.0,1138000000.0,,7.905,15965000000.0,,,15965000000.0,0.0,388000000.0,102821000000.0,0.019,0.35,1443000000.0,1831000000.0,0.318,1831000000.0,1443000000.0,1443000000.0,1.01,0.99,1.01,15253000000.0,15116250000.0,15253000000.0,33701051627.0,23.0,18.406,237000000.0,0.22,1.0,5752000000.0,1.0,2899000000.0,0.0,148289000000.0,146739750000.0,0.0,121009000000.0,,,120569000000.0,,,20541051627.0,105000000.0,-555000000.0,-282000000.0,341000000.0,-425000000.0,-1264000000.0,993000000.0,1627000000.0,376000000.0,0.0,1137000000.0,1069000000.0,1069000000.0,-2000000.0,1000000.0,0.186,4310000000.0,1442000000.0,0.0,0.347,1.347,19.215,18.554,1610000000.0,68000000.0,18.74,3.571,3.506,0.0,9878000000.0,5752000000.0,5752000000.0,0.0,0.008,0.071,0.01,0.251,114000000.0,3431000000.0,1.0,1096107344.0,1076203000,1093039000.0,5.345,132925000000.0,0.0,306000000.0,0.0,123.513,
17,KEY,MRT,2017-03-31,2017-03-31,2017-03-31,2021-09-09,-554000000.0,134476000000.0,126971000000.0,,,0.041,14.014,-139000000.0,549000000.0,549000000.0,0.0,927000000.0,,7.979,13709000000.0,,,13709000000.0,0.0,352000000.0,103982000000.0,0.019,0.34,1144000000.0,1496000000.0,0.287,1496000000.0,1144000000.0,1144000000.0,0.87,0.86,0.87,14976000000.0,14131250000.0,14976000000.0,33084961224.0,29.0,22.116,772000000.0,0.722,1.0,5210000000.0,1.0,2789000000.0,0.0,144847000000.0,137662250000.0,0.0,119969000000.0,,,119498000000.0,,,19067961224.0,75000000.0,-481000000.0,-194000000.0,-1272000000.0,-385000000.0,361000000.0,-1197000000.0,-630000000.0,911000000.0,0.0,927000000.0,867000000.0,867000000.0,0.0,0.0,0.166,4066000000.0,1144000000.0,0.0,0.391,1.273,21.993,20.437,1498000000.0,60000000.0,17.78,3.66,3.647,0.0,9584000000.0,5210000000.0,5210000000.0,0.0,0.007,0.061,0.008,0.22,107000000.0,3257000000.0,1.0,1072438764.0,1068609000,1086540000.0,4.875,131687000000.0,0.0,217000000.0,0.0,123.232,
18,KEY,MRT,2016-12-31,2016-12-31,2016-12-31,2021-09-09,-541000000.0,136453000000.0,117952500000.0,,,0.04,16.426,-145000000.0,677000000.0,677000000.0,0.0,790000000.0,,7.954,14694000000.0,,,14694000000.0,0.0,314000000.0,104087000000.0,0.018,0.33,970000000.0,1284000000.0,0.272,1284000000.0,970000000.0,970000000.0,0.81,0.8,0.81,15240000000.0,13153750000.0,15240000000.0,33028607253.0,34.0,25.723,1544000000.0,1.664,1.0,4724000000.0,1.0,2830000000.0,0.0,147640000000.0,128590500000.0,0.0,121911000000.0,,,121213000000.0,,,19744607253.0,70000000.0,-481000000.0,-108000000.0,225000000.0,-335000000.0,4838000000.0,-6457000000.0,-5876000000.0,1689000000.0,0.0,791000000.0,754000000.0,754000000.0,-1000000.0,-1000000.0,0.16,3756000000.0,968000000.0,0.0,0.407,1.296,26.186,22.556,1518000000.0,37000000.0,18.27,4.18,3.588,0.0,9378000000.0,4724000000.0,4724000000.0,0.0,0.006,0.057,0.008,0.205,99000000.0,3042000000.0,1.0,1080711946.0,927816000,938536000.0,5.092,133623000000.0,0.0,179000000.0,0.0,144.019,
19,KEY,MRT,2016-09-30,2016-09-30,2016-09-30,2021-09-09,-182000000.0,135805000000.0,107622000000.0,,,0.04,15.27,-114000000.0,749000000.0,749000000.0,0.0,791000000.0,,8.056,14033000000.0,,,14033000000.0,0.0,364000000.0,104185000000.0,0.026,0.32,1002000000.0,1366000000.0,0.319,1366000000.0,1002000000.0,1002000000.0,0.88,0.88,0.88,14996000000.0,12030250000.0,14996000000.0,25109141930.0,25.0,18.382,1628000000.0,1.658,1.0,4276000000.0,1.0,2906000000.0,0.0,146183000000.0,117802500000.0,0.0,121528000000.0,,,120807000000.0,,,13170141930.0,279000000.0,-481000000.0,-65000000.0,-715000000.0,-292000000.0,3567000000.0,-5030000000.0,-4486000000.0,1742000000.0,0.0,788000000.0,765000000.0,765000000.0,-1000000.0,3000000.0,0.179,3272000000.0,1004000000.0,0.0,0.364,0.878,17.216,13.83,1453000000.0,23000000.0,12.17,3.08,2.795,0.0,9260000000.0,4276000000.0,4276000000.0,0.0,0.007,0.064,0.009,0.234,77000000.0,2686000000.0,1.0,1082180931.0,982080000,994660000.0,4.354,132899000000.0,0.0,214000000.0,0.0,135.324,
20,KEY,MRT,2016-06-30,2016-06-30,2016-06-30,2021-09-09,-114000000.0,101150000000.0,97525750000.0,,,0.041,13.599,-87000000.0,496000000.0,496000000.0,0.0,835000000.0,,7.941,12435000000.0,,,12435000000.0,0.0,255000000.0,75325000000.0,0.028,0.31,1105000000.0,1360000000.0,0.338,1360000000.0,1105000000.0,1105000000.0,0.97,0.96,0.97,11313000000.0,10957500000.0,11313000000.0,20583221639.0,19.0,15.135,1709000000.0,2.054,1.0,4022000000.0,1.0,1110000000.0,0.0,111979000000.0,107558750000.0,0.0,90445000000.0,,,89832000000.0,,,9308221639.0,-197000000.0,0.0,-115000000.0,1119000000.0,-283000000.0,5377000000.0,-7370000000.0,-7344000000.0,1796000000.0,0.0,835000000.0,812000000.0,812000000.0,3000000.0,0.0,0.202,2914000000.0,1108000000.0,0.0,0.32,0.823,11.463,11.392,1141000000.0,23000000.0,11.05,2.314,2.286,0.0,9166000000.0,4022000000.0,4022000000.0,0.0,0.008,0.074,0.01,0.275,61000000.0,2421000000.0,1.0,842372999.0,831899000,838496000.0,4.835,100040000000.0,0.0,270000000.0,0.0,120.255,
21,KEY,MRT,2016-03-31,2016-03-31,2016-03-31,2021-09-09,-213000000.0,98402000000.0,95889250000.0,,,0.042,13.375,-79000000.0,474000000.0,474000000.0,0.0,873000000.0,,7.892,11749000000.0,,,11749000000.0,0.0,259000000.0,73382000000.0,0.027,0.3,1156000000.0,1415000000.0,0.351,1415000000.0,1156000000.0,1156000000.0,1.02,1.0,1.02,11066000000.0,10776750000.0,11066000000.0,19709092282.0,17.0,13.929,2527000000.0,3.054,1.0,4035000000.0,1.0,1117000000.0,0.0,108560000000.0,105566000000.0,0.0,87512000000.0,,,87331000000.0,,,9225092282.0,-32000000.0,0.0,-237000000.0,2055000000.0,-274000000.0,3304000000.0,-5942000000.0,-5922000000.0,2606000000.0,0.0,871000000.0,849000000.0,849000000.0,3000000.0,2000000.0,0.21,2874000000.0,1161000000.0,0.0,0.294,0.834,10.866,10.824,1112000000.0,22000000.0,11.04,2.286,2.264,0.0,9042000000.0,4035000000.0,4035000000.0,0.0,0.009,0.079,0.011,0.286,64000000.0,2402000000.0,1.0,835606185.0,827381000,835060000.0,4.877,97285000000.0,0.0,285000000.0,0.0,117.582,
22,KEY,MRT,2015-12-31,2015-12-31,2015-12-31,2021-09-09,-405000000.0,95131000000.0,94839750000.0,,,0.043,12.841,-74000000.0,607000000.0,607000000.0,0.0,920000000.0,,7.851,11089000000.0,,,11089000000.0,0.0,247000000.0,71046000000.0,0.022,0.29,1219000000.0,1466000000.0,0.361,1466000000.0,1219000000.0,1219000000.0,1.06,1.05,1.06,10746000000.0,10661000000.0,10746000000.0,21942489741.0,18.0,14.968,1057000000.0,1.263,1.0,4062000000.0,1.0,1125000000.0,0.0,104488000000.0,104022250000.0,0.0,83603000000.0,,,84372000000.0,,,11018489741.0,-46000000.0,0.0,-426000000.0,2491000000.0,-267000000.0,846000000.0,-2023000000.0,-2017000000.0,1131000000.0,0.0,916000000.0,893000000.0,893000000.0,-1000000.0,4000000.0,0.22,2840000000.0,1222000000.0,0.0,0.274,1.025,12.339,12.443,1119000000.0,23000000.0,13.19,2.713,2.717,0.0,8922000000.0,4062000000.0,4062000000.0,0.0,0.009,0.084,0.012,0.3,58000000.0,2375000000.0,1.0,835366925.0,836846000,844489000.0,4.854,94006000000.0,0.0,303000000.0,0.0,112.334,
23,KEY,MRT,2015-09-30,2015-09-30,2015-09-30,2021-09-09,-272000000.0,95420000000.0,94512250000.0,,,0.043,12.875,-83000000.0,470000000.0,470000000.0,0.0,945000000.0,,7.912,11392000000.0,,,11392000000.0,0.0,237000000.0,71073000000.0,0.022,0.28,1267000000.0,1504000000.0,0.37,1504000000.0,1267000000.0,1267000000.0,1.1,1.06,1.1,10705000000.0,10607000000.0,10705000000.0,21485601584.0,17.0,14.286,1021000000.0,1.228,1.0,4070000000.0,1.0,1134000000.0,0.0,105208000000.0,103121000000.0,0.0,83782000000.0,,,84703000000.0,,,10939601584.0,-181000000.0,-1000000.0,-554000000.0,2661000000.0,-261000000.0,4463000000.0,-5748000000.0,-5733000000.0,1104000000.0,0.0,943000000.0,921000000.0,921000000.0,-7000000.0,2000000.0,0.226,2808000000.0,1262000000.0,0.0,0.255,1.022,11.878,11.827,1086000000.0,22000000.0,13.01,2.688,2.658,0.0,8764000000.0,4070000000.0,4070000000.0,0.0,0.01,0.087,0.012,0.311,60000000.0,2345000000.0,1.0,840860998.0,831430000,838880000.0,4.895,94286000000.0,0.0,324000000.0,0.0,113.402,
24,KEY,MRT,2015-06-30,2015-06-30,2015-06-30,2021-09-09,-345000000.0,94604000000.0,93103250000.0,,,0.043,12.615,-84000000.0,693000000.0,693000000.0,0.0,914000000.0,,7.932,11237000000.0,,,11237000000.0,0.0,253000000.0,70669000000.0,0.018,0.27,1226000000.0,1479000000.0,0.367,1479000000.0,1226000000.0,1226000000.0,1.05,1.02,1.05,10590000000.0,10552250000.0,10590000000.0,22073549992.0,18.0,14.925,1032000000.0,1.229,1.0,4027000000.0,1.0,1140000000.0,0.0,104008000000.0,101014250000.0,0.0,82704000000.0,,,84003000000.0,,,12741549992.0,89000000.0,-47000000.0,-548000000.0,1637000000.0,-253000000.0,3706000000.0,-4733000000.0,-4662000000.0,1116000000.0,0.0,910000000.0,888000000.0,888000000.0,7000000.0,4000000.0,0.221,2790000000.0,1237000000.0,0.0,0.257,1.203,14.349,14.305,1084000000.0,22000000.0,15.02,3.164,3.131,0.0,8614000000.0,4027000000.0,4027000000.0,0.0,0.01,0.084,0.012,0.304,56000000.0,2325000000.0,1.0,848305592.0,839454000,846312000.0,4.797,93464000000.0,0.0,316000000.0,0.0,111.339,
25,KEY,MRT,2015-03-31,2015-03-31,2015-03-31,2021-09-09,-279000000.0,94204000000.0,92401750000.0,,,0.043,12.495,-89000000.0,506000000.0,506000000.0,0.0,900000000.0,,7.884,9836000000.0,,,9836000000.0,0.0,244000000.0,71622000000.0,0.018,0.26,1199000000.0,1443000000.0,0.36,1443000000.0,1199000000.0,1199000000.0,1.01,0.99,1.01,10603000000.0,10530750000.0,10603000000.0,20331397596.0,17.0,14.09,-27000000.0,-0.032,1.0,4012000000.0,1.0,1149000000.0,0.0,102385000000.0,100025750000.0,0.0,82561000000.0,,,83591000000.0,,,12111397596.0,97000000.0,-47000000.0,-530000000.0,419000000.0,-246000000.0,3999000000.0,-3964000000.0,-3895000000.0,62000000.0,0.0,891000000.0,869000000.0,869000000.0,38000000.0,9000000.0,0.217,2766000000.0,1246000000.0,0.0,0.257,1.142,13.937,14.02,1112000000.0,22000000.0,14.16,3.019,2.995,0.0,8445000000.0,4012000000.0,4012000000.0,0.0,0.009,0.083,0.012,0.299,46000000.0,2306000000.0,1.0,855324689.0,848580000,857122000.0,4.728,93055000000.0,0.0,308000000.0,0.0,109.66,
26,KEY,MRT,2014-12-31,2014-12-31,2014-12-31,2021-09-09,-356000000.0,93821000000.0,91551250000.0,,,0.044,12.083,-96000000.0,653000000.0,653000000.0,0.0,907000000.0,,7.909,8873000000.0,,,8873000000.0,0.0,246000000.0,71998000000.0,0.018,0.25,1226000000.0,1472000000.0,0.365,1472000000.0,1226000000.0,1226000000.0,1.01,0.99,1.01,10530000000.0,10480750000.0,10530000000.0,20215910953.0,16.0,13.734,1224000000.0,1.405,1.0,4033000000.0,1.0,1158000000.0,0.0,100883000000.0,99152000000.0,0.0,82084000000.0,,,83279000000.0,,,12041910953.0,36000000.0,-47000000.0,-457000000.0,-507000000.0,-240000000.0,1532000000.0,-2816000000.0,-2725000000.0,1320000000.0,0.0,900000000.0,878000000.0,878000000.0,39000000.0,7000000.0,0.218,2761000000.0,1272000000.0,0.0,0.248,1.144,13.715,13.762,1171000000.0,22000000.0,13.9,2.986,3.004,0.0,8273000000.0,4033000000.0,4033000000.0,0.0,0.01,0.084,0.012,0.304,44000000.0,2311000000.0,1.0,866324529.0,871464000,878199000.0,4.628,92663000000.0,0.0,326000000.0,0.0,106.33,
27,KEY,MRT,2014-09-30,2014-09-30,2014-09-30,2021-09-09,-325000000.0,89784000000.0,91329500000.0,,,0.044,12.09,-92000000.0,651000000.0,651000000.0,0.0,883000000.0,,7.561,8825000000.0,,,8825000000.0,0.0,238000000.0,68456000000.0,0.018,0.24,1179000000.0,1417000000.0,0.355,1417000000.0,1179000000.0,1179000000.0,0.97,0.96,0.97,10486000000.0,10424000000.0,10486000000.0,20999804404.0,18.0,14.82,1052000000.0,1.213,1.0,3992000000.0,1.0,1177000000.0,0.0,96781000000.0,99115750000.0,0.0,77919000000.0,,,79281000000.0,,,11656804404.0,-97000000.0,-262000000.0,-427000000.0,901000000.0,-233000000.0,163000000.0,-1404000000.0,-1118000000.0,1144000000.0,0.0,877000000.0,854000000.0,854000000.0,46000000.0,6000000.0,0.214,2761000000.0,1231000000.0,0.0,0.247,1.112,13.65,13.742,1136000000.0,23000000.0,13.33,2.92,2.896,0.0,8082000000.0,3992000000.0,3992000000.0,0.0,0.009,0.082,0.012,0.295,39000000.0,2319000000.0,1.0,874478950.0,867350000,874122000.0,4.603,88607000000.0,0.0,302000000.0,0.0,102.158,
28,KEY,MRT,2014-06-30,2014-06-30,2014-06-30,2021-09-09,-289000000.0,91798000000.0,91560500000.0,,,0.044,12.0,-95000000.0,604000000.0,604000000.0,0.0,968000000.0,,7.738,9947000000.0,,,9947000000.0,0.0,237000000.0,67799000000.0,0.016,0.23,1260000000.0,1497000000.0,0.372,1497000000.0,1260000000.0,1260000000.0,1.05,1.04,1.05,10504000000.0,10354000000.0,10504000000.0,21841703760.0,17.0,14.59,790000000.0,0.903,1.0,4028000000.0,1.0,1087000000.0,0.0,100054000000.0,99150250000.0,0.0,78192000000.0,,,81277000000.0,,,12657703760.0,-92000000.0,159000000.0,-502000000.0,1425000000.0,-227000000.0,528000000.0,-1505000000.0,-1630000000.0,885000000.0,0.0,963000000.0,940000000.0,940000000.0,-8000000.0,5000000.0,0.233,2771000000.0,1257000000.0,0.0,0.219,1.205,13.466,13.648,1150000000.0,23000000.0,14.33,3.142,3.114,0.0,7950000000.0,4028000000.0,4028000000.0,0.0,0.01,0.091,0.013,0.313,37000000.0,2329000000.0,1.0,883301030.0,875298000,902137000.0,4.602,90711000000.0,0.0,297000000.0,0.0,103.634,
29,KEY,MRT,2014-03-31,2014-03-31,2014-03-31,2021-09-09,-324000000.0,90802000000.0,91270750000.0,,,0.044,11.758,-98000000.0,409000000.0,409000000.0,0.0,947000000.0,,7.727,9593000000.0,,,9593000000.0,0.0,229000000.0,67266000000.0,0.015,0.22,1241000000.0,1470000000.0,0.368,1470000000.0,1241000000.0,1241000000.0,1.03,1.02,1.03,10403000000.0,10285250000.0,10403000000.0,21575034540.0,17.0,14.677,1374000000.0,1.553,1.0,3994000000.0,1.0,1096000000.0,0.0,98890000000.0,98493250000.0,0.0,77285000000.0,,,80383000000.0,,,12665034540.0,-212000000.0,732000000.0,-506000000.0,-328000000.0,-220000000.0,622000000.0,-2306000000.0,-2994000000.0,1472000000.0,0.0,948000000.0,924000000.0,924000000.0,-41000000.0,-1000000.0,0.231,2795000000.0,1199000000.0,0.0,0.214,1.217,13.707,13.825,1156000000.0,24000000.0,14.24,3.171,3.154,0.0,7793000000.0,3994000000.0,3994000000.0,0.0,0.01,0.09,0.013,0.311,36000000.0,2345000000.0,1.0,889398493.0,884727000,891890000.0,4.514,89706000000.0,0.0,293000000.0,0.0,101.394,
30,KEY,MRT,2013-12-31,2013-12-31,2013-12-31,2021-09-09,-352000000.0,92934000000.0,90869750000.0,,,0.044,11.365,-92000000.0,617000000.0,617000000.0,0.0,910000000.0,,8.018,9527000000.0,,,9527000000.0,0.0,221000000.0,69262000000.0,0.016,0.215,1181000000.0,1402000000.0,0.355,1402000000.0,1181000000.0,1181000000.0,0.98,0.97,0.98,10303000000.0,10269500000.0,10303000000.0,19360336214.0,16.0,13.809,1455000000.0,1.605,1.0,3953000000.0,1.0,1106000000.0,0.0,100738000000.0,98158750000.0,0.0,79026000000.0,,,82614000000.0,,,12033336214.0,33000000.0,732000000.0,-448000000.0,1010000000.0,-217000000.0,2678000000.0,-4192000000.0,-4886000000.0,1547000000.0,0.0,910000000.0,887000000.0,887000000.0,-40000000.0,0.0,0.224,2812000000.0,1141000000.0,0.0,0.219,1.168,13.566,13.694,1190000000.0,23000000.0,13.42,3.044,3.078,0.0,7606000000.0,3953000000.0,3953000000.0,0.0,0.01,0.086,0.012,0.299,35000000.0,2346000000.0,1.0,896671849.0,906524000,912571000.0,4.361,91828000000.0,0.0,271000000.0,0.0,101.297,
31,KEY,MRT,2013-09-30,2013-09-30,2013-09-30,2021-09-09,-369000000.0,90708000000.0,89945250000.0,,,0.044,11.316,-115000000.0,748000000.0,748000000.0,0.0,883000000.0,,7.885,8075000000.0,,,8075000000.0,0.0,241000000.0,68535000000.0,0.018,0.21,1137000000.0,1378000000.0,0.351,1378000000.0,1137000000.0,1137000000.0,0.94,0.94,0.94,10206000000.0,10261500000.0,10206000000.0,18304420062.0,16.0,13.283,1404000000.0,1.557,1.0,3927000000.0,1.0,1116000000.0,0.0,96919000000.0,97035500000.0,0.0,76692000000.0,,,80472000000.0,,,10389420062.0,-225000000.0,858000000.0,-441000000.0,26000000.0,-214000000.0,2781000000.0,-4525000000.0,-5324000000.0,1519000000.0,0.0,883000000.0,860000000.0,860000000.0,-52000000.0,0.0,0.219,2842000000.0,1085000000.0,0.0,0.223,1.018,12.081,12.128,1183000000.0,23000000.0,11.4,2.646,2.618,0.0,7431000000.0,3927000000.0,3927000000.0,0.0,0.01,0.084,0.012,0.29,38000000.0,2379000000.0,1.0,911352637.0,901904000,908253000.0,4.354,89592000000.0,0.0,254000000.0,0.0,99.337,
32,KEY,MRT,2013-06-30,2013-06-30,2013-06-30,2021-09-09,-318000000.0,90639000000.0,89005750000.0,,,0.044,11.195,-130000000.0,696000000.0,696000000.0,0.0,833000000.0,,7.858,8611000000.0,,,8611000000.0,0.0,224000000.0,67721000000.0,0.019,0.205,1076000000.0,1300000000.0,0.333,1300000000.0,1076000000.0,1076000000.0,0.88,0.88,0.88,10229000000.0,10272750000.0,10229000000.0,19654433944.0,18.0,15.119,1721000000.0,1.883,1.0,3899000000.0,1.0,1128000000.0,0.0,97426000000.0,96073000000.0,0.0,76302000000.0,,,80378000000.0,,,10162433944.0,-20000000.0,1349000000.0,-331000000.0,-725000000.0,-211000000.0,1549000000.0,-3420000000.0,-4693000000.0,1851000000.0,0.0,830000000.0,808000000.0,808000000.0,-18000000.0,3000000.0,0.207,2838000000.0,1061000000.0,0.0,0.233,0.993,12.577,12.545,1203000000.0,22000000.0,11.04,2.606,2.587,0.0,7214000000.0,3899000000.0,3899000000.0,0.0,0.009,0.079,0.011,0.276,41000000.0,2382000000.0,1.0,920510321.0,913736000,918628000.0,4.267,89511000000.0,0.0,246000000.0,0.0,97.962,
33,KEY,MRT,2013-03-31,2013-03-31,2013-03-31,2021-09-09,-162000000.0,89198000000.0,87976750000.0,,,0.044,11.235,-141000000.0,621000000.0,621000000.0,0.0,870000000.0,,7.623,10113000000.0,,,10113000000.0,0.0,231000000.0,64654000000.0,0.02,0.2,1090000000.0,1321000000.0,0.34,1321000000.0,1090000000.0,1090000000.0,0.9,0.9,0.9,10340000000.0,10254250000.0,10340000000.0,17359632373.0,16.0,13.141,2480000000.0,2.695,1.0,3891000000.0,1.0,1138000000.0,0.0,97552000000.0,95335000000.0,0.0,74782000000.0,,,78819000000.0,,,9201632373.0,206000000.0,776000000.0,-306000000.0,-849000000.0,-208000000.0,-251000000.0,-2164000000.0,-2838000000.0,2621000000.0,0.0,862000000.0,841000000.0,841000000.0,-27000000.0,8000000.0,0.216,2820000000.0,1071000000.0,0.0,0.222,0.89,10.941,11.067,1239000000.0,21000000.0,9.96,2.365,2.356,0.0,7065000000.0,3891000000.0,3891000000.0,0.0,0.01,0.082,0.011,0.28,59000000.0,2367000000.0,1.0,923858672.0,920316000,926051000.0,4.228,88060000000.0,0.0,228000000.0,0.0,95.685,
34,KEY,MRT,2012-12-31,2012-12-31,2012-12-31,2021-09-09,-124000000.0,89236000000.0,87535000000.0,,,0.044,10.939,-163000000.0,584000000.0,584000000.0,0.0,865000000.0,,7.684,8743000000.0,,,8743000000.0,0.0,235000000.0,65993000000.0,0.021,0.18,1089000000.0,1324000000.0,0.34,1324000000.0,1089000000.0,1089000000.0,0.89,0.89,0.89,10271000000.0,10194000000.0,10271000000.0,15140301804.0,14.0,11.435,1136000000.0,1.21,1.0,3891000000.0,1.0,1150000000.0,0.0,96245000000.0,95235000000.0,0.0,74860000000.0,,,78927000000.0,,,7861301804.0,-109000000.0,776000000.0,-249000000.0,-2709000000.0,-191000000.0,-1160000000.0,-248000000.0,-894000000.0,1299000000.0,0.0,858000000.0,836000000.0,836000000.0,-23000000.0,7000000.0,0.215,2818000000.0,1073000000.0,0.0,0.202,0.765,9.403,9.461,1253000000.0,22000000.0,8.42,2.02,2.032,0.0,6913000000.0,3891000000.0,3891000000.0,0.0,0.01,0.082,0.011,0.28,49000000.0,2359000000.0,1.0,933646295.0,938941000,943259000.0,4.144,88086000000.0,0.0,231000000.0,0.0,93.814,
35,KEY,MRT,2012-09-30,2012-09-30,2012-09-30,2021-09-09,-69000000.0,86950000000.0,87422250000.0,,,0.043,10.949,-178000000.0,973000000.0,973000000.0,0.0,862000000.0,,7.479,8253000000.0,,,8253000000.0,0.0,155000000.0,64188000000.0,0.018,0.16,1097000000.0,1252000000.0,0.331,1252000000.0,1097000000.0,1097000000.0,0.87,0.87,0.87,10251000000.0,10102500000.0,10251000000.0,17127867660.0,16.0,13.68,388000000.0,0.414,1.0,3781000000.0,1.0,1161000000.0,0.0,93069000000.0,95855000000.0,0.0,72022000000.0,,,76671000000.0,,,8245867660.0,145000000.0,866000000.0,-161000000.0,-4539000000.0,-173000000.0,-3765000000.0,3344000000.0,2634000000.0,566000000.0,0.0,855000000.0,833000000.0,833000000.0,-18000000.0,7000000.0,0.22,2695000000.0,1086000000.0,0.0,0.184,0.804,9.899,10.046,1232000000.0,22000000.0,8.74,2.181,2.164,0.0,6762000000.0,3781000000.0,3781000000.0,0.0,0.01,0.082,0.011,0.29,79000000.0,2267000000.0,1.0,943463119.0,936223000,940764000.0,4.039,85789000000.0,0.0,242000000.0,0.0,91.633,
36,KEY,MRT,2012-06-30,2012-06-30,2012-06-30,2021-09-09,-72000000.0,86523000000.0,88000250000.0,,,0.043,10.75,-164000000.0,716000000.0,716000000.0,0.0,859000000.0,,7.518,9599000000.0,,,9599000000.0,0.0,162000000.0,62167000000.0,0.018,0.14,1139000000.0,1301000000.0,0.34,1301000000.0,1139000000.0,1139000000.0,0.86,0.86,0.86,10155000000.0,10015000000.0,10155000000.0,18029280140.0,16.0,13.858,548000000.0,0.58,1.0,3822000000.0,1.0,932000000.0,0.0,94474000000.0,97703500000.0,0.0,71829000000.0,,,76347000000.0,,,7377280140.0,-137000000.0,0.0,-81000000.0,-3596000000.0,-155000000.0,-2075000000.0,1226000000.0,1368000000.0,712000000.0,0.0,853000000.0,831000000.0,831000000.0,2000000.0,6000000.0,0.217,2675000000.0,1147000000.0,0.0,0.163,0.726,8.878,9.0,1249000000.0,22000000.0,7.74,1.93,1.913,0.0,6595000000.0,3822000000.0,3822000000.0,0.0,0.009,0.083,0.012,0.298,68000000.0,2244000000.0,1.0,953136969.0,944648000,948087000.0,4.046,85591000000.0,0.0,286000000.0,0.0,90.606,
37,KEY,MRT,2012-03-31,2012-03-31,2012-03-31,2021-09-09,-19000000.0,87431000000.0,88565000000.0,,,0.044,10.638,-175000000.0,415000000.0,415000000.0,0.0,861000000.0,,7.656,11068000000.0,,,11068000000.0,0.0,175000000.0,61494000000.0,0.014,0.12,1183000000.0,1358000000.0,0.351,1358000000.0,1183000000.0,1183000000.0,0.87,0.87,0.87,10099000000.0,9906000000.0,10099000000.0,18979271611.0,16.0,13.976,115000000.0,0.121,1.0,3874000000.0,1.0,932000000.0,0.0,97152000000.0,99127250000.0,0.0,72682000000.0,,,77315000000.0,,,8105271611.0,-125000000.0,0.0,-66000000.0,-2986000000.0,-138000000.0,-2506000000.0,2091000000.0,2244000000.0,290000000.0,0.0,857000000.0,834000000.0,834000000.0,25000000.0,4000000.0,0.215,2662000000.0,1212000000.0,0.0,0.138,0.803,9.719,9.77,1272000000.0,23000000.0,8.5,2.092,2.083,0.0,6411000000.0,3874000000.0,3874000000.0,0.0,0.009,0.084,0.012,0.305,41000000.0,2231000000.0,1.0,953561366.0,949342000,953971000.0,4.081,86499000000.0,0.0,326000000.0,0.0,91.115,
38,KEY,MRT,2011-12-31,2011-12-31,2011-12-31,2021-09-09,-28000000.0,88785000000.0,89316750000.0,,,0.045,10.628,-179000000.0,694000000.0,694000000.0,0.0,932000000.0,,7.962,11568000000.0,,,11568000000.0,0.0,201000000.0,61956000000.0,0.013,0.1,1284000000.0,1485000000.0,0.37,1485000000.0,1284000000.0,1284000000.0,0.87,0.87,0.87,9905000000.0,9737500000.0,9905000000.0,19463709797.0,15.0,13.107,1614000000.0,1.732,1.0,4015000000.0,1.0,934000000.0,0.0,98725000000.0,100570750000.0,0.0,73670000000.0,,,78863000000.0,,,7327709797.0,415000000.0,0.0,534000000.0,-2317000000.0,-164000000.0,-3101000000.0,1723000000.0,1880000000.0,1793000000.0,0.0,920000000.0,813000000.0,813000000.0,35000000.0,12000000.0,0.202,2684000000.0,1331000000.0,0.0,0.115,0.74,9.013,8.839,1294000000.0,107000000.0,7.69,1.825,1.785,0.0,6246000000.0,4015000000.0,4015000000.0,0.0,0.009,0.083,0.013,0.32,41000000.0,2230000000.0,1.0,952888140.0,931934000,935801000.0,4.308,87851000000.0,0.0,364000000.0,0.0,94.267,
39,KEY,MRT,2011-09-30,2011-09-30,2011-09-30,2021-09-09,143000000.0,89262000000.0,90081250000.0,,,0.049,10.436,-153000000.0,828000000.0,828000000.0,0.0,1055000000.0,,8.014,12964000000.0,,,12964000000.0,0.0,284000000.0,61032000000.0,0.013,0.08,1512000000.0,1796000000.0,0.409,1796000000.0,1512000000.0,1512000000.0,0.99,0.97,0.99,9901000000.0,10040500000.0,9901000000.0,17973454955.0,12.0,10.007,2477000000.0,2.611,1.0,4394000000.0,1.0,935000000.0,0.0,100463000000.0,101993250000.0,0.0,73976000000.0,,,79344000000.0,,,5650454955.0,5000000.0,0.0,534000000.0,-1881000000.0,-176000000.0,-4409000000.0,1784000000.0,1937000000.0,2630000000.0,0.0,1040000000.0,898000000.0,898000000.0,50000000.0,15000000.0,0.204,2817000000.0,1577000000.0,0.0,0.081,0.571,6.292,5.99,1317000000.0,142000000.0,5.93,1.286,1.28,0.0,6079000000.0,4394000000.0,4394000000.0,0.0,0.01,0.089,0.015,0.344,0.0,2276000000.0,1.0,952859183.0,948702000,950686000.0,4.632,88327000000.0,0.0,472000000.0,0.0,93.103,
40,KEY,MRT,2011-06-30,2011-06-30,2011-06-30,2021-09-09,109000000.0,88782000000.0,91276500000.0,,,0.048,10.257,-174000000.0,853000000.0,853000000.0,0.0,1063000000.0,,8.133,13176000000.0,,,13176000000.0,0.0,300000000.0,60410000000.0,0.007,0.06,1504000000.0,1804000000.0,0.41,1804000000.0,1504000000.0,1504000000.0,0.97,0.95,0.97,9719000000.0,10348750000.0,9719000000.0,21345279954.0,14.0,11.832,2451000000.0,2.587,1.0,4404000000.0,1.0,936000000.0,0.0,100169000000.0,103673750000.0,0.0,73117000000.0,,,79045000000.0,,,7920279954.0,262000000.0,0.0,534000000.0,-984000000.0,-188000000.0,-5103000000.0,2740000000.0,2914000000.0,2625000000.0,0.0,1042000000.0,864000000.0,864000000.0,18000000.0,21000000.0,0.196,2861000000.0,1543000000.0,0.0,0.062,0.815,9.167,8.588,1372000000.0,178000000.0,8.33,1.798,1.792,0.0,5926000000.0,4404000000.0,4404000000.0,0.0,0.009,0.083,0.015,0.342,0.0,2261000000.0,1.0,950813920.0,947565000,952133000.0,4.648,87846000000.0,0.0,462000000.0,0.0,92.707,
41,KEY,MRT,2011-03-31,2011-03-31,2011-03-31,2021-09-09,-35000000.0,90438000000.0,92622750000.0,,,0.046,10.687,-163000000.0,540000000.0,540000000.0,0.0,894000000.0,,8.567,13965000000.0,,,13965000000.0,0.0,316000000.0,60810000000.0,0.005,0.04,1251000000.0,1567000000.0,0.368,1567000000.0,1251000000.0,1251000000.0,0.75,0.73,0.75,9425000000.0,10624000000.0,9425000000.0,21328563992.0,17.0,13.611,2130000000.0,2.415,1.0,4259000000.0,1.0,937000000.0,0.0,102926000000.0,105312250000.0,0.0,74226000000.0,,,80741000000.0,,,7818563992.0,-79000000.0,0.0,600000000.0,500000000.0,-199000000.0,-5938000000.0,3566000000.0,3729000000.0,2293000000.0,0.0,872000000.0,659000000.0,659000000.0,36000000.0,22000000.0,0.155,2950000000.0,1309000000.0,0.0,0.053,0.83,11.864,11.84,1397000000.0,213000000.0,8.88,1.836,1.839,0.0,5721000000.0,4259000000.0,4259000000.0,0.0,0.007,0.062,0.012,0.294,0.0,2276000000.0,1.0,880468918.0,881894000,887836000.0,4.829,89501000000.0,0.0,379000000.0,0.0,101.487,
42,KEY,MRT,2010-12-31,2010-12-31,2010-12-31,2021-09-09,-17000000.0,91843000000.0,93839000000.0,,,0.041,12.709,-153000000.0,278000000.0,278000000.0,0.0,584000000.0,,7.238,13788000000.0,,,13788000000.0,0.0,330000000.0,60610000000.0,0.005,0.04,740000000.0,1070000000.0,0.28,1070000000.0,740000000.0,740000000.0,0.45,0.44,0.45,11117000000.0,10928000000.0,11117000000.0,21890170881.0,30.0,20.458,2571000000.0,2.939,1.0,3827000000.0,1.0,938000000.0,0.0,104415000000.0,106398500000.0,0.0,75613000000.0,,,80469000000.0,,,7792170881.0,-193000000.0,0.0,0.0,254000000.0,-184000000.0,-4891000000.0,1974000000.0,2127000000.0,2724000000.0,0.0,554000000.0,390000000.0,390000000.0,23000000.0,30000000.0,0.102,3034000000.0,793000000.0,0.0,0.089,0.701,19.98,19.667,1417000000.0,164000000.0,8.85,2.036,2.023,0.0,5557000000.0,3827000000.0,3827000000.0,0.0,0.004,0.036,0.007,0.193,0.0,2274000000.0,1.0,880471286.0,874748000,878153000.0,4.375,90905000000.0,0.0,186000000.0,0.0,103.921,
43,KEY,MRT,2010-09-30,2010-09-30,2010-09-30,2021-09-09,285000000.0,94043000000.0,94200000000.0,,,0.031,12.733,-199000000.0,823000000.0,823000000.0,0.0,73000000.0,,7.424,14921000000.0,,,14921000000.0,0.0,346000000.0,61418000000.0,0.005,0.04,-323000000.0,23000000.0,0.008,23000000.0,-323000000.0,-323000000.0,-0.08,-0.08,-0.08,11134000000.0,10814500000.0,11134000000.0,20522048740.0,-64.0,892.263,2623000000.0,3.0,1.0,2918000000.0,1.0,956000000.0,0.0,107185000000.0,106667000000.0,0.0,76982000000.0,,,82655000000.0,,,7007048740.0,98000000.0,0.0,-1000000.0,-797000000.0,-183000000.0,-6822000000.0,4098000000.0,4297000000.0,2822000000.0,0.0,10000000.0,-154000000.0,-154000000.0,17000000.0,63000000.0,-0.053,3161000000.0,-243000000.0,0.0,-0.5,0.629,-45.5,-99.5,1451000000.0,164000000.0,7.96,2.401,2.385,0.0,5287000000.0,2918000000.0,2918000000.0,0.0,-0.002,-0.014,-0.003,-0.111,0.0,2316000000.0,1.0,880282505.0,874433000,874433000.0,3.337,93087000000.0,0.0,-333000000.0,0.0,106.454,
44,KEY,MRT,2010-06-30,2010-06-30,2010-06-30,2021-09-09,153000000.0,94167000000.0,94936500000.0,,,0.022,12.37,-195000000.0,591000000.0,591000000.0,0.0,-555000000.0,,7.68,14106000000.0,,,14106000000.0,0.0,361000000.0,62375000000.0,0.005,0.04,-1298000000.0,-937000000.0,-0.441,-937000000.0,-1298000000.0,-1298000000.0,-0.8,-0.8,-0.8,10820000000.0,10773500000.0,10820000000.0,19691694514.0,-15.0,-21.016,2804000000.0,3.206,1.0,2127000000.0,1.0,959000000.0,0.0,106723000000.0,107444000000.0,0.0,77172000000.0,,,83095000000.0,,,6760694514.0,-115000000.0,0.0,-1000000.0,-2688000000.0,-183000000.0,-8277000000.0,5163000000.0,5358000000.0,2999000000.0,0.0,-606000000.0,-770000000.0,-770000000.0,48000000.0,51000000.0,-0.362,3326000000.0,-1199000000.0,0.0,-0.05,0.625,-8.78,-9.613,1461000000.0,164000000.0,7.69,3.179,3.162,0.0,5118000000.0,2127000000.0,2127000000.0,0.0,-0.008,-0.071,-0.012,-0.61,0.0,2330000000.0,1.0,879154033.0,874664000,874664000.0,2.432,93208000000.0,0.0,-692000000.0,0.0,106.564,
45,KEY,MRT,2010-03-31,2010-03-31,2010-03-31,2021-09-09,19000000.0,95303000000.0,95842750000.0,,,0.018,12.17,-201000000.0,619000000.0,619000000.0,0.0,-852000000.0,,7.93,13550000000.0,,,13550000000.0,0.0,382000000.0,65149000000.0,0.005,0.04,-1781000000.0,-1399000000.0,-0.824,-1399000000.0,-1781000000.0,-1781000000.0,-1.51,-1.51,-1.51,10641000000.0,10781250000.0,10641000000.0,19974573344.0,-11.0,-14.278,3030000000.0,3.465,1.0,1698000000.0,1.0,963000000.0,0.0,107271000000.0,108955000000.0,0.0,78586000000.0,,,84381000000.0,,,6805573344.0,-5000000.0,0.0,986000000.0,-4903000000.0,-184000000.0,-4833000000.0,1597000000.0,1798000000.0,3231000000.0,0.0,-902000000.0,-1189000000.0,-1189000000.0,17000000.0,50000000.0,-0.7,3412000000.0,-1714000000.0,0.0,-0.026,0.64,-5.724,-5.132,1524000000.0,287000000.0,7.75,4.008,3.991,0.0,5098000000.0,1698000000.0,1698000000.0,0.0,-0.012,-0.11,-0.016,-1.049,0.0,2325000000.0,1.0,878138496.0,874386000,874386000.0,1.942,94340000000.0,0.0,-879000000.0,0.0,107.893,
46,KEY,MRT,2009-12-31,2009-12-31,2009-12-31,2021-09-09,-3000000.0,93287000000.0,96475500000.0,,,0.013,15.295,-213000000.0,471000000.0,471000000.0,0.0,-1311000000.0,,7.723,13640000000.0,,,13640000000.0,0.0,389000000.0,65571000000.0,0.017,0.092,-2370000000.0,-1981000000.0,-1.577,-1981000000.0,-2370000000.0,-2370000000.0,-2.34,-2.34,-2.34,10663000000.0,10613000000.0,10663000000.0,19151201834.0,-8.0,-9.667,2107000000.0,3.022,1.0,1256000000.0,1.0,967000000.0,0.0,105489000000.0,110890000000.0,0.0,78878000000.0,,,82354000000.0,,,4876201834.0,-774000000.0,105000000.0,986000000.0,-10915000000.0,-213000000.0,-9703000000.0,6609000000.0,6717000000.0,2320000000.0,0.0,-1335000000.0,-1629000000.0,-1629000000.0,48000000.0,24000000.0,-1.297,3554000000.0,-2298000000.0,0.0,-0.039,0.457,-2.993,-2.372,1596000000.0,294000000.0,5.55,3.882,3.081,0.0,5158000000.0,1256000000.0,1256000000.0,0.0,-0.017,-0.153,-0.021,-1.887,0.0,2317000000.0,1.0,878594925.0,697155000,697155000.0,1.802,92320000000.0,0.0,-1035000000.0,0.0,132.424,
47,KEY,MRT,2009-09-30,2009-09-30,2009-09-30,2021-09-09,46000000.0,96989000000.0,99286500000.0,,,0.014,13.061,-203000000.0,725000000.0,725000000.0,0.0,-1650000000.0,,7.821,15000000000.0,,,15000000000.0,0.0,406000000.0,67259000000.0,0.022,0.145,-2641000000.0,-2235000000.0,-1.641,-2235000000.0,-2641000000.0,-2641000000.0,-3.46,-3.46,-3.46,10970000000.0,10567250000.0,10970000000.0,21689540544.0,-8.0,-9.704,322000000.0,0.383,1.0,1362000000.0,1.0,971000000.0,0.0,110293000000.0,116289250000.0,0.0,82973000000.0,,,85801000000.0,,,5710540544.0,-1202000000.0,105000000.0,3487000000.0,-7300000000.0,-210000000.0,-1341000000.0,-386000000.0,-288000000.0,525000000.0,0.0,-1635000000.0,-1918000000.0,-1918000000.0,71000000.0,-15000000.0,-1.408,3947000000.0,-2585000000.0,0.0,-0.042,0.521,-2.977,-1.879,1638000000.0,283000000.0,6.5,4.193,4.008,0.0,5431000000.0,1362000000.0,1362000000.0,0.0,-0.019,-0.182,-0.023,-1.939,0.0,2310000000.0,1.0,878544699.0,839906000,839906000.0,1.622,96018000000.0,0.0,-1006000000.0,0.0,114.32,
48,KEY,MRT,2009-06-30,2009-06-30,2009-06-30,2021-09-09,0.0,97792000000.0,100361750000.0,,,0.018,18.81,-179000000.0,706000000.0,706000000.0,0.0,-1273000000.0,,7.993,16702000000.0,,,16702000000.0,0.0,413000000.0,67780000000.0,0.062,0.323,-2028000000.0,-1615000000.0,-0.872,-1615000000.0,-2028000000.0,-2028000000.0,-3.04,-3.04,-3.04,10851000000.0,9987500000.0,10851000000.0,20823990673.0,-10.0,-12.894,336000000.0,0.582,1.0,1853000000.0,1.0,1021000000.0,0.0,112767000000.0,118818750000.0,0.0,84492000000.0,,,86732000000.0,,,2632990673.0,-1195000000.0,105000000.0,3574000000.0,-6117000000.0,-269000000.0,726000000.0,-2436000000.0,-2362000000.0,515000000.0,0.0,-1274000000.0,-1528000000.0,-1528000000.0,94000000.0,1000000.0,-0.825,3786000000.0,-1933000000.0,0.0,-0.106,0.243,-1.723,-1.724,1700000000.0,254000000.0,5.24,1.421,1.631,0.0,5878000000.0,1853000000.0,1853000000.0,0.0,-0.015,-0.153,-0.017,-1.094,0.0,2304000000.0,1.0,502479136.0,576883000,576883000.0,3.212,96771000000.0,0.0,-754000000.0,0.0,167.748,
49,KEY,MRT,2009-03-31,2009-03-31,2009-03-31,2021-09-09,97000000.0,97834000000.0,101299750000.0,,,0.016,20.227,-180000000.0,624000000.0,624000000.0,0.0,-2177000000.0,,8.794,18828000000.0,,,18828000000.0,0.0,414000000.0,65877000000.0,0.087,0.688,-2142000000.0,-1728000000.0,-1.042,-1728000000.0,-2142000000.0,-2142000000.0,-5.06,-5.06,-5.06,9968000000.0,9451250000.0,9968000000.0,27665329900.0,-13.0,-16.01,-1070000000.0,-2.171,1.0,1659000000.0,1.0,1027000000.0,0.0,115011000000.0,120893750000.0,0.0,84413000000.0,,,87660000000.0,,,3893329900.0,-1095000000.0,105000000.0,4191000000.0,-4276000000.0,-372000000.0,874000000.0,-1079000000.0,-1004000000.0,-890000000.0,0.0,-2174000000.0,-2264000000.0,-2264000000.0,96000000.0,-3000000.0,-1.365,3708000000.0,-2049000000.0,0.0,-0.136,0.391,-1.72,-1.555,1736000000.0,90000000.0,7.87,2.347,2.338,0.0,6160000000.0,1659000000.0,1659000000.0,0.0,-0.022,-0.24,-0.018,-1.291,0.0,2313000000.0,1.0,494705197.0,492813000,492813000.0,3.366,96807000000.0,0.0,32000000.0,0.0,196.438,
50,KEY,MRT,2008-12-31,2008-12-31,2008-12-31,2021-09-09,65000000.0,104531000000.0,102214250000.0,,,0.026,23.287,-194000000.0,1245000000.0,1245000000.0,0.0,-1460000000.0,,8.955,25029000000.0,,,25029000000.0,0.0,429000000.0,65127000000.0,0.117,1.0,-1031000000.0,-602000000.0,-0.229,-602000000.0,-1031000000.0,-1031000000.0,-3.36,-3.36,-3.36,10480000000.0,9107250000.0,10480000000.0,25028466609.0,-24.0,-41.576,-754000000.0,-1.675,1.0,2626000000.0,1.0,1229000000.0,0.0,127086000000.0,122466750000.0,0.0,90026000000.0,,,93850000000.0,,,4217466609.0,-558000000.0,8000000.0,4194000000.0,2038000000.0,-445000000.0,6167000000.0,-6165000000.0,-5979000000.0,-560000000.0,0.0,-1468000000.0,-1510000000.0,-1510000000.0,173000000.0,8000000.0,-0.575,3476000000.0,-850000000.0,0.0,-0.298,0.402,-2.793,-2.536,1830000000.0,42000000.0,8.52,1.606,1.46,0.0,6727000000.0,2626000000.0,2626000000.0,0.0,-0.015,-0.166,-0.008,-0.393,0.0,2344000000.0,1.0,495007818.0,450039000,450039000.0,5.835,103302000000.0,0.0,437000000.0,0.0,229.54,
51,KEY,MRT,2008-09-30,2008-09-30,2008-09-30,2021-09-09,153000000.0,101290000000.0,100638500000.0,,,0.028,17.613,-179000000.0,1927000000.0,1927000000.0,0.0,-876000000.0,,10.685,22748000000.0,,,22748000000.0,0.0,424000000.0,64567000000.0,0.109,1.302,-313000000.0,111000000.0,0.039,111000000.0,-313000000.0,-313000000.0,-2.18,-2.19,-2.18,8651000000.0,8423750000.0,8651000000.0,27173204819.0,-87.0,244.804,758000000.0,1.543,1.0,2814000000.0,1.0,1700000000.0,0.0,120411000000.0,119891250000.0,0.0,85689000000.0,,,92432000000.0,,,5906204819.0,-89000000.0,-72000000.0,1695000000.0,2157000000.0,-546000000.0,2567000000.0,-3593000000.0,-3342000000.0,937000000.0,0.0,-919000000.0,-931000000.0,-931000000.0,28000000.0,43000000.0,-0.331,3056000000.0,-242000000.0,0.0,-0.597,0.683,-6.344,-5.477,1831000000.0,12000000.0,11.94,2.099,2.084,0.0,7320000000.0,2814000000.0,2814000000.0,0.0,-0.009,-0.111,-0.003,-0.111,0.0,2306000000.0,1.0,494657020.0,491179000,491179000.0,5.729,99590000000.0,0.0,606000000.0,0.0,202.757,
52,KEY,MRT,2008-06-30,2008-06-30,2008-06-30,2021-09-09,149000000.0,101544000000.0,99350250000.0,,,0.032,20.896,-216000000.0,1912000000.0,1912000000.0,0.0,-641000000.0,,10.643,23179000000.0,,,23179000000.0,0.0,428000000.0,64396000000.0,0.135,1.48,41000000.0,469000000.0,0.149,469000000.0,41000000.0,41000000.0,-1.54,-1.55,-1.54,8706000000.0,8216000000.0,8706000000.0,25970597776.0,633.0,55.374,-31000000.0,-0.074,1.0,3145000000.0,1.0,1744000000.0,0.0,121067000000.0,117836000000.0,0.0,90165000000.0,,,92659000000.0,,,4396597776.0,83000000.0,-45000000.0,1558000000.0,2158000000.0,-582000000.0,5176000000.0,-5278000000.0,-5017000000.0,185000000.0,0.0,-673000000.0,-673000000.0,-673000000.0,3000000.0,32000000.0,-0.214,3069000000.0,76000000.0,0.0,-0.961,0.505,-6.533,-7.13,1837000000.0,0.0,10.98,1.398,1.455,0.0,7461000000.0,3145000000.0,3145000000.0,0.0,-0.007,-0.082,0.0,0.013,0.0,2299000000.0,1.0,400418741.0,416629000,416629000.0,7.549,99800000000.0,0.0,714000000.0,0.0,239.542,
53,KEY,MRT,2008-03-31,2008-03-31,2008-03-31,2021-09-09,393000000.0,101492000000.0,97206000000.0,,,0.043,21.527,-211000000.0,1730000000.0,1730000000.0,0.0,820000000.0,,10.792,23304000000.0,,,23304000000.0,0.0,425000000.0,64702000000.0,0.067,1.47,1021000000.0,1446000000.0,0.347,1446000000.0,1021000000.0,1021000000.0,2.01,1.99,2.01,8592000000.0,7964750000.0,8592000000.0,29275812664.0,29.0,20.246,334000000.0,0.837,1.0,4169000000.0,1.0,1763000000.0,0.0,121303000000.0,114883250000.0,0.0,89929000000.0,,,92723000000.0,,,8752812664.0,-333000000.0,-5000000.0,-251000000.0,1800000000.0,-573000000.0,4154000000.0,-5032000000.0,-4816000000.0,545000000.0,0.0,787000000.0,787000000.0,787000000.0,8000000.0,33000000.0,0.189,3107000000.0,1062000000.0,0.0,0.731,1.019,11.122,10.92,1782000000.0,0.0,21.95,2.099,2.101,0.0,8737000000.0,4169000000.0,4169000000.0,0.0,0.008,0.099,0.009,0.245,0.0,2305000000.0,1.0,398761397.0,399121000,399769000.0,10.445,99729000000.0,0.0,234000000.0,0.0,249.872,
54,KEY,MRT,2007-12-31,2007-12-31,2007-12-31,2021-09-09,130000000.0,98228000000.0,94897000000.0,,,0.046,19.76,-187000000.0,1814000000.0,1814000000.0,0.0,951000000.0,,11.681,21745000000.0,,,21745000000.0,0.0,420000000.0,63099000000.0,0.062,1.46,1196000000.0,1616000000.0,0.367,1616000000.0,1196000000.0,1196000000.0,2.35,2.32,2.35,7746000000.0,7746500000.0,7746000000.0,26790630822.0,22.0,16.578,-231000000.0,-0.589,1.0,4402000000.0,1.0,1375000000.0,0.0,116784000000.0,111717500000.0,0.0,86236000000.0,,,90482000000.0,,,9116630822.0,-461000000.0,186000000.0,-483000000.0,2025000000.0,-570000000.0,5015000000.0,-5432000000.0,-5431000000.0,-44000000.0,0.0,919000000.0,919000000.0,919000000.0,16000000.0,32000000.0,0.209,3158000000.0,1244000000.0,0.0,0.621,1.177,9.92,9.979,1809000000.0,0.0,23.45,2.071,2.088,0.0,8522000000.0,4402000000.0,4402000000.0,0.0,0.01,0.119,0.011,0.272,0.0,2334000000.0,1.0,388768905.0,392013000,395823000.0,11.229,96853000000.0,0.0,277000000.0,0.0,247.066,
55,KEY,MRT,2007-09-30,2007-09-30,2007-09-30,2021-09-09,-54000000.0,96137000000.0,93424250000.0,,,0.052,20.086,-164000000.0,2016000000.0,2016000000.0,0.0,1040000000.0,,11.294,19376000000.0,,,19376000000.0,0.0,421000000.0,63714000000.0,0.045,1.44,1500000000.0,1921000000.0,0.396,1921000000.0,1500000000.0,1500000000.0,2.64,2.61,2.64,7820000000.0,7735750000.0,7820000000.0,30377054780.0,20.0,15.813,760000000.0,1.952,1.0,4851000000.0,1.0,1307000000.0,0.0,112190000000.0,109551250000.0,0.0,84422000000.0,,,88317000000.0,,,12621054780.0,-941000000.0,2777000000.0,-634000000.0,-1485000000.0,-564000000.0,-387000000.0,-3410000000.0,-4114000000.0,924000000.0,0.0,1040000000.0,1040000000.0,1040000000.0,190000000.0,0.0,0.214,3161000000.0,1690000000.0,0.0,0.545,1.614,12.136,12.246,1766000000.0,0.0,32.33,2.602,2.595,0.0,8788000000.0,4851000000.0,4851000000.0,0.0,0.011,0.134,0.014,0.309,0.0,2417000000.0,1.0,390382146.0,389319000,393164000.0,12.46,94830000000.0,0.0,460000000.0,0.0,243.579,
56,KEY,MRT,2007-06-30,2007-06-30,2007-06-30,2021-09-09,-169000000.0,92967000000.0,93428750000.0,,,0.054,19.643,-141000000.0,1818000000.0,1818000000.0,0.0,1142000000.0,,11.072,19419000000.0,,,19419000000.0,0.0,416000000.0,60599000000.0,0.041,1.42,1634000000.0,2050000000.0,0.41,2050000000.0,1634000000.0,1634000000.0,2.87,2.83,2.87,7701000000.0,7767500000.0,7701000000.0,31354528237.0,19.0,15.295,844000000.0,2.153,1.0,5001000000.0,1.0,1312000000.0,0.0,109256000000.0,109665750000.0,0.0,81590000000.0,,,85266000000.0,,,13467528237.0,-996000000.0,2759000000.0,-607000000.0,-646000000.0,-563000000.0,-2039000000.0,-986000000.0,-2592000000.0,985000000.0,0.0,1142000000.0,1142000000.0,1142000000.0,169000000.0,0.0,0.228,3198000000.0,1803000000.0,0.0,0.495,1.749,11.793,11.962,1710000000.0,0.0,34.33,2.693,2.691,0.0,8720000000.0,5001000000.0,5001000000.0,0.0,0.012,0.147,0.015,0.327,0.0,2473000000.0,1.0,392296191.0,392045000,396918000.0,12.756,91655000000.0,0.0,492000000.0,0.0,233.787,
57,KEY,MRT,2007-03-31,2007-03-31,2007-03-31,2021-09-09,-114000000.0,92256000000.0,93885500000.0,,,0.053,19.401,-123000000.0,2052000000.0,2052000000.0,0.0,1116000000.0,,10.952,19753000000.0,,,19753000000.0,0.0,408000000.0,59773000000.0,0.037,1.4,1603000000.0,2011000000.0,0.407,2011000000.0,1603000000.0,1603000000.0,2.78,2.74,2.78,7719000000.0,7776500000.0,7719000000.0,31938193968.0,20.0,15.882,492000000.0,1.237,1.0,4945000000.0,1.0,1317000000.0,0.0,108640000000.0,109986750000.0,0.0,80632000000.0,,,84537000000.0,,,14834193968.0,-434000000.0,2685000000.0,-520000000.0,-483000000.0,-562000000.0,-1169000000.0,-255000000.0,-2740000000.0,615000000.0,0.0,1116000000.0,1116000000.0,1116000000.0,161000000.0,0.0,0.226,3181000000.0,1764000000.0,0.0,0.504,1.922,13.292,13.478,1664000000.0,0.0,37.47,3.0,3.015,0.0,8528000000.0,4945000000.0,4945000000.0,0.0,0.012,0.144,0.015,0.324,0.0,2508000000.0,1.0,395895222.0,397875000,403478000.0,12.429,90939000000.0,0.0,487000000.0,0.0,228.562,
58,KEY,MRT,2006-12-31,2006-12-31,2006-12-31,2021-09-09,-184000000.0,92337000000.0,94169250000.0,,,0.051,19.044,-114000000.0,2264000000.0,2264000000.0,0.0,1055000000.0,,10.987,19368000000.0,,,19368000000.0,0.0,397000000.0,59116000000.0,0.036,1.38,1505000000.0,1902000000.0,0.397,1902000000.0,1505000000.0,1505000000.0,2.61,2.57,2.61,7703000000.0,7756250000.0,7703000000.0,33264116835.0,22.0,17.489,891000000.0,2.203,1.0,4792000000.0,1.0,1322000000.0,0.0,108119000000.0,110197000000.0,0.0,80237000000.0,,,84634000000.0,,,15272116835.0,-844000000.0,2486000000.0,-400000000.0,-1402000000.0,-557000000.0,-1970000000.0,121000000.0,-2251000000.0,1005000000.0,0.0,1055000000.0,1055000000.0,1055000000.0,143000000.0,0.0,0.22,3149000000.0,1643000000.0,0.0,0.529,1.983,14.476,14.571,1719000000.0,0.0,38.03,3.187,3.21,0.0,8377000000.0,4792000000.0,4792000000.0,0.0,0.011,0.136,0.014,0.314,0.0,2487000000.0,1.0,401580774.0,404490000,410222000.0,11.847,91015000000.0,0.0,450000000.0,0.0,225.012,
59,KEY,MRT,2006-09-30,2006-09-30,2006-09-30,2021-09-09,-70000000.0,96155000000.0,94366500000.0,,,0.05,19.682,-148000000.0,2957000000.0,2957000000.0,0.0,1205000000.0,,11.1,20949000000.0,,,20949000000.0,0.0,385000000.0,61429000000.0,0.036,1.36,1648000000.0,2033000000.0,0.435,2033000000.0,1648000000.0,1648000000.0,2.96,2.93,2.96,7947000000.0,7730000000.0,7947000000.0,32349481912.0,20.0,15.912,42000000.0,0.104,1.0,4673000000.0,1.0,1499000000.0,0.0,112648000000.0,110440250000.0,0.0,83103000000.0,,,88208000000.0,,,15099481912.0,297000000.0,-212000000.0,-323000000.0,452000000.0,-553000000.0,2975000000.0,-2998000000.0,-3152000000.0,190000000.0,0.0,1205000000.0,1205000000.0,1205000000.0,-61000000.0,0.0,0.258,3091000000.0,1582000000.0,0.0,0.459,1.9,12.531,12.649,1643000000.0,0.0,37.44,3.231,3.235,0.0,8371000000.0,4673000000.0,4673000000.0,0.0,0.013,0.156,0.015,0.353,0.0,2414000000.0,1.0,403298128.0,403780000,409428000.0,11.573,94656000000.0,0.0,443000000.0,0.0,234.425,
60,KEY,MRT,2006-06-30,2006-06-30,2006-06-30,2021-09-09,-120000000.0,94794000000.0,93408500000.0,,,0.05,19.126,-153000000.0,2814000000.0,2814000000.0,0.0,1171000000.0,,11.252,20064000000.0,,,20064000000.0,0.0,374000000.0,60838000000.0,0.038,1.34,1618000000.0,1992000000.0,0.429,1992000000.0,1618000000.0,1618000000.0,2.87,2.84,2.87,7737000000.0,7623750000.0,7737000000.0,31986612163.0,20.0,16.058,19000000.0,0.047,1.0,4641000000.0,1.0,1504000000.0,0.0,110540000000.0,109451250000.0,0.0,81797000000.0,,,87057000000.0,,,14421612163.0,-154000000.0,-246000000.0,-300000000.0,676000000.0,-546000000.0,2649000000.0,-3187000000.0,-3031000000.0,172000000.0,0.0,1171000000.0,1171000000.0,1171000000.0,-54000000.0,0.0,0.252,3082000000.0,1559000000.0,0.0,0.467,1.864,12.316,12.432,1600000000.0,0.0,35.68,3.107,3.11,0.0,8199000000.0,4641000000.0,4641000000.0,0.0,0.013,0.154,0.015,0.349,0.0,2416000000.0,1.0,404193166.0,404528000,410559000.0,11.473,93290000000.0,0.0,447000000.0,0.0,230.614,
61,KEY,MRT,2006-03-31,2006-03-31,2006-03-31,2021-09-09,-121000000.0,93391000000.0,92463750000.0,,,0.049,18.749,-150000000.0,2486000000.0,2486000000.0,0.0,1154000000.0,,11.227,20051000000.0,,,20051000000.0,0.0,365000000.0,59402000000.0,0.036,1.32,1591000000.0,1956000000.0,0.428,1956000000.0,1591000000.0,1591000000.0,2.82,2.79,2.82,7638000000.0,7527500000.0,7638000000.0,32355764168.0,20.0,16.542,1119000000.0,2.747,1.0,4574000000.0,1.0,1475000000.0,0.0,109481000000.0,108399000000.0,0.0,81068000000.0,,,85753000000.0,,,14909764168.0,-505000000.0,-214000000.0,-165000000.0,231000000.0,-539000000.0,1829000000.0,-3743000000.0,-3138000000.0,1269000000.0,0.0,1154000000.0,1154000000.0,1154000000.0,-49000000.0,0.0,0.252,3037000000.0,1537000000.0,0.0,0.468,1.952,12.92,13.05,1533000000.0,0.0,36.8,3.26,3.278,0.0,8031000000.0,4574000000.0,4574000000.0,0.0,0.012,0.153,0.015,0.348,0.0,2375000000.0,1.0,405156635.0,407386000,413140000.0,11.228,91916000000.0,0.0,437000000.0,0.0,225.624,
62,KEY,MRT,2005-12-31,2005-12-31,2005-12-31,2021-09-09,-106000000.0,93126000000.0,91685000000.0,,,0.05,18.578,-143000000.0,3108000000.0,3108000000.0,0.0,1129000000.0,,11.257,20554000000.0,,,20554000000.0,0.0,358000000.0,58765000000.0,0.039,1.3,1565000000.0,1923000000.0,0.42,1923000000.0,1565000000.0,1565000000.0,2.76,2.73,2.76,7598000000.0,7408500000.0,7598000000.0,31250432397.0,20.0,16.251,2025000000.0,4.951,1.0,4580000000.0,1.0,1480000000.0,0.0,109092000000.0,107523500000.0,0.0,80216000000.0,,,85528000000.0,,,13428432397.0,654000000.0,-219000000.0,-100000000.0,1816000000.0,-531000000.0,2128000000.0,-3642000000.0,-3280000000.0,2168000000.0,0.0,1129000000.0,1129000000.0,1129000000.0,-39000000.0,0.0,0.247,3054000000.0,1526000000.0,0.0,0.471,1.767,11.894,11.931,1611000000.0,0.0,32.93,2.932,2.941,0.0,7882000000.0,4580000000.0,4580000000.0,0.0,0.012,0.152,0.015,0.342,0.0,2397000000.0,1.0,407787197.0,408981000,414014000.0,11.199,91646000000.0,0.0,436000000.0,0.0,224.084,
63,KEY,MRT,2005-09-30,2005-09-30,2005-09-30,2021-09-09,-73000000.0,92323000000.0,91090250000.0,,,0.049,18.326,-85000000.0,2660000000.0,2660000000.0,0.0,1046000000.0,,11.274,20482000000.0,,,20482000000.0,0.0,349000000.0,58071000000.0,0.04,1.285,1504000000.0,1853000000.0,0.412,1853000000.0,1504000000.0,1504000000.0,2.56,2.53,2.56,7522000000.0,7288250000.0,7522000000.0,29959163779.0,20.0,16.168,816000000.0,1.988,1.0,4501000000.0,1.0,1453000000.0,0.0,108692000000.0,106838750000.0,0.0,80135000000.0,,,84801000000.0,,,13200163779.0,-324000000.0,-1734000000.0,21000000.0,1277000000.0,-524000000.0,2450000000.0,-45000000.0,-1811000000.0,901000000.0,0.0,1046000000.0,1046000000.0,1046000000.0,-47000000.0,0.0,0.232,3044000000.0,1457000000.0,0.0,0.502,1.755,12.62,12.598,593000000.0,0.0,32.25,2.933,2.941,0.0,7719000000.0,4501000000.0,4501000000.0,0.0,0.011,0.144,0.014,0.334,0.0,2373000000.0,1.0,409307404.0,410456000,415441000.0,10.966,90870000000.0,0.0,458000000.0,0.0,221.388,
64,KEY,MRT,2005-06-30,2005-06-30,2005-06-30,2021-09-09,-86000000.0,91015000000.0,90125250000.0,,,0.049,17.986,-69000000.0,2968000000.0,2968000000.0,0.0,1020000000.0,,11.38,19727000000.0,,,19727000000.0,0.0,343000000.0,58063000000.0,0.038,1.27,1457000000.0,1800000000.0,0.409,1800000000.0,1457000000.0,1457000000.0,2.5,2.47,2.5,7352000000.0,7144250000.0,7352000000.0,30663254699.0,21.0,17.035,1454000000.0,3.557,1.0,4402000000.0,1.0,1443000000.0,0.0,106331000000.0,105637500000.0,0.0,78896000000.0,,,83663000000.0,,,13514254699.0,655000000.0,-1740000000.0,-32000000.0,-1166000000.0,-518000000.0,3352000000.0,57000000.0,-2468000000.0,1523000000.0,0.0,1020000000.0,1020000000.0,1020000000.0,-47000000.0,0.0,0.232,2992000000.0,1410000000.0,0.0,0.508,1.838,13.249,13.26,576000000.0,0.0,33.15,3.07,3.078,0.0,7574000000.0,4402000000.0,4402000000.0,0.0,0.011,0.143,0.014,0.331,0.0,2334000000.0,1.0,407669825.0,408754000,414309000.0,10.769,89572000000.0,0.0,437000000.0,0.0,219.134,
65,KEY,MRT,2005-03-31,2005-03-31,2005-03-31,2021-09-09,-71000000.0,90276000000.0,88929250000.0,,,0.048,17.543,-78000000.0,2991000000.0,2991000000.0,0.0,968000000.0,,11.605,20140000000.0,,,20140000000.0,0.0,381000000.0,57127000000.0,0.039,1.255,1380000000.0,1761000000.0,0.411,1761000000.0,1380000000.0,1380000000.0,2.37,2.35,2.37,7162000000.0,7013500000.0,7162000000.0,30237154319.0,22.0,17.17,636000000.0,1.558,1.0,4289000000.0,1.0,1446000000.0,0.0,105979000000.0,104989000000.0,0.0,78011000000.0,,,83114000000.0,,,13185154319.0,878000000.0,-1738000000.0,-210000000.0,-986000000.0,-512000000.0,4949000000.0,52000000.0,-3021000000.0,714000000.0,0.0,968000000.0,968000000.0,968000000.0,-47000000.0,0.0,0.226,2956000000.0,1333000000.0,0.0,0.53,1.841,13.621,13.692,587000000.0,0.0,32.45,3.074,3.089,0.0,7416000000.0,4289000000.0,4289000000.0,0.0,0.011,0.138,0.013,0.322,0.0,2320000000.0,1.0,406322167.0,408264000,413762000.0,10.505,88830000000.0,0.0,412000000.0,0.0,217.58,
66,KEY,MRT,2004-12-31,2004-12-31,2004-12-31,2021-09-09,-22000000.0,90747000000.0,87472250000.0,,,0.048,17.334,-95000000.0,2454000000.0,2454000000.0,0.0,954000000.0,,11.751,19506000000.0,,,19506000000.0,0.0,345000000.0,57842000000.0,0.037,1.24,1359000000.0,1704000000.0,0.406,1704000000.0,1359000000.0,1359000000.0,2.32,2.3,2.32,7117000000.0,6972750000.0,7117000000.0,30419353895.0,22.0,17.852,-310000000.0,-0.755,1.0,4196000000.0,1.0,1446000000.0,0.0,106353000000.0,104158250000.0,0.0,78951000000.0,,,83630000000.0,,,13784353895.0,-258000000.0,-1733000000.0,-352000000.0,-1650000000.0,-508000000.0,3919000000.0,-38000000.0,-2096000000.0,-215000000.0,0.0,954000000.0,954000000.0,954000000.0,-47000000.0,0.0,0.227,2884000000.0,1312000000.0,0.0,0.534,1.937,14.449,14.612,603000000.0,0.0,33.9,3.285,3.317,0.0,7284000000.0,4196000000.0,4196000000.0,0.0,0.011,0.137,0.013,0.324,0.0,2261000000.0,1.0,406618109.0,410585000,415430000.0,10.22,89301000000.0,0.0,405000000.0,0.0,217.497,
67,KEY,MRT,2004-09-30,2004-09-30,2004-09-30,2021-09-09,-48000000.0,88463000000.0,85907250000.0,,,0.05,17.059,-90000000.0,2984000000.0,2984000000.0,0.0,975000000.0,,11.736,19619000000.0,,,19619000000.0,0.0,471000000.0,55843000000.0,0.039,1.235,1350000000.0,1821000000.0,0.423,1821000000.0,1350000000.0,1350000000.0,2.35,2.33,2.35,6946000000.0,6935750000.0,6946000000.0,31542104486.0,23.0,17.321,415000000.0,1.019,1.0,4310000000.0,1.0,1211000000.0,0.0,103887000000.0,102944000000.0,0.0,74409000000.0,,,81517000000.0,,,12855104486.0,586000000.0,-31000000.0,-490000000.0,-3243000000.0,-510000000.0,2885000000.0,-497000000.0,-2186000000.0,505000000.0,0.0,975000000.0,975000000.0,975000000.0,0.0,0.0,0.226,2960000000.0,1350000000.0,0.0,0.526,1.851,13.185,13.447,599000000.0,0.0,31.6,2.983,2.985,0.0,7197000000.0,4310000000.0,4310000000.0,0.0,0.011,0.141,0.013,0.313,0.0,2283000000.0,1.0,406807104.0,407187000,411575000.0,10.585,87252000000.0,0.0,375000000.0,0.0,214.28,
68,KEY,MRT,2004-06-30,2004-06-30,2004-06-30,2021-09-09,-83000000.0,86231000000.0,84906500000.0,,,0.05,16.644,-107000000.0,2313000000.0,2313000000.0,0.0,950000000.0,,11.627,21000000000.0,,,21000000000.0,0.0,445000000.0,52423000000.0,0.041,1.23,1315000000.0,1760000000.0,0.415,1760000000.0,1315000000.0,1315000000.0,2.27,2.25,2.27,6829000000.0,6943500000.0,6829000000.0,31656913808.0,24.0,17.987,-378000000.0,-0.921,1.0,4245000000.0,1.0,1181000000.0,0.0,103737000000.0,102902250000.0,0.0,73088000000.0,,,79402000000.0,,,12264913808.0,-936000000.0,-17000000.0,-493000000.0,-1672000000.0,-511000000.0,-70000000.0,-174000000.0,-297000000.0,-271000000.0,0.0,950000000.0,950000000.0,950000000.0,0.0,0.0,0.224,2930000000.0,1315000000.0,0.0,0.542,1.796,12.91,13.167,600000000.0,0.0,29.89,2.889,2.889,0.0,7072000000.0,4245000000.0,4245000000.0,0.0,0.011,0.137,0.013,0.31,0.0,2276000000.0,1.0,410335022.0,410292000,414908000.0,10.346,85050000000.0,0.0,365000000.0,0.0,207.291,
69,KEY,MRT,2004-03-31,2004-03-31,2004-03-31,2021-09-09,54000000.0,84448000000.0,84718500000.0,,,0.05,16.797,-97000000.0,2113000000.0,2113000000.0,0.0,936000000.0,,11.066,21505000000.0,,,21505000000.0,0.0,369000000.0,49931000000.0,0.04,1.225,1303000000.0,1672000000.0,0.398,1672000000.0,1303000000.0,1303000000.0,2.22,2.2,2.22,6999000000.0,6983500000.0,6999000000.0,30742681394.0,24.0,18.387,739000000.0,1.774,1.0,4204000000.0,1.0,1184000000.0,0.0,102656000000.0,102633000000.0,0.0,71963000000.0,,,77449000000.0,,,12546681394.0,-961000000.0,-17000000.0,-390000000.0,-2381000000.0,-512000000.0,-3792000000.0,1020000000.0,1089000000.0,836000000.0,0.0,936000000.0,936000000.0,936000000.0,0.0,0.0,0.223,2901000000.0,1303000000.0,0.0,0.552,1.793,13.405,13.644,604000000.0,0.0,30.29,2.984,3.002,0.0,6960000000.0,4204000000.0,4204000000.0,0.0,0.011,0.134,0.013,0.31,0.0,2277000000.0,1.0,414218600.0,416680000,421572000.0,10.089,83264000000.0,0.0,367000000.0,0.0,199.827,
70,KEY,MRT,2003-12-31,2003-12-31,2003-12-31,2021-09-09,-8000000.0,84487000000.0,85229000000.0,,,0.049,16.484,-83000000.0,2712000000.0,2712000000.0,0.0,903000000.0,,11.123,20908000000.0,,,20908000000.0,0.0,368000000.0,50858000000.0,0.042,1.22,1242000000.0,1610000000.0,0.389,1610000000.0,1242000000.0,1242000000.0,2.13,2.12,2.13,6969000000.0,6958250000.0,6969000000.0,32744284869.0,26.0,20.338,824000000.0,1.949,1.0,4141000000.0,1.0,1187000000.0,0.0,101496000000.0,103164250000.0,0.0,71737000000.0,,,77518000000.0,,,12289284869.0,-652000000.0,-17000000.0,-244000000.0,-2659000000.0,-513000000.0,-1884000000.0,260000000.0,165000000.0,907000000.0,0.0,903000000.0,903000000.0,903000000.0,0.0,0.0,0.218,2899000000.0,1242000000.0,0.0,0.573,1.763,13.609,13.765,606000000.0,0.0,29.32,2.968,2.993,0.0,6838000000.0,4141000000.0,4141000000.0,0.0,0.011,0.13,0.012,0.3,0.0,2271000000.0,1.0,419143413.0,422776000,426157000.0,9.795,83300000000.0,0.0,339000000.0,0.0,197.031,
71,KEY,MRT,2003-09-30,2003-09-30,2003-09-30,2021-09-09,17000000.0,84460000000.0,85407750000.0,,,0.047,16.534,-83000000.0,2398000000.0,2398000000.0,0.0,914000000.0,,11.105,22853000000.0,,,22853000000.0,0.0,207000000.0,48739000000.0,0.048,1.215,1269000000.0,1476000000.0,0.371,1476000000.0,1269000000.0,1269000000.0,2.15,2.15,2.15,6977000000.0,6924750000.0,6977000000.0,29114725636.0,23.0,19.725,1162000000.0,2.754,1.0,3981000000.0,1.0,1195000000.0,0.0,103720000000.0,103528000000.0,0.0,71853000000.0,,,77483000000.0,,,10760725636.0,-641000000.0,-65000000.0,-180000000.0,-4177000000.0,-513000000.0,-1112000000.0,-279000000.0,-347000000.0,1245000000.0,0.0,914000000.0,914000000.0,914000000.0,0.0,0.0,0.23,2712000000.0,1269000000.0,0.0,0.565,1.542,11.773,11.893,614000000.0,0.0,25.57,2.703,2.71,0.0,6732000000.0,3981000000.0,3981000000.0,0.0,0.011,0.132,0.012,0.319,0.0,2242000000.0,1.0,420834010.0,421971000,425669000.0,9.434,83265000000.0,0.0,355000000.0,0.0,197.324,
72,KEY,MRT,2003-06-30,2003-06-30,2003-06-30,2021-09-09,79000000.0,85479000000.0,85171750000.0,,,0.047,16.488,-66000000.0,3249000000.0,3249000000.0,0.0,932000000.0,,11.231,21603000000.0,,,21603000000.0,0.0,204000000.0,49869000000.0,0.048,1.21,1289000000.0,1493000000.0,0.377,1493000000.0,1289000000.0,1289000000.0,2.18,2.19,2.18,6989000000.0,6843500000.0,6989000000.0,30151151552.0,23.0,20.195,1903000000.0,4.489,1.0,3961000000.0,1.0,1173000000.0,0.0,102660000000.0,103818750000.0,0.0,72311000000.0,,,78490000000.0,,,10684151552.0,320000000.0,-48000000.0,-166000000.0,-4269000000.0,-513000000.0,-308000000.0,-245000000.0,-957000000.0,1969000000.0,0.0,932000000.0,932000000.0,932000000.0,0.0,0.0,0.235,2672000000.0,1289000000.0,0.0,0.555,1.529,11.464,11.592,606000000.0,0.0,25.27,2.697,2.704,0.0,6633000000.0,3961000000.0,3961000000.0,0.0,0.011,0.136,0.012,0.325,0.0,2215000000.0,1.0,422799824.0,423882000,427170000.0,9.345,84306000000.0,0.0,357000000.0,0.0,198.89,
73,KEY,MRT,2003-03-31,2003-03-31,2003-03-31,2021-09-09,42000000.0,86490000000.0,84496250000.0,,,0.047,16.22,-80000000.0,3074000000.0,3074000000.0,0.0,953000000.0,,11.538,22541000000.0,,,22541000000.0,0.0,215000000.0,50455000000.0,0.053,1.205,1303000000.0,1518000000.0,0.384,1518000000.0,1303000000.0,1303000000.0,2.23,2.23,2.23,6898000000.0,6744000000.0,6898000000.0,28469724737.0,22.0,18.755,1153000000.0,2.711,1.0,3952000000.0,1.0,1176000000.0,0.0,104781000000.0,104181750000.0,0.0,73692000000.0,,,79592000000.0,,,9543724737.0,591000000.0,-63000000.0,-96000000.0,-4013000000.0,-513000000.0,2171000000.0,-1068000000.0,-1602000000.0,1233000000.0,0.0,953000000.0,953000000.0,953000000.0,0.0,0.0,0.241,2649000000.0,1303000000.0,0.0,0.54,1.384,10.014,10.117,623000000.0,0.0,22.56,2.415,2.428,0.0,6536000000.0,3952000000.0,3952000000.0,0.0,0.011,0.141,0.013,0.33,0.0,2197000000.0,1.0,423037444.0,425275000,428090000.0,9.293,85314000000.0,0.0,350000000.0,0.0,200.609,
74,KEY,MRT,2002-12-31,2002-12-31,2002-12-31,2021-09-09,39000000.0,85202000000.0,83213500000.0,,,0.048,16.065,-81000000.0,3364000000.0,3364000000.0,0.0,976000000.0,,11.466,22290000000.0,,,22290000000.0,0.0,226000000.0,49346000000.0,0.048,1.2,1312000000.0,1538000000.0,0.388,1538000000.0,1312000000.0,1312000000.0,2.29,2.27,2.29,6835000000.0,6620000000.0,6835000000.0,33176983059.0,25.0,21.572,1378000000.0,3.239,1.0,3965000000.0,1.0,1177000000.0,0.0,102951000000.0,103865250000.0,0.0,72183000000.0,,,78367000000.0,,,10681983059.0,473000000.0,-63000000.0,-40000000.0,-2290000000.0,-511000000.0,1287000000.0,485000000.0,-2614000000.0,1459000000.0,0.0,976000000.0,976000000.0,976000000.0,0.0,0.0,0.246,2653000000.0,1312000000.0,0.0,0.524,1.563,10.945,10.978,644000000.0,0.0,25.14,2.694,2.698,0.0,6448000000.0,3965000000.0,3965000000.0,0.0,0.012,0.147,0.013,0.331,0.0,2204000000.0,1.0,424899883.0,425451000,430703000.0,9.32,84025000000.0,0.0,336000000.0,0.0,197.496,
75,KEY,MRT,2002-09-30,2002-09-30,2002-09-30,2021-09-09,17000000.0,83516000000.0,82147500000.0,,,0.041,15.605,-97000000.0,3039000000.0,3039000000.0,0.0,557000000.0,,11.555,25534000000.0,,,25534000000.0,0.0,270000000.0,44610000000.0,0.048,1.195,662000000.0,932000000.0,0.278,932000000.0,662000000.0,662000000.0,1.3,1.3,1.3,6652000000.0,6450000000.0,6652000000.0,33116450679.0,50.0,35.533,1924000000.0,4.514,1.0,3349000000.0,1.0,1128000000.0,0.0,104883000000.0,103315250000.0,0.0,71057000000.0,,,76864000000.0,,,10650450679.0,236000000.0,-15000000.0,-6000000.0,-446000000.0,-508000000.0,-1766000000.0,508000000.0,-415000000.0,2021000000.0,0.0,557000000.0,557000000.0,557000000.0,0.0,0.0,0.166,2687000000.0,662000000.0,0.0,0.919,1.601,19.121,19.208,651000000.0,0.0,24.97,3.18,3.178,0.0,6330000000.0,3349000000.0,3349000000.0,0.0,0.007,0.086,0.006,0.198,0.0,2200000000.0,1.0,426529863.0,426274000,431326000.0,7.856,82388000000.0,0.0,105000000.0,0.0,193.275,
76,KEY,MRT,2002-06-30,2002-06-30,2002-06-30,2021-09-09,32000000.0,82777000000.0,82373250000.0,,,0.041,15.468,-95000000.0,2929000000.0,2929000000.0,0.0,561000000.0,,11.559,25395000000.0,,,25395000000.0,0.0,307000000.0,44805000000.0,0.044,1.19,703000000.0,1010000000.0,0.296,1010000000.0,703000000.0,703000000.0,1.32,1.31,1.32,6591000000.0,6430750000.0,6591000000.0,34913735655.0,50.0,34.568,1649000000.0,3.87,1.0,3414000000.0,1.0,1131000000.0,0.0,104112000000.0,103598500000.0,0.0,71280000000.0,,,76186000000.0,,,11628735655.0,148000000.0,-15000000.0,-6000000.0,-2674000000.0,-506000000.0,-4110000000.0,211000000.0,2388000000.0,1744000000.0,0.0,561000000.0,561000000.0,561000000.0,0.0,0.0,0.164,2711000000.0,703000000.0,0.0,0.902,1.764,20.729,20.682,659000000.0,0.0,27.3,3.406,3.407,0.0,6214000000.0,3414000000.0,3414000000.0,0.0,0.007,0.087,0.007,0.206,0.0,2203000000.0,1.0,425961013.0,426092000,431935000.0,8.012,81646000000.0,0.0,142000000.0,0.0,191.616,
77,KEY,MRT,2002-03-31,2002-03-31,2002-03-31,2021-09-09,-20000000.0,81359000000.0,83138500000.0,,,0.038,15.069,-96000000.0,2483000000.0,2483000000.0,0.0,155000000.0,,11.708,25768000000.0,,,25768000000.0,0.0,494000000.0,43233000000.0,0.044,1.185,200000000.0,694000000.0,0.222,694000000.0,200000000.0,200000000.0,0.36,0.36,0.36,6402000000.0,6399750000.0,6402000000.0,32272704341.0,161.0,46.502,1885000000.0,4.437,1.0,3128000000.0,1.0,1129000000.0,0.0,103515000000.0,104980000000.0,0.0,70775000000.0,,,74957000000.0,,,11325704341.0,-1000000.0,0.0,-12000000.0,-1902000000.0,-503000000.0,-5113000000.0,222000000.0,3005000000.0,1981000000.0,0.0,155000000.0,155000000.0,155000000.0,0.0,0.0,0.05,2904000000.0,224000000.0,0.0,3.292,1.769,73.069,74.028,663000000.0,0.0,26.65,3.621,3.62,0.0,6096000000.0,3128000000.0,3128000000.0,0.0,0.002,0.024,0.002,0.064,0.0,2203000000.0,1.0,424979525.0,424855000,430019000.0,7.363,80230000000.0,0.0,45000000.0,0.0,188.841,
78,KEY,MRT,2001-12-31,2001-12-31,2001-12-31,2021-09-09,2000000.0,80938000000.0,84413000000.0,,,0.038,14.507,-106000000.0,2891000000.0,2891000000.0,0.0,132000000.0,,12.15,23838000000.0,,,23838000000.0,0.0,530000000.0,44795000000.0,0.048,1.18,234000000.0,764000000.0,0.239,764000000.0,234000000.0,234000000.0,0.31,0.31,0.31,6155000000.0,6474750000.0,6155000000.0,33025224264.0,141.0,43.227,1588000000.0,3.743,1.0,3200000000.0,1.0,1134000000.0,0.0,100751000000.0,106686500000.0,0.0,69995000000.0,,,74783000000.0,,,10307224264.0,-298000000.0,-3000000.0,-17000000.0,-2277000000.0,-501000000.0,-6636000000.0,-160000000.0,4913000000.0,1694000000.0,0.0,132000000.0,132000000.0,132000000.0,0.0,0.0,0.041,2941000000.0,259000000.0,0.0,3.806,1.675,78.085,78.516,687000000.0,0.0,24.34,3.221,3.227,0.0,5856000000.0,3200000000.0,3200000000.0,0.0,0.002,0.02,0.002,0.073,0.0,2214000000.0,1.0,423468540.0,424275000,429573000.0,7.542,79804000000.0,0.0,102000000.0,0.0,188.095,
79,KEY,MRT,2001-09-30,2001-09-30,2001-09-30,2021-09-09,7000000.0,84419000000.0,85996000000.0,,,0.045,15.478,-109000000.0,2803000000.0,2803000000.0,0.0,572000000.0,,11.839,25521000000.0,,,25521000000.0,0.0,532000000.0,45372000000.0,0.048,1.165,938000000.0,1470000000.0,0.376,1470000000.0,938000000.0,938000000.0,1.35,1.33,1.35,6575000000.0,6591750000.0,6575000000.0,35205151706.0,38.0,23.949,1682000000.0,3.959,1.0,3907000000.0,1.0,1121000000.0,0.0,106016000000.0,108690500000.0,0.0,72769000000.0,,,77844000000.0,,,10264151706.0,112000000.0,-3000000.0,-159000000.0,-77000000.0,-496000000.0,-3156000000.0,-107000000.0,1696000000.0,1791000000.0,0.0,572000000.0,572000000.0,572000000.0,0.0,0.0,0.146,2944000000.0,963000000.0,0.0,0.863,1.561,17.944,17.881,682000000.0,0.0,24.14,2.627,2.625,0.0,6282000000.0,3907000000.0,3907000000.0,0.0,0.007,0.087,0.009,0.24,0.0,2234000000.0,1.0,425192697.0,424802000,430346000.0,9.197,83298000000.0,0.0,366000000.0,0.0,196.087,
80,KEY,MRT,2001-06-30,2001-06-30,2001-06-30,2021-09-09,-6000000.0,85838000000.0,86266250000.0,,,0.044,15.228,-108000000.0,2781000000.0,2781000000.0,0.0,444000000.0,,12.273,27722000000.0,,,27722000000.0,0.0,535000000.0,45743000000.0,0.044,1.15,730000000.0,1265000000.0,0.333,1265000000.0,730000000.0,730000000.0,1.04,1.03,1.04,6467000000.0,6578000000.0,6467000000.0,36253701298.0,50.0,28.659,1354000000.0,3.188,1.0,3803000000.0,1.0,1141000000.0,0.0,109638000000.0,108924750000.0,0.0,75300000000.0,,,79371000000.0,,,11058701298.0,-397000000.0,-21000000.0,-185000000.0,4119000000.0,-489000000.0,114000000.0,27000000.0,-1871000000.0,1462000000.0,0.0,444000000.0,444000000.0,444000000.0,0.0,0.0,0.117,3048000000.0,755000000.0,0.0,1.106,1.71,24.907,25.048,694000000.0,0.0,26.05,2.908,2.909,0.0,6159000000.0,3803000000.0,3803000000.0,0.0,0.005,0.067,0.007,0.192,0.0,2240000000.0,1.0,424518284.0,424675000,429760000.0,8.955,84697000000.0,0.0,286000000.0,0.0,199.44,
81,KEY,MRT,2001-03-31,2001-03-31,2001-03-31,2021-09-09,-47000000.0,86457000000.0,85986500000.0,,,0.049,15.806,-95000000.0,2484000000.0,2484000000.0,0.0,852000000.0,,11.9,27679000000.0,,,27679000000.0,0.0,383000000.0,45965000000.0,0.044,1.135,1284000000.0,1667000000.0,0.399,1667000000.0,1284000000.0,1284000000.0,1.99,1.98,1.99,6702000000.0,6588000000.0,6702000000.0,33807515558.0,26.0,20.28,1499000000.0,3.535,1.0,4173000000.0,1.0,1311000000.0,0.0,110341000000.0,107449750000.0,0.0,76026000000.0,,,79755000000.0,,,10942515558.0,-273000000.0,-21000000.0,-312000000.0,2234000000.0,-486000000.0,1360000000.0,648000000.0,-3759000000.0,1594000000.0,0.0,852000000.0,852000000.0,852000000.0,0.0,0.0,0.204,2888000000.0,1285000000.0,0.0,0.57,1.633,12.843,12.965,703000000.0,0.0,25.8,2.622,2.622,0.0,6444000000.0,4173000000.0,4173000000.0,0.0,0.01,0.129,0.012,0.308,0.0,2259000000.0,1.0,424128510.0,424024000,429917000.0,9.841,85146000000.0,0.0,432000000.0,0.0,200.805,
82,KEY,MRT,2000-12-31,2000-12-31,2000-12-31,2021-09-09,-10000000.0,87270000000.0,85248250000.0,,,0.052,15.309,-81000000.0,3189000000.0,3189000000.0,0.0,1002000000.0,,12.177,26054000000.0,,,26054000000.0,0.0,382000000.0,48649000000.0,0.04,1.12,1517000000.0,1899000000.0,0.428,1899000000.0,1517000000.0,1517000000.0,2.32,2.3,2.32,6623000000.0,6535750000.0,6623000000.0,36006142280.0,24.0,18.961,1502000000.0,3.472,1.0,4434000000.0,1.0,1368000000.0,0.0,108767000000.0,106047750000.0,0.0,76315000000.0,,,80647000000.0,,,11923142280.0,373000000.0,-375000000.0,-434000000.0,-2395000000.0,-484000000.0,2114000000.0,-49000000.0,-2819000000.0,1583000000.0,0.0,1002000000.0,1002000000.0,1002000000.0,0.0,0.0,0.226,2917000000.0,1517000000.0,0.0,0.483,1.8,11.899,12.069,717000000.0,0.0,28.0,2.689,2.732,0.0,6352000000.0,4434000000.0,4434000000.0,0.0,0.012,0.153,0.014,0.342,0.0,2280000000.0,1.0,425826510.0,432617000,435573000.0,10.249,85902000000.0,0.0,515000000.0,0.0,198.564,
83,KEY,MRT,2000-09-30,2000-09-30,2000-09-30,2021-09-09,-64000000.0,85500000000.0,84279500000.0,,,0.055,15.177,-70000000.0,2691000000.0,2691000000.0,0.0,1000000000.0,,12.113,25531000000.0,,,25531000000.0,0.0,385000000.0,47809000000.0,0.043,1.1,1529000000.0,1914000000.0,0.414,1914000000.0,1529000000.0,1529000000.0,2.27,2.27,2.27,6520000000.0,6477250000.0,6520000000.0,32567370616.0,21.0,17.015,1458000000.0,3.394,1.0,4626000000.0,1.0,1387000000.0,0.0,106953000000.0,105762750000.0,0.0,74785000000.0,,,78980000000.0,,,10896370616.0,-327000000.0,-951000000.0,-441000000.0,-2329000000.0,-481000000.0,2438000000.0,50000000.0,-3322000000.0,1528000000.0,0.0,1000000000.0,1000000000.0,1000000000.0,0.0,0.0,0.216,3097000000.0,1529000000.0,0.0,0.485,1.671,10.896,11.15,711000000.0,0.0,25.31,2.355,2.35,0.0,6205000000.0,4626000000.0,4626000000.0,0.0,0.012,0.154,0.014,0.331,0.0,2311000000.0,1.0,430516421.0,429584000,431972000.0,10.769,84113000000.0,0.0,529000000.0,0.0,195.801,
84,KEY,MRT,2000-06-30,2000-06-30,2000-06-30,2021-09-09,-148000000.0,84719000000.0,83548750000.0,,,0.057,14.989,-61000000.0,3178000000.0,3178000000.0,0.0,1149000000.0,,12.02,23606000000.0,,,23606000000.0,0.0,389000000.0,49076000000.0,0.061,1.08,1768000000.0,2157000000.0,0.451,2157000000.0,1768000000.0,1768000000.0,2.59,2.59,2.59,6507000000.0,6446500000.0,6507000000.0,31571178540.0,18.0,14.637,1811000000.0,4.172,1.0,4786000000.0,1.0,1409000000.0,0.0,103738000000.0,105822500000.0,0.0,73769000000.0,,,78212000000.0,,,7665178540.0,118000000.0,-933000000.0,-370000000.0,-3334000000.0,-479000000.0,3222000000.0,-312000000.0,-3670000000.0,1872000000.0,0.0,1149000000.0,1149000000.0,1149000000.0,0.0,0.0,0.24,3018000000.0,1768000000.0,0.0,0.417,1.178,6.671,6.807,726000000.0,0.0,17.63,1.602,1.599,0.0,6203000000.0,4786000000.0,4786000000.0,0.0,0.014,0.178,0.017,0.369,0.0,2323000000.0,1.0,434780405.0,434112000,436022000.0,11.025,83310000000.0,0.0,619000000.0,0.0,191.909,
85,KEY,MRT,2000-03-31,2000-03-31,2000-03-31,2021-09-09,-157000000.0,83504000000.0,82591250000.0,,,0.059,14.696,-71000000.0,2757000000.0,2757000000.0,0.0,1181000000.0,,11.861,25420000000.0,,,25420000000.0,0.0,393000000.0,46036000000.0,0.056,1.06,1816000000.0,2209000000.0,0.455,2209000000.0,1816000000.0,1816000000.0,2.65,2.64,2.65,6493000000.0,6378500000.0,6493000000.0,35310715995.0,19.0,15.985,1600000000.0,3.621,1.0,4859000000.0,1.0,1434000000.0,0.0,104733000000.0,106025000000.0,0.0,72974000000.0,,,77011000000.0,,,8386715995.0,-224000000.0,-933000000.0,-261000000.0,-2569000000.0,-474000000.0,2754000000.0,-1216000000.0,-2429000000.0,1671000000.0,0.0,1181000000.0,1181000000.0,1181000000.0,0.0,0.0,0.243,3043000000.0,1816000000.0,0.0,0.4,1.292,7.101,7.17,761000000.0,0.0,19.0,1.726,1.728,0.0,6077000000.0,4859000000.0,4859000000.0,0.0,0.014,0.185,0.017,0.374,0.0,2342000000.0,1.0,441406105.0,441834000,443757000.0,10.997,82070000000.0,0.0,635000000.0,0.0,185.748,
86,KEY,MRT,1999-12-31,1999-12-31,1999-12-31,2021-09-09,-127000000.0,83395000000.0,81713250000.0,,,0.058,14.256,-67000000.0,2816000000.0,2816000000.0,0.0,1107000000.0,,12.053,28497000000.0,,,28497000000.0,0.0,396000000.0,43233000000.0,0.047,1.04,1684000000.0,2080000000.0,0.438,2080000000.0,1684000000.0,1684000000.0,2.47,2.45,2.47,6389000000.0,6281500000.0,6389000000.0,35999878638.0,21.0,17.308,1787000000.0,3.987,1.0,4754000000.0,1.0,1449000000.0,0.0,107627000000.0,106037500000.0,0.0,72803000000.0,,,77006000000.0,,,9898878638.0,-480000000.0,-576000000.0,-311000000.0,1558000000.0,-467000000.0,2775000000.0,5000000.0,-4471000000.0,1854000000.0,0.0,1107000000.0,1107000000.0,1107000000.0,0.0,0.0,0.233,3070000000.0,1684000000.0,0.0,0.421,1.549,8.942,8.96,797000000.0,0.0,22.13,2.082,2.086,0.0,5833000000.0,4754000000.0,4754000000.0,0.0,0.014,0.176,0.016,0.354,0.0,2336000000.0,1.0,447305858.0,448168000,452363000.0,10.608,81946000000.0,0.0,577000000.0,0.0,182.847,
87,KEY,MRT,1999-09-30,1999-09-30,1999-09-30,2021-09-09,-111000000.0,82577000000.0,80869500000.0,,,0.056,14.255,-86000000.0,3018000000.0,3018000000.0,0.0,1103000000.0,,11.909,29119000000.0,,,29119000000.0,0.0,386000000.0,43466000000.0,0.039,1.015,1665000000.0,2051000000.0,0.452,2051000000.0,1665000000.0,1665000000.0,2.45,2.45,2.45,6397000000.0,6226000000.0,6397000000.0,36754623764.0,22.0,17.92,1529000000.0,3.407,1.0,4542000000.0,1.0,1486000000.0,0.0,107192000000.0,104974500000.0,0.0,71901000000.0,,,76180000000.0,,,11581623764.0,268000000.0,-34000000.0,-268000000.0,2268000000.0,-457000000.0,2422000000.0,721000000.0,-4370000000.0,1615000000.0,0.0,1103000000.0,1103000000.0,1103000000.0,0.0,0.0,0.243,2877000000.0,1665000000.0,0.0,0.414,1.81,10.5,10.535,818000000.0,0.0,25.81,2.55,2.55,0.0,5686000000.0,4542000000.0,4542000000.0,0.0,0.014,0.177,0.016,0.367,0.0,2273000000.0,1.0,448726221.0,448742000,452886000.0,10.122,81091000000.0,0.0,562000000.0,0.0,180.707,
88,KEY,MRT,1999-06-30,1999-06-30,1999-06-30,2021-09-09,-107000000.0,80889000000.0,79648000000.0,,,0.056,13.916,-99000000.0,3060000000.0,3060000000.0,0.0,1085000000.0,,11.973,28233000000.0,,,28233000000.0,0.0,370000000.0,43016000000.0,0.031,0.99,1629000000.0,1999000000.0,0.452,1999000000.0,1629000000.0,1629000000.0,2.42,2.42,2.42,6235000000.0,6015000000.0,6235000000.0,40687540763.0,25.0,20.354,2010000000.0,4.486,1.0,4426000000.0,1.0,1514000000.0,0.0,104548000000.0,103276000000.0,0.0,70167000000.0,,,74654000000.0,,,14389540763.0,10000000.0,-34000000.0,-415000000.0,2055000000.0,-443000000.0,2427000000.0,244000000.0,-4637000000.0,2109000000.0,0.0,1085000000.0,1085000000.0,1085000000.0,0.0,0.0,0.245,2797000000.0,1629000000.0,0.0,0.409,2.308,13.262,13.277,846000000.0,0.0,32.13,3.251,3.252,0.0,5533000000.0,4426000000.0,4426000000.0,0.0,0.014,0.18,0.016,0.368,0.0,2211000000.0,1.0,447853743.0,448037000,452733000.0,9.879,79375000000.0,0.0,544000000.0,0.0,177.162,
89,KEY,MRT,1999-03-31,1999-03-31,1999-03-31,2021-09-09,-56000000.0,79992000000.0,78370250000.0,,,0.054,13.581,-104000000.0,2981000000.0,2981000000.0,0.0,1054000000.0,,12.103,29279000000.0,,,29279000000.0,0.0,350000000.0,41323000000.0,0.032,0.965,1571000000.0,1921000000.0,0.452,1921000000.0,1571000000.0,1571000000.0,2.36,2.36,2.36,6105000000.0,5837500000.0,6105000000.0,38445738960.0,24.0,20.013,1330000000.0,2.959,1.0,4247000000.0,1.0,1507000000.0,0.0,104783000000.0,101511000000.0,0.0,69528000000.0,,,73887000000.0,,,13581738960.0,-306000000.0,-378000000.0,-392000000.0,5281000000.0,-429000000.0,4647000000.0,337000000.0,-6242000000.0,1434000000.0,0.0,1054000000.0,1054000000.0,1054000000.0,0.0,0.0,0.248,2676000000.0,1571000000.0,0.0,0.409,2.225,12.886,12.843,863000000.0,0.0,30.31,3.198,3.208,0.0,5369000000.0,4247000000.0,4247000000.0,0.0,0.013,0.181,0.015,0.37,0.0,2108000000.0,1.0,448094324.0,449520000,454197000.0,9.448,78485000000.0,0.0,517000000.0,0.0,174.597,
90,KEY,MRT,1998-12-31,1998-12-31,1998-12-31,2021-09-09,28000000.0,80020000000.0,76671750000.0,,,0.052,13.956,-76000000.0,3296000000.0,3296000000.0,0.0,996000000.0,,11.976,28160000000.0,,,28160000000.0,0.0,328000000.0,42583000000.0,0.029,0.94,1479000000.0,1807000000.0,0.453,1807000000.0,1479000000.0,1479000000.0,2.25,2.23,2.25,6167000000.0,5645750000.0,6167000000.0,38394242080.0,26.0,21.248,1727000000.0,3.908,1.0,3987000000.0,1.0,1509000000.0,0.0,103375000000.0,98430500000.0,0.0,69340000000.0,,,73853000000.0,,,14566242080.0,-355000000.0,-467000000.0,-212000000.0,6767000000.0,-416000000.0,4315000000.0,296000000.0,-6226000000.0,1803000000.0,0.0,996000000.0,996000000.0,996000000.0,0.0,0.0,0.25,2508000000.0,1479000000.0,0.0,0.418,2.362,14.625,14.222,902000000.0,0.0,32.0,3.653,3.547,0.0,5192000000.0,3987000000.0,3987000000.0,0.0,0.013,0.176,0.015,0.371,0.0,2005000000.0,1.0,455195065.0,441895000,447437000.0,9.023,78511000000.0,0.0,483000000.0,0.0,177.669,
91,KEY,MRT,1998-09-30,1998-09-30,1998-09-30,2021-09-09,41000000.0,77691000000.0,75091500000.0,,,0.051,12.653,-69000000.0,2750000000.0,2750000000.0,0.0,984000000.0,,12.991,26578000000.0,,,26578000000.0,0.0,344000000.0,42597000000.0,0.032,0.915,1454000000.0,1798000000.0,0.467,1798000000.0,1454000000.0,1454000000.0,2.23,2.22,2.23,5553000000.0,5399250000.0,5553000000.0,35529391739.0,24.0,19.761,1023000000.0,2.331,1.0,3851000000.0,1.0,1121000000.0,0.0,100398000000.0,95090250000.0,0.0,67668000000.0,,,72138000000.0,,,12703391739.0,-190000000.0,-1111000000.0,-192000000.0,5797000000.0,-403000000.0,5271000000.0,-962000000.0,-4111000000.0,1092000000.0,0.0,984000000.0,984000000.0,984000000.0,0.0,0.0,0.256,2397000000.0,1454000000.0,0.0,0.41,2.288,12.91,12.951,876000000.0,0.0,28.88,3.299,3.291,0.0,5038000000.0,3851000000.0,3851000000.0,0.0,0.013,0.182,0.015,0.378,0.0,2049000000.0,1.0,439868135.0,438856000,443750000.0,8.775,76570000000.0,0.0,470000000.0,0.0,174.476,
92,KEY,MRT,1998-06-30,1998-06-30,1998-06-30,2021-09-09,28000000.0,75778000000.0,73688000000.0,,,0.052,12.554,-53000000.0,3050000000.0,3050000000.0,0.0,968000000.0,,12.715,25876000000.0,,,25876000000.0,0.0,320000000.0,41794000000.0,0.025,0.89,1427000000.0,1747000000.0,0.454,1747000000.0,1427000000.0,1427000000.0,2.2,2.18,2.2,5525000000.0,5280000000.0,5525000000.0,36093732402.0,25.0,20.66,457000000.0,1.038,1.0,3844000000.0,1.0,1116000000.0,0.0,97488000000.0,92231250000.0,0.0,66041000000.0,,,70253000000.0,,,15679732402.0,139000000.0,-1236000000.0,-180000000.0,6692000000.0,-391000000.0,5808000000.0,-577000000.0,-4013000000.0,510000000.0,0.0,968000000.0,968000000.0,968000000.0,0.0,0.0,0.252,2417000000.0,1427000000.0,0.0,0.405,2.838,16.198,16.195,894000000.0,0.0,35.63,4.079,4.079,0.0,4889000000.0,3844000000.0,3844000000.0,0.0,0.013,0.183,0.015,0.371,0.0,1972000000.0,1.0,440071075.0,440092000,446568000.0,8.735,74662000000.0,0.0,459000000.0,0.0,169.651,
93,KEY,MRT,1998-03-31,1998-03-31,1998-03-31,2021-09-09,8000000.0,73198000000.0,72161500000.0,,,0.052,12.171,-29000000.0,3287000000.0,3287000000.0,0.0,942000000.0,,12.713,23701000000.0,,,23701000000.0,0.0,301000000.0,41661000000.0,0.023,0.865,1382000000.0,1683000000.0,0.445,1683000000.0,1382000000.0,1382000000.0,2.14,2.13,2.14,5338000000.0,5102250000.0,5338000000.0,34079447694.0,25.0,20.249,493000000.0,1.124,1.0,3779000000.0,1.0,1151000000.0,0.0,92461000000.0,88872250000.0,0.0,63468000000.0,,,67860000000.0,,,16588447694.0,45000000.0,-1008000000.0,-263000000.0,5438000000.0,-380000000.0,4620000000.0,-575000000.0,-3185000000.0,522000000.0,0.0,942000000.0,942000000.0,942000000.0,0.0,0.0,0.249,2397000000.0,1382000000.0,0.0,0.404,3.108,17.61,17.668,924000000.0,0.0,37.81,4.39,4.388,0.0,4743000000.0,3779000000.0,3779000000.0,0.0,0.013,0.185,0.016,0.366,0.0,1901000000.0,1.0,438731756.0,438589000,444836000.0,8.616,72047000000.0,0.0,440000000.0,0.0,164.27,
94,KEY,MRT,1997-12-31,1997-12-31,1997-12-31,2021-09-09,11000000.0,73699000000.0,70835250000.0,,,0.053,11.801,-85000000.0,3651000000.0,3651000000.0,0.0,919000000.0,,13.08,21142000000.0,,,21142000000.0,0.0,284000000.0,45073000000.0,0.024,0.84,1345000000.0,1629000000.0,0.437,1629000000.0,1345000000.0,1345000000.0,2.09,2.07,2.09,5181000000.0,4936250000.0,5181000000.0,33647744945.0,25.0,20.655,160000000.0,0.364,1.0,3731000000.0,1.0,1176000000.0,0.0,90014000000.0,85945500000.0,0.0,63346000000.0,,,67768000000.0,,,15555744945.0,207000000.0,-919000000.0,-498000000.0,4319000000.0,-369000000.0,5470000000.0,-905000000.0,-3299000000.0,245000000.0,0.0,919000000.0,919000000.0,919000000.0,0.0,0.0,0.246,2386000000.0,1345000000.0,0.0,0.402,3.002,16.927,16.94,985000000.0,0.0,35.405,4.169,4.166,0.0,4611000000.0,3731000000.0,3731000000.0,0.0,0.013,0.186,0.016,0.36,0.0,1844000000.0,1.0,439365766.0,439042000,444544000.0,8.498,72523000000.0,0.0,426000000.0,0.0,165.185,
95,KEY,MRT,1997-09-30,1997-09-30,1997-09-30,2021-09-09,7000000.0,72077000000.0,69315750000.0,,,0.053,11.636,-126000000.0,2940000000.0,2940000000.0,0.0,822000000.0,,13.052,21032000000.0,,,21032000000.0,0.0,263000000.0,43870000000.0,0.026,0.82,1191000000.0,1454000000.0,0.393,1454000000.0,1191000000.0,1191000000.0,1.87,1.855,1.87,5076000000.0,4861250000.0,5076000000.0,29119943840.0,24.0,20.027,310000000.0,0.711,1.0,3696000000.0,1.0,1207000000.0,0.0,88962000000.0,83147750000.0,0.0,62900000000.0,,,66251000000.0,,,13821943840.0,-504000000.0,2085000000.0,-633000000.0,4949000000.0,-361000000.0,5388000000.0,-420000000.0,-7333000000.0,436000000.0,,822000000.0,822000000.0,822000000.0,0.0,0.0,0.222,2505000000.0,1191000000.0,0.0,0.439,2.723,16.815,17.013,993000000.0,0.0,31.815,3.74,3.755,0.0,4456000000.0,3696000000.0,3696000000.0,0.0,0.012,0.169,0.014,0.322,0.0,1804000000.0,1.0,434447394.0,436214000,442050000.0,8.473,70870000000.0,0.0,369000000.0,0.0,162.466,
96,KEY,MRT,1997-06-30,1997-06-30,1997-06-30,2021-09-09,-36000000.0,69672000000.0,67635500000.0,,,0.054,10.992,-190000000.0,2911000000.0,2911000000.0,0.0,793000000.0,,13.317,18209000000.0,,,18209000000.0,0.0,259000000.0,44626000000.0,0.029,0.8,1152000000.0,1411000000.0,0.389,1411000000.0,1152000000.0,1152000000.0,1.78,1.765,1.78,4814000000.0,4836250000.0,4814000000.0,25535068269.0,22.0,18.097,372000000.0,0.849,1.0,3624000000.0,1.0,918000000.0,0.0,84052000000.0,79788500000.0,0.0,60628000000.0,,,64108000000.0,,,12233068269.0,-484000000.0,-113000000.0,-685000000.0,3711000000.0,-357000000.0,3775000000.0,-4000000.0,-3900000000.0,562000000.0,,793000000.0,793000000.0,793000000.0,0.0,0.0,0.219,2472000000.0,1152000000.0,0.0,0.449,2.541,15.426,15.697,1025000000.0,0.0,27.94,3.376,3.376,0.0,4311000000.0,3624000000.0,3624000000.0,0.0,0.012,0.164,0.014,0.318,0.0,1819000000.0,1.0,437833510.0,437946000,442480000.0,8.275,68754000000.0,0.0,359000000.0,0.0,156.992,
97,KEY,MRT,1997-03-31,1997-03-31,1997-03-31,2021-09-09,-117000000.0,67893000000.0,66408500000.0,,,0.054,10.543,-222000000.0,3242000000.0,3242000000.0,0.0,787000000.0,,13.419,17044000000.0,,,17044000000.0,0.0,257000000.0,44239000000.0,0.032,0.78,1141000000.0,1398000000.0,0.387,1398000000.0,1141000000.0,1141000000.0,1.73,1.71,1.73,4674000000.0,4881750000.0,4674000000.0,22335191806.0,20.0,15.977,841000000.0,1.897,1.0,3614000000.0,1.0,941000000.0,0.0,80754000000.0,77390000000.0,0.0,58955000000.0,,,62719000000.0,,,10672191806.0,-67000000.0,128000000.0,-651000000.0,3579000000.0,-357000000.0,2742000000.0,-290000000.0,-2874000000.0,1063000000.0,,783000000.0,783000000.0,783000000.0,0.0,4000000.0,0.217,2469000000.0,1145000000.0,0.0,0.451,2.283,13.63,14.09,1057000000.0,0.0,24.375,2.953,2.99,0.0,4180000000.0,3614000000.0,3614000000.0,0.0,0.012,0.16,0.015,0.316,0.0,1825000000.0,1.0,437833510.0,443340000,448558000.0,8.152,66952000000.0,0.0,358000000.0,0.0,151.017,
98,KEY,MRT,1996-12-31,1996-12-31,1996-12-31,2021-09-09,-6000000.0,67621000000.0,65698250000.0,,,0.055,10.615,-229000000.0,3444000000.0,3444000000.0,0.0,783000000.0,,12.751,15607000000.0,,,15607000000.0,0.0,253000000.0,45317000000.0,0.03,0.76,1135000000.0,1388000000.0,0.385,1388000000.0,1135000000.0,1135000000.0,1.69,1.67,1.69,4881000000.0,4994250000.0,4881000000.0,,,,1428000000.0,3.106,1.0,3607000000.0,1.0,961000000.0,0.0,78823000000.0,75720000000.0,0.0,58390000000.0,,,62240000000.0,,,,0.0,128000000.0,-519000000.0,2739000000.0,-357000000.0,1233000000.0,-383000000.0,-2061000000.0,1657000000.0,,775000000.0,775000000.0,775000000.0,0.0,8000000.0,0.215,2464000000.0,1143000000.0,0.0,0.45,,,14.941,1084000000.0,0.0,25.25,,3.219,0.0,4060000000.0,3607000000.0,3607000000.0,0.0,0.012,0.155,0.015,0.315,0.0,1824000000.0,1.0,,459810000,464282000.0,7.845,66660000000.0,0.0,360000000.0,0.0,144.973,
99,KEY,MRT,1996-09-30,1996-09-30,1996-09-30,2021-09-09,-37000000.0,65356000000.0,65377750000.0,,,,10.833,,3110000000.0,3110000000.0,,,,12.134,14117000000.0,,,14117000000.0,0.0,,44523000000.0,0.034,0.75,,,,,,,,,,4976000000.0,5062250000.0,4976000000.0,,,,,,1.0,,,838000000.0,,75525000000.0,74577250000.0,0.0,56770000000.0,,,60380000000.0,,,,,,,,,,,,,,,,,,,,,,0.0,,,,,1052000000.0,,22.0,,,0.0,3994000000.0,,,,,,,,,,1.0,,459336000,,,64518000000.0,0.0,,0.0,140.459,
100,KEY,MRT,1996-06-30,1996-06-30,1996-06-30,2021-09-09,-70000000.0,64764000000.0,,,,,10.798,,3061000000.0,3061000000.0,,,,11.963,13753000000.0,,,13753000000.0,0.0,,44417000000.0,0.038,0.74,,,,,,,,,,4996000000.0,,4996000000.0,,,,,,1.0,,,998000000.0,,74458000000.0,,0.0,56534000000.0,,,59768000000.0,,,,,,,,,,,,,,,,,,,,,,0.0,,,,,1032000000.0,,19.375,,,0.0,3874000000.0,,,,,,,,,,1.0,,462682000,,,63766000000.0,0.0,,0.0,137.818,
101,KEY,MRT,1996-03-31,1996-03-31,1996-03-31,2021-09-09,-15000000.0,65052000000.0,,,,,10.991,,2975000000.0,2975000000.0,,,,11.696,13038000000.0,,,13038000000.0,0.0,,45401000000.0,0.038,0.73,,,,,,,,,,5124000000.0,,5124000000.0,,,,,,1.0,,,1041000000.0,,74074000000.0,,0.0,57066000000.0,,,59928000000.0,,,,,,,,,,,,,,,,,,,,,,0.0,,,,,1032000000.0,,19.188,,,0.0,3749000000.0,,,,,,,,,,1.0,,466200000,,,64011000000.0,0.0,,0.0,137.304,
102,KEY,MRT,1995-12-31,1995-12-31,1995-12-31,2021-09-09,48000000.0,66339000000.0,,,,,10.974,-165000000.0,3444000000.0,3444000000.0,0.0,825000000.0,,11.874,12427000000.0,,,12427000000.0,0.0,215000000.0,47282000000.0,0.04,0.72,1177000000.0,1392000000.0,0.401,1392000000.0,1177000000.0,1177000000.0,1.73,1.71,1.73,5153000000.0,,5153000000.0,,,,2252000000.0,4.796,1.0,3469000000.0,1.0,1070000000.0,0.0,74252000000.0,,0.0,57886000000.0,,,61186000000.0,,,,-67000000.0,-2879000000.0,-688000000.0,-179000000.0,-354000000.0,-4209000000.0,63000000.0,5251000000.0,2417000000.0,0.0,809000000.0,809000000.0,809000000.0,0.0,16000000.0,0.233,2312000000.0,1157000000.0,0.0,0.416,,,10.477,1030000000.0,0.0,18.125,,2.453,0.0,3633000000.0,3469000000.0,3469000000.0,0.0,,,,0.339,0.0,1633000000.0,1.0,,469574000,472882000.0,7.388,65269000000.0,0.0,368000000.0,0.0,138.996,
103,KEY,MRT,1994-12-31,1994-12-31,1994-12-31,2021-09-09,,,,,,,,-178000000.0,,,0.0,853000000.0,,,,,,,,181000000.0,,0.051,0.64,1267000000.0,1448000000.0,0.42,1448000000.0,1267000000.0,1267000000.0,1.725,,1.725,,,,,,,1689000000.0,3.474,1.0,3451000000.0,1.0,,0.0,,,,,,,,,,,734000000.0,40000000.0,-197000000.0,4658000000.0,-359000000.0,4702000000.0,-138000000.0,-5275000000.0,1867000000.0,0.0,837000000.0,837000000.0,837000000.0,0.0,16000000.0,0.243,2168000000.0,1283000000.0,,0.371,,,7.212,,0.0,12.44,,1.752,,,3451000000.0,3451000000.0,0.0,,,,0.367,0.0,1544000000.0,1.0,,486134000,,7.099,,,430000000.0,,,
