None,ticker,dimension,calendardate,datekey,reportperiod,lastupdated,accoci,assets,assetsavg,assetsc,assetsnc,assetturnover,bvps,capex,cashneq,cashnequsd,cor,consolinc,currentratio,de,debt,debtc,debtnc,debtusd,deferredrev,depamor,deposits,divyield,dps,ebit,ebitda,ebitdamargin,ebitdausd,ebitusd,ebt,eps,epsdil,epsusd,equity,equityavg,equityusd,ev,evebit,evebitda,fcf,fcfps,fxusd,gp,grossmargin,intangibles,intexp,invcap,invcapavg,inventory,investments,investmentsc,investmentsnc,liabilities,liabilitiesc,liabilitiesnc,marketcap,ncf,ncfbus,ncfcommon,ncfdebt,ncfdiv,ncff,ncfi,ncfinv,ncfo,ncfx,netinc,netinccmn,netinccmnusd,netincdis,netincnci,netmargin,opex,opinc,payables,payoutratio,pb,pe,pe1,ppnenet,prefdivis,price,ps,ps1,receivables,retearn,revenue,revenueusd,rnd,roa,roe,roic,ros,sbcomp,sgna,sharefactor,sharesbas,shareswa,shareswadil,sps,tangibles,taxassets,taxexp,taxliabilities,tbvps,workingcapital
0,UAL,MRY,2020-12-31,2020-12-31,2020-12-31,2021-10-20,-1139000000.0,59548000000.0,57173250000.0,14800000000.0,44748000000.0,0.269,20.482,-1727000000.0,12156000000.0,12156000000.0,8375000000.0,-7069000000.0,1.163,8.991,33891000000.0,2705000000.0,31186000000.0,33891000000.0,5975000000.0,2488000000.0,0.0,0.0,0.0,-7759000000.0,-5271000000.0,-0.343,-5271000000.0,-7759000000.0,-8822000000.0,-25.3,-25.3,-25.3,5960000000.0,7724500000.0,5960000000.0,32453359582.0,-4.0,-6.157,-5860000000.0,-20.138,1.0,6980000000.0,0.455,7365000000.0,1063000000.0,61193000000.0,53792250000.0,932000000.0,1031000000.0,0.0,1031000000.0,53588000000.0,12725000000.0,40863000000.0,12585359582.0,8874000000.0,0.0,1750000000.0,11595000000.0,0.0,12957000000.0,50000000.0,1767000000.0,-4133000000.0,0.0,-7069000000.0,-7069000000.0,-7069000000.0,0.0,0.0,-0.46,13339000000.0,-6359000000.0,1595000000.0,0.0,2.112,-1.78,-1.709,36003000000.0,0.0,43.25,0.82,0.82,1295000000.0,2626000000.0,15355000000.0,15355000000.0,0.0,-0.124,-0.915,-0.144,-0.505,0.0,9981000000.0,1.0,290990973.0,290990973.0,,52.768,52183000000.0,131000000.0,-1753000000.0,0.0,179.329,2075000000.0
1,UAL,MRY,2019-12-31,2019-12-31,2019-12-31,2021-10-20,-718000000.0,52611000000.0,51899750000.0,8194000000.0,44417000000.0,0.834,45.569,-4528000000.0,5050000000.0,5050000000.0,16427000000.0,3009000000.0,0.549,3.563,20450000000.0,2139000000.0,18311000000.0,20450000000.0,5276000000.0,2288000000.0,0.0,0.0,0.0,4645000000.0,6933000000.0,0.16,6933000000.0,4645000000.0,3914000000.0,11.63,11.58,11.63,11531000000.0,10738500000.0,11531000000.0,37204615128.0,8.0,5.366,2381000000.0,9.409,1.0,26832000000.0,0.62,7532000000.0,731000000.0,45541000000.0,43983750000.0,1072000000.0,1851000000.0,0.0,1851000000.0,41080000000.0,14938000000.0,26142000000.0,22290615128.0,1069000000.0,-210000000.0,-1645000000.0,456000000.0,0.0,-1280000000.0,-4560000000.0,99000000.0,6909000000.0,0.0,3009000000.0,3009000000.0,3009000000.0,0.0,0.0,0.07,22531000000.0,4301000000.0,2703000000.0,0.0,1.933,7.408,7.574,34928000000.0,0.0,88.09,0.515,0.515,1364000000.0,9716000000.0,43259000000.0,43259000000.0,0.0,0.058,0.28,0.106,0.107,0.0,13722000000.0,1.0,253043650.0,253043650.0,,170.955,45079000000.0,0.0,905000000.0,1736000000.0,178.147,-6744000000.0
2,UAL,MRY,2018-12-31,2018-12-31,2018-12-31,2021-10-20,-803000000.0,49024000000.0,45642500000.0,7094000000.0,41930000000.0,0.905,36.856,-4070000000.0,4055000000.0,4055000000.0,16605000000.0,2122000000.0,0.513,3.882,19787000000.0,2072000000.0,17715000000.0,19787000000.0,5005000000.0,2165000000.0,0.0,0.0,0.0,3318000000.0,5483000000.0,0.133,5483000000.0,3318000000.0,2648000000.0,7.7,7.67,7.7,10042000000.0,9121500000.0,10042000000.0,32153445217.0,10.0,5.864,2094000000.0,7.685,1.0,24698000000.0,0.598,7682000000.0,670000000.0,43235000000.0,35005750000.0,985000000.0,1482000000.0,0.0,1482000000.0,38982000000.0,13839000000.0,25143000000.0,22813445217.0,208000000.0,-605000000.0,-1235000000.0,-212000000.0,0.0,-1501000000.0,-4455000000.0,64000000.0,6164000000.0,0.0,2122000000.0,2122000000.0,2122000000.0,0.0,0.0,0.051,21469000000.0,3229000000.0,2363000000.0,0.0,2.272,10.751,10.874,32661000000.0,0.0,83.73,0.552,0.552,1426000000.0,6715000000.0,41303000000.0,41303000000.0,0.0,0.046,0.233,0.095,0.08,0.0,13016000000.0,1.0,272464412.0,272464412.0,,151.59,41342000000.0,0.0,526000000.0,828000000.0,151.734,-6745000000.0
3,UAL,MRY,2017-12-31,2017-12-31,2017-12-31,2021-10-20,-1147000000.0,42346000000.0,42165750000.0,7133000000.0,35213000000.0,0.896,29.482,-3870000000.0,3889000000.0,3889000000.0,13968000000.0,2143000000.0,0.559,3.848,14392000000.0,1693000000.0,12699000000.0,14392000000.0,4783000000.0,2096000000.0,0.0,0.0,0.0,3649000000.0,5745000000.0,0.152,5745000000.0,3649000000.0,3023000000.0,7.08,7.06,7.08,8734000000.0,8751750000.0,8734000000.0,29486414119.0,8.0,5.133,-396000000.0,-1.337,1.0,23816000000.0,0.63,8062000000.0,626000000.0,32024000000.0,30229500000.0,924000000.0,852000000.0,0.0,852000000.0,33612000000.0,12763000000.0,20849000000.0,19967414119.0,-712000000.0,-32000000.0,-1844000000.0,1552000000.0,0.0,-383000000.0,-3803000000.0,-64000000.0,3474000000.0,0.0,2143000000.0,2143000000.0,2143000000.0,0.0,0.0,0.057,20198000000.0,3618000000.0,2196000000.0,0.0,2.286,9.318,9.52,26208000000.0,0.0,67.4,0.528,0.528,1340000000.0,4549000000.0,37784000000.0,37784000000.0,0.0,0.051,0.245,0.121,0.097,0.0,12376000000.0,1.0,296252435.0,296252435.0,,127.54,34284000000.0,0.0,880000000.0,204000000.0,115.726,-5630000000.0
4,UAL,MRY,2016-12-31,2016-12-31,2016-12-31,2021-10-20,-829000000.0,40140000000.0,40329000000.0,7309000000.0,32831000000.0,0.906,27.291,-3223000000.0,4552000000.0,4552000000.0,12604000000.0,2234000000.0,0.595,3.636,11705000000.0,965000000.0,10740000000.0,11705000000.0,4883000000.0,1977000000.0,0.0,0.0,0.0,4447000000.0,6424000000.0,0.176,6424000000.0,4447000000.0,3773000000.0,6.77,6.76,6.77,8659000000.0,8180500000.0,8659000000.0,29601773289.0,7.0,4.608,2319000000.0,7.309,1.0,23954000000.0,0.655,8155000000.0,674000000.0,26852000000.0,25739250000.0,873000000.0,579000000.0,0.0,579000000.0,31481000000.0,12286000000.0,19195000000.0,23123773289.0,-909000000.0,-70000000.0,-2614000000.0,-543000000.0,0.0,-3213000000.0,-3238000000.0,-56000000.0,5542000000.0,0.0,2234000000.0,2234000000.0,2234000000.0,0.0,0.0,0.061,19610000000.0,4344000000.0,2139000000.0,0.0,2.67,10.351,10.765,23318000000.0,0.0,72.88,0.633,0.633,1176000000.0,3427000000.0,36558000000.0,36558000000.0,0.0,0.055,0.273,0.173,0.122,0.0,11571000000.0,1.0,317285583.0,317285583.0,,115.221,31985000000.0,655000000.0,1539000000.0,0.0,100.808,-4977000000.0
5,UAL,MRY,2015-12-31,2015-12-31,2015-12-31,2021-10-20,-831000000.0,40861000000.0,40297000000.0,7828000000.0,33033000000.0,0.94,24.05,-2661000000.0,5400000000.0,5400000000.0,14420000000.0,7340000000.0,0.631,3.557,11759000000.0,1359000000.0,10400000000.0,11759000000.0,4943000000.0,1819000000.0,0.0,0.0,0.0,4888000000.0,6707000000.0,0.177,6707000000.0,4888000000.0,4219000000.0,19.52,19.47,19.52,8966000000.0,6162750000.0,8966000000.0,27678028242.0,6.0,4.127,3331000000.0,8.935,1.0,23444000000.0,0.619,8659000000.0,669000000.0,26147000000.0,24537750000.0,738000000.0,0.0,0.0,0.0,31895000000.0,12414000000.0,19481000000.0,21362028242.0,890000000.0,0.0,-1217000000.0,-1228000000.0,0.0,-2495000000.0,-2607000000.0,190000000.0,5992000000.0,0.0,7340000000.0,7340000000.0,7340000000.0,0.0,0.0,0.194,18278000000.0,5166000000.0,1869000000.0,0.0,2.383,2.91,2.935,21580000000.0,0.0,57.3,0.564,0.564,1128000000.0,3457000000.0,37864000000.0,37864000000.0,0.0,0.182,1.191,0.199,0.129,0.0,11055000000.0,1.0,372810266.0,372810266.0,,101.564,32202000000.0,2037000000.0,-3121000000.0,0.0,86.376,-4586000000.0
6,UAL,MRY,2014-12-31,2014-12-31,2014-12-31,2021-10-20,-1079000000.0,36595000000.0,37559500000.0,7547000000.0,29048000000.0,1.036,6.492,-1911000000.0,4660000000.0,4660000000.0,18955000000.0,1132000000.0,0.603,14.273,11947000000.0,1423000000.0,10524000000.0,11947000000.0,4937000000.0,1679000000.0,0.0,0.0,0.0,1863000000.0,3542000000.0,0.091,3542000000.0,1863000000.0,1128000000.0,3.05,2.93,3.05,2396000000.0,3046500000.0,2396000000.0,30951143203.0,17.0,8.738,723000000.0,1.959,1.0,19946000000.0,0.513,8807000000.0,735000000.0,22567000000.0,22349000000.0,666000000.0,0.0,0.0,0.0,34199000000.0,12508000000.0,21691000000.0,24687143203.0,-1293000000.0,0.0,-252000000.0,-1198000000.0,0.0,-1596000000.0,-2331000000.0,-457000000.0,2634000000.0,0.0,1132000000.0,1132000000.0,1132000000.0,0.0,0.0,0.029,17573000000.0,2373000000.0,1882000000.0,0.0,10.303,21.808,21.931,19467000000.0,0.0,66.89,0.635,0.635,1146000000.0,-3883000000.0,38901000000.0,38901000000.0,0.0,0.03,0.372,0.083,0.048,0.0,10308000000.0,1.0,369070761.0,369070761.0,,105.403,27788000000.0,0.0,-4000000.0,1000000000.0,75.292,-4961000000.0
7,UAL,MRY,2013-12-31,2013-12-31,2013-12-31,2021-10-20,608000000.0,36812000000.0,37095500000.0,8702000000.0,28110000000.0,1.032,8.246,-2012000000.0,5516000000.0,5516000000.0,19611000000.0,571000000.0,0.719,11.336,12409000000.0,1485000000.0,10924000000.0,12409000000.0,4904000000.0,1689000000.0,0.0,0.0,0.0,1322000000.0,3011000000.0,0.079,3011000000.0,1322000000.0,539000000.0,1.64,1.53,1.64,2984000000.0,1505750000.0,2984000000.0,19600602325.0,15.0,6.51,-568000000.0,-1.57,1.0,18668000000.0,0.488,8959000000.0,783000000.0,22639000000.0,21611500000.0,667000000.0,0.0,0.0,0.0,33828000000.0,12107000000.0,21721000000.0,13689602325.0,-1550000000.0,0.0,29000000.0,-896000000.0,0.0,-972000000.0,-2022000000.0,-120000000.0,1444000000.0,0.0,571000000.0,571000000.0,571000000.0,0.0,0.0,0.015,17419000000.0,1249000000.0,2087000000.0,0.0,4.588,23.975,23.067,18047000000.0,0.0,37.83,0.358,0.358,1503000000.0,-5015000000.0,38279000000.0,38279000000.0,0.0,0.015,0.379,0.061,0.035,0.0,10015000000.0,1.0,361871592.0,361871592.0,,105.781,27853000000.0,676000000.0,-32000000.0,1662000000.0,76.969,-3405000000.0
8,UAL,MRY,2012-12-31,2012-12-31,2012-12-31,2021-10-20,-1046000000.0,37628000000.0,38106500000.0,10049000000.0,27579000000.0,0.975,1.447,-1833000000.0,6990000000.0,6990000000.0,20290000000.0,-723000000.0,0.784,77.229,13166000000.0,1934000000.0,11232000000.0,13166000000.0,5120000000.0,1522000000.0,0.0,0.0,0.0,111000000.0,1633000000.0,0.044,1633000000.0,111000000.0,-724000000.0,-2.18,-2.18,-2.18,481000000.0,1363250000.0,481000000.0,12865140174.0,116.0,7.878,-898000000.0,-2.701,1.0,16862000000.0,0.454,9120000000.0,835000000.0,21866000000.0,21009750000.0,695000000.0,0.0,0.0,0.0,37147000000.0,12818000000.0,24329000000.0,7772140174.0,-1476000000.0,0.0,17000000.0,-396000000.0,0.0,-454000000.0,-1957000000.0,-245000000.0,935000000.0,0.0,-723000000.0,-723000000.0,-723000000.0,0.0,0.0,-0.019,16823000000.0,39000000.0,2312000000.0,0.0,16.158,-10.75,-10.725,17292000000.0,0.0,23.38,0.209,0.209,1338000000.0,-5586000000.0,37152000000.0,37152000000.0,0.0,-0.019,-0.53,0.005,0.003,0.0,9297000000.0,1.0,332426868.0,332426868.0,,111.76,28508000000.0,543000000.0,-1000000.0,1543000000.0,85.757,-2769000000.0
9,UAL,MRY,2011-12-31,2011-12-31,2011-12-31,2021-10-20,-417000000.0,37988000000.0,39322000000.0,10997000000.0,26991000000.0,0.944,5.459,-717000000.0,8331000000.0,8331000000.0,19459000000.0,840000000.0,0.965,20.034,12735000000.0,1311000000.0,11424000000.0,12735000000.0,5658000000.0,1547000000.0,0.0,0.0,0.0,1794000000.0,3341000000.0,0.09,3341000000.0,1794000000.0,845000000.0,2.54,2.26,2.54,1806000000.0,1993000000.0,1806000000.0,10656195148.0,6.0,3.19,1691000000.0,5.111,1.0,17651000000.0,0.476,9273000000.0,949000000.0,21725000000.0,22192250000.0,615000000.0,0.0,0.0,0.0,36182000000.0,11394000000.0,24788000000.0,6243195148.0,-1823000000.0,0.0,26000000.0,-2465000000.0,0.0,-2432000000.0,-1799000000.0,-898000000.0,2408000000.0,0.0,840000000.0,840000000.0,840000000.0,0.0,0.0,0.023,15829000000.0,1822000000.0,1998000000.0,0.0,3.457,7.432,7.429,16419000000.0,0.0,18.87,0.168,0.168,1358000000.0,-4863000000.0,37110000000.0,37110000000.0,0.0,0.021,0.421,0.081,0.048,17000000.0,9087000000.0,1.0,330852949.0,330852949.0,,112.165,28715000000.0,615000000.0,5000000.0,1603000000.0,86.791,-397000000.0
10,UAL,MRY,2010-12-31,2010-12-31,2010-12-31,2021-10-20,387000000.0,39598000000.0,24934750000.0,12045000000.0,27553000000.0,0.935,5.447,-368000000.0,9067000000.0,9067000000.0,11421000000.0,253000000.0,0.953,21.929,15133000000.0,2663000000.0,12470000000.0,15133000000.0,6073000000.0,1079000000.0,0.0,0.0,0.0,1051000000.0,2130000000.0,0.091,2130000000.0,1051000000.0,253000000.0,1.22,1.08,1.22,1727000000.0,-1530500000.0,1727000000.0,11235652086.0,11.0,5.275,1539000000.0,4.854,1.0,11904000000.0,0.51,9440000000.0,798000000.0,23579000000.0,16323250000.0,466000000.0,0.0,0.0,0.0,37871000000.0,12645000000.0,25226000000.0,7552652086.0,5027000000.0,3698000000.0,18000000.0,-454000000.0,0.0,-200000000.0,3320000000.0,-84000000.0,1907000000.0,0.0,253000000.0,253000000.0,253000000.0,0.0,0.0,0.011,10928000000.0,976000000.0,1805000000.0,0.0,4.373,29.852,19.525,16945000000.0,0.0,23.82,0.324,0.324,1613000000.0,-5703000000.0,23325000000.0,23325000000.0,0.0,0.01,-0.165,0.064,0.045,14000000.0,5914000000.0,1.0,317071876.0,317071876.0,,73.564,30158000000.0,591000000.0,0.0,1585000000.0,95.114,-600000000.0
11,UAL,MRY,2009-12-31,2009-12-31,2009-12-31,2021-10-20,35000000.0,18684000000.0,18734500000.0,5105000000.0,13579000000.0,0.872,-16.828,-240000000.0,3383000000.0,3383000000.0,8049000000.0,-651000000.0,0.789,-7.647,8543000000.0,971000000.0,7572000000.0,8543000000.0,4235000000.0,917000000.0,0.0,0.0,0.0,-91000000.0,826000000.0,0.051,826000000.0,-91000000.0,-668000000.0,-4.32,-4.32,-4.32,-2811000000.0,-2685000000.0,-2811000000.0,7205497528.0,-79.0,8.723,726000000.0,4.346,1.0,8286000000.0,0.507,2455000000.0,577000000.0,14916000000.0,14483750000.0,472000000.0,88000000.0,0.0,88000000.0,21495000000.0,6473000000.0,15022000000.0,2156497528.0,1003000000.0,0.0,220000000.0,-126000000.0,0.0,117000000.0,-80000000.0,0.0,966000000.0,0.0,-651000000.0,-651000000.0,-651000000.0,0.0,0.0,-0.04,8447000000.0,-161000000.0,803000000.0,0.0,-0.767,-3.313,-2.988,9840000000.0,0.0,12.91,0.132,0.132,743000000.0,-5956000000.0,16335000000.0,16335000000.0,0.0,-0.035,0.242,-0.006,-0.006,21000000.0,4589000000.0,1.0,167040862.0,167040862.0,,97.79,16229000000.0,63000000.0,-17000000.0,551000000.0,97.156,-1368000000.0
12,UAL,MRY,2008-12-31,2008-12-31,2008-12-31,2021-10-20,93000000.0,19465000000.0,21336250000.0,4866000000.0,14599000000.0,0.946,-18.011,-381000000.0,2311000000.0,2311000000.0,12829000000.0,-5396000000.0,0.668,-9.386,8004000000.0,950000000.0,7054000000.0,8004000000.0,4182000000.0,932000000.0,0.0,0.195,2.15,-4850000000.0,-3918000000.0,-0.194,-3918000000.0,-4850000000.0,-5421000000.0,-42.59,-42.59,-42.59,-2321000000.0,-501750000.0,-2321000000.0,6300103772.0,-1.0,-1.608,-1620000000.0,-12.571,1.0,7365000000.0,0.365,2693000000.0,571000000.0,15184000000.0,14967750000.0,237000000.0,81000000.0,0.0,81000000.0,21786000000.0,7281000000.0,14505000000.0,1420103772.0,780000000.0,0.0,96000000.0,-702000000.0,-253000000.0,-702000000.0,2721000000.0,2295000000.0,-1239000000.0,0.0,-5396000000.0,-5396000000.0,-5396000000.0,0.0,0.0,-0.267,11803000000.0,-4438000000.0,829000000.0,-0.05,-0.612,-0.263,-0.259,10312000000.0,0.0,11.02,0.07,0.07,714000000.0,-5308000000.0,20194000000.0,20194000000.0,0.0,-0.253,10.754,-0.324,-0.24,31000000.0,5298000000.0,1.0,128866041.0,128866041.0,,156.705,16772000000.0,268000000.0,-25000000.0,804000000.0,130.151,-2415000000.0
13,UAL,MRY,2007-12-31,2007-12-31,2007-12-31,2021-10-20,141000000.0,24220000000.0,25058000000.0,6095000000.0,18125000000.0,0.804,20.795,-704000000.0,4310000000.0,4310000000.0,12054000000.0,360000000.0,0.764,9.017,8449000000.0,928000000.0,7521000000.0,8449000000.0,3837000000.0,925000000.0,0.0,0.0,0.0,1361000000.0,2286000000.0,0.113,2286000000.0,1361000000.0,657000000.0,2.94,2.65,2.94,2418000000.0,2350500000.0,2418000000.0,8325502329.0,6.0,3.642,1430000000.0,12.298,1.0,8089000000.0,0.402,5151000000.0,704000000.0,15229000000.0,15935500000.0,242000000.0,122000000.0,0.0,122000000.0,21802000000.0,7979000000.0,13823000000.0,4146502329.0,-2573000000.0,0.0,24000000.0,-2253000000.0,0.0,-2147000000.0,-2560000000.0,-1951000000.0,2134000000.0,0.0,360000000.0,360000000.0,360000000.0,0.0,0.0,0.018,7052000000.0,1037000000.0,1134000000.0,0.0,1.715,11.518,12.129,11359000000.0,0.0,35.66,0.206,0.206,888000000.0,152000000.0,20143000000.0,20143000000.0,0.0,0.014,0.153,0.085,0.068,49000000.0,5040000000.0,1.0,116278809.0,116278809.0,,173.23,19069000000.0,78000000.0,297000000.0,638000000.0,163.994,-1884000000.0
14,UAL,MRY,2006-12-31,2006-12-31,2006-12-31,2021-10-20,82000000.0,25581000000.0,25754000000.0,6321000000.0,19260000000.0,0.694,20.157,-292000000.0,4896000000.0,4896000000.0,10935000000.0,25000000.0,0.774,10.461,10596000000.0,1797000000.0,8799000000.0,10596000000.0,3680000000.0,820000000.0,0.0,0.0,0.0,774000000.0,1594000000.0,0.089,1594000000.0,774000000.0,46000000.0,0.14,0.14,0.14,2232000000.0,1998000000.0,2232000000.0,10619114940.0,14.0,6.662,1109000000.0,10.015,1.0,6947000000.0,0.388,5731000000.0,728000000.0,17380000000.0,18026000000.0,218000000.0,113000000.0,0.0,113000000.0,23349000000.0,8170000000.0,15179000000.0,4872114940.0,2201000000.0,0.0,6000000.0,800000000.0,0.0,812000000.0,-12000000.0,-181000000.0,1401000000.0,0.0,25000000.0,25000000.0,25000000.0,0.0,0.0,0.001,6448000000.0,499000000.0,671000000.0,0.0,2.183,194.885,314.286,11446000000.0,0.0,44.0,0.272,0.272,1169000000.0,23000000.0,17882000000.0,17882000000.0,0.0,0.001,0.013,0.043,0.043,159000000.0,4647000000.0,1.0,110729885.0,110729885.0,,161.492,19850000000.0,114000000.0,21000000.0,596000000.0,179.265,-1849000000.0
15,UAL,MRY,2005-12-31,2005-12-31,2005-12-31,2021-10-20,-36000000.0,19342000000.0,20023500000.0,4259000000.0,15083000000.0,0.868,-262.406,-140000000.0,2795000000.0,2795000000.0,11185000000.0,-21176000000.0,0.814,-1.757,1433000000.0,33000000.0,1400000000.0,1433000000.0,0.0,873000000.0,0.0,,0.0,-20694000000.0,-19821000000.0,-1.141,-19821000000.0,-20694000000.0,-21176000000.0,-182.29,-182.29,-182.29,-25560000000.0,-16620000000.0,-25560000000.0,,,,799000000.0,8.203,1.0,6194000000.0,0.356,388000000.0,482000000.0,12358000000.0,12614500000.0,193000000.0,20000000.0,0.0,20000000.0,44902000000.0,5234000000.0,39668000000.0,,538000000.0,0.0,0.0,-85000000.0,0.0,-110000000.0,-291000000.0,5000000.0,939000000.0,0.0,-21176000000.0,-21176000000.0,-21176000000.0,0.0,0.0,-1.218,6413000000.0,-219000000.0,596000000.0,0.0,,,,13228000000.0,0.0,,,,839000000.0,-29122000000.0,17379000000.0,17379000000.0,0.0,-1.058,1.274,-1.64,-1.191,0.0,4027000000.0,1.0,97406273.0,97406273.0,,178.418,18954000000.0,0.0,0.0,428000000.0,194.587,-975000000.0
16,UAL,MRY,2004-12-31,2004-12-31,2004-12-31,2021-10-20,-3332000000.0,20705000000.0,,3914000000.0,16791000000.0,,,-246000000.0,2178000000.0,2178000000.0,9783000000.0,-1721000000.0,0.606,-3.696,1204000000.0,903000000.0,301000000.0,1204000000.0,0.0,874000000.0,0.0,,0.0,-1272000000.0,-398000000.0,-0.024,-398000000.0,-1272000000.0,-1721000000.0,-15.25,-15.25,-15.25,-7680000000.0,,-7680000000.0,,,,-295000000.0,,1.0,6608000000.0,0.403,399000000.0,449000000.0,12871000000.0,,234000000.0,24000000.0,0.0,24000000.0,28385000000.0,6461000000.0,21924000000.0,,-417000000.0,0.0,0.0,-224000000.0,0.0,-72000000.0,-296000000.0,218000000.0,-49000000.0,0.0,-1721000000.0,-1721000000.0,-1721000000.0,0.0,0.0,-0.105,7462000000.0,-854000000.0,601000000.0,0.0,,,,14174000000.0,0.0,,,,951000000.0,-7946000000.0,16391000000.0,16391000000.0,0.0,,,,-0.078,0.0,5006000000.0,1.0,,,,,20306000000.0,96000000.0,0.0,389000000.0,,-2547000000.0
17,UAL,MRY,2003-12-31,2003-12-31,2003-12-31,2021-10-20,,,,,,,,-27000000.0,,,8367000000.0,-2808000000.0,,,,,,,,938000000.0,,,0.0,-2281000000.0,-1343000000.0,-0.09,-1343000000.0,-2281000000.0,-2808000000.0,-27.36,-27.36,-27.36,,,,,,,792000000.0,,1.0,6561000000.0,0.44,,527000000.0,,,,,,,,,,,754000000.0,0.0,0.0,-564000000.0,0.0,-404000000.0,339000000.0,460000000.0,819000000.0,0.0,-2808000000.0,-2808000000.0,-2808000000.0,0.0,0.0,-0.188,7921000000.0,-1360000000.0,,0.0,,,,,0.0,,,,,,14928000000.0,14928000000.0,0.0,,,,-0.153,0.0,5377000000.0,1.0,,,,,,,0.0,,,
0,UAL,MRQ,2021-09-30,2021-09-30,2021-09-30,2021-10-20,-1124000000.0,69294000000.0,,23057000000.0,46237000000.0,,16.782,-266000000.0,19891000000.0,19891000000.0,3286000000.0,473000000.0,1.361,11.759,41293000000.0,2954000000.0,38339000000.0,41293000000.0,6217000000.0,0.0,0.0,0.0,0.0,1052000000.0,1052000000.0,0.136,1052000000.0,1052000000.0,603000000.0,1.46,1.44,1.46,5431000000.0,,5431000000.0,35620263798.0,-14.0,-1978.904,-1052000000.0,-3.251,1.0,4464000000.0,0.576,7342000000.0,449000000.0,66419000000.0,,955000000.0,1336000000.0,0.0,1336000000.0,63863000000.0,16935000000.0,46928000000.0,15394263798.0,-1583000000.0,0.0,0.0,-578000000.0,0.0,-583000000.0,-214000000.0,40000000.0,-786000000.0,0.0,473000000.0,473000000.0,473000000.0,0.0,0.0,0.061,3427000000.0,1037000000.0,2199000000.0,0.0,2.835,-4.788,-4.505,36825000000.0,0.0,47.57,0.775,0.775,1709000000.0,1271000000.0,7750000000.0,7750000000.0,0.0,,,,,0.0,2705000000.0,1.0,323612861.0,323612861.0,,23.948,61952000000.0,519000000.0,130000000.0,0.0,191.439,6122000000.0
1,UAL,MRQ,2021-06-30,2021-06-30,2021-06-30,2021-10-20,-1114000000.0,71049000000.0,,24673000000.0,46376000000.0,,15.156,-861000000.0,21538000000.0,21538000000.0,2697000000.0,-434000000.0,1.366,13.488,41764000000.0,2608000000.0,39156000000.0,41764000000.0,6185000000.0,0.0,0.0,0.0,0.0,-138000000.0,-138000000.0,-0.025,-138000000.0,-138000000.0,-564000000.0,-1.34,-1.34,-1.34,4904000000.0,,4904000000.0,38699906902.0,-7.0,-12.659,1814000000.0,5.606,1.0,2774000000.0,0.507,7354000000.0,426000000.0,65857000000.0,,912000000.0,1407000000.0,0.0,1407000000.0,66145000000.0,18064000000.0,48081000000.0,16919906902.0,8170000000.0,0.0,0.0,6277000000.0,0.0,6276000000.0,-781000000.0,79000000.0,2675000000.0,0.0,-434000000.0,-434000000.0,-434000000.0,0.0,0.0,-0.079,3044000000.0,-270000000.0,2218000000.0,0.0,3.45,-3.06,-2.85,36752000000.0,0.0,52.29,1.159,1.159,1793000000.0,804000000.0,5471000000.0,5471000000.0,0.0,,,,,0.0,2415000000.0,1.0,323578254.0,323578254.0,,16.908,63695000000.0,647000000.0,-130000000.0,0.0,196.846,6609000000.0
2,UAL,MRQ,2021-03-31,2021-03-31,2021-03-31,2021-10-20,-1126000000.0,61662000000.0,,16019000000.0,45643000000.0,,16.347,-444000000.0,13447000000.0,13447000000.0,2173000000.0,-1357000000.0,1.131,10.844,35227000000.0,2585000000.0,32642000000.0,35227000000.0,6109000000.0,0.0,0.0,0.0,0.0,-1398000000.0,-1398000000.0,-0.434,-1398000000.0,-1398000000.0,-1751000000.0,-4.29,-4.29,-4.29,5206000000.0,,5206000000.0,40060125151.0,-6.0,-8.477,3000000.0,0.009,1.0,1048000000.0,0.325,7367000000.0,353000000.0,61908000000.0,,918000000.0,1107000000.0,0.0,1107000000.0,56456000000.0,14167000000.0,42289000000.0,18325125151.0,1396000000.0,0.0,532000000.0,767000000.0,0.0,1278000000.0,-329000000.0,105000000.0,447000000.0,0.0,-1357000000.0,-1357000000.0,-1357000000.0,0.0,0.0,-0.421,2429000000.0,-1381000000.0,1838000000.0,0.0,3.52,-2.726,-2.524,36431000000.0,0.0,57.54,1.729,1.729,1389000000.0,1239000000.0,3221000000.0,3221000000.0,0.0,,,,,0.0,2309000000.0,1.0,318476280.0,318476280.0,,10.114,54295000000.0,520000000.0,-394000000.0,0.0,170.484,1852000000.0
3,UAL,MRQ,2020-12-31,2020-12-31,2020-12-31,2021-10-20,-1139000000.0,59548000000.0,,14800000000.0,44748000000.0,,20.482,-97000000.0,12156000000.0,12156000000.0,1993000000.0,-1897000000.0,1.163,8.991,33891000000.0,2705000000.0,31186000000.0,33891000000.0,5975000000.0,2488000000.0,0.0,0.0,0.0,-2022000000.0,466000000.0,0.137,466000000.0,-2022000000.0,-2373000000.0,-6.39,-6.39,-6.39,5960000000.0,,5960000000.0,32453359582.0,-4.0,-6.157,-2274000000.0,-7.815,1.0,1419000000.0,0.416,7365000000.0,351000000.0,61193000000.0,,932000000.0,1031000000.0,0.0,1031000000.0,53588000000.0,12725000000.0,40863000000.0,12585359582.0,-1656000000.0,0.0,968000000.0,-412000000.0,0.0,481000000.0,40000000.0,137000000.0,-2177000000.0,0.0,-1897000000.0,-1897000000.0,-1897000000.0,0.0,0.0,-0.556,3554000000.0,-2135000000.0,1595000000.0,0.0,2.112,-1.78,-1.709,36003000000.0,0.0,43.25,0.82,0.82,1295000000.0,2626000000.0,3412000000.0,3412000000.0,0.0,,,,,0.0,2248000000.0,1.0,290990973.0,290990973.0,,11.725,52183000000.0,131000000.0,-476000000.0,0.0,179.329,2075000000.0
4,UAL,MRQ,2020-09-30,2020-09-30,2020-09-30,2021-10-20,-1009000000.0,61189000000.0,,16476000000.0,44713000000.0,,24.067,368000000.0,13950000000.0,13950000000.0,1598000000.0,-1841000000.0,1.043,7.738,33818000000.0,5343000000.0,28475000000.0,33818000000.0,5835000000.0,0.0,0.0,0.0,0.0,-1987000000.0,-1987000000.0,-0.798,-1987000000.0,-1987000000.0,-2332000000.0,-6.33,-6.33,-6.33,7003000000.0,,7003000000.0,27467682081.0,-6.0,-11.239,-1521000000.0,-5.227,1.0,891000000.0,0.358,7379000000.0,345000000.0,57887000000.0,,961000000.0,968000000.0,0.0,968000000.0,54186000000.0,15791000000.0,38395000000.0,10111682081.0,6786000000.0,0.0,0.0,7906000000.0,0.0,7905000000.0,770000000.0,406000000.0,-1889000000.0,0.0,-1841000000.0,-1841000000.0,-1841000000.0,0.0,0.0,-0.74,2506000000.0,-1615000000.0,1831000000.0,0.0,1.444,-2.232,-2.116,36194000000.0,0.0,34.75,0.443,0.443,1171000000.0,4524000000.0,2489000000.0,2489000000.0,0.0,,,,,0.0,2282000000.0,1.0,290983657.0,290983657.0,,8.554,53810000000.0,0.0,-491000000.0,389000000.0,184.924,685000000.0
5,UAL,MRQ,2020-06-30,2020-06-30,2020-06-30,2021-10-20,-1259000000.0,54901000000.0,,10041000000.0,44860000000.0,,29.325,-39000000.0,7536000000.0,7536000000.0,1214000000.0,-1627000000.0,0.612,5.446,24892000000.0,5145000000.0,19747000000.0,24892000000.0,5670000000.0,0.0,0.0,0.0,0.0,-1807000000.0,-1807000000.0,-1.225,-1807000000.0,-1807000000.0,-2003000000.0,-5.79,-5.79,-5.79,8517000000.0,,8517000000.0,28153857161.0,-23.0,25.996,-169000000.0,-0.582,1.0,261000000.0,0.177,7375000000.0,196000000.0,48487000000.0,,955000000.0,939000000.0,0.0,939000000.0,46384000000.0,16395000000.0,29989000000.0,10051857161.0,3064000000.0,0.0,1135000000.0,1247000000.0,0.0,2382000000.0,812000000.0,838000000.0,-130000000.0,0.0,-1627000000.0,-1627000000.0,-1627000000.0,0.0,0.0,-1.103,1898000000.0,-1637000000.0,1725000000.0,0.0,1.18,-6.034,-5.692,36473000000.0,0.0,34.61,0.317,0.317,857000000.0,6365000000.0,1475000000.0,1475000000.0,0.0,,,,,0.0,2201000000.0,1.0,290432163.0,290432163.0,,5.079,47526000000.0,0.0,-376000000.0,804000000.0,163.639,-6354000000.0
6,UAL,MRQ,2020-03-31,2020-03-31,2020-03-31,2021-10-20,-771000000.0,53055000000.0,,7905000000.0,45150000000.0,,37.983,-1959000000.0,5327000000.0,5327000000.0,3570000000.0,-1704000000.0,0.491,4.633,23429000000.0,4802000000.0,18627000000.0,23429000000.0,5488000000.0,0.0,0.0,0.0,0.0,-1943000000.0,-1943000000.0,-0.244,-1943000000.0,-1943000000.0,-2114000000.0,-6.86,-6.86,-6.86,9418000000.0,,9418000000.0,23222857710.0,11.0,5.236,-1896000000.0,-7.647,1.0,4409000000.0,0.553,7468000000.0,171000000.0,47602000000.0,,1070000000.0,912000000.0,0.0,912000000.0,43637000000.0,16087000000.0,27550000000.0,7822857710.0,680000000.0,0.0,-353000000.0,2560000000.0,0.0,2189000000.0,-1572000000.0,386000000.0,63000000.0,0.0,-1704000000.0,-1704000000.0,-1704000000.0,0.0,0.0,-0.214,5381000000.0,-972000000.0,2436000000.0,0.0,0.831,7.722,8.436,36664000000.0,0.0,31.55,0.188,0.188,792000000.0,7991000000.0,7979000000.0,7979000000.0,0.0,,,,,0.0,3250000000.0,1.0,247951116.0,247951116.0,,32.18,45587000000.0,0.0,-410000000.0,1322000000.0,183.855,-8182000000.0
7,UAL,MRQ,2019-12-31,2019-12-31,2019-12-31,2021-10-20,-718000000.0,52611000000.0,,8194000000.0,44417000000.0,,45.569,-1192000000.0,5050000000.0,5050000000.0,4166000000.0,641000000.0,0.549,3.563,20450000000.0,2139000000.0,18311000000.0,20450000000.0,5276000000.0,2288000000.0,0.0,0.0,0.0,1005000000.0,3293000000.0,0.302,3293000000.0,1005000000.0,844000000.0,2.56,2.54,2.56,11531000000.0,,11531000000.0,37204615128.0,8.0,5.366,-11000000.0,-0.043,1.0,6722000000.0,0.617,7532000000.0,161000000.0,45541000000.0,,1072000000.0,1851000000.0,0.0,1851000000.0,41080000000.0,14938000000.0,26142000000.0,22290615128.0,-195000000.0,-210000000.0,-214000000.0,178000000.0,0.0,-47000000.0,-1329000000.0,-15000000.0,1181000000.0,0.0,641000000.0,641000000.0,641000000.0,0.0,0.0,0.059,5861000000.0,861000000.0,2703000000.0,0.0,1.933,7.408,7.574,34928000000.0,0.0,88.09,0.515,0.515,1364000000.0,9716000000.0,10888000000.0,10888000000.0,0.0,,,,,0.0,3495000000.0,1.0,253043650.0,253043650.0,,43.028,45079000000.0,0.0,203000000.0,1736000000.0,178.147,-6744000000.0
8,UAL,MRQ,2019-09-30,2019-09-30,2019-09-30,2021-10-20,-504000000.0,52199000000.0,,8533000000.0,43666000000.0,,43.986,-869000000.0,5226000000.0,5226000000.0,4219000000.0,1024000000.0,0.544,3.619,20140000000.0,2113000000.0,18027000000.0,20140000000.0,5219000000.0,0.0,0.0,0.0,0.0,1540000000.0,1540000000.0,0.135,1540000000.0,1540000000.0,1349000000.0,4.01,3.99,4.01,11301000000.0,,11301000000.0,37348427074.0,9.0,5.719,234000000.0,0.911,1.0,7161000000.0,0.629,7637000000.0,191000000.0,43785000000.0,,1065000000.0,1660000000.0,0.0,1660000000.0,40898000000.0,15691000000.0,25207000000.0,22714427074.0,-263000000.0,0.0,-369000000.0,-182000000.0,0.0,-571000000.0,-795000000.0,73000000.0,1103000000.0,0.0,1024000000.0,1024000000.0,1024000000.0,0.0,0.0,0.09,5688000000.0,1473000000.0,2848000000.0,0.0,2.01,8.029,8.163,34269000000.0,0.0,88.41,0.53,0.53,1617000000.0,9075000000.0,11380000000.0,11380000000.0,0.0,,,,,0.0,3495000000.0,1.0,256921469.0,256921469.0,,44.294,44562000000.0,0.0,325000000.0,1594000000.0,173.446,-7158000000.0
9,UAL,MRQ,2019-06-30,2019-06-30,2019-06-30,2021-10-20,-807000000.0,52150000000.0,,8910000000.0,43240000000.0,,39.22,-858000000.0,5549000000.0,5549000000.0,4254000000.0,1052000000.0,0.554,4.053,20183000000.0,2009000000.0,18174000000.0,20183000000.0,5198000000.0,0.0,0.0,0.0,0.0,1545000000.0,1545000000.0,0.136,1545000000.0,1545000000.0,1354000000.0,4.03,4.02,4.03,10320000000.0,,10320000000.0,38954978707.0,10.0,6.262,1852000000.0,7.038,1.0,7148000000.0,0.627,7652000000.0,191000000.0,43054000000.0,,996000000.0,1657000000.0,0.0,1657000000.0,41830000000.0,16078000000.0,25752000000.0,23036978707.0,1375000000.0,0.0,-549000000.0,84000000.0,0.0,-479000000.0,-856000000.0,-3000000.0,2710000000.0,0.0,1052000000.0,1052000000.0,1052000000.0,0.0,0.0,0.092,5676000000.0,1472000000.0,3033000000.0,0.0,2.232,8.733,8.861,33826000000.0,0.0,87.55,0.542,0.542,1762000000.0,8050000000.0,11402000000.0,11402000000.0,0.0,,,,,0.0,3499000000.0,1.0,263129397.0,263129397.0,,43.332,44498000000.0,0.0,302000000.0,1192000000.0,169.111,-7168000000.0
10,UAL,MRQ,2019-03-31,2019-03-31,2019-03-31,2021-10-20,-793000000.0,50639000000.0,,7608000000.0,43031000000.0,,36.749,-1609000000.0,4170000000.0,4170000000.0,3788000000.0,292000000.0,0.496,4.166,20088000000.0,1973000000.0,18115000000.0,20088000000.0,5138000000.0,0.0,0.0,0.0,0.0,555000000.0,555000000.0,0.058,555000000.0,555000000.0,367000000.0,1.09,1.09,1.09,9802000000.0,,9802000000.0,31952526093.0,9.0,5.612,306000000.0,1.147,1.0,5801000000.0,0.605,7667000000.0,188000000.0,43555000000.0,,972000000.0,1610000000.0,0.0,1610000000.0,40837000000.0,15335000000.0,25502000000.0,21279526093.0,152000000.0,0.0,-513000000.0,376000000.0,0.0,-183000000.0,-1580000000.0,44000000.0,1915000000.0,0.0,292000000.0,292000000.0,292000000.0,0.0,0.0,0.03,5306000000.0,495000000.0,2707000000.0,0.0,2.171,9.378,9.577,33651000000.0,0.0,79.78,0.508,0.508,1789000000.0,6999000000.0,9589000000.0,9589000000.0,0.0,,,,,0.0,3233000000.0,1.0,266727577.0,266727577.0,,35.951,42972000000.0,0.0,75000000.0,898000000.0,161.108,-7727000000.0
11,UAL,MRQ,2018-12-31,2018-12-31,2018-12-31,2021-10-20,-803000000.0,49024000000.0,,7094000000.0,41930000000.0,,36.856,-1604000000.0,4055000000.0,4055000000.0,4169000000.0,461000000.0,0.513,3.882,19787000000.0,2072000000.0,17715000000.0,19787000000.0,5005000000.0,2165000000.0,0.0,0.0,0.0,726000000.0,2891000000.0,0.276,2891000000.0,726000000.0,553000000.0,1.7,1.69,1.7,10042000000.0,,10042000000.0,32153445217.0,10.0,5.864,-475000000.0,-1.743,1.0,6322000000.0,0.603,7682000000.0,173000000.0,43235000000.0,,985000000.0,1482000000.0,0.0,1482000000.0,38982000000.0,13839000000.0,25143000000.0,22813445217.0,-927000000.0,-456000000.0,-225000000.0,123000000.0,0.0,-108000000.0,-1948000000.0,60000000.0,1129000000.0,0.0,461000000.0,461000000.0,461000000.0,0.0,0.0,0.044,5687000000.0,635000000.0,2363000000.0,0.0,2.272,10.751,10.874,32661000000.0,0.0,83.73,0.552,0.552,1426000000.0,6715000000.0,10491000000.0,10491000000.0,0.0,,,,,0.0,3320000000.0,1.0,272464412.0,272464412.0,,38.504,41342000000.0,0.0,92000000.0,828000000.0,151.734,-6745000000.0
12,UAL,MRQ,2018-09-30,2018-09-30,2018-09-30,2021-10-20,-1089000000.0,44837000000.0,,8671000000.0,36166000000.0,,34.735,-795000000.0,5040000000.0,5040000000.0,4430000000.0,833000000.0,0.634,3.735,14380000000.0,1046000000.0,13334000000.0,14380000000.0,4987000000.0,0.0,0.0,0.0,0.0,1230000000.0,1230000000.0,0.112,1230000000.0,1230000000.0,1058000000.0,3.06,3.05,3.06,9469000000.0,,9469000000.0,33616109746.0,10.0,6.203,88000000.0,0.323,1.0,6573000000.0,0.597,7905000000.0,172000000.0,32588000000.0,,1011000000.0,848000000.0,0.0,848000000.0,35368000000.0,13684000000.0,21684000000.0,24278109746.0,-265000000.0,0.0,-41000000.0,-247000000.0,0.0,-294000000.0,-854000000.0,-125000000.0,883000000.0,0.0,833000000.0,833000000.0,833000000.0,0.0,0.0,0.076,5386000000.0,1187000000.0,2581000000.0,0.0,2.564,10.843,11.091,27308000000.0,0.0,89.06,0.603,0.603,1752000000.0,6203000000.0,11003000000.0,11003000000.0,0.0,,,,,0.0,3357000000.0,1.0,272603972.0,272603972.0,,40.363,36932000000.0,0.0,225000000.0,639000000.0,135.479,-5013000000.0
13,UAL,MRQ,2018-06-30,2018-06-30,2018-06-30,2021-10-20,-1102000000.0,44691000000.0,,8881000000.0,35810000000.0,,31.158,-727000000.0,5165000000.0,5165000000.0,4265000000.0,683000000.0,0.63,4.173,14503000000.0,1004000000.0,13499000000.0,14503000000.0,4989000000.0,0.0,0.0,0.0,0.0,1018000000.0,1018000000.0,0.094,1018000000.0,1018000000.0,855000000.0,2.48,2.48,2.48,8639000000.0,,8639000000.0,29727722827.0,9.0,5.556,1716000000.0,6.189,1.0,6512000000.0,0.604,7922000000.0,163000000.0,32015000000.0,,942000000.0,848000000.0,0.0,848000000.0,36052000000.0,14092000000.0,21960000000.0,19333722827.0,481000000.0,-139000000.0,-440000000.0,-554000000.0,0.0,-1004000000.0,-958000000.0,-115000000.0,2443000000.0,0.0,683000000.0,683000000.0,683000000.0,0.0,0.0,0.063,5367000000.0,1145000000.0,2703000000.0,0.0,2.238,9.426,9.794,26946000000.0,0.0,69.73,0.494,0.494,1840000000.0,5367000000.0,10777000000.0,10777000000.0,0.0,,,,,0.0,3271000000.0,1.0,277265493.0,277265493.0,,38.869,36769000000.0,0.0,172000000.0,419000000.0,132.613,-5211000000.0
14,UAL,MRQ,2018-03-31,2018-03-31,2018-03-31,2021-10-20,-1114000000.0,44018000000.0,,8287000000.0,35731000000.0,,29.28,-944000000.0,4570000000.0,4570000000.0,3741000000.0,145000000.0,0.584,4.28,14964000000.0,1779000000.0,13185000000.0,14964000000.0,4937000000.0,0.0,0.0,0.0,0.0,344000000.0,344000000.0,0.038,344000000.0,344000000.0,182000000.0,0.51,0.51,0.51,8336000000.0,,8336000000.0,30281147000.0,8.0,5.242,765000000.0,2.687,1.0,5291000000.0,0.586,8044000000.0,162000000.0,32185000000.0,,924000000.0,853000000.0,0.0,853000000.0,35682000000.0,14183000000.0,21499000000.0,19778147000.0,919000000.0,-10000000.0,-529000000.0,466000000.0,0.0,-95000000.0,-695000000.0,244000000.0,1709000000.0,0.0,145000000.0,145000000.0,145000000.0,0.0,0.0,0.016,5029000000.0,262000000.0,2399000000.0,0.0,2.373,9.035,9.503,26739000000.0,0.0,69.47,0.515,0.515,1760000000.0,4684000000.0,9032000000.0,9032000000.0,0.0,,,,,0.0,3068000000.0,1.0,284700547.0,284700547.0,,31.725,35974000000.0,0.0,37000000.0,250000000.0,126.357,-5896000000.0
15,UAL,MRQ,2017-12-31,2017-12-31,2017-12-31,2021-10-20,-1147000000.0,42346000000.0,,7133000000.0,35213000000.0,,29.482,-978000000.0,3889000000.0,3889000000.0,3755000000.0,578000000.0,0.559,3.848,14392000000.0,1693000000.0,12699000000.0,14392000000.0,4783000000.0,2096000000.0,0.0,0.0,0.0,731000000.0,2827000000.0,0.299,2827000000.0,731000000.0,603000000.0,1.98,1.97,1.98,8734000000.0,,8734000000.0,29486414119.0,8.0,5.133,-189000000.0,-0.638,1.0,5696000000.0,0.603,8062000000.0,128000000.0,32024000000.0,,924000000.0,852000000.0,0.0,852000000.0,33612000000.0,12763000000.0,20849000000.0,19967414119.0,-388000000.0,-32000000.0,-553000000.0,239000000.0,0.0,-328000000.0,-849000000.0,140000000.0,789000000.0,0.0,578000000.0,578000000.0,578000000.0,0.0,0.0,0.061,4973000000.0,723000000.0,2196000000.0,0.0,2.286,9.318,9.52,26208000000.0,0.0,67.4,0.528,0.528,1340000000.0,4549000000.0,9451000000.0,9451000000.0,0.0,,,,,0.0,3032000000.0,1.0,296252435.0,296252435.0,,31.902,34284000000.0,0.0,25000000.0,204000000.0,115.726,-5630000000.0
16,UAL,MRQ,2017-09-30,2017-09-30,2017-09-30,2021-10-20,-824000000.0,42565000000.0,,7877000000.0,34688000000.0,,29.485,-1117000000.0,4424000000.0,4424000000.0,3557000000.0,645000000.0,0.602,3.745,13943000000.0,1641000000.0,12302000000.0,13943000000.0,4785000000.0,0.0,0.0,0.0,0.0,1162000000.0,1162000000.0,0.117,1162000000.0,1162000000.0,993000000.0,2.15,2.15,2.15,8970000000.0,,8970000000.0,26920241804.0,7.0,4.531,-540000000.0,-1.775,1.0,6342000000.0,0.641,8081000000.0,169000000.0,30916000000.0,,937000000.0,882000000.0,0.0,882000000.0,33595000000.0,13087000000.0,20508000000.0,18521241804.0,-522000000.0,0.0,-579000000.0,758000000.0,0.0,177000000.0,-1276000000.0,-178000000.0,577000000.0,0.0,645000000.0,645000000.0,645000000.0,0.0,0.0,0.065,5204000000.0,1138000000.0,2231000000.0,0.0,2.065,9.582,9.603,25629000000.0,0.0,60.88,0.495,0.495,1603000000.0,4991000000.0,9899000000.0,9899000000.0,0.0,,,,,0.0,3162000000.0,1.0,304225391.0,304225391.0,,32.538,34484000000.0,0.0,348000000.0,253000000.0,113.35,-5210000000.0
17,UAL,MRQ,2017-06-30,2017-06-30,2017-06-30,2021-10-20,-844000000.0,42307000000.0,,8248000000.0,34059000000.0,,28.593,-1088000000.0,4764000000.0,4764000000.0,3383000000.0,821000000.0,0.607,3.778,13163000000.0,1551000000.0,11612000000.0,13163000000.0,4868000000.0,0.0,0.0,0.0,0.0,1444000000.0,1444000000.0,0.144,1444000000.0,1444000000.0,1277000000.0,2.67,2.67,2.67,8854000000.0,,8854000000.0,31636614452.0,7.0,4.913,473000000.0,1.528,1.0,6625000000.0,0.662,8115000000.0,167000000.0,28995000000.0,,882000000.0,0.0,0.0,0.0,33453000000.0,13596000000.0,19857000000.0,23301614452.0,208000000.0,0.0,-454000000.0,146000000.0,0.0,-318000000.0,-1035000000.0,-62000000.0,1561000000.0,0.0,821000000.0,821000000.0,821000000.0,0.0,0.0,0.082,5188000000.0,1437000000.0,2225000000.0,0.0,2.632,10.342,10.437,25017000000.0,0.0,75.25,0.623,0.623,1499000000.0,4354000000.0,10008000000.0,10008000000.0,0.0,,,,,0.0,3227000000.0,1.0,309656006.0,309656006.0,,32.32,34192000000.0,127000000.0,456000000.0,0.0,110.419,-5348000000.0
18,UAL,MRQ,2017-03-31,2017-03-31,2017-03-31,2021-10-20,-836000000.0,41445000000.0,,7724000000.0,33721000000.0,,26.854,-687000000.0,4508000000.0,4508000000.0,3273000000.0,99000000.0,0.61,3.905,12843000000.0,829000000.0,12014000000.0,12843000000.0,4926000000.0,0.0,0.0,0.0,0.0,312000000.0,312000000.0,0.037,312000000.0,312000000.0,150000000.0,0.32,0.32,0.32,8449000000.0,,8449000000.0,29377944067.0,7.0,4.83,-140000000.0,-0.445,1.0,5153000000.0,0.612,8135000000.0,162000000.0,28983000000.0,,900000000.0,0.0,0.0,0.0,32996000000.0,12662000000.0,20334000000.0,22224944067.0,-10000000.0,0.0,-258000000.0,409000000.0,0.0,86000000.0,-643000000.0,36000000.0,547000000.0,0.0,99000000.0,99000000.0,99000000.0,0.0,0.0,0.012,4833000000.0,320000000.0,2135000000.0,0.0,2.63,11.002,11.177,24241000000.0,0.0,70.64,0.604,0.604,1429000000.0,3536000000.0,8426000000.0,8426000000.0,0.0,,,,,0.0,2955000000.0,1.0,314622651.0,314622651.0,,26.781,33310000000.0,598000000.0,51000000.0,0.0,105.873,-4938000000.0
19,UAL,MRQ,2016-12-31,2016-12-31,2016-12-31,2021-10-20,-829000000.0,40140000000.0,,7309000000.0,32831000000.0,,27.291,-904000000.0,4552000000.0,4552000000.0,3267000000.0,368000000.0,0.595,3.636,11705000000.0,965000000.0,10740000000.0,11705000000.0,4883000000.0,1977000000.0,0.0,0.0,0.0,1046000000.0,3023000000.0,0.334,3023000000.0,1046000000.0,838000000.0,1.2,1.19,1.2,8659000000.0,,8659000000.0,29601773289.0,7.0,4.608,-246000000.0,-0.775,1.0,5787000000.0,0.639,8155000000.0,208000000.0,26852000000.0,,873000000.0,579000000.0,0.0,579000000.0,31481000000.0,12286000000.0,19195000000.0,23123773289.0,-451000000.0,-62000000.0,-172000000.0,-47000000.0,0.0,-235000000.0,-874000000.0,-24000000.0,658000000.0,0.0,368000000.0,368000000.0,368000000.0,0.0,0.0,0.041,4776000000.0,1011000000.0,2139000000.0,0.0,2.67,10.351,10.765,23318000000.0,0.0,72.88,0.633,0.633,1176000000.0,3427000000.0,9054000000.0,9054000000.0,0.0,,,,,0.0,2877000000.0,1.0,317285583.0,317285583.0,,28.536,31985000000.0,655000000.0,470000000.0,0.0,100.808,-4977000000.0
20,UAL,MRQ,2016-09-30,2016-09-30,2016-09-30,2021-10-20,-798000000.0,40327000000.0,,7970000000.0,32357000000.0,,26.175,-684000000.0,4979000000.0,4979000000.0,3340000000.0,965000000.0,0.601,3.779,11457000000.0,1093000000.0,10364000000.0,11457000000.0,4911000000.0,0.0,0.0,0.0,0.0,1660000000.0,1660000000.0,0.167,1660000000.0,1660000000.0,1510000000.0,3.02,3.01,3.02,8439000000.0,,8439000000.0,23522763396.0,5.0,3.74,454000000.0,1.408,1.0,6573000000.0,0.663,8177000000.0,150000000.0,25375000000.0,,842000000.0,0.0,0.0,0.0,31888000000.0,13253000000.0,18635000000.0,16916763396.0,104000000.0,0.0,-260000000.0,-52000000.0,0.0,-328000000.0,-706000000.0,-23000000.0,1138000000.0,0.0,965000000.0,965000000.0,965000000.0,0.0,0.0,0.097,4949000000.0,1624000000.0,2138000000.0,0.0,2.005,6.291,6.551,22645000000.0,0.0,52.47,0.463,0.463,1481000000.0,5323000000.0,9913000000.0,9913000000.0,0.0,,,,,0.0,2970000000.0,1.0,322408298.0,322408298.0,,30.747,32150000000.0,863000000.0,545000000.0,0.0,99.718,-5283000000.0
21,UAL,MRQ,2016-06-30,2016-06-30,2016-06-30,2021-10-20,-734000000.0,40476000000.0,,7844000000.0,32632000000.0,,23.11,-836000000.0,4809000000.0,4809000000.0,3152000000.0,588000000.0,0.561,4.2,11415000000.0,1400000000.0,10015000000.0,11415000000.0,4962000000.0,0.0,0.0,0.0,0.0,1088000000.0,1088000000.0,0.116,1088000000.0,1088000000.0,931000000.0,1.78,1.78,1.78,7784000000.0,,7784000000.0,21295225277.0,5.0,3.327,1711000000.0,5.08,1.0,6244000000.0,0.665,8200000000.0,157000000.0,24900000000.0,,798000000.0,0.0,0.0,0.0,32692000000.0,13982000000.0,18710000000.0,13823225277.0,675000000.0,32000000.0,-790000000.0,-225000000.0,0.0,-1037000000.0,-835000000.0,-24000000.0,2547000000.0,0.0,588000000.0,588000000.0,588000000.0,0.0,0.0,0.063,5184000000.0,1060000000.0,2240000000.0,0.0,1.776,2.114,2.303,22388000000.0,0.0,41.04,0.374,0.374,1450000000.0,4358000000.0,9396000000.0,9396000000.0,0.0,,,,,0.0,2931000000.0,1.0,336823228.0,336823228.0,,27.896,32276000000.0,1392000000.0,343000000.0,0.0,95.825,-6138000000.0
22,UAL,MRQ,2016-03-31,2016-03-31,2016-03-31,2021-10-20,-777000000.0,40373000000.0,,7224000000.0,33149000000.0,,21.809,-799000000.0,4134000000.0,4134000000.0,2845000000.0,313000000.0,0.54,4.15,11606000000.0,1409000000.0,10197000000.0,11606000000.0,4982000000.0,0.0,0.0,0.0,0.0,653000000.0,653000000.0,0.08,653000000.0,653000000.0,494000000.0,0.88,0.88,0.88,7840000000.0,,7840000000.0,27877760607.0,6.0,4.176,400000000.0,1.113,1.0,5350000000.0,0.653,8635000000.0,159000000.0,25830000000.0,,759000000.0,0.0,0.0,0.0,32533000000.0,13380000000.0,19153000000.0,21518760607.0,-1237000000.0,-40000000.0,-1392000000.0,-219000000.0,0.0,-1613000000.0,-823000000.0,15000000.0,1199000000.0,0.0,313000000.0,313000000.0,313000000.0,0.0,0.0,0.038,4701000000.0,649000000.0,2065000000.0,0.0,2.745,3.012,3.121,22006000000.0,0.0,59.86,0.575,0.575,1581000000.0,3770000000.0,8195000000.0,8195000000.0,0.0,,,,,0.0,2793000000.0,1.0,359484808.0,359484808.0,,22.797,31738000000.0,1800000000.0,181000000.0,0.0,88.287,-6156000000.0
23,UAL,MRQ,2015-12-31,2015-12-31,2015-12-31,2021-10-20,-831000000.0,40861000000.0,,7828000000.0,33033000000.0,,24.05,-727000000.0,5400000000.0,5400000000.0,3312000000.0,823000000.0,0.631,3.557,11759000000.0,1359000000.0,10400000000.0,11759000000.0,4943000000.0,1819000000.0,0.0,0.0,0.0,1070000000.0,2889000000.0,0.32,2889000000.0,1070000000.0,905000000.0,2.33,2.32,2.33,8966000000.0,,8966000000.0,27678028242.0,6.0,4.127,388000000.0,1.041,1.0,5724000000.0,0.633,8659000000.0,165000000.0,26147000000.0,,738000000.0,0.0,0.0,0.0,31895000000.0,12414000000.0,19481000000.0,21362028242.0,-535000000.0,130000000.0,-507000000.0,-233000000.0,0.0,-762000000.0,-888000000.0,-20000000.0,1115000000.0,0.0,823000000.0,823000000.0,823000000.0,0.0,0.0,0.091,4643000000.0,1081000000.0,1869000000.0,0.0,2.383,2.91,2.935,21580000000.0,0.0,57.3,0.564,0.564,1128000000.0,3457000000.0,9036000000.0,9036000000.0,0.0,,,,,0.0,2740000000.0,1.0,372810266.0,372810266.0,,24.238,32202000000.0,2037000000.0,82000000.0,0.0,86.376,-4586000000.0
24,UAL,MRQ,2015-09-30,2015-09-30,2015-09-30,2021-10-20,-934000000.0,41869000000.0,,10097000000.0,31772000000.0,,22.647,-659000000.0,5805000000.0,5805000000.0,3666000000.0,4816000000.0,0.749,3.894,12121000000.0,1449000000.0,10672000000.0,12121000000.0,4934000000.0,0.0,0.0,0.0,0.0,1770000000.0,1770000000.0,0.172,1770000000.0,1770000000.0,1606000000.0,12.83,12.82,12.83,8555000000.0,,8555000000.0,26500289272.0,7.0,4.652,641000000.0,1.697,1.0,6640000000.0,0.644,8716000000.0,164000000.0,25981000000.0,,704000000.0,0.0,0.0,0.0,33314000000.0,13488000000.0,19826000000.0,20040289272.0,631000000.0,0.0,-265000000.0,149000000.0,0.0,-123000000.0,-546000000.0,15000000.0,1300000000.0,0.0,4816000000.0,4816000000.0,4816000000.0,0.0,0.0,0.467,4741000000.0,1899000000.0,2082000000.0,0.0,2.343,3.062,3.054,21176000000.0,0.0,53.05,0.525,0.525,1513000000.0,2634000000.0,10306000000.0,10306000000.0,0.0,,,,,0.0,2900000000.0,1.0,377762286.0,377762286.0,,27.282,33153000000.0,2152000000.0,-3210000000.0,0.0,87.762,-3391000000.0
25,UAL,MRQ,2015-06-30,2015-06-30,2015-06-30,2021-10-20,-812000000.0,39367000000.0,,8793000000.0,30574000000.0,,10.791,-1082000000.0,5199000000.0,5199000000.0,3867000000.0,1193000000.0,0.637,8.55,11659000000.0,1158000000.0,10501000000.0,11659000000.0,4989000000.0,0.0,0.0,0.0,0.0,1364000000.0,1364000000.0,0.138,1364000000.0,1364000000.0,1197000000.0,3.14,3.14,3.14,4122000000.0,,4122000000.0,26656896864.0,8.0,5.297,670000000.0,1.754,1.0,6047000000.0,0.61,8743000000.0,167000000.0,23274000000.0,,656000000.0,0.0,0.0,0.0,35245000000.0,13810000000.0,21435000000.0,20249896864.0,-556000000.0,-130000000.0,-250000000.0,-924000000.0,0.0,-1180000000.0,-1128000000.0,66000000.0,1752000000.0,0.0,1193000000.0,1193000000.0,1193000000.0,0.0,0.0,0.12,4602000000.0,1445000000.0,2322000000.0,0.0,4.913,7.633,7.53,20701000000.0,0.0,53.01,0.527,0.527,1471000000.0,-2182000000.0,9914000000.0,9914000000.0,0.0,,,,,0.0,2802000000.0,1.0,382001450.0,382001450.0,,25.953,30624000000.0,619000000.0,4000000.0,1623000000.0,80.167,-5017000000.0
26,UAL,MRQ,2015-03-31,2015-03-31,2015-03-31,2021-10-20,-977000000.0,39091000000.0,,9509000000.0,29582000000.0,,7.829,-193000000.0,5879000000.0,5879000000.0,3575000000.0,508000000.0,0.681,11.996,12286000000.0,1812000000.0,10474000000.0,12286000000.0,5025000000.0,0.0,0.0,0.0,0.0,684000000.0,684000000.0,0.079,684000000.0,684000000.0,511000000.0,1.33,1.32,1.33,3008000000.0,,3008000000.0,33250223315.0,11.0,7.158,1632000000.0,4.247,1.0,5033000000.0,0.585,8780000000.0,173000000.0,22749000000.0,,631000000.0,0.0,0.0,0.0,36083000000.0,13969000000.0,22114000000.0,25839223315.0,1350000000.0,0.0,-195000000.0,-220000000.0,0.0,-430000000.0,-45000000.0,129000000.0,1825000000.0,0.0,508000000.0,508000000.0,508000000.0,0.0,0.0,0.059,4292000000.0,741000000.0,2074000000.0,0.0,8.59,11.489,11.171,19862000000.0,0.0,67.25,0.666,0.666,1471000000.0,-3375000000.0,8608000000.0,8608000000.0,0.0,,,,,0.0,2613000000.0,1.0,384226369.0,384226369.0,,22.403,30311000000.0,575000000.0,3000000.0,1577000000.0,78.888,-4460000000.0
27,UAL,MRQ,2014-12-31,2014-12-31,2014-12-31,2021-10-20,-1079000000.0,36595000000.0,,7547000000.0,29048000000.0,,6.492,-639000000.0,4660000000.0,4660000000.0,4325000000.0,28000000.0,0.603,14.273,11947000000.0,1423000000.0,10524000000.0,11947000000.0,4937000000.0,1679000000.0,0.0,0.0,0.0,199000000.0,1878000000.0,0.202,1878000000.0,199000000.0,23000000.0,0.07,0.09,0.07,2396000000.0,,2396000000.0,30951143203.0,17.0,8.738,-737000000.0,-1.997,1.0,4988000000.0,0.536,8807000000.0,176000000.0,22567000000.0,,666000000.0,0.0,0.0,0.0,34199000000.0,12508000000.0,21691000000.0,24687143203.0,-1190000000.0,0.0,-32000000.0,-293000000.0,0.0,-391000000.0,-701000000.0,14000000.0,-98000000.0,0.0,28000000.0,28000000.0,28000000.0,0.0,0.0,0.003,4363000000.0,625000000.0,1882000000.0,0.0,10.303,21.808,21.931,19467000000.0,0.0,66.89,0.635,0.635,1146000000.0,-3883000000.0,9313000000.0,9313000000.0,0.0,,,,,0.0,2585000000.0,1.0,369070761.0,369070761.0,,25.234,27788000000.0,0.0,-5000000.0,1000000000.0,75.292,-4961000000.0
28,UAL,MRQ,2014-09-30,2014-09-30,2014-09-30,2021-10-20,388000000.0,38011000000.0,,9225000000.0,28786000000.0,,10.343,-362000000.0,5830000000.0,5830000000.0,4948000000.0,924000000.0,0.717,8.837,12094000000.0,1439000000.0,10655000000.0,12094000000.0,4910000000.0,0.0,0.0,0.0,0.0,1106000000.0,1106000000.0,0.105,1106000000.0,1106000000.0,920000000.0,2.5,2.37,2.5,3864000000.0,,3864000000.0,23652553756.0,12.0,6.466,212000000.0,0.567,1.0,5615000000.0,0.532,8853000000.0,186000000.0,22558000000.0,,700000000.0,0.0,0.0,0.0,34147000000.0,12864000000.0,21283000000.0,17479553756.0,-307000000.0,0.0,-220000000.0,-330000000.0,0.0,-583000000.0,-298000000.0,3000000.0,574000000.0,0.0,924000000.0,924000000.0,924000000.0,0.0,0.0,0.087,4424000000.0,1191000000.0,2085000000.0,0.0,4.524,14.051,13.967,18943000000.0,0.0,46.79,0.449,0.449,1559000000.0,-3911000000.0,10563000000.0,10563000000.0,0.0,,,,,0.0,2719000000.0,1.0,373574562.0,373574562.0,,28.275,29158000000.0,582000000.0,-4000000.0,1570000000.0,78.051,-3639000000.0
29,UAL,MRQ,2014-06-30,2014-06-30,2014-06-30,2021-10-20,589000000.0,38447000000.0,,9619000000.0,28828000000.0,,8.961,-581000000.0,6147000000.0,6147000000.0,4952000000.0,789000000.0,0.721,10.487,12320000000.0,1266000000.0,11054000000.0,12320000000.0,4882000000.0,0.0,0.0,0.0,0.0,977000000.0,977000000.0,0.095,977000000.0,977000000.0,791000000.0,2.12,2.01,2.12,3347000000.0,,3347000000.0,22050826078.0,15.0,7.047,883000000.0,2.364,1.0,5377000000.0,0.521,8895000000.0,186000000.0,22391000000.0,,685000000.0,0.0,0.0,0.0,35100000000.0,13334000000.0,21766000000.0,15339826078.0,415000000.0,0.0,0.0,-85000000.0,0.0,-144000000.0,-905000000.0,-363000000.0,1464000000.0,0.0,789000000.0,789000000.0,789000000.0,0.0,0.0,0.076,4471000000.0,906000000.0,2441000000.0,0.0,4.583,21.945,21.503,18857000000.0,0.0,41.07,0.398,0.398,1665000000.0,-4835000000.0,10329000000.0,10329000000.0,0.0,,,,,0.0,2533000000.0,1.0,373504409.0,373504409.0,,27.654,29552000000.0,586000000.0,2000000.0,1576000000.0,79.121,-3715000000.0
30,UAL,MRQ,2014-03-31,2014-03-31,2014-03-31,2021-10-20,580000000.0,37185000000.0,,8788000000.0,28397000000.0,,6.941,-329000000.0,5413000000.0,5413000000.0,4730000000.0,-609000000.0,0.671,13.418,12124000000.0,1290000000.0,10834000000.0,12124000000.0,4911000000.0,0.0,0.0,0.0,0.0,-419000000.0,-419000000.0,-0.048,-419000000.0,-419000000.0,-606000000.0,-1.66,-1.66,-1.66,2579000000.0,,2579000000.0,23475558294.0,21.0,8.334,365000000.0,0.982,1.0,3966000000.0,0.456,8925000000.0,187000000.0,21880000000.0,,641000000.0,0.0,0.0,0.0,34606000000.0,13091000000.0,21515000000.0,16582558294.0,-211000000.0,0.0,0.0,-490000000.0,0.0,-478000000.0,-427000000.0,-111000000.0,694000000.0,0.0,-609000000.0,-609000000.0,-609000000.0,0.0,0.0,-0.07,4315000000.0,-349000000.0,2332000000.0,0.0,6.43,43.753,38.474,18384000000.0,0.0,44.63,0.433,0.433,1609000000.0,-5624000000.0,8696000000.0,8696000000.0,0.0,,,,,0.0,2471000000.0,1.0,371556314.0,371556314.0,,23.404,28260000000.0,620000000.0,3000000.0,1608000000.0,76.058,-4303000000.0
31,UAL,MRQ,2013-12-31,2013-12-31,2013-12-31,2021-10-20,608000000.0,36812000000.0,,8702000000.0,28110000000.0,,8.246,-678000000.0,5516000000.0,5516000000.0,4754000000.0,140000000.0,0.719,11.336,12409000000.0,1485000000.0,10924000000.0,12409000000.0,4904000000.0,1689000000.0,0.0,0.0,0.0,305000000.0,1994000000.0,0.214,1994000000.0,305000000.0,112000000.0,0.39,0.38,0.39,2984000000.0,,2984000000.0,19600602325.0,15.0,6.51,-1012000000.0,-2.797,1.0,4575000000.0,0.49,8959000000.0,193000000.0,22639000000.0,,667000000.0,0.0,0.0,0.0,33828000000.0,12107000000.0,21721000000.0,13689602325.0,-715000000.0,0.0,29000000.0,348000000.0,0.0,342000000.0,-723000000.0,-98000000.0,-334000000.0,0.0,140000000.0,140000000.0,140000000.0,0.0,0.0,0.015,4340000000.0,235000000.0,2087000000.0,0.0,4.588,23.975,23.067,18047000000.0,0.0,37.83,0.358,0.358,1503000000.0,-5015000000.0,9329000000.0,9329000000.0,0.0,,,,,0.0,2452000000.0,1.0,361871592.0,361871592.0,,25.78,27853000000.0,676000000.0,-28000000.0,1662000000.0,76.969,-3405000000.0
32,UAL,MRQ,2013-09-30,2013-09-30,2013-09-30,2021-10-20,-493000000.0,37260000000.0,,9389000000.0,27871000000.0,,4.855,-530000000.0,6148000000.0,6148000000.0,5126000000.0,379000000.0,0.745,20.562,12059000000.0,1074000000.0,10985000000.0,12059000000.0,4934000000.0,0.0,0.0,0.0,0.0,577000000.0,577000000.0,0.056,577000000.0,577000000.0,382000000.0,1.06,0.98,1.06,1728000000.0,,1728000000.0,16496803333.0,28.0,7.815,-293000000.0,-0.823,1.0,5102000000.0,0.499,9010000000.0,195000000.0,21557000000.0,,646000000.0,0.0,0.0,0.0,35532000000.0,12604000000.0,22928000000.0,10929803333.0,-208000000.0,0.0,0.0,46000000.0,0.0,21000000.0,-466000000.0,19000000.0,237000000.0,0.0,379000000.0,379000000.0,379000000.0,0.0,0.0,0.037,4594000000.0,508000000.0,2126000000.0,0.0,6.325,-57.83,-43.871,17766000000.0,0.0,30.71,0.29,0.29,1693000000.0,-5155000000.0,10228000000.0,10228000000.0,0.0,,,,,0.0,2586000000.0,1.0,355903723.0,355903723.0,,28.738,28250000000.0,568000000.0,3000000.0,1573000000.0,79.375,-3215000000.0
33,UAL,MRQ,2013-06-30,2013-06-30,2013-06-30,2021-10-20,-569000000.0,37468000000.0,,9621000000.0,27847000000.0,,3.644,-438000000.0,6399000000.0,6399000000.0,4918000000.0,469000000.0,0.744,29.787,11966000000.0,1028000000.0,10938000000.0,11966000000.0,4987000000.0,0.0,0.0,0.0,0.0,665000000.0,665000000.0,0.066,665000000.0,665000000.0,471000000.0,1.37,1.21,1.37,1217000000.0,,1217000000.0,16770904907.0,73.0,9.578,710000000.0,2.126,1.0,5083000000.0,0.508,9046000000.0,194000000.0,21062000000.0,,555000000.0,0.0,0.0,0.0,36251000000.0,12927000000.0,23324000000.0,10448904907.0,605000000.0,0.0,0.0,-129000000.0,0.0,-141000000.0,-402000000.0,36000000.0,1148000000.0,0.0,469000000.0,469000000.0,469000000.0,0.0,0.0,0.047,4313000000.0,770000000.0,2298000000.0,0.0,8.586,-18.592,-17.983,17584000000.0,0.0,31.29,0.28,0.28,1732000000.0,-5534000000.0,10001000000.0,10001000000.0,0.0,,,,,0.0,2522000000.0,1.0,333937517.0,333937517.0,,29.949,28422000000.0,540000000.0,2000000.0,1542000000.0,85.112,-3306000000.0
34,UAL,MRQ,2013-03-31,2013-03-31,2013-03-31,2021-10-20,-1027000000.0,36842000000.0,,9148000000.0,27694000000.0,,0.283,-366000000.0,5825000000.0,5825000000.0,4813000000.0,-417000000.0,0.71,390.936,12147000000.0,1200000000.0,10947000000.0,12147000000.0,5067000000.0,0.0,0.0,0.0,0.0,-225000000.0,-225000000.0,-0.026,-225000000.0,-225000000.0,-426000000.0,-1.26,-1.26,-1.26,94000000.0,,94000000.0,16823650799.0,144.0,10.265,27000000.0,0.081,1.0,3908000000.0,0.448,9084000000.0,201000000.0,21188000000.0,,690000000.0,0.0,0.0,0.0,36748000000.0,12892000000.0,23856000000.0,10647650799.0,-1232000000.0,0.0,0.0,-1161000000.0,0.0,-1194000000.0,-431000000.0,-77000000.0,393000000.0,0.0,-417000000.0,-417000000.0,-417000000.0,0.0,0.0,-0.048,4172000000.0,-264000000.0,2293000000.0,0.0,113.273,-15.387,-15.316,17437000000.0,0.0,32.01,0.286,0.286,1679000000.0,-6003000000.0,8721000000.0,8721000000.0,0.0,,,,,0.0,2455000000.0,1.0,332635139.0,332635139.0,,26.218,27758000000.0,494000000.0,-9000000.0,1485000000.0,83.449,-3744000000.0
35,UAL,MRQ,2012-12-31,2012-12-31,2012-12-31,2021-10-20,-1046000000.0,37628000000.0,,10049000000.0,27579000000.0,,1.447,-952000000.0,6990000000.0,6990000000.0,4829000000.0,-620000000.0,0.784,77.229,13166000000.0,1934000000.0,11232000000.0,13166000000.0,5120000000.0,1522000000.0,0.0,0.0,0.0,-428000000.0,1094000000.0,0.126,1094000000.0,-428000000.0,-632000000.0,-1.87,-1.87,-1.87,481000000.0,,481000000.0,12865140174.0,116.0,7.878,-862000000.0,-2.593,1.0,3873000000.0,0.445,9120000000.0,204000000.0,21866000000.0,,695000000.0,0.0,0.0,0.0,37147000000.0,12818000000.0,24329000000.0,7772140174.0,-359000000.0,0.0,17000000.0,765000000.0,0.0,703000000.0,-1152000000.0,-223000000.0,90000000.0,0.0,-620000000.0,-620000000.0,-620000000.0,0.0,0.0,-0.071,4338000000.0,-465000000.0,2312000000.0,0.0,16.158,-10.75,-10.725,17292000000.0,0.0,23.38,0.209,0.209,1338000000.0,-5586000000.0,8702000000.0,8702000000.0,0.0,,,,,0.0,2300000000.0,1.0,332426868.0,332426868.0,,26.177,28508000000.0,543000000.0,-12000000.0,1543000000.0,85.757,-2769000000.0
36,UAL,MRQ,2012-09-30,2012-09-30,2012-09-30,2021-10-20,-319000000.0,37905000000.0,,10774000000.0,27131000000.0,,5.497,-407000000.0,7151000000.0,7151000000.0,5252000000.0,6000000.0,0.825,19.747,12244000000.0,1824000000.0,10420000000.0,12244000000.0,5244000000.0,0.0,0.0,0.0,0.0,217000000.0,217000000.0,0.022,217000000.0,217000000.0,15000000.0,0.02,0.02,0.02,1827000000.0,,1827000000.0,10637943131.0,17.0,7.217,-645000000.0,-1.941,1.0,4657000000.0,0.47,9173000000.0,202000000.0,20768000000.0,,675000000.0,0.0,0.0,0.0,36078000000.0,13057000000.0,23021000000.0,6480943131.0,-957000000.0,0.0,0.0,-487000000.0,0.0,-489000000.0,-230000000.0,74000000.0,-238000000.0,0.0,6000000.0,6000000.0,6000000.0,0.0,0.0,0.001,4457000000.0,200000000.0,2188000000.0,0.0,3.547,-26.892,-26.351,16810000000.0,0.0,19.5,0.173,0.173,1862000000.0,-4965000000.0,9909000000.0,9909000000.0,0.0,,,,,0.0,2394000000.0,1.0,332356058.0,332356058.0,,29.814,28732000000.0,641000000.0,9000000.0,1649000000.0,86.449,-2283000000.0
37,UAL,MRQ,2012-06-30,2012-06-30,2012-06-30,2021-10-20,-499000000.0,38694000000.0,,11708000000.0,26986000000.0,,4.924,-262000000.0,8290000000.0,8290000000.0,5237000000.0,339000000.0,0.88,22.666,12447000000.0,1468000000.0,10979000000.0,12447000000.0,5398000000.0,0.0,0.0,0.0,0.0,553000000.0,553000000.0,0.056,553000000.0,553000000.0,340000000.0,1.02,0.89,1.02,1635000000.0,,1635000000.0,12671046733.0,10.0,5.342,697000000.0,2.099,1.0,4702000000.0,0.473,9204000000.0,213000000.0,20335000000.0,,611000000.0,0.0,0.0,0.0,37059000000.0,13312000000.0,23747000000.0,8079046733.0,480000000.0,0.0,0.0,-258000000.0,0.0,-266000000.0,-213000000.0,52000000.0,959000000.0,0.0,339000000.0,339000000.0,339000000.0,0.0,0.0,0.034,4127000000.0,575000000.0,2165000000.0,0.0,4.941,19.899,20.107,16577000000.0,0.0,24.33,0.215,0.215,1818000000.0,-4972000000.0,9939000000.0,9939000000.0,0.0,,,,,0.0,2369000000.0,1.0,332061107.0,332061107.0,,29.931,29490000000.0,658000000.0,1000000.0,1646000000.0,88.809,-1604000000.0
38,UAL,MRQ,2012-03-31,2012-03-31,2012-03-31,2021-10-20,-280000000.0,38199000000.0,,11261000000.0,26938000000.0,,4.547,-212000000.0,7844000000.0,7844000000.0,4972000000.0,-448000000.0,0.902,24.297,12436000000.0,1140000000.0,11296000000.0,12436000000.0,5565000000.0,0.0,0.0,0.0,0.0,-231000000.0,-231000000.0,-0.027,-231000000.0,-231000000.0,-447000000.0,-1.36,-1.36,-1.36,1510000000.0,,1510000000.0,11543433082.0,8.0,4.309,-88000000.0,-0.265,1.0,3630000000.0,0.422,9235000000.0,216000000.0,21070000000.0,,645000000.0,0.0,0.0,0.0,36689000000.0,12486000000.0,24203000000.0,7139433082.0,-640000000.0,0.0,0.0,-416000000.0,0.0,-402000000.0,-362000000.0,-148000000.0,124000000.0,0.0,-448000000.0,-448000000.0,-448000000.0,0.0,0.0,-0.052,3901000000.0,-271000000.0,2220000000.0,0.0,4.728,11.801,11.813,16444000000.0,0.0,21.5,0.19,0.19,1908000000.0,-5311000000.0,8602000000.0,8602000000.0,0.0,,,,,0.0,2234000000.0,1.0,332066655.0,332066655.0,,25.904,28964000000.0,610000000.0,1000000.0,1596000000.0,87.223,-1225000000.0
39,UAL,MRQ,2011-12-31,2011-12-31,2011-12-31,2021-10-20,-417000000.0,37988000000.0,,10997000000.0,26991000000.0,,5.459,-400000000.0,8331000000.0,8331000000.0,4841000000.0,-138000000.0,0.965,20.034,12735000000.0,1311000000.0,11424000000.0,12735000000.0,5658000000.0,863000000.0,0.0,0.0,0.0,72000000.0,935000000.0,0.105,935000000.0,72000000.0,-146000000.0,-0.42,-0.33,-0.42,1806000000.0,,1806000000.0,10656195148.0,6.0,3.19,570000000.0,1.723,1.0,4087000000.0,0.458,9273000000.0,218000000.0,21725000000.0,,615000000.0,0.0,0.0,0.0,36182000000.0,11394000000.0,24788000000.0,6243195148.0,-1228000000.0,0.0,26000000.0,-951000000.0,0.0,-930000000.0,-1268000000.0,-712000000.0,970000000.0,0.0,-138000000.0,-138000000.0,-138000000.0,0.0,0.0,-0.015,4042000000.0,45000000.0,1998000000.0,0.0,3.457,7.432,7.429,16419000000.0,0.0,18.87,0.168,0.168,1358000000.0,-4863000000.0,8928000000.0,8928000000.0,0.0,,,,,17000000.0,2243000000.0,1.0,330852949.0,330852949.0,,26.985,28715000000.0,615000000.0,-8000000.0,1603000000.0,86.791,-397000000.0
40,UAL,MRQ,2011-09-30,2011-09-30,2011-09-30,2021-10-20,-45000000.0,39054000000.0,,11986000000.0,27068000000.0,,6.99,-96000000.0,8744000000.0,8744000000.0,5168000000.0,653000000.0,1.007,15.892,13157000000.0,1339000000.0,11818000000.0,13157000000.0,5850000000.0,228000000.0,0.0,0.0,0.0,887000000.0,1115000000.0,0.11,1115000000.0,887000000.0,660000000.0,1.97,1.69,1.97,2312000000.0,,2312000000.0,11025390488.0,7.0,4.019,300000000.0,0.907,1.0,5003000000.0,0.492,9295000000.0,227000000.0,22274000000.0,,628000000.0,92000000.0,0.0,92000000.0,36742000000.0,11898000000.0,24844000000.0,6410390488.0,-37000000.0,0.0,0.0,-302000000.0,0.0,-299000000.0,-134000000.0,-30000000.0,396000000.0,0.0,653000000.0,653000000.0,653000000.0,0.0,0.0,0.064,4068000000.0,935000000.0,1808000000.0,0.0,2.773,9.817,26.548,16549000000.0,0.0,19.38,0.175,0.175,1713000000.0,-4725000000.0,10171000000.0,10171000000.0,0.0,,,,,0.0,2397000000.0,1.0,330773503.0,330773503.0,,30.749,29759000000.0,643000000.0,7000000.0,1641000000.0,89.968,88000000.0
41,UAL,MRQ,2011-06-30,2011-06-30,2011-06-30,2021-10-20,242000000.0,39694000000.0,,12391000000.0,27303000000.0,,5.876,-55000000.0,8983000000.0,8983000000.0,5040000000.0,538000000.0,0.971,19.44,13598000000.0,1527000000.0,12071000000.0,13598000000.0,5846000000.0,68000000.0,0.0,0.0,0.0,792000000.0,860000000.0,0.088,860000000.0,792000000.0,542000000.0,1.63,1.39,1.63,1942000000.0,,1942000000.0,12750511026.0,10.0,5.26,-18000000.0,-0.054,1.0,4769000000.0,0.486,9338000000.0,250000000.0,22209000000.0,,508000000.0,101000000.0,0.0,101000000.0,37752000000.0,12762000000.0,24990000000.0,7478511026.0,-654000000.0,0.0,0.0,-591000000.0,0.0,-614000000.0,-77000000.0,-11000000.0,37000000.0,0.0,538000000.0,538000000.0,538000000.0,0.0,0.0,0.055,3961000000.0,808000000.0,1999000000.0,0.0,3.851,19.324,21.349,16690000000.0,0.0,22.63,0.234,0.234,1863000000.0,-5378000000.0,9809000000.0,9809000000.0,0.0,,,,,0.0,2291000000.0,1.0,330468892.0,330468892.0,,29.682,30356000000.0,622000000.0,4000000.0,1618000000.0,91.857,-371000000.0
42,UAL,MRQ,2011-03-31,2011-03-31,2011-03-31,2021-10-20,756000000.0,40552000000.0,,13148000000.0,27404000000.0,,5.819,-166000000.0,9312000000.0,9312000000.0,4410000000.0,-213000000.0,0.948,20.209,14584000000.0,2467000000.0,12117000000.0,14584000000.0,6088000000.0,388000000.0,0.0,0.0,0.0,43000000.0,431000000.0,0.053,431000000.0,43000000.0,-211000000.0,-0.65,-0.65,-0.65,1912000000.0,,1912000000.0,13619383467.0,14.0,6.091,839000000.0,2.554,1.0,3792000000.0,0.462,9389000000.0,254000000.0,22561000000.0,,619000000.0,98000000.0,0.0,98000000.0,38640000000.0,13874000000.0,24766000000.0,7553383467.0,96000000.0,0.0,0.0,-621000000.0,0.0,-589000000.0,-320000000.0,-145000000.0,1005000000.0,0.0,-213000000.0,-213000000.0,-213000000.0,0.0,0.0,-0.026,3758000000.0,34000000.0,1897000000.0,0.0,3.951,61.913,21.895,16832000000.0,0.0,22.99,0.277,0.277,2357000000.0,-5916000000.0,8202000000.0,8202000000.0,0.0,,,,,0.0,2156000000.0,1.0,328550825.0,328550825.0,,24.964,31163000000.0,554000000.0,2000000.0,1549000000.0,94.85,-726000000.0
43,UAL,MRQ,2010-12-31,2010-12-31,2010-12-31,2021-10-20,387000000.0,39598000000.0,,12045000000.0,27553000000.0,,5.447,-181000000.0,9067000000.0,9067000000.0,4215000000.0,-325000000.0,0.953,21.929,15133000000.0,2663000000.0,12470000000.0,15133000000.0,6073000000.0,403000000.0,0.0,0.0,0.0,-66000000.0,337000000.0,0.04,337000000.0,-66000000.0,-324000000.0,-2.22,-1.7,-2.22,1727000000.0,,1727000000.0,11235652086.0,11.0,5.275,-75000000.0,-0.237,1.0,4249000000.0,0.502,9440000000.0,258000000.0,23579000000.0,,466000000.0,0.0,0.0,0.0,37871000000.0,12645000000.0,25226000000.0,7552652086.0,3131000000.0,3698000000.0,18000000.0,-719000000.0,0.0,-447000000.0,3472000000.0,-42000000.0,106000000.0,0.0,-325000000.0,-325000000.0,-325000000.0,0.0,0.0,-0.038,4331000000.0,-82000000.0,1805000000.0,0.0,4.373,29.852,19.525,16945000000.0,0.0,23.82,0.324,0.324,1613000000.0,-5703000000.0,8464000000.0,8464000000.0,0.0,,,,,14000000.0,2160000000.0,1.0,317071876.0,317071876.0,,26.694,30158000000.0,591000000.0,1000000.0,1585000000.0,95.114,-600000000.0
44,UAL,MRQ,2010-09-30,2010-09-30,2010-09-30,2021-10-20,48000000.0,20055000000.0,,7070000000.0,12985000000.0,,-13.103,-88000000.0,5158000000.0,5158000000.0,2563000000.0,387000000.0,0.856,-10.091,8841000000.0,1910000000.0,6931000000.0,8841000000.0,4034000000.0,232000000.0,0.0,0.0,0.0,564000000.0,796000000.0,0.147,796000000.0,564000000.0,387000000.0,2.3,1.75,2.3,-2206000000.0,,-2206000000.0,8001436473.0,7.0,4.029,357000000.0,2.12,1.0,2854000000.0,0.527,2400000000.0,177000000.0,13082000000.0,,286000000.0,101000000.0,0.0,101000000.0,22261000000.0,8256000000.0,14005000000.0,3983436473.0,32000000.0,0.0,0.0,-363000000.0,0.0,-356000000.0,-57000000.0,0.0,445000000.0,0.0,387000000.0,387000000.0,387000000.0,0.0,0.0,0.071,2313000000.0,541000000.0,889000000.0,0.0,-1.806,11.785,12.196,9490000000.0,0.0,23.66,0.21,0.21,1044000000.0,-5377000000.0,5417000000.0,5417000000.0,0.0,,,,,0.0,1333000000.0,1.0,168361643.0,168361643.0,,32.175,17655000000.0,74000000.0,0.0,583000000.0,104.864,-1186000000.0
45,UAL,MRQ,2010-06-30,2010-06-30,2010-06-30,2021-10-20,-109000000.0,20134000000.0,,6983000000.0,13151000000.0,,-16.417,-52000000.0,5156000000.0,5156000000.0,2488000000.0,273000000.0,0.815,-8.306,9174000000.0,1879000000.0,7295000000.0,9174000000.0,4101000000.0,223000000.0,0.0,0.0,0.0,449000000.0,672000000.0,0.13,672000000.0,449000000.0,271000000.0,1.62,1.29,1.62,-2756000000.0,,-2756000000.0,8946424326.0,15.0,5.984,822000000.0,4.897,1.0,2673000000.0,0.518,2416000000.0,178000000.0,13163000000.0,,280000000.0,97000000.0,0.0,97000000.0,22890000000.0,8573000000.0,14317000000.0,3451424326.0,1390000000.0,0.0,0.0,550000000.0,0.0,535000000.0,-19000000.0,0.0,874000000.0,0.0,273000000.0,273000000.0,273000000.0,0.0,0.0,0.053,2232000000.0,441000000.0,926000000.0,0.0,-1.252,-32.561,-27.413,9603000000.0,0.0,20.56,0.191,0.191,971000000.0,-5765000000.0,5161000000.0,5161000000.0,0.0,,,,,0.0,1259000000.0,1.0,167870833.0,167870833.0,,30.744,17718000000.0,51000000.0,-2000000.0,537000000.0,105.545,-1590000000.0
46,UAL,MRQ,2010-03-31,2010-03-31,2010-03-31,2021-10-20,40000000.0,19952000000.0,,6520000000.0,13432000000.0,,-17.241,-47000000.0,3809000000.0,3809000000.0,2155000000.0,-82000000.0,0.865,-7.911,9304000000.0,1072000000.0,8232000000.0,9304000000.0,4173000000.0,221000000.0,0.0,0.0,0.0,104000000.0,325000000.0,0.077,325000000.0,104000000.0,-81000000.0,-0.49,-0.49,-0.49,-2887000000.0,,-2887000000.0,8433722572.0,29.0,7.058,435000000.0,2.598,1.0,2086000000.0,0.492,2439000000.0,185000000.0,15469000000.0,,188000000.0,95000000.0,0.0,95000000.0,22839000000.0,7539000000.0,15300000000.0,3273722572.0,474000000.0,0.0,0.0,78000000.0,0.0,68000000.0,-76000000.0,-42000000.0,482000000.0,0.0,-82000000.0,-82000000.0,-82000000.0,0.0,0.0,-0.019,2010000000.0,76000000.0,887000000.0,0.0,-1.134,-9.327,-8.968,9714000000.0,0.0,19.55,0.194,0.194,968000000.0,-6038000000.0,4241000000.0,4241000000.0,0.0,,,,,0.0,1162000000.0,1.0,167453840.0,167453840.0,,25.326,17513000000.0,51000000.0,1000000.0,539000000.0,104.584,-1019000000.0
47,UAL,MRQ,2009-12-31,2009-12-31,2009-12-31,2021-10-20,35000000.0,18684000000.0,,5105000000.0,13579000000.0,,-16.828,-10000000.0,3383000000.0,3383000000.0,684000000.0,-240000000.0,0.789,-7.647,8543000000.0,971000000.0,7572000000.0,8543000000.0,4235000000.0,242000000.0,0.0,0.0,0.0,-49000000.0,193000000.0,0.046,193000000.0,-49000000.0,-211000000.0,-1.49,-1.49,-1.49,-2811000000.0,,-2811000000.0,7205497528.0,-79.0,8.723,78000000.0,0.467,1.0,3509000000.0,0.837,2455000000.0,162000000.0,14916000000.0,,472000000.0,88000000.0,0.0,88000000.0,21495000000.0,6473000000.0,15022000000.0,2156497528.0,517000000.0,0.0,130000000.0,324000000.0,0.0,457000000.0,-28000000.0,0.0,88000000.0,0.0,-240000000.0,-240000000.0,-240000000.0,0.0,0.0,-0.057,3583000000.0,-74000000.0,803000000.0,0.0,-0.767,-3.313,-2.988,9840000000.0,0.0,12.91,0.132,0.132,743000000.0,-5956000000.0,4193000000.0,4193000000.0,0.0,,,,,21000000.0,1349000000.0,1.0,167040862.0,167040862.0,,25.102,16229000000.0,63000000.0,29000000.0,551000000.0,97.156,-1368000000.0
48,UAL,MRQ,2009-09-30,2009-09-30,2009-09-30,2021-10-20,99000000.0,18347000000.0,,4526000000.0,13821000000.0,,-18.271,-60000000.0,2834000000.0,2834000000.0,2744000000.0,-57000000.0,0.682,-7.936,7883000000.0,904000000.0,6979000000.0,7883000000.0,4251000000.0,220000000.0,0.0,0.0,0.0,85000000.0,305000000.0,0.069,305000000.0,85000000.0,-61000000.0,-0.39,-0.39,-0.39,-2645000000.0,,-2645000000.0,6299705161.0,-5.0,-23.161,-4000000.0,-0.028,1.0,1689000000.0,0.381,2472000000.0,146000000.0,14287000000.0,,216000000.0,90000000.0,0.0,90000000.0,20992000000.0,6637000000.0,14355000000.0,1334705161.0,-41000000.0,0.0,27000000.0,-82000000.0,0.0,-54000000.0,-43000000.0,0.0,56000000.0,0.0,-57000000.0,-57000000.0,-57000000.0,0.0,0.0,-0.013,1601000000.0,88000000.0,807000000.0,0.0,-0.505,-0.773,-0.72,9732000000.0,0.0,9.22,0.08,0.08,843000000.0,-5719000000.0,4433000000.0,4433000000.0,0.0,,,,,0.0,1099000000.0,1.0,144761948.0,144761948.0,,30.623,15875000000.0,92000000.0,-4000000.0,576000000.0,109.663,-2111000000.0
49,UAL,MRQ,2009-06-30,2009-06-30,2009-06-30,2021-10-20,89000000.0,18806000000.0,,4754000000.0,14052000000.0,,-18.265,-91000000.0,2847000000.0,2847000000.0,2277000000.0,28000000.0,0.67,-8.153,7812000000.0,1011000000.0,6801000000.0,7812000000.0,4258000000.0,222000000.0,0.0,0.0,0.0,150000000.0,372000000.0,0.093,372000000.0,150000000.0,15000000.0,0.19,0.19,0.19,-2629000000.0,,-2629000000.0,5695148152.0,-3.0,-5.758,305000000.0,2.119,1.0,1741000000.0,0.433,2507000000.0,135000000.0,14164000000.0,,228000000.0,79000000.0,0.0,79000000.0,21435000000.0,7100000000.0,14335000000.0,459148152.0,109000000.0,0.0,0.0,-213000000.0,0.0,-213000000.0,-74000000.0,0.0,396000000.0,0.0,28000000.0,28000000.0,28000000.0,0.0,0.0,0.007,1634000000.0,107000000.0,791000000.0,0.0,-0.175,-0.187,-0.169,9943000000.0,0.0,3.19,0.026,0.026,921000000.0,-5662000000.0,4018000000.0,4018000000.0,0.0,,,,,0.0,1102000000.0,1.0,143933590.0,143933590.0,,27.916,16299000000.0,102000000.0,-13000000.0,582000000.0,113.24,-2346000000.0
50,UAL,MRQ,2009-03-31,2009-03-31,2009-03-31,2021-10-20,91000000.0,19101000000.0,,4857000000.0,14244000000.0,,-18.452,-79000000.0,2712000000.0,2712000000.0,2344000000.0,-382000000.0,0.674,-8.194,7948000000.0,977000000.0,6971000000.0,7948000000.0,4242000000.0,233000000.0,0.0,0.0,0.0,-277000000.0,-44000000.0,-0.012,-44000000.0,-277000000.0,-411000000.0,-2.64,-2.64,-2.64,-2655000000.0,,-2655000000.0,6482608487.0,-1.0,-1.716,347000000.0,2.412,1.0,1347000000.0,0.365,2564000000.0,134000000.0,14568000000.0,,228000000.0,77000000.0,0.0,77000000.0,21756000000.0,7205000000.0,14551000000.0,644608487.0,418000000.0,0.0,63000000.0,-155000000.0,0.0,-73000000.0,65000000.0,0.0,426000000.0,0.0,-382000000.0,-382000000.0,-382000000.0,0.0,0.0,-0.103,1629000000.0,-282000000.0,784000000.0,0.0,-0.243,-0.123,-0.11,10077000000.0,0.0,4.48,0.034,0.034,738000000.0,-5690000000.0,3691000000.0,3691000000.0,0.0,,,,,0.0,1039000000.0,1.0,143885823.0,143885823.0,,25.652,16537000000.0,202000000.0,-29000000.0,696000000.0,114.931,-2348000000.0
51,UAL,MRQ,2008-12-31,2008-12-31,2008-12-31,2021-10-20,93000000.0,19465000000.0,,4866000000.0,14599000000.0,,-18.011,3000000.0,2311000000.0,2311000000.0,1353000000.0,-1315000000.0,0.668,-9.386,8004000000.0,950000000.0,7054000000.0,8004000000.0,4182000000.0,262000000.0,0.0,0.195,0.0,-1167000000.0,-905000000.0,-0.199,-905000000.0,-1167000000.0,-1310000000.0,-9.97,-9.97,-9.97,-2321000000.0,,-2321000000.0,6300103772.0,-1.0,-1.608,-986000000.0,-7.651,1.0,3194000000.0,0.702,2693000000.0,143000000.0,15184000000.0,,237000000.0,81000000.0,0.0,81000000.0,21786000000.0,7281000000.0,14505000000.0,1420103772.0,-892000000.0,0.0,96000000.0,-156000000.0,0.0,-48000000.0,145000000.0,0.0,-989000000.0,0.0,-1315000000.0,-1315000000.0,-1315000000.0,0.0,0.0,-0.289,4006000000.0,-812000000.0,829000000.0,0.0,-0.612,-0.263,-0.259,10312000000.0,0.0,11.02,0.07,0.07,714000000.0,-5308000000.0,4547000000.0,4547000000.0,0.0,,,,,31000000.0,1478000000.0,1.0,128866041.0,128866041.0,,35.285,16772000000.0,268000000.0,5000000.0,804000000.0,130.151,-2415000000.0
52,UAL,MRQ,2008-09-30,2008-09-30,2008-09-30,2021-10-20,102000000.0,20731000000.0,,5970000000.0,14761000000.0,,-10.127,-131000000.0,3179000000.0,3179000000.0,4338000000.0,-792000000.0,0.79,-17.171,8059000000.0,865000000.0,7194000000.0,8059000000.0,4016000000.0,234000000.0,0.0,0.245,0.0,-646000000.0,-412000000.0,-0.074,-412000000.0,-646000000.0,-790000000.0,-6.5,-6.5,-6.5,-1282000000.0,,-1282000000.0,5554760627.0,-2.0,-2.04,-518000000.0,-4.092,1.0,1227000000.0,0.22,2726000000.0,144000000.0,15332000000.0,,283000000.0,92000000.0,0.0,92000000.0,22013000000.0,7553000000.0,14460000000.0,1112760627.0,32000000.0,0.0,0.0,41000000.0,-2000000.0,40000000.0,379000000.0,0.0,-387000000.0,0.0,-792000000.0,-792000000.0,-792000000.0,0.0,0.0,-0.142,1718000000.0,-491000000.0,825000000.0,0.0,-0.868,-0.266,-0.262,10663000000.0,0.0,8.79,0.054,0.054,1037000000.0,-3896000000.0,5565000000.0,5565000000.0,0.0,,,,,0.0,1218000000.0,1.0,126593928.0,126593928.0,,43.959,18005000000.0,127000000.0,2000000.0,660000000.0,142.226,-1583000000.0
53,UAL,MRQ,2008-06-30,2008-06-30,2008-06-30,2021-10-20,114000000.0,21336000000.0,,6181000000.0,15155000000.0,,-4.532,-134000000.0,3554000000.0,3554000000.0,3725000000.0,-2740000000.0,0.71,-38.432,7996000000.0,806000000.0,7190000000.0,7996000000.0,3985000000.0,216000000.0,0.0,0.412,0.0,-2632000000.0,-2416000000.0,-0.45,-2416000000.0,-2632000000.0,-2769000000.0,-21.57,-21.57,-21.57,-570000000.0,,-570000000.0,5258463494.0,-2.0,-3.927,83000000.0,0.66,1.0,1646000000.0,0.306,2741000000.0,137000000.0,14334000000.0,,257000000.0,101000000.0,0.0,101000000.0,21906000000.0,8703000000.0,13203000000.0,656463494.0,461000000.0,0.0,0.0,-384000000.0,0.0,-228000000.0,472000000.0,486000000.0,217000000.0,0.0,-2740000000.0,-2740000000.0,-2740000000.0,0.0,0.0,-0.51,4340000000.0,-2694000000.0,899000000.0,0.0,-1.152,-0.215,-0.216,10945000000.0,0.0,5.22,0.032,0.032,1345000000.0,-3116000000.0,5371000000.0,5371000000.0,0.0,,,,,0.0,1372000000.0,1.0,125759290.0,125759290.0,,42.709,18595000000.0,0.0,-29000000.0,529000000.0,147.862,-2522000000.0
54,UAL,MRQ,2008-03-31,2008-03-31,2008-03-31,2021-10-20,129000000.0,23813000000.0,,5889000000.0,17924000000.0,,18.203,-119000000.0,3652000000.0,3652000000.0,3413000000.0,-549000000.0,0.713,9.994,8254000000.0,977000000.0,7277000000.0,8254000000.0,3915000000.0,220000000.0,0.0,0.1,2.15,-405000000.0,-185000000.0,-0.039,-185000000.0,-405000000.0,-552000000.0,-4.55,-4.55,-4.55,2166000000.0,,2166000000.0,6787948980.0,7.0,3.552,-199000000.0,-1.672,1.0,1298000000.0,0.276,5131000000.0,147000000.0,15021000000.0,,239000000.0,109000000.0,0.0,109000000.0,21647000000.0,8263000000.0,13384000000.0,2561948980.0,1179000000.0,0.0,0.0,-203000000.0,-251000000.0,-466000000.0,1725000000.0,1809000000.0,-80000000.0,0.0,-549000000.0,-549000000.0,-549000000.0,0.0,0.0,-0.117,1739000000.0,-441000000.0,855000000.0,-0.473,1.183,-69.242,-71.767,11246000000.0,0.0,21.53,0.125,0.125,1118000000.0,-387000000.0,4711000000.0,4711000000.0,0.0,,,,,0.0,1230000000.0,1.0,118994379.0,118994379.0,,39.59,18682000000.0,67000000.0,-3000000.0,627000000.0,156.999,-2374000000.0
55,UAL,MRQ,2007-12-31,2007-12-31,2007-12-31,2021-10-20,141000000.0,24220000000.0,,6095000000.0,18125000000.0,,20.795,-290000000.0,4310000000.0,4310000000.0,3268000000.0,-96000000.0,0.764,9.017,8449000000.0,928000000.0,7521000000.0,8449000000.0,3837000000.0,231000000.0,0.0,0.0,0.0,59000000.0,290000000.0,0.058,290000000.0,59000000.0,-139000000.0,-0.88,-0.45,-0.88,2418000000.0,,2418000000.0,8325502329.0,6.0,3.642,-158000000.0,-1.359,1.0,1762000000.0,0.35,5151000000.0,198000000.0,15229000000.0,,242000000.0,122000000.0,0.0,122000000.0,21802000000.0,7979000000.0,13823000000.0,4146502329.0,-4000000.0,76000000.0,24000000.0,-721000000.0,0.0,-633000000.0,497000000.0,636000000.0,132000000.0,0.0,-96000000.0,-96000000.0,-96000000.0,0.0,0.0,-0.019,1826000000.0,-64000000.0,1134000000.0,0.0,1.715,11.518,12.129,11359000000.0,0.0,35.66,0.206,0.206,888000000.0,152000000.0,5030000000.0,5030000000.0,0.0,,,,,49000000.0,1295000000.0,1.0,116278809.0,116278809.0,,43.258,19069000000.0,78000000.0,-43000000.0,638000000.0,163.994,-1884000000.0
56,UAL,MRQ,2007-09-30,2007-09-30,2007-09-30,2021-10-20,65000000.0,25608000000.0,,6966000000.0,18642000000.0,,22.81,-279000000.0,4950000000.0,4950000000.0,3085000000.0,334000000.0,0.886,8.7,9129000000.0,973000000.0,8156000000.0,9129000000.0,3867000000.0,245000000.0,0.0,0.0,0.0,727000000.0,972000000.0,0.176,972000000.0,727000000.0,566000000.0,2.82,2.22,2.82,2640000000.0,,2640000000.0,9507381688.0,7.0,4.07,63000000.0,0.544,1.0,2442000000.0,0.442,5607000000.0,161000000.0,16321000000.0,,230000000.0,194000000.0,0.0,194000000.0,22968000000.0,7859000000.0,15109000000.0,5385381688.0,-404000000.0,-76000000.0,0.0,-149000000.0,0.0,-144000000.0,-602000000.0,-317000000.0,342000000.0,0.0,334000000.0,334000000.0,334000000.0,0.0,0.0,0.06,1764000000.0,678000000.0,830000000.0,0.0,2.04,13.634,14.273,11328000000.0,0.0,46.53,0.273,0.273,1095000000.0,467000000.0,5527000000.0,5527000000.0,0.0,,,,,0.0,1273000000.0,1.0,115739989.0,115739989.0,,47.754,20001000000.0,77000000.0,232000000.0,1048000000.0,172.81,-893000000.0
57,UAL,MRQ,2007-06-30,2007-06-30,2007-06-30,2021-10-20,87000000.0,25665000000.0,,6916000000.0,18749000000.0,,19.994,-67000000.0,5120000000.0,5120000000.0,2955000000.0,274000000.0,0.837,10.106,9242000000.0,702000000.0,8540000000.0,9242000000.0,3855000000.0,229000000.0,0.0,0.0,0.0,605000000.0,834000000.0,0.16,834000000.0,605000000.0,466000000.0,2.31,1.83,2.31,2311000000.0,,2311000000.0,9762627419.0,9.0,4.872,967000000.0,8.366,1.0,2258000000.0,0.433,5647000000.0,139000000.0,15879000000.0,,210000000.0,116000000.0,0.0,116000000.0,23354000000.0,8261000000.0,15093000000.0,4691627419.0,-1509000000.0,0.0,0.0,-66000000.0,0.0,-54000000.0,-2489000000.0,-2389000000.0,1034000000.0,0.0,274000000.0,274000000.0,274000000.0,0.0,0.0,0.053,1721000000.0,537000000.0,861000000.0,0.0,2.03,18.692,19.609,11242000000.0,0.0,40.59,0.242,0.242,1138000000.0,132000000.0,5213000000.0,5213000000.0,0.0,,,,,0.0,1216000000.0,1.0,115585795.0,115585795.0,,45.101,20018000000.0,66000000.0,192000000.0,756000000.0,173.187,-1345000000.0
58,UAL,MRQ,2007-03-31,2007-03-31,2007-03-31,2021-10-20,89000000.0,24739000000.0,,5761000000.0,18978000000.0,,18.032,-68000000.0,4225000000.0,4225000000.0,2746000000.0,-152000000.0,0.737,11.169,9296000000.0,663000000.0,8633000000.0,9296000000.0,3820000000.0,220000000.0,0.0,0.0,0.0,-30000000.0,190000000.0,0.043,190000000.0,-30000000.0,-236000000.0,-1.32,-1.32,-1.32,2033000000.0,,2033000000.0,9912338169.0,12.0,5.77,558000000.0,4.949,1.0,1627000000.0,0.372,5679000000.0,206000000.0,16313000000.0,,205000000.0,115000000.0,0.0,115000000.0,22706000000.0,7818000000.0,14888000000.0,4303338169.0,-656000000.0,0.0,0.0,-1317000000.0,0.0,-1316000000.0,34000000.0,119000000.0,626000000.0,0.0,-152000000.0,-152000000.0,-152000000.0,0.0,0.0,-0.035,1719000000.0,-92000000.0,734000000.0,0.0,2.117,44.826,49.571,11356000000.0,0.0,38.17,0.224,0.224,1071000000.0,-136000000.0,4373000000.0,4373000000.0,0.0,,,,,0.0,1256000000.0,1.0,112741372.0,112741372.0,,38.788,19060000000.0,73000000.0,-84000000.0,562000000.0,169.06,-2057000000.0
59,UAL,MRQ,2006-12-31,2006-12-31,2006-12-31,2021-10-20,82000000.0,25581000000.0,,6321000000.0,19260000000.0,,20.157,-70000000.0,4896000000.0,4896000000.0,2871000000.0,-61000000.0,0.774,10.461,10596000000.0,1797000000.0,8799000000.0,10596000000.0,3680000000.0,228000000.0,0.0,0.0,0.0,112000000.0,340000000.0,0.074,340000000.0,112000000.0,-100000000.0,-0.55,-0.54,-0.55,2232000000.0,,2232000000.0,10619114940.0,14.0,6.662,1331000000.0,12.02,1.0,1715000000.0,0.374,5731000000.0,212000000.0,17380000000.0,,218000000.0,113000000.0,0.0,113000000.0,23349000000.0,8170000000.0,15179000000.0,4872114940.0,-249000000.0,0.0,6000000.0,-218000000.0,0.0,-141000000.0,-401000000.0,-253000000.0,1401000000.0,0.0,-61000000.0,-61000000.0,-61000000.0,0.0,0.0,-0.013,1662000000.0,53000000.0,671000000.0,0.0,2.183,194.885,314.286,11446000000.0,0.0,44.0,0.272,0.272,1169000000.0,23000000.0,4586000000.0,4586000000.0,0.0,,,,,159000000.0,1226000000.0,1.0,110729885.0,110729885.0,,41.416,19850000000.0,114000000.0,-39000000.0,596000000.0,179.265,-1849000000.0
60,UAL,MRQ,2006-09-30,2006-09-30,2006-09-30,2021-10-20,-15000000.0,25863000000.0,,6552000000.0,19311000000.0,,20.039,-93000000.0,4943000000.0,4943000000.0,3091000000.0,190000000.0,0.902,11.381,10690000000.0,766000000.0,9924000000.0,10690000000.0,3541000000.0,226000000.0,0.0,0.0,0.0,414000000.0,640000000.0,0.124,640000000.0,414000000.0,250000000.0,1.63,1.62,1.63,2089000000.0,,2089000000.0,8318854561.0,,,-1070000000.0,-10.264,1.0,2085000000.0,0.403,5850000000.0,164000000.0,18498000000.0,,210000000.0,113000000.0,0.0,113000000.0,23774000000.0,7262000000.0,16512000000.0,2769854561.0,-13000000.0,0.0,0.0,-134000000.0,0.0,-138000000.0,-6000000.0,56000000.0,-977000000.0,0.0,190000000.0,190000000.0,190000000.0,0.0,0.0,0.037,1780000000.0,305000000.0,637000000.0,0.0,1.326,,,11533000000.0,0.0,26.57,,,1040000000.0,82000000.0,5176000000.0,5176000000.0,0.0,,,,,0.0,1275000000.0,1.0,104247443.0,104247443.0,,49.651,20013000000.0,127000000.0,60000000.0,760000000.0,191.976,-710000000.0
61,UAL,MRQ,2006-06-30,2006-06-30,2006-06-30,2021-10-20,42000000.0,26022000000.0,,6745000000.0,19277000000.0,,19.611,-67000000.0,5059000000.0,5059000000.0,3067000000.0,119000000.0,0.854,12.469,10608000000.0,723000000.0,9885000000.0,10608000000.0,3492000000.0,218000000.0,0.0,0.0,0.0,330000000.0,548000000.0,0.107,548000000.0,330000000.0,119000000.0,1.01,1.01,1.01,1932000000.0,,1932000000.0,9234914858.0,,,618000000.0,6.273,1.0,2046000000.0,0.4,5893000000.0,211000000.0,17784000000.0,,191000000.0,111000000.0,0.0,111000000.0,24090000000.0,7894000000.0,16196000000.0,3055914858.0,461000000.0,0.0,0.0,-150000000.0,0.0,-156000000.0,-68000000.0,-55000000.0,685000000.0,0.0,119000000.0,119000000.0,119000000.0,0.0,0.0,0.023,1786000000.0,260000000.0,750000000.0,0.0,1.582,,,11409000000.0,0.0,31.02,,,1079000000.0,-104000000.0,5113000000.0,5113000000.0,0.0,,,,,0.0,1279000000.0,1.0,98514341.0,98514341.0,,51.901,20129000000.0,132000000.0,0.0,706000000.0,204.326,-1149000000.0
62,UAL,MRQ,2006-03-31,2006-03-31,2006-03-31,2021-10-20,8000000.0,25550000000.0,,6113000000.0,19437000000.0,,17.853,,4529000000.0,4529000000.0,,,0.827,13.692,10708000000.0,461000000.0,10247000000.0,10708000000.0,3407000000.0,,0.0,0.0,0.0,,,,,,,,,,1739000000.0,,1739000000.0,2527432481.0,,,,,1.0,,,5892000000.0,,18442000000.0,,161000000.0,112000000.0,0.0,112000000.0,23811000000.0,7395000000.0,16416000000.0,3889432481.0,,,,,,,,,,,,,,,,,,,739000000.0,,2.237,,,11537000000.0,,39.93,,,1010000000.0,-223000000.0,,,,,,,,,,1.0,97406273.0,97406273.0,,,19658000000.0,101000000.0,,677000000.0,201.815,-1282000000.0
63,UAL,MRQ,2005-12-31,2005-12-31,2005-12-31,2021-10-20,-36000000.0,19342000000.0,,4259000000.0,15083000000.0,,-262.406,,2795000000.0,2795000000.0,,,0.814,-1.757,1433000000.0,33000000.0,1400000000.0,1433000000.0,0.0,,0.0,,0.0,,,,,,,,,,-25560000000.0,,-25560000000.0,,,,,,1.0,,,388000000.0,,12358000000.0,,193000000.0,20000000.0,0.0,20000000.0,44902000000.0,5234000000.0,39668000000.0,,,,,,,,,,,,,,,,,,,,596000000.0,,,,,13228000000.0,,,,,839000000.0,-29122000000.0,,,,,,,,,,1.0,97406273.0,97406273.0,,,18954000000.0,0.0,,428000000.0,194.587,-975000000.0
64,UAL,MRQ,2004-12-31,2004-12-31,2004-12-31,2021-10-20,-3332000000.0,20705000000.0,,3914000000.0,16791000000.0,,,,2178000000.0,2178000000.0,,,0.606,-3.696,1204000000.0,903000000.0,301000000.0,1204000000.0,0.0,,0.0,,0.0,,,,,,,,,,-7680000000.0,,-7680000000.0,,,,,,1.0,,,399000000.0,,12871000000.0,,234000000.0,24000000.0,0.0,24000000.0,28385000000.0,6461000000.0,21924000000.0,,,,,,,,,,,,,,,,,,,,601000000.0,,,,,14174000000.0,,,,,951000000.0,-7946000000.0,,,,,,,,,,1.0,,,,,20306000000.0,96000000.0,,389000000.0,,-2547000000.0
0,UAL,MRT,2021-09-30,2021-09-30,2021-09-30,2021-10-20,-1124000000.0,69294000000.0,65388250000.0,23057000000.0,46237000000.0,0.304,16.782,-1668000000.0,19891000000.0,19891000000.0,10149000000.0,-3215000000.0,1.361,11.759,41293000000.0,2954000000.0,38339000000.0,41293000000.0,6217000000.0,2488000000.0,0.0,0.0,0.0,-2506000000.0,-18000000.0,-0.001,-18000000.0,-2506000000.0,-4085000000.0,-10.56,-10.58,-10.56,5431000000.0,5375250000.0,5431000000.0,35620263798.0,-14.0,-1978.904,-1509000000.0,-4.663,1.0,9705000000.0,0.489,7342000000.0,1579000000.0,66419000000.0,63844250000.0,955000000.0,1336000000.0,0.0,1336000000.0,63863000000.0,16935000000.0,46928000000.0,15394263798.0,6327000000.0,0.0,1500000000.0,6054000000.0,0.0,7452000000.0,-1284000000.0,361000000.0,159000000.0,0.0,-3215000000.0,-3215000000.0,-3215000000.0,0.0,0.0,-0.162,12454000000.0,-2749000000.0,2199000000.0,0.0,2.835,-4.788,-4.505,36825000000.0,0.0,47.57,0.775,0.775,1709000000.0,1271000000.0,19854000000.0,19854000000.0,0.0,-0.049,-0.598,-0.039,-0.126,0.0,9677000000.0,1.0,323612861.0,323612861.0,,61.351,61952000000.0,519000000.0,-870000000.0,0.0,191.439,6122000000.0
1,UAL,MRT,2021-06-30,2021-06-30,2021-06-30,2021-10-20,-1114000000.0,71049000000.0,63362000000.0,24673000000.0,46376000000.0,0.23,15.156,-1034000000.0,21538000000.0,21538000000.0,8461000000.0,-5529000000.0,1.366,13.488,41764000000.0,2608000000.0,39156000000.0,41764000000.0,6185000000.0,2488000000.0,0.0,0.0,0.0,-5545000000.0,-3057000000.0,-0.209,-3057000000.0,-5545000000.0,-7020000000.0,-18.35,-18.35,-18.35,4904000000.0,5768250000.0,4904000000.0,38699906902.0,-7.0,-12.659,-1978000000.0,-6.113,1.0,6132000000.0,0.42,7354000000.0,1475000000.0,65857000000.0,61711250000.0,912000000.0,1407000000.0,0.0,1407000000.0,66145000000.0,18064000000.0,48081000000.0,16919906902.0,14696000000.0,0.0,1500000000.0,14538000000.0,0.0,15940000000.0,-300000000.0,727000000.0,-944000000.0,0.0,-5529000000.0,-5529000000.0,-5529000000.0,0.0,0.0,-0.379,11533000000.0,-5401000000.0,2218000000.0,0.0,3.45,-3.06,-2.85,36752000000.0,0.0,52.29,1.159,1.159,1793000000.0,804000000.0,14593000000.0,14593000000.0,0.0,-0.087,-0.959,-0.09,-0.38,0.0,9254000000.0,1.0,323578254.0,323578254.0,,45.099,63695000000.0,647000000.0,-1491000000.0,0.0,196.846,6609000000.0
2,UAL,MRT,2021-03-31,2021-03-31,2021-03-31,2021-10-20,-1126000000.0,61662000000.0,59325000000.0,16019000000.0,45643000000.0,0.179,16.347,-212000000.0,13447000000.0,13447000000.0,6978000000.0,-6722000000.0,1.131,10.844,35227000000.0,2585000000.0,32642000000.0,35227000000.0,6109000000.0,2488000000.0,0.0,0.0,0.0,-7214000000.0,-4726000000.0,-0.446,-4726000000.0,-7214000000.0,-8459000000.0,-22.8,-22.8,-22.8,5206000000.0,6671500000.0,5206000000.0,40060125151.0,-6.0,-8.477,-3961000000.0,-12.437,1.0,3619000000.0,0.342,7367000000.0,1245000000.0,61908000000.0,57368750000.0,918000000.0,1107000000.0,0.0,1107000000.0,56456000000.0,14167000000.0,42289000000.0,18325125151.0,9590000000.0,0.0,2635000000.0,9508000000.0,0.0,12046000000.0,1293000000.0,1486000000.0,-3749000000.0,0.0,-6722000000.0,-6722000000.0,-6722000000.0,0.0,0.0,-0.634,10387000000.0,-6768000000.0,1838000000.0,0.0,3.52,-2.726,-2.524,36431000000.0,0.0,57.54,1.729,1.729,1389000000.0,1239000000.0,10597000000.0,10597000000.0,0.0,-0.113,-1.008,-0.126,-0.681,0.0,9040000000.0,1.0,318476280.0,318476280.0,,33.274,54295000000.0,520000000.0,-1737000000.0,0.0,170.484,1852000000.0
3,UAL,MRT,2020-12-31,2020-12-31,2020-12-31,2021-10-20,-1139000000.0,59548000000.0,57173250000.0,14800000000.0,44748000000.0,0.269,20.482,-1727000000.0,12156000000.0,12156000000.0,8375000000.0,-7069000000.0,1.163,8.991,33891000000.0,2705000000.0,31186000000.0,33891000000.0,5975000000.0,2488000000.0,0.0,0.0,0.0,-7759000000.0,-5271000000.0,-0.343,-5271000000.0,-7759000000.0,-8822000000.0,-25.3,-25.3,-25.3,5960000000.0,7724500000.0,5960000000.0,32453359582.0,-4.0,-6.157,-5860000000.0,-20.138,1.0,6980000000.0,0.455,7365000000.0,1063000000.0,61193000000.0,53792250000.0,932000000.0,1031000000.0,0.0,1031000000.0,53588000000.0,12725000000.0,40863000000.0,12585359582.0,8874000000.0,0.0,1750000000.0,11595000000.0,0.0,12957000000.0,50000000.0,1767000000.0,-4133000000.0,0.0,-7069000000.0,-7069000000.0,-7069000000.0,0.0,0.0,-0.46,13339000000.0,-6359000000.0,1595000000.0,0.0,2.112,-1.78,-1.709,36003000000.0,0.0,43.25,0.82,0.82,1295000000.0,2626000000.0,15355000000.0,15355000000.0,0.0,-0.124,-0.915,-0.144,-0.505,0.0,9981000000.0,1.0,290990973.0,290990973.0,,52.768,52183000000.0,131000000.0,-1753000000.0,0.0,179.329,2075000000.0
4,UAL,MRT,2020-09-30,2020-09-30,2020-09-30,2021-10-20,-1009000000.0,61189000000.0,55439000000.0,16476000000.0,44713000000.0,0.412,24.067,-2822000000.0,13950000000.0,13950000000.0,10548000000.0,-4531000000.0,1.043,7.738,33818000000.0,5343000000.0,28475000000.0,33818000000.0,5835000000.0,2288000000.0,0.0,0.0,0.0,-4732000000.0,-2444000000.0,-0.107,-2444000000.0,-4732000000.0,-5605000000.0,-16.42,-16.44,-16.42,7003000000.0,9117250000.0,7003000000.0,27467682081.0,-6.0,-11.239,-3597000000.0,-12.362,1.0,12283000000.0,0.538,7379000000.0,873000000.0,57887000000.0,49879250000.0,961000000.0,968000000.0,0.0,968000000.0,54186000000.0,15791000000.0,38395000000.0,10111682081.0,10335000000.0,-210000000.0,568000000.0,11891000000.0,0.0,12429000000.0,-1319000000.0,1615000000.0,-775000000.0,0.0,-4531000000.0,-4531000000.0,-4531000000.0,0.0,0.0,-0.198,15646000000.0,-3363000000.0,1831000000.0,0.0,1.444,-2.232,-2.116,36194000000.0,0.0,34.75,0.443,0.443,1171000000.0,4524000000.0,22831000000.0,22831000000.0,0.0,-0.082,-0.497,-0.095,-0.207,0.0,11228000000.0,1.0,290983657.0,290983657.0,,78.461,53810000000.0,0.0,-1074000000.0,389000000.0,184.924,685000000.0
5,UAL,MRT,2020-06-30,2020-06-30,2020-06-30,2021-10-20,-1259000000.0,54901000000.0,53191500000.0,10041000000.0,44860000000.0,0.596,29.325,-4059000000.0,7536000000.0,7536000000.0,13169000000.0,-1666000000.0,0.612,5.446,24892000000.0,5145000000.0,19747000000.0,24892000000.0,5670000000.0,2288000000.0,0.0,0.0,0.0,-1205000000.0,1083000000.0,0.034,1083000000.0,-1205000000.0,-1924000000.0,-6.08,-6.12,-6.08,8517000000.0,10191750000.0,8517000000.0,28153857161.0,-23.0,25.996,-1842000000.0,-6.342,1.0,18553000000.0,0.585,7375000000.0,719000000.0,48487000000.0,46353750000.0,955000000.0,939000000.0,0.0,939000000.0,46384000000.0,16395000000.0,29989000000.0,10051857161.0,3286000000.0,-210000000.0,199000000.0,3803000000.0,0.0,3953000000.0,-2884000000.0,1282000000.0,2217000000.0,0.0,-1666000000.0,-1666000000.0,-1666000000.0,0.0,0.0,-0.053,18828000000.0,-275000000.0,1725000000.0,0.0,1.18,-6.034,-5.692,36473000000.0,0.0,34.61,0.317,0.317,857000000.0,6365000000.0,31722000000.0,31722000000.0,0.0,-0.031,-0.163,-0.026,-0.038,0.0,12441000000.0,1.0,290432163.0,290432163.0,,109.223,47526000000.0,0.0,-258000000.0,804000000.0,163.639,-6354000000.0
6,UAL,MRT,2020-03-31,2020-03-31,2020-03-31,2021-10-20,-771000000.0,53055000000.0,52503750000.0,7905000000.0,45150000000.0,0.793,37.983,-4878000000.0,5327000000.0,5327000000.0,16209000000.0,1013000000.0,0.491,4.633,23429000000.0,4802000000.0,18627000000.0,23429000000.0,5488000000.0,2288000000.0,0.0,0.0,0.0,2147000000.0,4435000000.0,0.106,4435000000.0,2147000000.0,1433000000.0,3.74,3.69,3.74,9418000000.0,10642500000.0,9418000000.0,23222857710.0,11.0,5.236,179000000.0,0.722,1.0,25440000000.0,0.611,7468000000.0,714000000.0,47602000000.0,44995500000.0,1070000000.0,912000000.0,0.0,912000000.0,43637000000.0,16087000000.0,27550000000.0,7822857710.0,1597000000.0,-210000000.0,-1485000000.0,2640000000.0,0.0,1092000000.0,-4552000000.0,441000000.0,5057000000.0,0.0,1013000000.0,1013000000.0,1013000000.0,0.0,0.0,0.024,22606000000.0,2834000000.0,2436000000.0,0.0,0.831,7.722,8.436,36664000000.0,0.0,31.55,0.188,0.188,792000000.0,7991000000.0,41649000000.0,41649000000.0,0.0,0.019,0.095,0.048,0.052,0.0,13739000000.0,1.0,247951116.0,247951116.0,,167.973,45587000000.0,0.0,420000000.0,1322000000.0,183.855,-8182000000.0
7,UAL,MRT,2019-12-31,2019-12-31,2019-12-31,2021-10-20,-718000000.0,52611000000.0,51899750000.0,8194000000.0,44417000000.0,0.834,45.569,-4528000000.0,5050000000.0,5050000000.0,16427000000.0,3009000000.0,0.549,3.563,20450000000.0,2139000000.0,18311000000.0,20450000000.0,5276000000.0,2288000000.0,0.0,0.0,0.0,4645000000.0,6933000000.0,0.16,6933000000.0,4645000000.0,3914000000.0,11.63,11.58,11.63,11531000000.0,10738500000.0,11531000000.0,37204615128.0,8.0,5.366,2381000000.0,9.409,1.0,26832000000.0,0.62,7532000000.0,731000000.0,45541000000.0,43983750000.0,1072000000.0,1851000000.0,0.0,1851000000.0,41080000000.0,14938000000.0,26142000000.0,22290615128.0,1069000000.0,-210000000.0,-1645000000.0,456000000.0,0.0,-1280000000.0,-4560000000.0,99000000.0,6909000000.0,0.0,3009000000.0,3009000000.0,3009000000.0,0.0,0.0,0.07,22531000000.0,4301000000.0,2703000000.0,0.0,1.933,7.408,7.574,34928000000.0,0.0,88.09,0.515,0.515,1364000000.0,9716000000.0,43259000000.0,43259000000.0,0.0,0.058,0.28,0.106,0.107,0.0,13722000000.0,1.0,253043650.0,253043650.0,,170.955,45079000000.0,0.0,905000000.0,1736000000.0,178.147,-6744000000.0
8,UAL,MRT,2019-09-30,2019-09-30,2019-09-30,2021-10-20,-504000000.0,52199000000.0,51003000000.0,8533000000.0,43666000000.0,0.84,43.986,-4940000000.0,5226000000.0,5226000000.0,16430000000.0,2829000000.0,0.544,3.619,20140000000.0,2113000000.0,18027000000.0,20140000000.0,5219000000.0,2165000000.0,0.0,0.0,0.0,4366000000.0,6531000000.0,0.152,6531000000.0,4366000000.0,3623000000.0,10.83,10.79,10.83,11301000000.0,10366250000.0,11301000000.0,37348427074.0,9.0,5.719,1917000000.0,7.461,1.0,26432000000.0,0.617,7637000000.0,743000000.0,43785000000.0,43407250000.0,1065000000.0,1660000000.0,0.0,1660000000.0,40898000000.0,15691000000.0,25207000000.0,22714427074.0,337000000.0,-456000000.0,-1656000000.0,401000000.0,0.0,-1341000000.0,-5179000000.0,174000000.0,6857000000.0,0.0,2829000000.0,2829000000.0,2829000000.0,0.0,0.0,0.066,22357000000.0,4075000000.0,2848000000.0,0.0,2.01,8.029,8.163,34269000000.0,0.0,88.41,0.53,0.53,1617000000.0,9075000000.0,42862000000.0,42862000000.0,0.0,0.055,0.273,0.101,0.102,0.0,13547000000.0,1.0,256921469.0,256921469.0,,166.829,44562000000.0,0.0,794000000.0,1594000000.0,173.446,-7158000000.0
9,UAL,MRT,2019-06-30,2019-06-30,2019-06-30,2021-10-20,-807000000.0,52150000000.0,49162500000.0,8910000000.0,43240000000.0,0.864,39.22,-4866000000.0,5549000000.0,5549000000.0,16641000000.0,2638000000.0,0.554,4.053,20183000000.0,2009000000.0,18174000000.0,20183000000.0,5198000000.0,2165000000.0,0.0,0.0,0.0,4056000000.0,6221000000.0,0.146,6221000000.0,4056000000.0,3332000000.0,9.88,9.85,9.88,10320000000.0,9908250000.0,10320000000.0,38954978707.0,10.0,6.262,1771000000.0,6.731,1.0,25844000000.0,0.608,7652000000.0,724000000.0,43054000000.0,40608000000.0,996000000.0,1657000000.0,0.0,1657000000.0,41830000000.0,16078000000.0,25752000000.0,23036978707.0,335000000.0,-456000000.0,-1328000000.0,336000000.0,0.0,-1064000000.0,-5238000000.0,-24000000.0,6637000000.0,0.0,2638000000.0,2638000000.0,2638000000.0,0.0,0.0,0.062,22055000000.0,3789000000.0,3033000000.0,0.0,2.232,8.733,8.861,33826000000.0,0.0,87.55,0.542,0.542,1762000000.0,8050000000.0,42485000000.0,42485000000.0,0.0,0.054,0.266,0.1,0.095,0.0,13409000000.0,1.0,263129397.0,263129397.0,,161.46,44498000000.0,0.0,694000000.0,1192000000.0,169.111,-7168000000.0
10,UAL,MRT,2019-03-31,2019-03-31,2019-03-31,2021-10-20,-793000000.0,50639000000.0,47297750000.0,7608000000.0,43031000000.0,0.885,36.749,-4735000000.0,4170000000.0,4170000000.0,16652000000.0,2269000000.0,0.496,4.166,20088000000.0,1973000000.0,18115000000.0,20088000000.0,5138000000.0,2165000000.0,0.0,0.0,0.0,3529000000.0,5694000000.0,0.136,5694000000.0,3529000000.0,2833000000.0,8.33,8.31,8.33,9802000000.0,9488000000.0,9802000000.0,31952526093.0,9.0,5.612,1635000000.0,6.13,1.0,25208000000.0,0.602,7667000000.0,696000000.0,43555000000.0,37848250000.0,972000000.0,1610000000.0,0.0,1610000000.0,40837000000.0,15335000000.0,25502000000.0,21279526093.0,-559000000.0,-595000000.0,-1219000000.0,-302000000.0,0.0,-1589000000.0,-5340000000.0,-136000000.0,6370000000.0,0.0,2269000000.0,2269000000.0,2269000000.0,0.0,0.0,0.054,21746000000.0,3462000000.0,2707000000.0,0.0,2.171,9.378,9.577,33651000000.0,0.0,79.78,0.508,0.508,1789000000.0,6999000000.0,41860000000.0,41860000000.0,0.0,0.048,0.239,0.093,0.084,0.0,13181000000.0,1.0,266727577.0,266727577.0,,156.939,42972000000.0,0.0,564000000.0,898000000.0,161.108,-7727000000.0
11,UAL,MRT,2018-12-31,2018-12-31,2018-12-31,2021-10-20,-803000000.0,49024000000.0,45642500000.0,7094000000.0,41930000000.0,0.905,36.856,-4070000000.0,4055000000.0,4055000000.0,16605000000.0,2122000000.0,0.513,3.882,19787000000.0,2072000000.0,17715000000.0,19787000000.0,5005000000.0,2165000000.0,0.0,0.0,0.0,3318000000.0,5483000000.0,0.133,5483000000.0,3318000000.0,2648000000.0,7.7,7.67,7.7,10042000000.0,9121500000.0,10042000000.0,32153445217.0,10.0,5.864,2094000000.0,7.685,1.0,24698000000.0,0.598,7682000000.0,670000000.0,43235000000.0,35005750000.0,985000000.0,1482000000.0,0.0,1482000000.0,38982000000.0,13839000000.0,25143000000.0,22813445217.0,208000000.0,-605000000.0,-1235000000.0,-212000000.0,0.0,-1501000000.0,-4455000000.0,64000000.0,6164000000.0,0.0,2122000000.0,2122000000.0,2122000000.0,0.0,0.0,0.051,21469000000.0,3229000000.0,2363000000.0,0.0,2.272,10.751,10.874,32661000000.0,0.0,83.73,0.552,0.552,1426000000.0,6715000000.0,41303000000.0,41303000000.0,0.0,0.046,0.233,0.095,0.08,0.0,13016000000.0,1.0,272464412.0,272464412.0,,151.59,41342000000.0,0.0,526000000.0,828000000.0,151.734,-6745000000.0
12,UAL,MRT,2018-09-30,2018-09-30,2018-09-30,2021-10-20,-1089000000.0,44837000000.0,43973000000.0,8671000000.0,36166000000.0,0.916,34.735,-3444000000.0,5040000000.0,5040000000.0,16191000000.0,2239000000.0,0.634,3.735,14380000000.0,1046000000.0,13334000000.0,14380000000.0,4987000000.0,2096000000.0,0.0,0.0,0.0,3323000000.0,5419000000.0,0.135,5419000000.0,3323000000.0,2698000000.0,8.03,8.01,8.03,9469000000.0,8794500000.0,9469000000.0,33616109746.0,10.0,6.203,2380000000.0,8.731,1.0,24072000000.0,0.598,7905000000.0,625000000.0,32588000000.0,32203000000.0,1011000000.0,848000000.0,0.0,848000000.0,35368000000.0,13684000000.0,21684000000.0,24278109746.0,747000000.0,-181000000.0,-1563000000.0,-96000000.0,0.0,-1721000000.0,-3356000000.0,144000000.0,5824000000.0,0.0,2239000000.0,2239000000.0,2239000000.0,0.0,0.0,0.056,20755000000.0,3317000000.0,2581000000.0,0.0,2.564,10.843,11.091,27308000000.0,0.0,89.06,0.603,0.603,1752000000.0,6203000000.0,40263000000.0,40263000000.0,0.0,0.051,0.255,0.103,0.083,0.0,12728000000.0,1.0,272603972.0,272603972.0,,147.698,36932000000.0,0.0,459000000.0,639000000.0,135.479,-5013000000.0
13,UAL,MRT,2018-06-30,2018-06-30,2018-06-30,2021-10-20,-1102000000.0,44691000000.0,43405000000.0,8881000000.0,35810000000.0,0.902,31.158,-3766000000.0,5165000000.0,5165000000.0,15318000000.0,2051000000.0,0.63,4.173,14503000000.0,1004000000.0,13499000000.0,14503000000.0,4989000000.0,2096000000.0,0.0,0.0,0.0,3255000000.0,5351000000.0,0.137,5351000000.0,3255000000.0,2633000000.0,7.12,7.11,7.12,8639000000.0,8669750000.0,8639000000.0,29727722827.0,9.0,5.556,1752000000.0,6.319,1.0,23841000000.0,0.609,7922000000.0,622000000.0,32015000000.0,31785000000.0,942000000.0,848000000.0,0.0,848000000.0,36052000000.0,14092000000.0,21960000000.0,19333722827.0,490000000.0,-181000000.0,-2101000000.0,909000000.0,0.0,-1250000000.0,-3778000000.0,91000000.0,5518000000.0,0.0,2051000000.0,2051000000.0,2051000000.0,0.0,0.0,0.052,20573000000.0,3268000000.0,2703000000.0,0.0,2.238,9.426,9.794,26946000000.0,0.0,69.73,0.494,0.494,1840000000.0,5367000000.0,39159000000.0,39159000000.0,0.0,0.047,0.237,0.102,0.083,0.0,12533000000.0,1.0,277265493.0,277265493.0,,141.233,36769000000.0,0.0,582000000.0,419000000.0,132.613,-5211000000.0
14,UAL,MRT,2018-03-31,2018-03-31,2018-03-31,2021-10-20,-1114000000.0,44018000000.0,42809000000.0,8287000000.0,35731000000.0,0.897,29.28,-4127000000.0,4570000000.0,4570000000.0,14436000000.0,2189000000.0,0.584,4.28,14964000000.0,1779000000.0,13185000000.0,14964000000.0,4937000000.0,2096000000.0,0.0,0.0,0.0,3681000000.0,5777000000.0,0.15,5777000000.0,3681000000.0,3055000000.0,7.31,7.3,7.31,8336000000.0,8723500000.0,8336000000.0,30281147000.0,8.0,5.242,509000000.0,1.788,1.0,23954000000.0,0.624,8044000000.0,626000000.0,32185000000.0,31030000000.0,924000000.0,853000000.0,0.0,853000000.0,35682000000.0,14183000000.0,21499000000.0,19778147000.0,217000000.0,-42000000.0,-2115000000.0,1609000000.0,0.0,-564000000.0,-3855000000.0,144000000.0,4636000000.0,0.0,2189000000.0,2189000000.0,2189000000.0,0.0,0.0,0.057,20394000000.0,3560000000.0,2399000000.0,0.0,2.373,9.035,9.503,26739000000.0,0.0,69.47,0.515,0.515,1760000000.0,4684000000.0,38390000000.0,38390000000.0,0.0,0.051,0.251,0.119,0.096,0.0,12489000000.0,1.0,284700547.0,284700547.0,,134.843,35974000000.0,0.0,866000000.0,250000000.0,126.357,-5896000000.0
15,UAL,MRT,2017-12-31,2017-12-31,2017-12-31,2021-10-20,-1147000000.0,42346000000.0,42165750000.0,7133000000.0,35213000000.0,0.896,29.482,-3870000000.0,3889000000.0,3889000000.0,13968000000.0,2143000000.0,0.559,3.848,14392000000.0,1693000000.0,12699000000.0,14392000000.0,4783000000.0,2096000000.0,0.0,0.0,0.0,3649000000.0,5745000000.0,0.152,5745000000.0,3649000000.0,3023000000.0,7.08,7.06,7.08,8734000000.0,8751750000.0,8734000000.0,29486414119.0,8.0,5.133,-396000000.0,-1.337,1.0,23816000000.0,0.63,8062000000.0,626000000.0,32024000000.0,30229500000.0,924000000.0,852000000.0,0.0,852000000.0,33612000000.0,12763000000.0,20849000000.0,19967414119.0,-712000000.0,-32000000.0,-1844000000.0,1552000000.0,0.0,-383000000.0,-3803000000.0,-64000000.0,3474000000.0,0.0,2143000000.0,2143000000.0,2143000000.0,0.0,0.0,0.057,20198000000.0,3618000000.0,2196000000.0,0.0,2.286,9.318,9.52,26208000000.0,0.0,67.4,0.528,0.528,1340000000.0,4549000000.0,37784000000.0,37784000000.0,0.0,0.051,0.245,0.121,0.097,0.0,12376000000.0,1.0,296252435.0,296252435.0,,127.54,34284000000.0,0.0,880000000.0,204000000.0,115.726,-5630000000.0
16,UAL,MRT,2017-09-30,2017-09-30,2017-09-30,2021-10-20,-824000000.0,42565000000.0,41614250000.0,7877000000.0,34688000000.0,0.898,29.485,-3796000000.0,4424000000.0,4424000000.0,13480000000.0,1933000000.0,0.602,3.745,13943000000.0,1641000000.0,12302000000.0,13943000000.0,4785000000.0,1977000000.0,0.0,0.0,0.0,3964000000.0,5941000000.0,0.159,5941000000.0,3964000000.0,3258000000.0,6.34,6.33,6.34,8970000000.0,8733000000.0,8970000000.0,26920241804.0,7.0,4.531,-453000000.0,-1.489,1.0,23907000000.0,0.639,8081000000.0,706000000.0,30916000000.0,28936500000.0,937000000.0,882000000.0,0.0,882000000.0,33595000000.0,13087000000.0,20508000000.0,18521241804.0,-775000000.0,-62000000.0,-1463000000.0,1266000000.0,0.0,-290000000.0,-3828000000.0,-228000000.0,3343000000.0,0.0,1933000000.0,1933000000.0,1933000000.0,0.0,0.0,0.052,20001000000.0,3906000000.0,2231000000.0,0.0,2.065,9.582,9.603,25629000000.0,0.0,60.88,0.495,0.495,1603000000.0,4991000000.0,37387000000.0,37387000000.0,0.0,0.046,0.221,0.137,0.106,0.0,12221000000.0,1.0,304225391.0,304225391.0,,122.892,34484000000.0,0.0,1325000000.0,253000000.0,113.35,-5210000000.0
17,UAL,MRT,2017-06-30,2017-06-30,2017-06-30,2021-10-20,-844000000.0,42307000000.0,41054750000.0,8248000000.0,34059000000.0,0.911,28.593,-3363000000.0,4764000000.0,4764000000.0,13263000000.0,2253000000.0,0.607,3.778,13163000000.0,1551000000.0,11612000000.0,13163000000.0,4868000000.0,1977000000.0,0.0,0.0,0.0,4462000000.0,6439000000.0,0.172,6439000000.0,4462000000.0,3775000000.0,7.21,7.19,7.21,8854000000.0,8600250000.0,8854000000.0,31636614452.0,7.0,4.913,541000000.0,1.747,1.0,24138000000.0,0.645,8115000000.0,687000000.0,28995000000.0,27551250000.0,882000000.0,0.0,0.0,0.0,33453000000.0,13596000000.0,19857000000.0,23301614452.0,-149000000.0,-62000000.0,-1144000000.0,456000000.0,0.0,-795000000.0,-3258000000.0,-73000000.0,3904000000.0,0.0,2253000000.0,2253000000.0,2253000000.0,0.0,0.0,0.06,19746000000.0,4392000000.0,2225000000.0,0.0,2.632,10.342,10.437,25017000000.0,0.0,75.25,0.623,0.623,1499000000.0,4354000000.0,37401000000.0,37401000000.0,0.0,0.055,0.262,0.162,0.119,0.0,12029000000.0,1.0,309656006.0,309656006.0,,120.782,34192000000.0,127000000.0,1522000000.0,0.0,110.419,-5348000000.0
18,UAL,MRT,2017-03-31,2017-03-31,2017-03-31,2021-10-20,-836000000.0,41445000000.0,40597000000.0,7724000000.0,33721000000.0,0.906,26.854,-3111000000.0,4508000000.0,4508000000.0,13032000000.0,2020000000.0,0.61,3.905,12843000000.0,829000000.0,12014000000.0,12843000000.0,4926000000.0,1977000000.0,0.0,0.0,0.0,4106000000.0,6083000000.0,0.165,6083000000.0,4106000000.0,3429000000.0,6.32,6.3,6.32,8449000000.0,8332750000.0,8449000000.0,29377944067.0,7.0,4.83,1779000000.0,5.654,1.0,23757000000.0,0.646,8135000000.0,677000000.0,28983000000.0,26527500000.0,900000000.0,0.0,0.0,0.0,32996000000.0,12662000000.0,20334000000.0,22224944067.0,318000000.0,-30000000.0,-1480000000.0,85000000.0,0.0,-1514000000.0,-3058000000.0,-35000000.0,4890000000.0,0.0,2020000000.0,2020000000.0,2020000000.0,0.0,0.0,0.055,19742000000.0,4015000000.0,2135000000.0,0.0,2.63,11.002,11.177,24241000000.0,0.0,70.64,0.604,0.604,1429000000.0,3536000000.0,36789000000.0,36789000000.0,0.0,0.05,0.242,0.155,0.112,0.0,11733000000.0,1.0,314622651.0,314622651.0,,116.931,33310000000.0,598000000.0,1409000000.0,0.0,105.873,-4938000000.0
19,UAL,MRT,2016-12-31,2016-12-31,2016-12-31,2021-10-20,-829000000.0,40140000000.0,40329000000.0,7309000000.0,32831000000.0,0.906,27.291,-3223000000.0,4552000000.0,4552000000.0,12604000000.0,2234000000.0,0.595,3.636,11705000000.0,965000000.0,10740000000.0,11705000000.0,4883000000.0,1977000000.0,0.0,0.0,0.0,4447000000.0,6424000000.0,0.176,6424000000.0,4447000000.0,3773000000.0,6.77,6.76,6.77,8659000000.0,8180500000.0,8659000000.0,29601773289.0,7.0,4.608,2319000000.0,7.309,1.0,23954000000.0,0.655,8155000000.0,674000000.0,26852000000.0,25739250000.0,873000000.0,579000000.0,0.0,579000000.0,31481000000.0,12286000000.0,19195000000.0,23123773289.0,-909000000.0,-70000000.0,-2614000000.0,-543000000.0,0.0,-3213000000.0,-3238000000.0,-56000000.0,5542000000.0,0.0,2234000000.0,2234000000.0,2234000000.0,0.0,0.0,0.061,19610000000.0,4344000000.0,2139000000.0,0.0,2.67,10.351,10.765,23318000000.0,0.0,72.88,0.633,0.633,1176000000.0,3427000000.0,36558000000.0,36558000000.0,0.0,0.055,0.273,0.173,0.122,0.0,11571000000.0,1.0,317285583.0,317285583.0,,115.221,31985000000.0,655000000.0,1539000000.0,0.0,100.808,-4977000000.0
20,UAL,MRT,2016-09-30,2016-09-30,2016-09-30,2021-10-20,-798000000.0,40327000000.0,40509250000.0,7970000000.0,32357000000.0,0.902,26.175,-3046000000.0,4979000000.0,4979000000.0,12649000000.0,2689000000.0,0.601,3.779,11457000000.0,1093000000.0,10364000000.0,11457000000.0,4911000000.0,1819000000.0,0.0,0.0,0.0,4471000000.0,6290000000.0,0.172,6290000000.0,4471000000.0,3840000000.0,8.01,7.99,8.01,8439000000.0,8257250000.0,8439000000.0,23522763396.0,5.0,3.74,2953000000.0,9.159,1.0,23891000000.0,0.654,8177000000.0,631000000.0,25375000000.0,25563000000.0,842000000.0,0.0,0.0,0.0,31888000000.0,13253000000.0,18635000000.0,16916763396.0,-993000000.0,122000000.0,-2949000000.0,-729000000.0,0.0,-3740000000.0,-3252000000.0,-52000000.0,5999000000.0,0.0,2689000000.0,2689000000.0,2689000000.0,0.0,0.0,0.074,19477000000.0,4414000000.0,2138000000.0,0.0,2.005,6.291,6.551,22645000000.0,0.0,52.47,0.463,0.463,1481000000.0,5323000000.0,36540000000.0,36540000000.0,0.0,0.066,0.326,0.175,0.122,0.0,11434000000.0,1.0,322408298.0,322408298.0,,113.335,32150000000.0,863000000.0,1151000000.0,0.0,99.718,-5283000000.0
21,UAL,MRT,2016-06-30,2016-06-30,2016-06-30,2021-10-20,-734000000.0,40476000000.0,40894750000.0,7844000000.0,32632000000.0,0.903,23.11,-3021000000.0,4809000000.0,4809000000.0,12975000000.0,6540000000.0,0.561,4.2,11415000000.0,1400000000.0,10015000000.0,11415000000.0,4962000000.0,1819000000.0,0.0,0.0,0.0,4581000000.0,6400000000.0,0.173,6400000000.0,4581000000.0,3936000000.0,17.82,17.8,17.82,7784000000.0,8286250000.0,7784000000.0,21295225277.0,5.0,3.327,3140000000.0,9.322,1.0,23958000000.0,0.649,8200000000.0,645000000.0,24900000000.0,25714500000.0,798000000.0,0.0,0.0,0.0,32692000000.0,13982000000.0,18710000000.0,13823225277.0,-466000000.0,122000000.0,-2954000000.0,-528000000.0,0.0,-3535000000.0,-3092000000.0,-14000000.0,6161000000.0,0.0,6540000000.0,6540000000.0,6540000000.0,0.0,0.0,0.177,19269000000.0,4689000000.0,2240000000.0,0.0,1.776,2.114,2.303,22388000000.0,0.0,41.04,0.374,0.374,1450000000.0,4358000000.0,36933000000.0,36933000000.0,0.0,0.16,0.789,0.178,0.124,0.0,11364000000.0,1.0,336823228.0,336823228.0,,109.651,32276000000.0,1392000000.0,-2604000000.0,0.0,95.825,-6138000000.0
22,UAL,MRT,2016-03-31,2016-03-31,2016-03-31,2021-10-20,-777000000.0,40373000000.0,40617500000.0,7224000000.0,33149000000.0,0.922,21.809,-3267000000.0,4134000000.0,4134000000.0,13690000000.0,7145000000.0,0.54,4.15,11606000000.0,1409000000.0,10197000000.0,11606000000.0,4982000000.0,1819000000.0,0.0,0.0,0.0,4857000000.0,6676000000.0,0.178,6676000000.0,4857000000.0,4202000000.0,19.18,19.16,19.18,7840000000.0,7370750000.0,7840000000.0,27877760607.0,6.0,4.176,2099000000.0,5.839,1.0,23761000000.0,0.634,8635000000.0,655000000.0,25830000000.0,25308000000.0,759000000.0,0.0,0.0,0.0,32533000000.0,13380000000.0,19153000000.0,21518760607.0,-1697000000.0,-40000000.0,-2414000000.0,-1227000000.0,0.0,-3678000000.0,-3385000000.0,76000000.0,5366000000.0,0.0,7145000000.0,7145000000.0,7145000000.0,0.0,0.0,0.191,18687000000.0,5074000000.0,2065000000.0,0.0,2.745,3.012,3.121,22006000000.0,0.0,59.86,0.575,0.575,1581000000.0,3770000000.0,37451000000.0,37451000000.0,0.0,0.176,0.969,0.192,0.13,0.0,11235000000.0,1.0,359484808.0,359484808.0,,104.18,31738000000.0,1800000000.0,-2943000000.0,0.0,88.287,-6156000000.0
23,UAL,MRT,2015-12-31,2015-12-31,2015-12-31,2021-10-20,-831000000.0,40861000000.0,40297000000.0,7828000000.0,33033000000.0,0.94,24.05,-2661000000.0,5400000000.0,5400000000.0,14420000000.0,7340000000.0,0.631,3.557,11759000000.0,1359000000.0,10400000000.0,11759000000.0,4943000000.0,1819000000.0,0.0,0.0,0.0,4888000000.0,6707000000.0,0.177,6707000000.0,4888000000.0,4219000000.0,19.52,19.47,19.52,8966000000.0,6162750000.0,8966000000.0,27678028242.0,6.0,4.127,3331000000.0,8.935,1.0,23444000000.0,0.619,8659000000.0,669000000.0,26147000000.0,24537750000.0,738000000.0,0.0,0.0,0.0,31895000000.0,12414000000.0,19481000000.0,21362028242.0,890000000.0,0.0,-1217000000.0,-1228000000.0,0.0,-2495000000.0,-2607000000.0,190000000.0,5992000000.0,0.0,7340000000.0,7340000000.0,7340000000.0,0.0,0.0,0.194,18278000000.0,5166000000.0,1869000000.0,0.0,2.383,2.91,2.935,21580000000.0,0.0,57.3,0.564,0.564,1128000000.0,3457000000.0,37864000000.0,37864000000.0,0.0,0.182,1.191,0.199,0.129,0.0,11055000000.0,1.0,372810266.0,372810266.0,,101.564,32202000000.0,2037000000.0,-3121000000.0,0.0,86.376,-4586000000.0
24,UAL,MRT,2015-09-30,2015-09-30,2015-09-30,2021-10-20,-934000000.0,41869000000.0,39230500000.0,10097000000.0,31772000000.0,0.972,22.647,-2573000000.0,5805000000.0,5805000000.0,15433000000.0,6545000000.0,0.749,3.894,12121000000.0,1449000000.0,10672000000.0,12121000000.0,4934000000.0,1679000000.0,0.0,0.0,0.0,4017000000.0,5696000000.0,0.149,5696000000.0,4017000000.0,3337000000.0,17.37,17.37,17.37,8555000000.0,4520250000.0,8555000000.0,26500289272.0,7.0,4.652,2206000000.0,5.84,1.0,22708000000.0,0.595,8716000000.0,680000000.0,25981000000.0,23642750000.0,704000000.0,0.0,0.0,0.0,33314000000.0,13488000000.0,19826000000.0,20040289272.0,235000000.0,-130000000.0,-742000000.0,-1288000000.0,0.0,-2124000000.0,-2420000000.0,224000000.0,4779000000.0,0.0,6545000000.0,6545000000.0,6545000000.0,0.0,0.0,0.172,17998000000.0,4710000000.0,2082000000.0,0.0,2.343,3.062,3.054,21176000000.0,0.0,53.05,0.525,0.525,1513000000.0,2634000000.0,38141000000.0,38141000000.0,0.0,0.167,1.448,0.17,0.105,0.0,10900000000.0,1.0,377762286.0,377762286.0,,100.966,33153000000.0,2152000000.0,-3208000000.0,0.0,87.762,-3391000000.0
25,UAL,MRT,2015-06-30,2015-06-30,2015-06-30,2021-10-20,-812000000.0,39367000000.0,38266000000.0,8793000000.0,30574000000.0,1.003,10.791,-2276000000.0,5199000000.0,5199000000.0,16715000000.0,2653000000.0,0.637,8.55,11659000000.0,1158000000.0,10501000000.0,11659000000.0,4989000000.0,1679000000.0,0.0,0.0,0.0,3353000000.0,5032000000.0,0.131,5032000000.0,3353000000.0,2651000000.0,7.04,6.92,7.04,4122000000.0,3347500000.0,4122000000.0,26656896864.0,8.0,5.297,1777000000.0,4.652,1.0,21683000000.0,0.565,8743000000.0,702000000.0,23274000000.0,22787000000.0,656000000.0,0.0,0.0,0.0,35245000000.0,13810000000.0,21435000000.0,20249896864.0,-703000000.0,-130000000.0,-697000000.0,-1767000000.0,0.0,-2584000000.0,-2172000000.0,212000000.0,4053000000.0,0.0,2653000000.0,2653000000.0,2653000000.0,0.0,0.0,0.069,17681000000.0,4002000000.0,2322000000.0,0.0,4.913,7.633,7.53,20701000000.0,0.0,53.01,0.527,0.527,1471000000.0,-2182000000.0,38398000000.0,38398000000.0,0.0,0.069,0.793,0.147,0.087,0.0,10719000000.0,1.0,382001450.0,382001450.0,,100.518,30624000000.0,619000000.0,-2000000.0,1623000000.0,80.167,-5017000000.0
26,UAL,MRT,2015-03-31,2015-03-31,2015-03-31,2021-10-20,-977000000.0,39091000000.0,38036000000.0,9509000000.0,29582000000.0,1.02,7.829,-1775000000.0,5879000000.0,5879000000.0,17800000000.0,2249000000.0,0.681,11.996,12286000000.0,1812000000.0,10474000000.0,12286000000.0,5025000000.0,1679000000.0,0.0,0.0,0.0,2966000000.0,4645000000.0,0.12,4645000000.0,2966000000.0,2245000000.0,6.02,5.79,6.02,3008000000.0,3153750000.0,3008000000.0,33250223315.0,11.0,7.158,1990000000.0,5.179,1.0,21013000000.0,0.541,8780000000.0,721000000.0,22749000000.0,22566250000.0,631000000.0,0.0,0.0,0.0,36083000000.0,13969000000.0,22114000000.0,25839223315.0,268000000.0,0.0,-447000000.0,-928000000.0,0.0,-1548000000.0,-1949000000.0,-217000000.0,3765000000.0,0.0,2249000000.0,2249000000.0,2249000000.0,0.0,0.0,0.058,17550000000.0,3463000000.0,2074000000.0,0.0,8.59,11.489,11.171,19862000000.0,0.0,67.25,0.666,0.666,1471000000.0,-3375000000.0,38813000000.0,38813000000.0,0.0,0.059,0.713,0.131,0.076,0.0,10450000000.0,1.0,384226369.0,384226369.0,,101.016,30311000000.0,575000000.0,-4000000.0,1577000000.0,78.888,-4460000000.0
27,UAL,MRT,2014-12-31,2014-12-31,2014-12-31,2021-10-20,-1079000000.0,36595000000.0,37559500000.0,7547000000.0,29048000000.0,1.036,6.492,-1911000000.0,4660000000.0,4660000000.0,18955000000.0,1132000000.0,0.603,14.273,11947000000.0,1423000000.0,10524000000.0,11947000000.0,4937000000.0,1679000000.0,0.0,0.0,0.0,1863000000.0,3542000000.0,0.091,3542000000.0,1863000000.0,1128000000.0,3.05,2.93,3.05,2396000000.0,3046500000.0,2396000000.0,30951143203.0,17.0,8.738,723000000.0,1.959,1.0,19946000000.0,0.513,8807000000.0,735000000.0,22567000000.0,22349000000.0,666000000.0,0.0,0.0,0.0,34199000000.0,12508000000.0,21691000000.0,24687143203.0,-1293000000.0,0.0,-252000000.0,-1198000000.0,0.0,-1596000000.0,-2331000000.0,-457000000.0,2634000000.0,0.0,1132000000.0,1132000000.0,1132000000.0,0.0,0.0,0.029,17573000000.0,2373000000.0,1882000000.0,0.0,10.303,21.808,21.931,19467000000.0,0.0,66.89,0.635,0.635,1146000000.0,-3883000000.0,38901000000.0,38901000000.0,0.0,0.03,0.372,0.083,0.048,0.0,10308000000.0,1.0,369070761.0,369070761.0,,105.403,27788000000.0,0.0,-4000000.0,1000000000.0,75.292,-4961000000.0
28,UAL,MRT,2014-09-30,2014-09-30,2014-09-30,2021-10-20,388000000.0,38011000000.0,37613750000.0,9225000000.0,28786000000.0,1.035,10.343,-1950000000.0,5830000000.0,5830000000.0,19384000000.0,1244000000.0,0.717,8.837,12094000000.0,1439000000.0,10655000000.0,12094000000.0,4910000000.0,1689000000.0,0.0,0.0,0.0,1969000000.0,3658000000.0,0.094,3658000000.0,1969000000.0,1217000000.0,3.35,3.1,3.35,3864000000.0,3193500000.0,3864000000.0,23652553756.0,12.0,6.466,448000000.0,1.199,1.0,19533000000.0,0.502,8853000000.0,752000000.0,22558000000.0,22367000000.0,700000000.0,0.0,0.0,0.0,34147000000.0,12864000000.0,21283000000.0,17479553756.0,-818000000.0,0.0,-191000000.0,-557000000.0,0.0,-863000000.0,-2353000000.0,-569000000.0,2398000000.0,0.0,1244000000.0,1244000000.0,1244000000.0,0.0,0.0,0.032,17550000000.0,1983000000.0,2085000000.0,0.0,4.524,14.051,13.967,18943000000.0,0.0,46.79,0.449,0.449,1559000000.0,-3911000000.0,38917000000.0,38917000000.0,0.0,0.033,0.39,0.088,0.051,0.0,10175000000.0,1.0,373574562.0,373574562.0,,104.175,29158000000.0,582000000.0,-27000000.0,1570000000.0,78.051,-3639000000.0
29,UAL,MRT,2014-06-30,2014-06-30,2014-06-30,2021-10-20,589000000.0,38447000000.0,37426000000.0,9619000000.0,28828000000.0,1.031,8.961,-2118000000.0,6147000000.0,6147000000.0,19562000000.0,699000000.0,0.721,10.487,12320000000.0,1266000000.0,11054000000.0,12320000000.0,4882000000.0,1689000000.0,0.0,0.0,0.0,1440000000.0,3129000000.0,0.081,3129000000.0,1440000000.0,679000000.0,1.91,1.71,1.91,3347000000.0,2659500000.0,3347000000.0,22050826078.0,15.0,7.047,-57000000.0,-0.153,1.0,19020000000.0,0.493,8895000000.0,761000000.0,22391000000.0,22116750000.0,685000000.0,0.0,0.0,0.0,35100000000.0,13334000000.0,21766000000.0,15339826078.0,-719000000.0,0.0,29000000.0,-181000000.0,0.0,-259000000.0,-2521000000.0,-553000000.0,2061000000.0,0.0,699000000.0,699000000.0,699000000.0,0.0,0.0,0.018,17720000000.0,1300000000.0,2441000000.0,0.0,4.583,21.945,21.503,18857000000.0,0.0,41.07,0.398,0.398,1665000000.0,-4835000000.0,38582000000.0,38582000000.0,0.0,0.019,0.263,0.065,0.037,0.0,10042000000.0,1.0,373504409.0,373504409.0,,103.297,29552000000.0,586000000.0,-20000000.0,1576000000.0,79.121,-3715000000.0
30,UAL,MRT,2014-03-31,2014-03-31,2014-03-31,2021-10-20,580000000.0,37185000000.0,37181250000.0,8788000000.0,28397000000.0,1.029,6.941,-1975000000.0,5413000000.0,5413000000.0,19528000000.0,379000000.0,0.671,13.418,12124000000.0,1290000000.0,10834000000.0,12124000000.0,4911000000.0,1689000000.0,0.0,0.0,0.0,1128000000.0,2817000000.0,0.074,2817000000.0,1128000000.0,359000000.0,1.16,0.91,1.16,2579000000.0,2127000000.0,2579000000.0,23475558294.0,21.0,8.334,-230000000.0,-0.619,1.0,18726000000.0,0.49,8925000000.0,769000000.0,21880000000.0,21784500000.0,641000000.0,0.0,0.0,0.0,34606000000.0,13091000000.0,21515000000.0,16582558294.0,-529000000.0,0.0,29000000.0,-225000000.0,0.0,-256000000.0,-2018000000.0,-154000000.0,1745000000.0,0.0,379000000.0,379000000.0,379000000.0,0.0,0.0,0.01,17562000000.0,1164000000.0,2332000000.0,0.0,6.43,43.753,38.474,18384000000.0,0.0,44.63,0.433,0.433,1609000000.0,-5624000000.0,38254000000.0,38254000000.0,0.0,0.01,0.178,0.052,0.029,0.0,10031000000.0,1.0,371556314.0,371556314.0,,102.956,28260000000.0,620000000.0,-20000000.0,1608000000.0,76.058,-4303000000.0
31,UAL,MRT,2013-12-31,2013-12-31,2013-12-31,2021-10-20,608000000.0,36812000000.0,37095500000.0,8702000000.0,28110000000.0,1.032,8.246,-2012000000.0,5516000000.0,5516000000.0,19611000000.0,571000000.0,0.719,11.336,12409000000.0,1485000000.0,10924000000.0,12409000000.0,4904000000.0,1689000000.0,0.0,0.0,0.0,1322000000.0,3011000000.0,0.079,3011000000.0,1322000000.0,539000000.0,1.64,1.53,1.64,2984000000.0,1505750000.0,2984000000.0,19600602325.0,15.0,6.51,-568000000.0,-1.57,1.0,18668000000.0,0.488,8959000000.0,783000000.0,22639000000.0,21611500000.0,667000000.0,0.0,0.0,0.0,33828000000.0,12107000000.0,21721000000.0,13689602325.0,-1550000000.0,0.0,29000000.0,-896000000.0,0.0,-972000000.0,-2022000000.0,-120000000.0,1444000000.0,0.0,571000000.0,571000000.0,571000000.0,0.0,0.0,0.015,17419000000.0,1249000000.0,2087000000.0,0.0,4.588,23.975,23.067,18047000000.0,0.0,37.83,0.358,0.358,1503000000.0,-5015000000.0,38279000000.0,38279000000.0,0.0,0.015,0.379,0.061,0.035,0.0,10015000000.0,1.0,361871592.0,361871592.0,,105.781,27853000000.0,676000000.0,-32000000.0,1662000000.0,76.969,-3405000000.0
32,UAL,MRT,2013-09-30,2013-09-30,2013-09-30,2021-10-20,-493000000.0,37260000000.0,37299500000.0,9389000000.0,27871000000.0,1.009,4.855,-2286000000.0,6148000000.0,6148000000.0,19686000000.0,-189000000.0,0.745,20.562,12059000000.0,1074000000.0,10985000000.0,12059000000.0,4934000000.0,1522000000.0,0.0,0.0,0.0,589000000.0,2111000000.0,0.056,2111000000.0,589000000.0,-205000000.0,-0.7,-0.94,-0.7,1728000000.0,880000000.0,1728000000.0,16496803333.0,28.0,7.815,-418000000.0,-1.174,1.0,17966000000.0,0.477,9010000000.0,794000000.0,21557000000.0,21418250000.0,646000000.0,0.0,0.0,0.0,35532000000.0,12604000000.0,22928000000.0,10929803333.0,-1194000000.0,0.0,17000000.0,-479000000.0,0.0,-611000000.0,-2451000000.0,-245000000.0,1868000000.0,0.0,-189000000.0,-189000000.0,-189000000.0,0.0,0.0,-0.005,17417000000.0,549000000.0,2126000000.0,0.0,6.325,-57.83,-43.871,17766000000.0,0.0,30.71,0.29,0.29,1693000000.0,-5155000000.0,37652000000.0,37652000000.0,0.0,-0.005,-0.215,0.027,0.016,0.0,9863000000.0,1.0,355903723.0,355903723.0,,105.793,28250000000.0,568000000.0,-16000000.0,1573000000.0,79.375,-3215000000.0
33,UAL,MRT,2013-06-30,2013-06-30,2013-06-30,2021-10-20,-569000000.0,37468000000.0,37460750000.0,9621000000.0,27847000000.0,0.997,3.644,-2163000000.0,6399000000.0,6399000000.0,19812000000.0,-562000000.0,0.744,29.787,11966000000.0,1028000000.0,10938000000.0,11966000000.0,4987000000.0,1522000000.0,0.0,0.0,0.0,229000000.0,1751000000.0,0.047,1751000000.0,229000000.0,-572000000.0,-1.74,-1.9,-1.74,1217000000.0,904750000.0,1217000000.0,16770904907.0,73.0,9.578,-770000000.0,-2.306,1.0,17521000000.0,0.469,9046000000.0,801000000.0,21062000000.0,21221000000.0,555000000.0,0.0,0.0,0.0,36251000000.0,12927000000.0,23324000000.0,10448904907.0,-1943000000.0,0.0,17000000.0,-1012000000.0,0.0,-1121000000.0,-2215000000.0,-190000000.0,1393000000.0,0.0,-562000000.0,-562000000.0,-562000000.0,0.0,0.0,-0.015,17280000000.0,241000000.0,2298000000.0,0.0,8.586,-18.592,-17.983,17584000000.0,0.0,31.29,0.28,0.28,1732000000.0,-5534000000.0,37333000000.0,37333000000.0,0.0,-0.015,-0.621,0.011,0.006,0.0,9671000000.0,1.0,333937517.0,333937517.0,,111.796,28422000000.0,540000000.0,-10000000.0,1542000000.0,85.112,-3306000000.0
34,UAL,MRT,2013-03-31,2013-03-31,2013-03-31,2021-10-20,-1027000000.0,36842000000.0,37767250000.0,9148000000.0,27694000000.0,0.987,0.283,-1987000000.0,5825000000.0,5825000000.0,20131000000.0,-692000000.0,0.71,390.936,12147000000.0,1200000000.0,10947000000.0,12147000000.0,5067000000.0,1522000000.0,0.0,0.0,0.0,117000000.0,1639000000.0,0.044,1639000000.0,117000000.0,-703000000.0,-2.09,-2.22,-2.09,94000000.0,1009250000.0,94000000.0,16823650799.0,144.0,10.265,-783000000.0,-2.354,1.0,17140000000.0,0.46,9084000000.0,820000000.0,21188000000.0,21039250000.0,690000000.0,0.0,0.0,0.0,36748000000.0,12892000000.0,23856000000.0,10647650799.0,-2068000000.0,0.0,17000000.0,-1141000000.0,0.0,-1246000000.0,-2026000000.0,-174000000.0,1204000000.0,0.0,-692000000.0,-692000000.0,-692000000.0,0.0,0.0,-0.019,17094000000.0,46000000.0,2293000000.0,0.0,113.273,-15.387,-15.316,17437000000.0,0.0,32.01,0.286,0.286,1679000000.0,-6003000000.0,37271000000.0,37271000000.0,0.0,-0.018,-0.686,0.006,0.003,0.0,9518000000.0,1.0,332635139.0,332635139.0,,112.048,27758000000.0,494000000.0,-11000000.0,1485000000.0,83.449,-3744000000.0
35,UAL,MRT,2012-12-31,2012-12-31,2012-12-31,2021-10-20,-1046000000.0,37628000000.0,38106500000.0,10049000000.0,27579000000.0,0.975,1.447,-1833000000.0,6990000000.0,6990000000.0,20290000000.0,-723000000.0,0.784,77.229,13166000000.0,1934000000.0,11232000000.0,13166000000.0,5120000000.0,1522000000.0,0.0,0.0,0.0,111000000.0,1633000000.0,0.044,1633000000.0,111000000.0,-724000000.0,-2.18,-2.18,-2.18,481000000.0,1363250000.0,481000000.0,12865140174.0,116.0,7.878,-898000000.0,-2.701,1.0,16862000000.0,0.454,9120000000.0,835000000.0,21866000000.0,21009750000.0,695000000.0,0.0,0.0,0.0,37147000000.0,12818000000.0,24329000000.0,7772140174.0,-1476000000.0,0.0,17000000.0,-396000000.0,0.0,-454000000.0,-1957000000.0,-245000000.0,935000000.0,0.0,-723000000.0,-723000000.0,-723000000.0,0.0,0.0,-0.019,16823000000.0,39000000.0,2312000000.0,0.0,16.158,-10.75,-10.725,17292000000.0,0.0,23.38,0.209,0.209,1338000000.0,-5586000000.0,37152000000.0,37152000000.0,0.0,-0.019,-0.53,0.005,0.003,0.0,9297000000.0,1.0,332426868.0,332426868.0,,111.76,28508000000.0,543000000.0,-1000000.0,1543000000.0,85.757,-2769000000.0
36,UAL,MRT,2012-09-30,2012-09-30,2012-09-30,2021-10-20,-319000000.0,37905000000.0,38196500000.0,10774000000.0,27131000000.0,0.979,5.497,-1281000000.0,7151000000.0,7151000000.0,20302000000.0,-241000000.0,0.825,19.747,12244000000.0,1824000000.0,10420000000.0,12244000000.0,5244000000.0,863000000.0,0.0,0.0,0.0,611000000.0,1474000000.0,0.039,1474000000.0,611000000.0,-238000000.0,-0.74,-0.78,-0.74,1827000000.0,1694500000.0,1827000000.0,10637943131.0,17.0,7.217,534000000.0,1.607,1.0,17076000000.0,0.457,9173000000.0,849000000.0,20768000000.0,20974500000.0,675000000.0,0.0,0.0,0.0,36078000000.0,13057000000.0,23021000000.0,6480943131.0,-2345000000.0,0.0,26000000.0,-2112000000.0,0.0,-2087000000.0,-2073000000.0,-734000000.0,1815000000.0,0.0,-241000000.0,-241000000.0,-241000000.0,0.0,0.0,-0.006,16527000000.0,549000000.0,2188000000.0,0.0,3.547,-26.892,-26.351,16810000000.0,0.0,19.5,0.173,0.173,1862000000.0,-4965000000.0,37378000000.0,37378000000.0,0.0,-0.006,-0.142,0.029,0.016,17000000.0,9240000000.0,1.0,332356058.0,332356058.0,,112.464,28732000000.0,641000000.0,3000000.0,1649000000.0,86.449,-2283000000.0
37,UAL,MRT,2012-06-30,2012-06-30,2012-06-30,2021-10-20,-499000000.0,38694000000.0,38483750000.0,11708000000.0,26986000000.0,0.978,4.924,-970000000.0,8290000000.0,8290000000.0,20218000000.0,406000000.0,0.88,22.666,12447000000.0,1468000000.0,10979000000.0,12447000000.0,5398000000.0,1091000000.0,0.0,0.0,0.0,1281000000.0,2372000000.0,0.063,2372000000.0,1281000000.0,407000000.0,1.21,0.89,1.21,1635000000.0,1815750000.0,1635000000.0,12671046733.0,10.0,5.342,1479000000.0,4.454,1.0,17422000000.0,0.463,9204000000.0,874000000.0,20335000000.0,21351000000.0,611000000.0,0.0,0.0,0.0,37059000000.0,13312000000.0,23747000000.0,8079046733.0,-1425000000.0,0.0,26000000.0,-1927000000.0,0.0,-1897000000.0,-1977000000.0,-838000000.0,2449000000.0,0.0,406000000.0,406000000.0,406000000.0,0.0,0.0,0.011,16138000000.0,1284000000.0,2165000000.0,0.0,4.941,19.899,20.107,16577000000.0,0.0,24.33,0.215,0.215,1818000000.0,-4972000000.0,37640000000.0,37640000000.0,0.0,0.011,0.224,0.06,0.034,17000000.0,9243000000.0,1.0,332061107.0,332061107.0,,113.353,29490000000.0,658000000.0,1000000.0,1646000000.0,88.809,-1604000000.0
38,UAL,MRT,2012-03-31,2012-03-31,2012-03-31,2021-10-20,-280000000.0,38199000000.0,38733750000.0,11261000000.0,26938000000.0,0.968,4.547,-763000000.0,7844000000.0,7844000000.0,20021000000.0,605000000.0,0.902,24.297,12436000000.0,1140000000.0,11296000000.0,12436000000.0,5565000000.0,1159000000.0,0.0,0.0,0.0,1520000000.0,2679000000.0,0.071,2679000000.0,1520000000.0,609000000.0,1.82,1.39,1.82,1510000000.0,1892500000.0,1510000000.0,11543433082.0,8.0,4.309,764000000.0,2.301,1.0,17489000000.0,0.466,9235000000.0,911000000.0,21070000000.0,21819500000.0,645000000.0,0.0,0.0,0.0,36689000000.0,12486000000.0,24203000000.0,7139433082.0,-2559000000.0,0.0,26000000.0,-2260000000.0,0.0,-2245000000.0,-1841000000.0,-901000000.0,1527000000.0,0.0,605000000.0,605000000.0,605000000.0,0.0,0.0,0.016,15972000000.0,1517000000.0,2220000000.0,0.0,4.728,11.801,11.813,16444000000.0,0.0,21.5,0.19,0.19,1908000000.0,-5311000000.0,37510000000.0,37510000000.0,0.0,0.016,0.32,0.07,0.041,17000000.0,9165000000.0,1.0,332066655.0,332066655.0,,112.959,28964000000.0,610000000.0,4000000.0,1596000000.0,87.223,-1225000000.0
39,UAL,MRT,2011-12-31,2011-12-31,2011-12-31,2021-10-20,-417000000.0,37988000000.0,39322000000.0,10997000000.0,26991000000.0,0.944,5.459,-717000000.0,8331000000.0,8331000000.0,19459000000.0,840000000.0,0.965,20.034,12735000000.0,1311000000.0,11424000000.0,12735000000.0,5658000000.0,1547000000.0,0.0,0.0,0.0,1794000000.0,3341000000.0,0.09,3341000000.0,1794000000.0,845000000.0,2.54,2.26,2.54,1806000000.0,1993000000.0,1806000000.0,10656195148.0,6.0,3.19,1691000000.0,5.111,1.0,17651000000.0,0.476,9273000000.0,949000000.0,21725000000.0,22192250000.0,615000000.0,0.0,0.0,0.0,36182000000.0,11394000000.0,24788000000.0,6243195148.0,-1823000000.0,0.0,26000000.0,-2465000000.0,0.0,-2432000000.0,-1799000000.0,-898000000.0,2408000000.0,0.0,840000000.0,840000000.0,840000000.0,0.0,0.0,0.023,15829000000.0,1822000000.0,1998000000.0,0.0,3.457,7.432,7.429,16419000000.0,0.0,18.87,0.168,0.168,1358000000.0,-4863000000.0,37110000000.0,37110000000.0,0.0,0.021,0.421,0.081,0.048,17000000.0,9087000000.0,1.0,330852949.0,330852949.0,,112.165,28715000000.0,615000000.0,5000000.0,1603000000.0,86.791,-397000000.0
40,UAL,MRT,2011-09-30,2011-09-30,2011-09-30,2021-10-20,-45000000.0,39054000000.0,39724500000.0,11986000000.0,27068000000.0,0.923,6.99,-498000000.0,8744000000.0,8744000000.0,18833000000.0,653000000.0,1.007,15.892,13157000000.0,1339000000.0,11818000000.0,13157000000.0,5850000000.0,1087000000.0,0.0,0.0,0.0,1656000000.0,2743000000.0,0.075,2743000000.0,1656000000.0,667000000.0,0.73,0.73,0.73,2312000000.0,1973250000.0,2312000000.0,11025390488.0,7.0,4.019,1046000000.0,3.162,1.0,17813000000.0,0.486,9295000000.0,989000000.0,22274000000.0,22655750000.0,628000000.0,92000000.0,0.0,92000000.0,36742000000.0,11898000000.0,24844000000.0,6410390488.0,2536000000.0,3698000000.0,18000000.0,-2233000000.0,0.0,-1949000000.0,2941000000.0,-228000000.0,1544000000.0,0.0,653000000.0,653000000.0,653000000.0,0.0,0.0,0.018,16118000000.0,1695000000.0,1808000000.0,0.0,2.773,9.817,26.548,16549000000.0,0.0,19.38,0.175,0.175,1713000000.0,-4725000000.0,36646000000.0,36646000000.0,0.0,0.016,0.331,0.073,0.045,14000000.0,9004000000.0,1.0,330773503.0,330773503.0,,110.789,29759000000.0,643000000.0,14000000.0,1641000000.0,89.968,88000000.0
41,UAL,MRT,2011-06-30,2011-06-30,2011-06-30,2021-10-20,242000000.0,39694000000.0,34974750000.0,12391000000.0,27303000000.0,0.912,5.876,-490000000.0,8983000000.0,8983000000.0,16228000000.0,387000000.0,0.971,19.44,13598000000.0,1527000000.0,12071000000.0,13598000000.0,5846000000.0,1091000000.0,0.0,0.0,0.0,1333000000.0,2424000000.0,0.076,2424000000.0,1333000000.0,394000000.0,1.06,0.79,1.06,1942000000.0,843750000.0,1942000000.0,12750511026.0,10.0,5.26,1103000000.0,3.338,1.0,15664000000.0,0.491,9338000000.0,939000000.0,22209000000.0,20357750000.0,508000000.0,101000000.0,0.0,101000000.0,37752000000.0,12762000000.0,24990000000.0,7478511026.0,2605000000.0,3698000000.0,18000000.0,-2294000000.0,0.0,-2006000000.0,3018000000.0,-198000000.0,1593000000.0,0.0,387000000.0,387000000.0,387000000.0,0.0,0.0,0.012,14363000000.0,1301000000.0,1999000000.0,0.0,3.851,19.324,21.349,16690000000.0,0.0,22.63,0.234,0.234,1863000000.0,-5378000000.0,31892000000.0,31892000000.0,0.0,0.011,0.459,0.065,0.042,14000000.0,7940000000.0,1.0,330468892.0,330468892.0,,96.505,30356000000.0,622000000.0,7000000.0,1618000000.0,91.857,-371000000.0
42,UAL,MRT,2011-03-31,2011-03-31,2011-03-31,2021-10-20,756000000.0,40552000000.0,30084750000.0,13148000000.0,27404000000.0,0.906,5.819,-487000000.0,9312000000.0,9312000000.0,13676000000.0,122000000.0,0.948,20.209,14584000000.0,2467000000.0,12117000000.0,14584000000.0,6088000000.0,1246000000.0,0.0,0.0,0.0,990000000.0,2236000000.0,0.082,2236000000.0,990000000.0,123000000.0,1.05,0.69,1.05,1912000000.0,-330750000.0,1912000000.0,13619383467.0,14.0,6.091,1943000000.0,5.914,1.0,13568000000.0,0.498,9389000000.0,867000000.0,22561000000.0,18096250000.0,619000000.0,98000000.0,0.0,98000000.0,38640000000.0,13874000000.0,24766000000.0,7553383467.0,4649000000.0,3698000000.0,18000000.0,-1153000000.0,0.0,-857000000.0,3076000000.0,-187000000.0,2430000000.0,0.0,122000000.0,122000000.0,122000000.0,0.0,0.0,0.004,12634000000.0,934000000.0,1897000000.0,0.0,3.951,61.913,21.895,16832000000.0,0.0,22.99,0.277,0.277,2357000000.0,-5916000000.0,27244000000.0,27244000000.0,0.0,0.004,-0.369,0.055,0.036,14000000.0,6908000000.0,1.0,328550825.0,328550825.0,,82.922,31163000000.0,554000000.0,1000000.0,1549000000.0,94.85,-726000000.0
43,UAL,MRT,2010-12-31,2010-12-31,2010-12-31,2021-10-20,387000000.0,39598000000.0,24934750000.0,12045000000.0,27553000000.0,0.935,5.447,-368000000.0,9067000000.0,9067000000.0,11421000000.0,253000000.0,0.953,21.929,15133000000.0,2663000000.0,12470000000.0,15133000000.0,6073000000.0,1079000000.0,0.0,0.0,0.0,1051000000.0,2130000000.0,0.091,2130000000.0,1051000000.0,253000000.0,1.22,1.08,1.22,1727000000.0,-1530500000.0,1727000000.0,11235652086.0,11.0,5.275,1539000000.0,4.854,1.0,11904000000.0,0.51,9440000000.0,798000000.0,23579000000.0,16323250000.0,466000000.0,0.0,0.0,0.0,37871000000.0,12645000000.0,25226000000.0,7552652086.0,5027000000.0,3698000000.0,18000000.0,-454000000.0,0.0,-200000000.0,3320000000.0,-84000000.0,1907000000.0,0.0,253000000.0,253000000.0,253000000.0,0.0,0.0,0.011,10928000000.0,976000000.0,1805000000.0,0.0,4.373,29.852,19.525,16945000000.0,0.0,23.82,0.324,0.324,1613000000.0,-5703000000.0,23325000000.0,23325000000.0,0.0,0.01,-0.165,0.064,0.045,14000000.0,5914000000.0,1.0,317071876.0,317071876.0,,73.564,30158000000.0,591000000.0,0.0,1585000000.0,95.114,-600000000.0
44,UAL,MRT,2010-09-30,2010-09-30,2010-09-30,2021-10-20,48000000.0,20055000000.0,19706250000.0,7070000000.0,12985000000.0,0.965,-13.103,-197000000.0,5158000000.0,5158000000.0,7890000000.0,338000000.0,0.856,-10.091,8841000000.0,1910000000.0,6931000000.0,8841000000.0,4034000000.0,918000000.0,0.0,0.0,0.0,1068000000.0,1986000000.0,0.104,1986000000.0,1068000000.0,366000000.0,1.94,1.06,1.94,-2206000000.0,-2665000000.0,-2206000000.0,8001436473.0,7.0,4.029,1692000000.0,10.05,1.0,11122000000.0,0.585,2400000000.0,702000000.0,13082000000.0,14157500000.0,286000000.0,101000000.0,0.0,101000000.0,22261000000.0,8256000000.0,14005000000.0,3983436473.0,2413000000.0,0.0,130000000.0,589000000.0,0.0,704000000.0,-180000000.0,-42000000.0,1889000000.0,0.0,338000000.0,338000000.0,338000000.0,0.0,0.0,0.018,10138000000.0,984000000.0,889000000.0,0.0,-1.806,11.785,12.196,9490000000.0,0.0,23.66,0.21,0.21,1044000000.0,-5377000000.0,19012000000.0,19012000000.0,0.0,0.017,-0.127,0.075,0.056,21000000.0,5103000000.0,1.0,168361643.0,168361643.0,,112.924,17655000000.0,74000000.0,28000000.0,583000000.0,104.864,-1186000000.0
45,UAL,MRT,2010-06-30,2010-06-30,2010-06-30,2021-10-20,-109000000.0,20134000000.0,19279250000.0,6983000000.0,13151000000.0,0.935,-16.417,-169000000.0,5156000000.0,5156000000.0,8071000000.0,-106000000.0,0.815,-8.306,9174000000.0,1879000000.0,7295000000.0,9174000000.0,4101000000.0,906000000.0,0.0,0.0,0.0,589000000.0,1495000000.0,0.083,1495000000.0,589000000.0,-82000000.0,-0.75,-1.08,-0.75,-2756000000.0,-2774750000.0,-2756000000.0,8946424326.0,15.0,5.984,1331000000.0,7.929,1.0,9957000000.0,0.552,2416000000.0,671000000.0,13163000000.0,14458750000.0,280000000.0,97000000.0,0.0,97000000.0,22890000000.0,8573000000.0,14317000000.0,3451424326.0,2340000000.0,0.0,157000000.0,870000000.0,0.0,1006000000.0,-166000000.0,-42000000.0,1500000000.0,0.0,-106000000.0,-106000000.0,-106000000.0,0.0,0.0,-0.006,9426000000.0,531000000.0,926000000.0,0.0,-1.252,-32.561,-27.413,9603000000.0,0.0,20.56,0.191,0.191,971000000.0,-5765000000.0,18028000000.0,18028000000.0,0.0,-0.005,0.038,0.041,0.033,21000000.0,4869000000.0,1.0,167870833.0,167870833.0,,107.392,17718000000.0,51000000.0,24000000.0,537000000.0,105.545,-1590000000.0
46,UAL,MRT,2010-03-31,2010-03-31,2010-03-31,2021-10-20,40000000.0,19952000000.0,18947250000.0,6520000000.0,13432000000.0,0.891,-17.241,-208000000.0,3809000000.0,3809000000.0,7860000000.0,-351000000.0,0.865,-7.911,9304000000.0,1072000000.0,8232000000.0,9304000000.0,4173000000.0,905000000.0,0.0,0.0,0.0,290000000.0,1195000000.0,0.071,1195000000.0,290000000.0,-338000000.0,-2.18,-2.18,-2.18,-2887000000.0,-2743000000.0,-2887000000.0,8433722572.0,29.0,7.058,814000000.0,4.861,1.0,9025000000.0,0.534,2439000000.0,628000000.0,15469000000.0,14709000000.0,188000000.0,95000000.0,0.0,95000000.0,22839000000.0,7539000000.0,15300000000.0,3273722572.0,1059000000.0,0.0,157000000.0,107000000.0,0.0,258000000.0,-221000000.0,-42000000.0,1022000000.0,0.0,-351000000.0,-351000000.0,-351000000.0,0.0,0.0,-0.021,8828000000.0,197000000.0,887000000.0,0.0,-1.134,-9.327,-8.968,9714000000.0,0.0,19.55,0.194,0.194,968000000.0,-6038000000.0,16885000000.0,16885000000.0,0.0,-0.019,0.128,0.02,0.017,21000000.0,4712000000.0,1.0,167453840.0,167453840.0,,100.834,17513000000.0,51000000.0,13000000.0,539000000.0,104.584,-1019000000.0
47,UAL,MRT,2009-12-31,2009-12-31,2009-12-31,2021-10-20,35000000.0,18684000000.0,18734500000.0,5105000000.0,13579000000.0,0.872,-16.828,-240000000.0,3383000000.0,3383000000.0,8049000000.0,-651000000.0,0.789,-7.647,8543000000.0,971000000.0,7572000000.0,8543000000.0,4235000000.0,917000000.0,0.0,0.0,0.0,-91000000.0,826000000.0,0.051,826000000.0,-91000000.0,-668000000.0,-4.32,-4.32,-4.32,-2811000000.0,-2685000000.0,-2811000000.0,7205497528.0,-79.0,8.723,726000000.0,4.346,1.0,8286000000.0,0.507,2455000000.0,577000000.0,14916000000.0,14483750000.0,472000000.0,88000000.0,0.0,88000000.0,21495000000.0,6473000000.0,15022000000.0,2156497528.0,1003000000.0,0.0,220000000.0,-126000000.0,0.0,117000000.0,-80000000.0,0.0,966000000.0,0.0,-651000000.0,-651000000.0,-651000000.0,0.0,0.0,-0.04,8447000000.0,-161000000.0,803000000.0,0.0,-0.767,-3.313,-2.988,9840000000.0,0.0,12.91,0.132,0.132,743000000.0,-5956000000.0,16335000000.0,16335000000.0,0.0,-0.035,0.242,-0.006,-0.006,21000000.0,4589000000.0,1.0,167040862.0,167040862.0,,97.79,16229000000.0,63000000.0,-17000000.0,551000000.0,97.156,-1368000000.0
48,UAL,MRT,2009-09-30,2009-09-30,2009-09-30,2021-10-20,99000000.0,18347000000.0,18929750000.0,4526000000.0,13821000000.0,0.882,-18.271,-227000000.0,2834000000.0,2834000000.0,8718000000.0,-1726000000.0,0.682,-7.936,7883000000.0,904000000.0,6979000000.0,7883000000.0,4251000000.0,937000000.0,0.0,0.0,0.0,-1209000000.0,-272000000.0,-0.016,-272000000.0,-1209000000.0,-1767000000.0,-12.81,-12.81,-12.81,-2645000000.0,-2562500000.0,-2645000000.0,6299705161.0,-5.0,-23.161,-338000000.0,-2.335,1.0,7971000000.0,0.478,2472000000.0,558000000.0,14287000000.0,14550750000.0,216000000.0,90000000.0,0.0,90000000.0,20992000000.0,6637000000.0,14355000000.0,1334705161.0,-406000000.0,0.0,186000000.0,-606000000.0,0.0,-388000000.0,93000000.0,0.0,-111000000.0,0.0,-1726000000.0,-1726000000.0,-1726000000.0,0.0,0.0,-0.103,8870000000.0,-899000000.0,807000000.0,0.0,-0.505,-0.773,-0.72,9732000000.0,0.0,9.22,0.08,0.08,843000000.0,-5719000000.0,16689000000.0,16689000000.0,0.0,-0.091,0.674,-0.083,-0.072,31000000.0,4718000000.0,1.0,144761948.0,144761948.0,,115.286,15875000000.0,92000000.0,-41000000.0,576000000.0,109.663,-2111000000.0
49,UAL,MRT,2009-06-30,2009-06-30,2009-06-30,2021-10-20,89000000.0,18806000000.0,19525750000.0,4754000000.0,14052000000.0,0.913,-18.265,-298000000.0,2847000000.0,2847000000.0,10312000000.0,-2461000000.0,0.67,-8.153,7812000000.0,1011000000.0,6801000000.0,7812000000.0,4258000000.0,951000000.0,0.0,0.0,0.0,-1940000000.0,-989000000.0,-0.055,-989000000.0,-1940000000.0,-2496000000.0,-18.92,-18.92,-18.92,-2629000000.0,-2221750000.0,-2629000000.0,5695148152.0,-3.0,-5.758,-852000000.0,-5.919,1.0,7509000000.0,0.421,2507000000.0,556000000.0,14164000000.0,14812000000.0,228000000.0,79000000.0,0.0,79000000.0,21435000000.0,7100000000.0,14335000000.0,459148152.0,-333000000.0,0.0,159000000.0,-483000000.0,-2000000.0,-294000000.0,515000000.0,0.0,-554000000.0,0.0,-2461000000.0,-2461000000.0,-2461000000.0,0.0,0.0,-0.138,8987000000.0,-1478000000.0,791000000.0,0.0,-0.175,-0.187,-0.169,9943000000.0,0.0,3.19,0.026,0.026,921000000.0,-5662000000.0,17821000000.0,17821000000.0,0.0,-0.126,1.108,-0.131,-0.109,31000000.0,4837000000.0,1.0,143933590.0,143933590.0,,123.814,16299000000.0,102000000.0,-35000000.0,582000000.0,113.24,-2346000000.0
50,UAL,MRT,2009-03-31,2009-03-31,2009-03-31,2021-10-20,91000000.0,19101000000.0,20158250000.0,4857000000.0,14244000000.0,0.951,-18.452,-341000000.0,2712000000.0,2712000000.0,11760000000.0,-5229000000.0,0.674,-8.194,7948000000.0,977000000.0,6971000000.0,7948000000.0,4242000000.0,945000000.0,0.0,0.0,0.0,-4722000000.0,-3777000000.0,-0.197,-3777000000.0,-4722000000.0,-5280000000.0,-40.68,-40.68,-40.68,-2655000000.0,-1707000000.0,-2655000000.0,6482608487.0,-1.0,-1.716,-1074000000.0,-7.464,1.0,7414000000.0,0.387,2564000000.0,558000000.0,14568000000.0,14854500000.0,228000000.0,77000000.0,0.0,77000000.0,21756000000.0,7205000000.0,14551000000.0,644608487.0,19000000.0,0.0,159000000.0,-654000000.0,-2000000.0,-309000000.0,1061000000.0,486000000.0,-733000000.0,0.0,-5229000000.0,-5229000000.0,-5229000000.0,0.0,0.0,-0.273,11693000000.0,-4279000000.0,784000000.0,0.0,-0.243,-0.123,-0.11,10077000000.0,0.0,4.48,0.034,0.034,738000000.0,-5690000000.0,19174000000.0,19174000000.0,0.0,-0.259,3.063,-0.318,-0.246,31000000.0,5107000000.0,1.0,143885823.0,143885823.0,,133.258,16537000000.0,202000000.0,-51000000.0,696000000.0,114.931,-2348000000.0
51,UAL,MRT,2008-12-31,2008-12-31,2008-12-31,2021-10-20,93000000.0,19465000000.0,21336250000.0,4866000000.0,14599000000.0,0.946,-18.011,-381000000.0,2311000000.0,2311000000.0,12829000000.0,-5396000000.0,0.668,-9.386,8004000000.0,950000000.0,7054000000.0,8004000000.0,4182000000.0,932000000.0,0.0,0.195,2.15,-4850000000.0,-3918000000.0,-0.194,-3918000000.0,-4850000000.0,-5421000000.0,-42.59,-42.59,-42.59,-2321000000.0,-501750000.0,-2321000000.0,6300103772.0,-1.0,-1.608,-1620000000.0,-12.571,1.0,7365000000.0,0.365,2693000000.0,571000000.0,15184000000.0,14967750000.0,237000000.0,81000000.0,0.0,81000000.0,21786000000.0,7281000000.0,14505000000.0,1420103772.0,780000000.0,0.0,96000000.0,-702000000.0,-253000000.0,-702000000.0,2721000000.0,2295000000.0,-1239000000.0,0.0,-5396000000.0,-5396000000.0,-5396000000.0,0.0,0.0,-0.267,11803000000.0,-4438000000.0,829000000.0,-0.05,-0.612,-0.263,-0.259,10312000000.0,0.0,11.02,0.07,0.07,714000000.0,-5308000000.0,20194000000.0,20194000000.0,0.0,-0.253,10.754,-0.324,-0.24,31000000.0,5298000000.0,1.0,128866041.0,128866041.0,,156.705,16772000000.0,268000000.0,-25000000.0,804000000.0,130.151,-2415000000.0
52,UAL,MRT,2008-09-30,2008-09-30,2008-09-30,2021-10-20,102000000.0,20731000000.0,22525000000.0,5970000000.0,14761000000.0,0.918,-10.127,-674000000.0,3179000000.0,3179000000.0,14744000000.0,-4177000000.0,0.79,-17.171,8059000000.0,865000000.0,7194000000.0,8059000000.0,4016000000.0,901000000.0,0.0,0.245,2.15,-3624000000.0,-2723000000.0,-0.132,-2723000000.0,-3624000000.0,-4250000000.0,-33.5,-33.07,-33.5,-1282000000.0,683000000.0,-1282000000.0,5554760627.0,-2.0,-2.04,-792000000.0,-6.256,1.0,5933000000.0,0.287,2726000000.0,626000000.0,15332000000.0,14979000000.0,283000000.0,92000000.0,0.0,92000000.0,22013000000.0,7553000000.0,14460000000.0,1112760627.0,1668000000.0,76000000.0,24000000.0,-1267000000.0,-253000000.0,-1287000000.0,3073000000.0,2931000000.0,-118000000.0,0.0,-4177000000.0,-4177000000.0,-4177000000.0,0.0,0.0,-0.202,9623000000.0,-3690000000.0,825000000.0,-0.064,-0.868,-0.266,-0.262,10663000000.0,0.0,8.79,0.054,0.054,1037000000.0,-3896000000.0,20677000000.0,20677000000.0,0.0,-0.185,-6.116,-0.242,-0.175,49000000.0,5115000000.0,1.0,126593928.0,126593928.0,,163.333,18005000000.0,127000000.0,-73000000.0,660000000.0,142.226,-1583000000.0
53,UAL,MRT,2008-06-30,2008-06-30,2008-06-30,2021-10-20,114000000.0,21336000000.0,23744250000.0,6181000000.0,15155000000.0,0.869,-4.532,-822000000.0,3554000000.0,3554000000.0,13491000000.0,-3051000000.0,0.71,-38.432,7996000000.0,806000000.0,7190000000.0,7996000000.0,3985000000.0,912000000.0,0.0,0.412,2.15,-2251000000.0,-1339000000.0,-0.065,-1339000000.0,-2251000000.0,-2894000000.0,-24.18,-24.35,-24.18,-570000000.0,1663500000.0,-570000000.0,5258463494.0,-2.0,-3.927,-211000000.0,-1.678,1.0,7148000000.0,0.346,2741000000.0,643000000.0,14334000000.0,15226250000.0,257000000.0,101000000.0,0.0,101000000.0,21906000000.0,8703000000.0,13203000000.0,656463494.0,1232000000.0,0.0,24000000.0,-1457000000.0,-251000000.0,-1471000000.0,2092000000.0,2614000000.0,611000000.0,0.0,-3051000000.0,-3051000000.0,-3051000000.0,0.0,0.0,-0.148,9669000000.0,-2521000000.0,899000000.0,-0.089,-1.152,-0.215,-0.216,10945000000.0,0.0,5.22,0.032,0.032,1345000000.0,-3116000000.0,20639000000.0,20639000000.0,0.0,-0.128,-1.834,-0.148,-0.109,49000000.0,5170000000.0,1.0,125759290.0,125759290.0,,164.115,18595000000.0,0.0,157000000.0,529000000.0,147.862,-2522000000.0
54,UAL,MRT,2008-03-31,2008-03-31,2008-03-31,2021-10-20,129000000.0,23813000000.0,24826500000.0,5889000000.0,17924000000.0,0.825,18.203,-755000000.0,3652000000.0,3652000000.0,12721000000.0,-37000000.0,0.713,9.994,8254000000.0,977000000.0,7277000000.0,8254000000.0,3915000000.0,925000000.0,0.0,0.1,2.15,986000000.0,1911000000.0,0.093,1911000000.0,986000000.0,341000000.0,-0.3,-0.95,-0.3,2166000000.0,2383750000.0,2166000000.0,6787948980.0,7.0,3.552,673000000.0,5.656,1.0,7760000000.0,0.379,5131000000.0,645000000.0,15021000000.0,15612500000.0,239000000.0,109000000.0,0.0,109000000.0,21647000000.0,8263000000.0,13384000000.0,2561948980.0,-738000000.0,0.0,24000000.0,-1139000000.0,-251000000.0,-1297000000.0,-869000000.0,-261000000.0,1428000000.0,0.0,-37000000.0,-37000000.0,-37000000.0,0.0,0.0,-0.002,7050000000.0,710000000.0,855000000.0,-7.167,1.183,-69.242,-71.767,11246000000.0,0.0,21.53,0.125,0.125,1118000000.0,-387000000.0,20481000000.0,20481000000.0,0.0,-0.001,-0.016,0.063,0.048,49000000.0,5014000000.0,1.0,118994379.0,118994379.0,,172.117,18682000000.0,67000000.0,378000000.0,627000000.0,156.999,-2374000000.0
55,UAL,MRT,2007-12-31,2007-12-31,2007-12-31,2021-10-20,141000000.0,24220000000.0,25058000000.0,6095000000.0,18125000000.0,0.804,20.795,-704000000.0,4310000000.0,4310000000.0,12054000000.0,360000000.0,0.764,9.017,8449000000.0,928000000.0,7521000000.0,8449000000.0,3837000000.0,925000000.0,0.0,0.0,0.0,1361000000.0,2286000000.0,0.113,2286000000.0,1361000000.0,657000000.0,2.94,2.65,2.94,2418000000.0,2350500000.0,2418000000.0,8325502329.0,6.0,3.642,1430000000.0,12.298,1.0,8089000000.0,0.402,5151000000.0,704000000.0,15229000000.0,15935500000.0,242000000.0,122000000.0,0.0,122000000.0,21802000000.0,7979000000.0,13823000000.0,4146502329.0,-2573000000.0,0.0,24000000.0,-2253000000.0,0.0,-2147000000.0,-2560000000.0,-1951000000.0,2134000000.0,0.0,360000000.0,360000000.0,360000000.0,0.0,0.0,0.018,7052000000.0,1037000000.0,1134000000.0,0.0,1.715,11.518,12.129,11359000000.0,0.0,35.66,0.206,0.206,888000000.0,152000000.0,20143000000.0,20143000000.0,0.0,0.014,0.153,0.085,0.068,49000000.0,5040000000.0,1.0,116278809.0,116278809.0,,173.23,19069000000.0,78000000.0,297000000.0,638000000.0,163.994,-1884000000.0
56,UAL,MRT,2007-09-30,2007-09-30,2007-09-30,2021-10-20,65000000.0,25608000000.0,25398250000.0,6966000000.0,18642000000.0,0.776,22.81,-484000000.0,4950000000.0,4950000000.0,11657000000.0,395000000.0,0.886,8.7,9129000000.0,973000000.0,8156000000.0,9129000000.0,3867000000.0,922000000.0,0.0,0.0,0.0,1414000000.0,2336000000.0,0.119,2336000000.0,1414000000.0,696000000.0,3.26,2.19,3.26,2640000000.0,2304000000.0,2640000000.0,9507381688.0,7.0,4.07,2919000000.0,25.22,1.0,8042000000.0,0.408,5607000000.0,718000000.0,16321000000.0,16473250000.0,230000000.0,194000000.0,0.0,194000000.0,22968000000.0,7859000000.0,15109000000.0,5385381688.0,-2818000000.0,-76000000.0,6000000.0,-1750000000.0,0.0,-1655000000.0,-3458000000.0,-2840000000.0,3403000000.0,0.0,395000000.0,395000000.0,395000000.0,0.0,0.0,0.02,6866000000.0,1176000000.0,830000000.0,0.0,2.04,13.634,14.273,11328000000.0,0.0,46.53,0.273,0.273,1095000000.0,467000000.0,19699000000.0,19699000000.0,0.0,0.016,0.171,0.086,0.072,159000000.0,4971000000.0,1.0,115739989.0,115739989.0,,170.2,20001000000.0,77000000.0,301000000.0,1048000000.0,172.81,-893000000.0
57,UAL,MRT,2007-06-30,2007-06-30,2007-06-30,2021-10-20,87000000.0,25665000000.0,25462000000.0,6916000000.0,18749000000.0,0.76,19.994,-298000000.0,5120000000.0,5120000000.0,11663000000.0,251000000.0,0.837,10.106,9242000000.0,702000000.0,8540000000.0,9242000000.0,3855000000.0,903000000.0,0.0,0.0,0.0,1101000000.0,2004000000.0,0.104,2004000000.0,1101000000.0,380000000.0,2.07,1.59,2.07,2311000000.0,2166250000.0,2311000000.0,9762627419.0,9.0,4.872,1786000000.0,15.452,1.0,7685000000.0,0.397,5647000000.0,721000000.0,15879000000.0,17017500000.0,210000000.0,116000000.0,0.0,116000000.0,23354000000.0,8261000000.0,15093000000.0,4691627419.0,-2427000000.0,0.0,6000000.0,-1735000000.0,0.0,-1649000000.0,-2862000000.0,-2467000000.0,2084000000.0,0.0,251000000.0,251000000.0,251000000.0,0.0,0.0,0.013,6882000000.0,803000000.0,861000000.0,0.0,2.03,18.692,19.609,11242000000.0,0.0,40.59,0.242,0.242,1138000000.0,132000000.0,19348000000.0,19348000000.0,0.0,0.01,0.116,0.065,0.057,159000000.0,4973000000.0,1.0,115585795.0,115585795.0,,167.391,20018000000.0,66000000.0,129000000.0,756000000.0,173.187,-1345000000.0
58,UAL,MRT,2007-03-31,2007-03-31,2007-03-31,2021-10-20,89000000.0,24739000000.0,25551250000.0,5761000000.0,18978000000.0,0.753,18.032,-298000000.0,4225000000.0,4225000000.0,11775000000.0,96000000.0,0.737,11.169,9296000000.0,663000000.0,8633000000.0,9296000000.0,3820000000.0,892000000.0,0.0,0.0,0.0,826000000.0,1718000000.0,0.089,1718000000.0,826000000.0,33000000.0,0.77,0.77,0.77,2033000000.0,2071500000.0,2033000000.0,9912338169.0,12.0,5.77,1437000000.0,12.746,1.0,7473000000.0,0.388,5679000000.0,793000000.0,16313000000.0,17493750000.0,205000000.0,115000000.0,0.0,115000000.0,22706000000.0,7818000000.0,14888000000.0,4303338169.0,-457000000.0,0.0,6000000.0,-1819000000.0,0.0,-1751000000.0,-441000000.0,-133000000.0,1735000000.0,0.0,96000000.0,96000000.0,96000000.0,0.0,0.0,0.005,6947000000.0,526000000.0,734000000.0,0.0,2.117,44.826,49.571,11356000000.0,0.0,38.17,0.224,0.224,1071000000.0,-136000000.0,19248000000.0,19248000000.0,0.0,0.004,0.046,0.047,0.043,159000000.0,5036000000.0,1.0,112741372.0,112741372.0,,170.727,19060000000.0,73000000.0,-63000000.0,562000000.0,169.06,-2057000000.0
59,UAL,MRT,2006-12-31,2006-12-31,2006-12-31,2021-10-20,82000000.0,25581000000.0,25754000000.0,6321000000.0,19260000000.0,0.694,20.157,-292000000.0,4896000000.0,4896000000.0,10935000000.0,25000000.0,0.774,10.461,10596000000.0,1797000000.0,8799000000.0,10596000000.0,3680000000.0,820000000.0,0.0,0.0,0.0,774000000.0,1594000000.0,0.089,1594000000.0,774000000.0,46000000.0,0.14,0.14,0.14,2232000000.0,1998000000.0,2232000000.0,10619114940.0,14.0,6.662,1109000000.0,10.015,1.0,6947000000.0,0.388,5731000000.0,728000000.0,17380000000.0,18026000000.0,218000000.0,113000000.0,0.0,113000000.0,23349000000.0,8170000000.0,15179000000.0,4872114940.0,2201000000.0,0.0,6000000.0,800000000.0,0.0,812000000.0,-12000000.0,-181000000.0,1401000000.0,0.0,25000000.0,25000000.0,25000000.0,0.0,0.0,0.001,6448000000.0,499000000.0,671000000.0,0.0,2.183,194.885,314.286,11446000000.0,0.0,44.0,0.272,0.272,1169000000.0,23000000.0,17882000000.0,17882000000.0,0.0,0.001,0.013,0.043,0.043,159000000.0,4647000000.0,1.0,110729885.0,110729885.0,,161.492,19850000000.0,114000000.0,21000000.0,596000000.0,179.265,-1849000000.0
60,UAL,MRT,2006-09-30,2006-09-30,2006-09-30,2021-10-20,-15000000.0,25863000000.0,24194250000.0,6552000000.0,19311000000.0,,20.039,,4943000000.0,4943000000.0,,,0.902,11.381,10690000000.0,766000000.0,9924000000.0,10690000000.0,3541000000.0,,0.0,0.0,0.0,,,,,,,,,,2089000000.0,-4950000000.0,2089000000.0,8318854561.0,,,,,1.0,,,5850000000.0,,18498000000.0,16770500000.0,210000000.0,113000000.0,0.0,113000000.0,23774000000.0,7262000000.0,16512000000.0,2769854561.0,,,,,,,,,,,,,,,,,,,637000000.0,,1.326,,,11533000000.0,,26.57,,,1040000000.0,82000000.0,,,,,,,,,,1.0,104247443.0,104247443.0,,,20013000000.0,127000000.0,,760000000.0,191.976,-710000000.0
61,UAL,MRT,2006-06-30,2006-06-30,2006-06-30,2021-10-20,42000000.0,26022000000.0,,6745000000.0,19277000000.0,,19.611,,5059000000.0,5059000000.0,,,0.854,12.469,10608000000.0,723000000.0,9885000000.0,10608000000.0,3492000000.0,,0.0,0.0,0.0,,,,,,,,,,1932000000.0,,1932000000.0,9234914858.0,,,,,1.0,,,5893000000.0,,17784000000.0,,191000000.0,111000000.0,0.0,111000000.0,24090000000.0,7894000000.0,16196000000.0,3055914858.0,,,,,,,,,,,,,,,,,,,750000000.0,,1.582,,,11409000000.0,,31.02,,,1079000000.0,-104000000.0,,,,,,,,,,1.0,98514341.0,98514341.0,,,20129000000.0,132000000.0,,706000000.0,204.326,-1149000000.0
62,UAL,MRT,2006-03-31,2006-03-31,2006-03-31,2021-10-20,8000000.0,25550000000.0,,6113000000.0,19437000000.0,,,,4529000000.0,4529000000.0,,,0.827,13.692,10708000000.0,461000000.0,10247000000.0,10708000000.0,3407000000.0,,0.0,0.0,,,,,,,,,,,1739000000.0,,1739000000.0,2527432481.0,,,,,1.0,,,5892000000.0,,18442000000.0,,161000000.0,112000000.0,0.0,112000000.0,23811000000.0,7395000000.0,16416000000.0,3889432481.0,,,,,,,,,,,,,,,,,,,739000000.0,,2.237,,,11537000000.0,,39.93,,,1010000000.0,-223000000.0,,,,,,,,,,1.0,97406273.0,,,,19658000000.0,101000000.0,,677000000.0,,-1282000000.0
63,UAL,MRT,2005-12-31,2005-12-31,2005-12-31,2021-10-20,-36000000.0,19342000000.0,20023500000.0,4259000000.0,15083000000.0,0.868,-262.406,-140000000.0,2795000000.0,2795000000.0,11185000000.0,-21176000000.0,0.814,-1.757,1433000000.0,33000000.0,1400000000.0,1433000000.0,0.0,873000000.0,0.0,,0.0,-20694000000.0,-19821000000.0,-1.141,-19821000000.0,-20694000000.0,-21176000000.0,-182.29,-182.29,-182.29,-25560000000.0,-16620000000.0,-25560000000.0,,,,799000000.0,8.203,1.0,6194000000.0,0.356,388000000.0,482000000.0,12358000000.0,12614500000.0,193000000.0,20000000.0,0.0,20000000.0,44902000000.0,5234000000.0,39668000000.0,,538000000.0,0.0,0.0,-85000000.0,0.0,-110000000.0,-291000000.0,5000000.0,939000000.0,0.0,-21176000000.0,-21176000000.0,-21176000000.0,0.0,0.0,-1.218,6413000000.0,-219000000.0,596000000.0,0.0,,,,13228000000.0,0.0,,,,839000000.0,-29122000000.0,17379000000.0,17379000000.0,0.0,-1.058,1.274,-1.64,-1.191,0.0,4027000000.0,1.0,97406273.0,97406273.0,,178.418,18954000000.0,0.0,0.0,428000000.0,194.587,-975000000.0
64,UAL,MRT,2004-12-31,2004-12-31,2004-12-31,2021-10-20,-3332000000.0,20705000000.0,,3914000000.0,16791000000.0,,,-246000000.0,2178000000.0,2178000000.0,9783000000.0,-1721000000.0,0.606,-3.696,1204000000.0,903000000.0,301000000.0,1204000000.0,0.0,874000000.0,0.0,,0.0,-1272000000.0,-398000000.0,-0.024,-398000000.0,-1272000000.0,-1721000000.0,-15.25,-15.25,-15.25,-7680000000.0,,-7680000000.0,,,,-295000000.0,,1.0,6608000000.0,0.403,399000000.0,449000000.0,12871000000.0,,234000000.0,24000000.0,0.0,24000000.0,28385000000.0,6461000000.0,21924000000.0,,-417000000.0,0.0,0.0,-224000000.0,0.0,-72000000.0,-296000000.0,218000000.0,-49000000.0,0.0,-1721000000.0,-1721000000.0,-1721000000.0,0.0,0.0,-0.105,7462000000.0,-854000000.0,601000000.0,0.0,,,,14174000000.0,0.0,,,,951000000.0,-7946000000.0,16391000000.0,16391000000.0,0.0,,,,-0.078,0.0,5006000000.0,1.0,,,,,20306000000.0,96000000.0,0.0,389000000.0,,-2547000000.0
65,UAL,MRT,2003-12-31,2003-12-31,2003-12-31,2021-10-20,,,,,,,,-27000000.0,,,8367000000.0,-2808000000.0,,,,,,,,938000000.0,,,0.0,-2281000000.0,-1343000000.0,-0.09,-1343000000.0,-2281000000.0,-2808000000.0,-27.36,-27.36,-27.36,,,,,,,792000000.0,,1.0,6561000000.0,0.44,,527000000.0,,,,,,,,,,,754000000.0,0.0,0.0,-564000000.0,0.0,-404000000.0,339000000.0,460000000.0,819000000.0,0.0,-2808000000.0,-2808000000.0,-2808000000.0,0.0,0.0,-0.188,7921000000.0,-1360000000.0,,0.0,,,,,0.0,,,,,,14928000000.0,14928000000.0,0.0,,,,-0.153,0.0,5377000000.0,1.0,,,,,,,0.0,,,
