None,ticker,dimension,calendardate,datekey,reportperiod,lastupdated,accoci,assets,assetsavg,assetsc,assetsnc,assetturnover,bvps,capex,cashneq,cashnequsd,cor,consolinc,currentratio,de,debt,debtc,debtnc,debtusd,deferredrev,depamor,deposits,divyield,dps,ebit,ebitda,ebitdamargin,ebitdausd,ebitusd,ebt,eps,epsdil,epsusd,equity,equityavg,equityusd,ev,evebit,evebitda,fcf,fcfps,fxusd,gp,grossmargin,intangibles,intexp,invcap,invcapavg,inventory,investments,investmentsc,investmentsnc,liabilities,liabilitiesc,liabilitiesnc,marketcap,ncf,ncfbus,ncfcommon,ncfdebt,ncfdiv,ncff,ncfi,ncfinv,ncfo,ncfx,netinc,netinccmn,netinccmnusd,netincdis,netincnci,netmargin,opex,opinc,payables,payoutratio,pb,pe,pe1,ppnenet,prefdivis,price,ps,ps1,receivables,retearn,revenue,revenueusd,rnd,roa,roe,roic,ros,sbcomp,sgna,sharefactor,sharesbas,shareswa,shareswadil,sps,tangibles,taxassets,taxexp,taxliabilities,tbvps,workingcapital
0,COF,MRY,2020-12-31,2020-12-31,2020-12-31,2021-08-02,3494000000.0,421602000000.0,415414750000.0,,,0.044,131.623,-710000000.0,40509000000.0,40509000000.0,0.0,2714000000.0,,6.003,40539000000.0,,,40539000000.0,0.0,3501000000.0,305442000000.0,0.01,1.0,3200000000.0,6701000000.0,0.367,6701000000.0,3200000000.0,3200000000.0,5.19,5.18,5.19,60204000000.0,57875750000.0,60204000000.0,43902702445.0,14.0,6.552,15989000000.0,34.956,1.0,18259000000.0,1.0,14653000000.0,0.0,406979000000.0,405403500000.0,0.0,339477000000.0,,,361398000000.0,,,45213702445.0,27022000000.0,-7000000.0,-90000000.0,-16480000000.0,-740000000.0,25164000000.0,-14841000000.0,-5898000000.0,16699000000.0,0.0,2714000000.0,2375000000.0,2375000000.0,3000000.0,0.0,0.13,15056000000.0,3203000000.0,0.0,0.193,0.751,19.037,19.046,4287000000.0,339000000.0,98.85,2.476,2.476,0.0,40088000000.0,18259000000.0,18259000000.0,0.0,0.006,0.041,0.008,0.175,203000000.0,13060000000.0,1.0,457397091.0,457397091.0,,39.919,406949000000.0,0.0,486000000.0,0.0,889.706,
1,COF,MRY,2019-12-31,2019-12-31,2019-12-31,2021-08-02,1156000000.0,390365000000.0,378996250000.0,,,0.059,124.562,-887000000.0,13407000000.0,13407000000.0,0.0,5546000000.0,,5.729,55697000000.0,,,55697000000.0,0.0,3339000000.0,262697000000.0,0.016,1.6,6887000000.0,10226000000.0,0.457,10226000000.0,6887000000.0,6887000000.0,11.1,11.05,11.1,58011000000.0,56373500000.0,58011000000.0,80956346669.0,12.0,7.917,15752000000.0,33.823,1.0,22357000000.0,1.0,14653000000.0,0.0,418002000000.0,399986750000.0,0.0,338556000000.0,,,332354000000.0,,,47927346669.0,260000000.0,-8393000000.0,-1265000000.0,-4186000000.0,-1035000000.0,6619000000.0,-22998000000.0,-4730000000.0,16639000000.0,0.0,5546000000.0,5192000000.0,5192000000.0,-13000000.0,0.0,0.232,15483000000.0,6874000000.0,0.0,0.144,0.826,9.231,9.271,4378000000.0,354000000.0,102.91,2.144,2.144,0.0,40340000000.0,22357000000.0,22357000000.0,0.0,0.014,0.092,0.017,0.308,239000000.0,13287000000.0,1.0,465720986.0,465720986.0,,48.005,375712000000.0,0.0,1341000000.0,0.0,806.732,
2,COF,MRY,2018-12-31,2018-12-31,2018-12-31,2021-08-02,-1263000000.0,372538000000.0,365573250000.0,,,0.061,109.083,-874000000.0,13186000000.0,13186000000.0,0.0,6015000000.0,,6.21,58905000000.0,,,58905000000.0,0.0,2396000000.0,249764000000.0,0.021,1.6,7308000000.0,9704000000.0,0.437,9704000000.0,7308000000.0,7308000000.0,11.9,11.82,11.9,51668000000.0,50358750000.0,51668000000.0,77126694911.0,11.0,7.948,12104000000.0,25.554,1.0,22220000000.0,1.0,14544000000.0,0.0,403713000000.0,392233250000.0,0.0,323095000000.0,,,320870000000.0,,,35803694911.0,-863000000.0,-600000000.0,-2071000000.0,-1191000000.0,-1038000000.0,1777000000.0,-15618000000.0,-7403000000.0,12978000000.0,0.0,6015000000.0,5710000000.0,5710000000.0,10000000.0,0.0,0.257,14902000000.0,7318000000.0,0.0,0.134,0.693,6.27,6.352,4191000000.0,305000000.0,75.59,1.611,1.611,0.0,35875000000.0,22220000000.0,22220000000.0,0.0,0.016,0.113,0.019,0.329,170000000.0,12424000000.0,1.0,473656501.0,473656501.0,,46.912,357994000000.0,0.0,1293000000.0,0.0,755.809,
3,COF,MRY,2017-12-31,2017-12-31,2017-12-31,2021-08-02,-926000000.0,365693000000.0,356559250000.0,,,0.055,100.527,-1018000000.0,14040000000.0,14040000000.0,0.0,1982000000.0,,6.504,60281000000.0,,,60281000000.0,0.0,2440000000.0,243702000000.0,0.016,1.6,5357000000.0,7797000000.0,0.396,7797000000.0,5357000000.0,5357000000.0,3.52,3.49,3.52,48730000000.0,49015250000.0,48730000000.0,99244825644.0,19.0,12.729,13164000000.0,27.157,1.0,19686000000.0,1.0,14533000000.0,0.0,397401000000.0,386926250000.0,0.0,314893000000.0,,,316963000000.0,,,48270825644.0,1859000000.0,-3187000000.0,48000000.0,-2778000000.0,-1045000000.0,3218000000.0,-15541000000.0,-3029000000.0,14182000000.0,0.0,1982000000.0,1704000000.0,1704000000.0,135000000.0,0.0,0.087,14194000000.0,5492000000.0,0.0,0.455,0.991,28.328,28.29,4033000000.0,278000000.0,99.58,2.452,2.452,0.0,30700000000.0,19686000000.0,19686000000.0,0.0,0.005,0.035,0.014,0.272,244000000.0,11782000000.0,1.0,484744182.0,484744182.0,,40.611,351160000000.0,0.0,3375000000.0,0.0,724.423,
4,COF,MRY,2016-12-31,2016-12-31,2016-12-31,2021-08-02,-949000000.0,357033000000.0,342889250000.0,,,0.056,98.515,-779000000.0,9976000000.0,9976000000.0,0.0,3751000000.0,,6.514,60460000000.0,,,60460000000.0,0.0,2428000000.0,236768000000.0,0.018,1.6,5465000000.0,7893000000.0,0.415,7893000000.0,5465000000.0,5465000000.0,6.96,6.89,6.96,47514000000.0,47885500000.0,47514000000.0,92801972827.0,17.0,11.758,11077000000.0,22.967,1.0,19042000000.0,1.0,14519000000.0,0.0,392998000000.0,378015500000.0,0.0,309092000000.0,,,309519000000.0,,,42075972827.0,3453000000.0,-629000000.0,-3388000000.0,1544000000.0,-1026000000.0,17227000000.0,-25630000000.0,-16893000000.0,11856000000.0,0.0,3751000000.0,3513000000.0,3513000000.0,19000000.0,0.0,0.184,13558000000.0,5484000000.0,0.0,0.23,0.886,11.977,12.534,3675000000.0,238000000.0,87.24,2.21,2.21,0.0,29766000000.0,19042000000.0,19042000000.0,0.0,0.01,0.073,0.014,0.287,239000000.0,11201000000.0,1.0,482301385.0,482301385.0,,39.482,342514000000.0,0.0,1714000000.0,0.0,710.166,
5,COF,MRY,2015-12-31,2015-12-31,2015-12-31,2021-08-02,-616000000.0,334048000000.0,316120500000.0,,,0.06,88.872,-532000000.0,8023000000.0,8023000000.0,0.0,4050000000.0,,6.065,59115000000.0,,,59115000000.0,0.0,2100000000.0,217721000000.0,0.021,1.5,5919000000.0,8019000000.0,0.425,8019000000.0,5919000000.0,5919000000.0,7.15,7.07,7.15,47284000000.0,46839500000.0,47284000000.0,74344026289.0,13.0,9.271,9595000000.0,18.034,1.0,18877000000.0,1.0,14480000000.0,0.0,370660000000.0,341459500000.0,0.0,290322000000.0,,,286764000000.0,,,38403026289.0,1564000000.0,-9314000000.0,-2245000000.0,10747000000.0,-974000000.0,21163000000.0,-29726000000.0,-13963000000.0,10127000000.0,0.0,4050000000.0,3872000000.0,3872000000.0,-38000000.0,0.0,0.205,12996000000.0,5881000000.0,0.0,0.21,0.812,9.918,10.095,3584000000.0,178000000.0,72.18,2.034,2.034,0.0,27045000000.0,18877000000.0,18877000000.0,0.0,0.012,0.083,0.017,0.314,161000000.0,10723000000.0,1.0,532045252.0,532045252.0,,35.48,319568000000.0,0.0,1869000000.0,0.0,600.641,
6,COF,MRY,2014-12-31,2014-12-31,2014-12-31,2021-08-02,-430000000.0,308167000000.0,299296500000.0,,,0.063,81.035,-502000000.0,7242000000.0,7242000000.0,0.0,4428000000.0,,5.84,48457000000.0,,,48457000000.0,0.0,2002000000.0,205548000000.0,0.015,1.2,6574000000.0,8576000000.0,0.457,8576000000.0,6574000000.0,6574000000.0,7.71,7.59,7.71,45053000000.0,43921750000.0,45053000000.0,81990370801.0,12.0,9.56,8802000000.0,15.832,1.0,18749000000.0,1.0,13978000000.0,0.0,335404000000.0,318728750000.0,0.0,266801000000.0,,,263114000000.0,,,45895370801.0,951000000.0,-24000000.0,-1799000000.0,7557000000.0,-746000000.0,7638000000.0,-15991000000.0,-11819000000.0,9304000000.0,0.0,4428000000.0,4343000000.0,4343000000.0,-5000000.0,0.0,0.232,12180000000.0,6569000000.0,0.0,0.156,1.019,10.568,10.707,3685000000.0,85000000.0,82.55,2.448,2.448,0.0,23973000000.0,18749000000.0,18749000000.0,0.0,0.015,0.099,0.021,0.351,205000000.0,9913000000.0,1.0,555970573.0,555970573.0,,33.723,294189000000.0,0.0,2146000000.0,0.0,529.145,
7,COF,MRY,2013-12-31,2013-12-31,2013-12-31,2021-08-02,-872000000.0,296933000000.0,295881500000.0,,,0.064,72.208,-818000000.0,6291000000.0,6291000000.0,0.0,4121000000.0,,6.132,40654000000.0,,,40654000000.0,0.0,2065000000.0,204523000000.0,0.012,0.95,6345000000.0,8410000000.0,0.444,8410000000.0,6345000000.0,6345000000.0,6.99,6.89,6.99,41632000000.0,41429750000.0,41632000000.0,70296878244.0,11.0,8.359,9166000000.0,15.898,1.0,18931000000.0,1.0,13978000000.0,0.0,317318000000.0,312664000000.0,0.0,254908000000.0,,,255301000000.0,,,44169878244.0,-4767000000.0,-204000000.0,-838000000.0,-8608000000.0,-608000000.0,-18472000000.0,3721000000.0,5167000000.0,9984000000.0,0.0,4121000000.0,4051000000.0,4051000000.0,233000000.0,0.0,0.214,12353000000.0,6578000000.0,0.0,0.136,1.061,10.903,10.96,3839000000.0,70000000.0,76.61,2.333,2.333,0.0,20292000000.0,18931000000.0,18931000000.0,0.0,0.014,0.098,0.02,0.335,240000000.0,9638000000.0,1.0,576554996.0,576554996.0,,32.835,282955000000.0,0.0,2224000000.0,0.0,490.768,
8,COF,MRY,2012-12-31,2012-12-31,2012-12-31,2021-08-02,739000000.0,312918000000.0,301490000000.0,,,0.056,69.624,-560000000.0,11058000000.0,11058000000.0,0.0,3492000000.0,,6.727,49910000000.0,,,49910000000.0,0.0,1862000000.0,212485000000.0,0.003,0.2,4967000000.0,6829000000.0,0.402,6829000000.0,4967000000.0,4967000000.0,6.17,6.11,6.17,40499000000.0,38578250000.0,40499000000.0,66104959971.0,13.0,9.68,8964000000.0,15.41,1.0,16981000000.0,1.0,13904000000.0,0.0,337866000000.0,313520000000.0,0.0,265350000000.0,,,272419000000.0,,,33696959971.0,5220000000.0,-17603000000.0,3270000000.0,10306000000.0,-126000000.0,14510000000.0,-18814000000.0,503000000.0,9524000000.0,0.0,3492000000.0,3462000000.0,3462000000.0,217000000.0,0.0,0.204,11797000000.0,5184000000.0,0.0,0.032,0.832,9.733,9.389,3587000000.0,30000000.0,57.93,1.984,1.984,0.0,16853000000.0,16981000000.0,16981000000.0,0.0,0.011,0.09,0.016,0.293,199000000.0,8939000000.0,1.0,581684101.0,581684101.0,,29.193,299014000000.0,0.0,1475000000.0,0.0,514.049,
9,COF,MRY,2011-12-31,2011-12-31,2011-12-31,2021-08-02,169000000.0,206019000000.0,201305000000.0,,,0.069,64.537,-315000000.0,5838000000.0,5838000000.0,0.0,3147000000.0,,5.945,39561000000.0,,,39561000000.0,0.0,579000000.0,128226000000.0,0.005,0.2,4481000000.0,5060000000.0,0.364,5060000000.0,4481000000.0,4481000000.0,6.85,6.8,6.85,29666000000.0,28818750000.0,29666000000.0,47396744770.0,11.0,9.367,7140000000.0,15.533,1.0,13919000000.0,1.0,13592000000.0,0.0,226150000000.0,218860000000.0,0.0,171393000000.0,,,176353000000.0,,,19439744770.0,589000000.0,-1444000000.0,55000000.0,-2477000000.0,-91000000.0,4308000000.0,-11174000000.0,-9872000000.0,7455000000.0,0.0,3147000000.0,3121000000.0,3121000000.0,106000000.0,0.0,0.224,9332000000.0,4587000000.0,0.0,0.029,0.655,6.229,6.174,2748000000.0,26000000.0,42.29,1.397,1.397,0.0,13462000000.0,13919000000.0,13919000000.0,0.0,0.016,0.108,0.02,0.322,189000000.0,7264000000.0,1.0,459677105.0,459677105.0,,30.28,192427000000.0,0.0,1334000000.0,0.0,418.613,
10,COF,MRY,2010-12-31,2010-12-31,2010-12-31,2021-08-02,248000000.0,197503000000.0,198158146750.0,,,0.062,58.086,-340000000.0,5249000000.0,5249000000.0,0.0,2743000000.0,,6.441,41796000000.0,,,41796000000.0,0.0,517000000.0,122210000000.0,0.005,0.2,4023000000.0,4540000000.0,0.37,4540000000.0,4023000000.0,4023000000.0,6.07,6.01,6.07,26541000000.0,25561595500.0,26541000000.0,58837789669.0,15.0,12.96,7802000000.0,17.075,1.0,12264000000.0,1.0,13591000000.0,0.0,220459000000.0,225550495000.0,0.0,163686000000.0,,,170962000000.0,,,19446789669.0,-3436000000.0,0.0,11000000.0,-22344000000.0,-91000000.0,-16041000000.0,4463000000.0,319000000.0,8142000000.0,0.0,2743000000.0,2743000000.0,2743000000.0,307000000.0,0.0,0.224,7934000000.0,4330000000.0,0.0,0.033,0.733,7.09,7.012,2749000000.0,0.0,42.56,1.586,1.586,118000000.0,10406000000.0,12264000000.0,12264000000.0,0.0,0.014,0.107,0.018,0.328,149000000.0,6165000000.0,1.0,456926449.0,456926449.0,,26.84,183912000000.0,0.0,1280000000.0,0.0,402.498,
11,COF,MRY,2009-12-31,2009-12-31,2009-12-31,2021-08-02,83000000.0,169646000000.0,171862171750.0,,,0.051,59.099,-243000000.0,8685000000.0,8685000000.0,0.0,884000000.0,,5.38,21014000000.0,,,21014000000.0,0.0,683000000.0,115809000000.0,0.014,0.525,1233000000.0,1916000000.0,0.219,1916000000.0,1233000000.0,1233000000.0,0.75,0.74,0.75,26590000000.0,26221472250.0,26590000000.0,34457857353.0,28.0,17.984,1839000000.0,4.087,1.0,8753000000.0,1.0,13596000000.0,0.0,168379000000.0,174275476500.0,0.0,126171000000.0,,,143056000000.0,,,17250110353.0,1194000000.0,778000000.0,1516000000.0,-3324000000.0,-214000000.0,-12050000000.0,11162000000.0,10354000000.0,2082000000.0,0.0,884000000.0,320000000.0,320000000.0,103000000.0,0.0,0.037,7417000000.0,1336000000.0,0.0,0.7,0.649,53.907,51.12,2736000000.0,564000000.0,38.34,1.971,1.971,7128000000.0,10727000000.0,8753000000.0,8753000000.0,0.0,0.002,0.012,0.007,0.141,146000000.0,4757000000.0,1.0,449924631.0,449924631.0,,19.454,156050000000.0,0.0,349000000.0,0.0,346.836,
12,COF,MRY,2008-12-31,2008-12-31,2008-12-31,2021-08-02,-1221796000.0,165913452000.0,155609840750.0,,,0.057,67.948,-356000000.0,7491343000.0,7491343000.0,0.0,-46000000.0,,5.234,23178491000.0,,,23178491000.0,0.0,692000000.0,108620789000.0,0.047,1.5,451000000.0,1143000000.0,0.13,1143000000.0,451000000.0,451000000.0,-0.21,-0.21,-0.21,26612433000.0,25441241250.0,26612433000.0,31110166169.0,69.0,27.218,3127000000.0,7.984,1.0,8792000000.0,1.0,11964487000.0,0.0,169636113000.0,164068844750.0,0.0,127565544000.0,,,139301019000.0,,,12489979169.0,2670000000.0,0.0,818000000.0,-14853000000.0,-568000000.0,14796000000.0,-15609000000.0,-13724000000.0,3483000000.0,0.0,-46000000.0,-79000000.0,-79000000.0,131000000.0,0.0,-0.009,8210000000.0,582000000.0,0.0,-7.143,0.469,-158.101,-151.857,2313106000.0,33000000.0,31.89,1.421,1.421,6342754000.0,10621164000.0,8792000000.0,8792000000.0,0.0,-0.001,-0.003,0.003,0.051,112000000.0,5107000000.0,1.0,391658174.0,391658174.0,,22.448,153948965000.0,0.0,497000000.0,0.0,393.07,
13,COF,MRY,2007-12-31,2007-12-31,2007-12-31,2021-08-02,315248000.0,150590369000.0,148095441500.0,,,0.081,58.049,-437545000.0,4821409000.0,4821409000.0,0.0,1570332000.0,,5.199,37525675000.0,,,37525675000.0,0.0,678757000.0,82761176000.0,0.002,0.107,2848169000.0,3526926000.0,0.295,3526926000.0,2848169000.0,2848169000.0,4.02,3.97,4.02,24294112000.0,25072098750.0,24294112000.0,48839925296.0,17.0,13.848,12463335000.0,29.78,1.0,11947566000.0,1.0,12830740000.0,0.0,170463895000.0,160560930500.0,0.0,118939477000.0,,,126296257000.0,,,19778885296.0,160913000.0,-10464000.0,-2679565000.0,7736578000.0,-42055000.0,-2274794000.0,-10465173000.0,-4464930000.0,12900880000.0,0.0,1570332000.0,1570332000.0,1570332000.0,1021387000.0,0.0,0.131,8078010000.0,3869556000.0,0.0,0.027,0.814,12.595,11.756,2299603000.0,0.0,47.26,1.655,1.655,4717879000.0,11267568000.0,11947566000.0,11947566000.0,0.0,0.011,0.063,0.018,0.238,229228000.0,5552938000.0,1.0,418512173.0,418512173.0,,28.548,137759629000.0,0.0,1277837000.0,0.0,329.165,
14,COF,MRY,2006-12-31,2006-12-31,2006-12-31,2021-08-02,266180000.0,149739285000.0,105862324000.0,,,0.1,82.805,-712190000.0,4660496000.0,4660496000.0,0.0,2414493000.0,,4.934,33982477000.0,,,33982477000.0,0.0,542090000.0,85770892000.0,0.001,0.107,3660457000.0,4202547000.0,0.396,4202547000.0,3660457000.0,3660457000.0,7.8,7.62,7.8,25235206000.0,18244623000.0,25235206000.0,44133198542.0,12.0,10.502,2664548000.0,8.743,1.0,10616032000.0,1.0,13635435000.0,0.0,165425831000.0,121180288000.0,0.0,120219481000.0,,,124504079000.0,,,23411236542.0,589229000.0,-3635356000.0,253491000.0,4142141000.0,-32324000.0,4339192000.0,-7126701000.0,-265802000.0,3376738000.0,0.0,2414493000.0,2414493000.0,2414493000.0,11884000.0,0.0,0.227,6943691000.0,3672341000.0,0.0,0.014,0.928,9.696,9.849,2203280000.0,0.0,76.82,2.205,2.205,4589235000.0,9760184000.0,10616032000.0,10616032000.0,0.0,0.023,0.132,0.03,0.345,211117000.0,5057056000.0,1.0,304754446.0,304754446.0,,34.835,136103850000.0,0.0,1245964000.0,0.0,446.602,
15,COF,MRY,2005-12-31,2005-12-31,2005-12-31,2021-08-02,6129000.0,88701411000.0,65438365250.0,,,0.131,52.994,-159823000.0,4071267000.0,4071267000.0,0.0,1809147000.0,,5.278,22278140000.0,,,22278140000.0,0.0,425640000.0,47933267000.0,0.001,0.107,2829002000.0,3254642000.0,0.381,3254642000.0,2829002000.0,2829002000.0,6.98,6.73,6.98,14128914000.0,11139413000.0,14128914000.0,36697699699.0,13.0,11.275,3504040000.0,13.143,1.0,8547275000.0,1.0,3906399000.0,0.0,103001885000.0,79484744250.0,0.0,72500143000.0,,,74572497000.0,,,23035231699.0,2660056000.0,450562000.0,1042438000.0,2659898000.0,-27504000.0,5914385000.0,-6918192000.0,-7657282000.0,3663863000.0,0.0,1809147000.0,1809147000.0,1809147000.0,0.0,0.0,0.212,5718273000.0,2829002000.0,0.0,0.015,1.63,12.733,12.378,1191406000.0,0.0,86.4,2.695,2.695,4904547000.0,7378015000.0,8547275000.0,8547275000.0,0.0,0.028,0.162,0.036,0.331,149496000.0,4218492000.0,1.0,266611478.0,266611478.0,,32.059,84795012000.0,0.0,1019855000.0,0.0,318.047,
16,COF,MRY,2004-12-31,2004-12-31,2004-12-31,2021-08-02,144759000.0,53747255000.0,51230724000.0,,,0.15,34.56,-208975000.0,1411211000.0,1411211000.0,0.0,1543482000.0,,5.407,16511809000.0,,,16511809000.0,0.0,381852000.0,25686957000.0,0.001,0.107,2360064000.0,2741916000.0,0.357,2741916000.0,2360064000.0,2360064000.0,6.55,6.21,6.55,8388189000.0,7595383500.0,8388189000.0,34455115770.0,15.0,12.566,4280335000.0,17.635,1.0,7682283000.0,1.0,352157000.0,0.0,68495696000.0,65322551500.0,0.0,46011045000.0,,,45359066000.0,,,20439169770.0,-569071000.0,0.0,503681000.0,1677699000.0,-25618000.0,5389677000.0,-10448058000.0,-10692788000.0,4489310000.0,0.0,1543482000.0,1543482000.0,1543482000.0,0.0,0.0,0.201,5322219000.0,2360064000.0,0.0,0.016,2.437,13.242,12.856,817704000.0,0.0,84.21,2.661,2.661,4081271000.0,5596372000.0,7682283000.0,7682283000.0,0.0,0.03,0.203,0.036,0.307,127174000.0,4012390000.0,1.0,242716658.0,242716658.0,,31.651,53395098000.0,0.0,816582000.0,0.0,219.989,
17,COF,MRY,2003-12-31,2003-12-31,2003-12-31,2021-08-02,83158000.0,46283706000.0,42001915250.0,,,0.159,26.207,-262650000.0,1980282000.0,1980282000.0,0.0,1135842000.0,,6.648,14812633000.0,,,14812633000.0,0.0,384016000.0,22416332000.0,0.002,0.107,1811756000.0,2195772000.0,0.329,2195772000.0,1811756000.0,1811756000.0,5.05,4.85,5.05,6051811000.0,5477665000.0,6051811000.0,26709047480.0,15.0,12.164,1771604000.0,7.672,1.0,6683516000.0,1.0,0.0,0.0,59116057000.0,53169461250.0,0.0,37121897000.0,,,40231895000.0,,,14153150480.0,1061504000.0,0.0,139227000.0,2682963000.0,-24282000.0,7892130000.0,-8864880000.0,-8960198000.0,2034254000.0,0.0,1135842000.0,1135842000.0,1135842000.0,0.0,0.0,0.17,4856723000.0,1826793000.0,0.0,0.021,2.339,12.46,12.137,902600000.0,0.0,61.29,2.118,2.118,4748962000.0,4078508000.0,6683516000.0,6683516000.0,0.0,0.027,0.207,0.034,0.271,49449000.0,3666175000.0,1.0,230921039.0,230921039.0,,28.943,46283706000.0,0.0,675914000.0,0.0,200.431,
18,COF,MRY,2002-12-31,2002-12-31,2002-12-31,2021-08-02,-15566000.0,37382380000.0,34847885000.0,,,0.173,20.838,-275436000.0,918778000.0,918778000.0,0.0,899644000.0,,7.086,11930690000.0,,,11930690000.0,0.0,383527000.0,17325965000.0,0.004,0.106,1451039000.0,1834566000.0,0.304,1834566000.0,1451039000.0,1451039000.0,4.09,3.93,4.09,4623171000.0,4163055000.0,4623171000.0,18060908217.0,12.0,9.845,2231593000.0,10.058,1.0,6036620000.0,1.0,0.0,0.0,48394292000.0,45309703500.0,0.0,30047607000.0,,,32759209000.0,,,6593899217.0,211540000.0,0.0,265970000.0,2628307000.0,-23457000.0,7357817000.0,-9653306000.0,-9609027000.0,2507029000.0,0.0,899644000.0,899644000.0,899644000.0,0.0,0.0,0.149,4585581000.0,1451039000.0,0.0,0.026,1.426,7.329,7.267,770326000.0,0.0,29.72,1.092,1.092,3606549000.0,2966948000.0,6036620000.0,6036620000.0,0.0,0.026,0.216,0.032,0.24,27749000.0,3598066000.0,1.0,221867403.0,221867403.0,,27.208,37382380000.0,0.0,551395000.0,0.0,168.49,
19,COF,MRY,2001-12-31,2001-12-31,2001-12-31,2021-08-02,-84598000.0,28184047000.0,23539954500.0,,,0.216,15.467,-326594000.0,707238000.0,707238000.0,0.0,641965000.0,,7.48,9330757000.0,,,9330757000.0,0.0,337562000.0,12838968000.0,0.002,0.106,1035420000.0,1372982000.0,0.27,1372982000.0,1035420000.0,1035420000.0,3.06,2.91,3.06,3323478000.0,2874388250.0,3323478000.0,18331932240.0,18.0,13.352,1058281000.0,4.925,1.0,5093447000.0,1.0,0.0,0.0,36807566000.0,30615194750.0,0.0,23196905000.0,,,24860569000.0,,,11592329240.0,470531000.0,0.0,540696000.0,1796038000.0,-22310000.0,6774367000.0,-7688711000.0,-7558210000.0,1384875000.0,0.0,641965000.0,641965000.0,641965000.0,0.0,0.0,0.126,4058027000.0,1035420000.0,0.0,0.035,3.488,18.058,17.631,759683000.0,0.0,53.95,2.276,2.276,2452548000.0,2090761000.0,5093447000.0,5093447000.0,0.0,0.027,0.223,0.034,0.203,-11134000.0,3250078000.0,1.0,214871719.0,214871719.0,,23.705,28184047000.0,0.0,393455000.0,0.0,131.167,
20,COF,MRY,2000-12-31,2000-12-31,2000-12-31,2021-08-02,2918000.0,18889341000.0,15730028750.0,,,0.248,9.965,-374018000.0,236707000.0,236707000.0,0.0,469634000.0,,8.625,6976535000.0,,,6976535000.0,0.0,245171000.0,8379025000.0,0.002,0.107,757474000.0,1002645000.0,0.257,1002645000.0,757474000.0,757474000.0,2.39,2.24,2.39,1962514000.0,1733639750.0,1962514000.0,19678027080.0,26.0,19.626,1163774000.0,5.909,1.0,3905131000.0,1.0,0.0,0.0,25629169000.0,22178416750.0,0.0,16282527000.0,,,16926827000.0,,,12960861080.0,-9790000.0,0.0,-102318000.0,14098000.0,-20824000.0,4486172000.0,-6033754000.0,-5804826000.0,1537792000.0,0.0,469634000.0,469634000.0,469634000.0,0.0,0.0,0.12,3147657000.0,757474000.0,0.0,0.045,6.604,27.598,27.536,664461000.0,0.0,65.81,3.319,3.319,1143902000.0,1471106000.0,3905131000.0,3905131000.0,0.0,0.03,0.271,0.034,0.194,17976000.0,2591373000.0,1.0,196943642.0,196943642.0,,19.829,18889341000.0,0.0,287840000.0,0.0,95.912,
21,COF,MRY,1999-12-31,1999-12-31,1999-12-31,2021-08-02,-31262000.0,13336443000.0,11360400750.0,,,0.268,7.686,-350987000.0,246497000.0,246497000.0,0.0,363091000.0,,7.799,6961014000.0,,,6961014000.0,0.0,172623000.0,3783809000.0,0.002,0.107,577017000.0,749640000.0,0.246,749640000.0,577017000.0,577017000.0,1.84,1.72,1.84,1515607000.0,1418734000.0,1515607000.0,14733792224.0,26.0,19.654,922348000.0,4.678,1.0,3042013000.0,1.0,0.0,0.0,20050960000.0,17229980500.0,0.0,11427970000.0,,,11820836000.0,,,9502114224.0,-53670000.0,0.0,-56036000.0,1478430000.0,-20653000.0,3185571000.0,-4512576000.0,-4286262000.0,1273335000.0,0.0,363091000.0,363091000.0,363091000.0,0.0,0.0,0.119,2464996000.0,577017000.0,0.0,0.058,6.27,26.17,26.19,470732000.0,0.0,48.19,3.124,3.124,661922000.0,1022296000.0,3042013000.0,3042013000.0,0.0,0.032,0.256,0.033,0.19,49236000.0,2030893000.0,1.0,197180208.0,197180208.0,,15.428,13336443000.0,0.0,213926000.0,0.0,67.636,
22,COF,MRY,1998-12-31,1998-12-31,1998-12-31,2021-08-02,60655000.0,9419403000.0,8218879750.0,,,0.232,6.456,-153024000.0,300167000.0,300167000.0,0.0,275231000.0,,6.414,5481593000.0,,,5481593000.0,0.0,108173000.0,1999979000.0,0.003,0.107,443921000.0,552094000.0,0.289,552094000.0,443921000.0,443921000.0,1.4,1.32,1.4,1270406000.0,1124052500.0,1270406000.0,12299219160.0,28.0,22.277,627534000.0,3.189,1.0,1908507000.0,1.0,0.0,0.0,14600829000.0,12872031750.0,0.0,7722898000.0,,,8148997000.0,,,7543262160.0,62444000.0,0.0,-78900000.0,840826000.0,-20533000.0,1427718000.0,-2145832000.0,-2060572000.0,780558000.0,0.0,275231000.0,275231000.0,275231000.0,0.0,0.0,0.144,1464586000.0,443921000.0,0.0,0.076,5.938,27.407,27.381,242147000.0,0.0,38.333,3.952,3.952,833143000.0,679838000.0,1908507000.0,1908507000.0,0.0,0.033,0.245,0.034,0.233,70056000.0,1230311000.0,1.0,196780752.0,196780752.0,,9.699,9419403000.0,0.0,168690000.0,0.0,47.868,
23,COF,MRY,1997-12-31,1997-12-31,1997-12-31,2021-08-02,2539000.0,7078279000.0,6772862000.0,,,0.175,4.549,-51602000.0,237723000.0,237723000.0,0.0,189381000.0,,6.815,4128890000.0,,,4128890000.0,0.0,72674000.0,1613650000.0,0.006,0.107,305453000.0,378127000.0,0.32,378127000.0,305453000.0,305453000.0,0.96,0.93,0.96,893259000.0,816825000.0,893259000.0,,,,474650000.0,2.417,1.0,1182429000.0,1.0,0.0,0.0,10969446000.0,10566567500.0,0.0,5921357000.0,,,6087356000.0,,,3546931343.0,-291253000.0,0.0,-41723000.0,1098000.0,-20638000.0,309369000.0,-1126874000.0,-1102734000.0,526252000.0,0.0,189381000.0,189381000.0,189381000.0,0.0,0.0,0.16,876976000.0,305453000.0,0.0,0.111,3.971,18.729,18.816,162726000.0,0.0,18.063,3.0,3.0,588781000.0,425140000.0,1182429000.0,1182429000.0,0.0,0.028,0.232,0.029,0.258,24878000.0,732698000.0,1.0,196360842.0,196360842.0,,6.022,7078279000.0,0.0,116072000.0,0.0,36.047,
24,COF,MRY,1996-12-31,1996-12-31,1996-12-31,2021-08-02,0.0,6467445000.0,,,,,,-74871000.0,528976000.0,528976000.0,0.0,155267000.0,,7.735,4225220000.0,,,4225220000.0,0.0,61235000.0,1243018000.0,0.009,0.107,248480000.0,309715000.0,0.322,309715000.0,248480000.0,248480000.0,0.78,0.773,0.78,740391000.0,,740391000.0,,,,215656000.0,,1.0,961662000.0,1.0,0.0,0.0,10163689000.0,,0.0,5103253000.0,,,5727054000.0,,,,-343484000.0,0.0,3295000.0,1223544000.0,-20573000.0,1453251000.0,-2087262000.0,-2025691000.0,290527000.0,0.0,155267000.0,155267000.0,155267000.0,0.0,0.0,0.161,713182000.0,248480000.0,0.0,0.137,,,15.385,174661000.0,0.0,12.0,,,502520000.0,258345000.0,961662000.0,961662000.0,0.0,,,,0.258,7921000.0,580999000.0,1.0,,,,,6467445000.0,0.0,93213000.0,0.0,,
25,COF,MRY,1995-12-31,1995-12-31,1995-12-31,2021-08-02,,,,,,,,-61623000.0,,,0.0,126511000.0,,,,,,,,33424000.0,,0.01,0.08,197731000.0,231155000.0,0.333,231155000.0,197731000.0,197731000.0,0.643,0.637,0.643,,,,,,,53006000.0,,1.0,695161000.0,1.0,,0.0,,,,,,,,,,,465580000.0,0.0,1389000.0,1238984000.0,-15883000.0,1468326000.0,-1117375000.0,-1069105000.0,114629000.0,0.0,126511000.0,126511000.0,126511000.0,0.0,0.0,0.182,497430000.0,197731000.0,,0.124,,,12.379,,0.0,7.96,,,,,695161000.0,695161000.0,0.0,,,,0.284,4020000.0,399887000.0,1.0,,,,,,,71220000.0,,,
0,COF,MRQ,2021-06-30,2021-06-30,2021-06-30,2021-08-02,1792000000.0,423420000000.0,,,,,143.135,-163000000.0,34846000000.0,34846000000.0,0.0,3536000000.0,,5.552,36343000000.0,,,36343000000.0,0.0,859000000.0,306308000000.0,0.006,0.4,4567000000.0,5426000000.0,0.636,5426000000.0,4567000000.0,4567000000.0,7.65,7.62,7.65,64624000000.0,,64624000000.0,57795886469.0,4.0,3.085,3895000000.0,8.627,1.0,8534000000.0,1.0,14654000000.0,0.0,410263000000.0,,0.0,345781000000.0,,,358796000000.0,,,69840886469.0,-17186000000.0,-24000000.0,-1593000000.0,-2095000000.0,-241000000.0,-6281000000.0,-14963000000.0,-13336000000.0,4058000000.0,0.0,3536000000.0,3446000000.0,3446000000.0,1000000.0,0.0,0.404,3966000000.0,4568000000.0,0.0,0.052,1.081,6.091,6.146,4227000000.0,90000000.0,154.69,2.283,2.283,0.0,46461000000.0,8534000000.0,8534000000.0,0.0,,,,,87000000.0,3580000000.0,1.0,451489343.0,451489343.0,,18.902,408766000000.0,0.0,1031000000.0,0.0,905.372,
1,COF,MRQ,2021-03-31,2021-03-31,2021-03-31,2021-08-02,1783000000.0,425175000000.0,,,,,133.238,-178000000.0,50495000000.0,50495000000.0,0.0,3325000000.0,,5.949,38450000000.0,,,38450000000.0,0.0,855000000.0,310328000000.0,0.008,0.4,4194000000.0,5049000000.0,0.636,5049000000.0,4194000000.0,4194000000.0,7.06,7.03,7.06,61188000000.0,,61188000000.0,58458690430.0,6.0,4.581,1458000000.0,3.175,1.0,7936000000.0,1.0,14654000000.0,0.0,398476000000.0,,0.0,332954000000.0,,,363987000000.0,,,58428690430.0,11503000000.0,0.0,-496000000.0,-1602000000.0,-245000000.0,2595000000.0,7272000000.0,8435000000.0,1636000000.0,0.0,3325000000.0,3236000000.0,3236000000.0,2000000.0,0.0,0.408,3740000000.0,4196000000.0,0.0,0.057,0.955,8.333,8.31,4277000000.0,89000000.0,127.23,2.398,2.398,0.0,43167000000.0,7936000000.0,7936000000.0,0.0,,,,,119000000.0,3414000000.0,1.0,459236740.0,459236740.0,,17.281,410521000000.0,0.0,869000000.0,0.0,893.92,
2,COF,MRQ,2020-12-31,2020-12-31,2020-12-31,2021-08-02,3494000000.0,421602000000.0,,,,,131.623,-167000000.0,40509000000.0,40509000000.0,0.0,2566000000.0,,6.003,40539000000.0,,,40539000000.0,0.0,800000000.0,305442000000.0,0.01,0.1,3062000000.0,3862000000.0,0.546,3862000000.0,3062000000.0,3062000000.0,5.39,5.38,5.39,60204000000.0,,60204000000.0,43902702445.0,14.0,6.552,4460000000.0,9.751,1.0,7073000000.0,1.0,14653000000.0,0.0,406979000000.0,,0.0,339477000000.0,,,361398000000.0,,,45213702445.0,-4230000000.0,0.0,95000000.0,-2171000000.0,-113000000.0,-2933000000.0,-5924000000.0,-2030000000.0,4627000000.0,0.0,2566000000.0,2466000000.0,2466000000.0,2000000.0,0.0,0.349,4009000000.0,3064000000.0,0.0,0.019,0.751,19.037,19.046,4287000000.0,100000000.0,98.85,2.476,2.476,0.0,40088000000.0,7073000000.0,7073000000.0,0.0,,,,,75000000.0,3579000000.0,1.0,457397091.0,457397091.0,,15.464,406949000000.0,0.0,496000000.0,0.0,889.706,
3,COF,MRQ,2020-09-30,2020-09-30,2020-09-30,2021-08-02,3833000000.0,421883000000.0,,,,,127.944,-201000000.0,44106000000.0,44106000000.0,0.0,2406000000.0,,6.221,42795000000.0,,,42795000000.0,0.0,897000000.0,305725000000.0,0.018,0.1,3502000000.0,4399000000.0,0.624,4399000000.0,3502000000.0,3502000000.0,5.07,5.06,5.07,58424000000.0,,58424000000.0,21895846073.0,14.0,4.219,2656000000.0,5.816,1.0,7050000000.0,1.0,14648000000.0,0.0,405924000000.0,,0.0,336275000000.0,,,363459000000.0,,,32813846073.0,-11557000000.0,-7000000.0,62000000.0,-2036000000.0,-114000000.0,-438000000.0,-13976000000.0,-12356000000.0,2857000000.0,0.0,2406000000.0,2319000000.0,2319000000.0,0.0,0.0,0.329,3548000000.0,3502000000.0,0.0,0.02,0.562,35.246,35.399,4333000000.0,87000000.0,71.86,1.954,1.954,0.0,37653000000.0,7050000000.0,7050000000.0,0.0,,,,,54000000.0,3145000000.0,1.0,456635765.0,456635765.0,,15.439,407235000000.0,0.0,1096000000.0,0.0,891.816,
4,COF,MRQ,2020-06-30,2020-06-30,2020-06-30,2021-08-02,3981000000.0,421296000000.0,,,,,123.092,-188000000.0,55818000000.0,55818000000.0,0.0,-918000000.0,,6.517,44900000000.0,,,44900000000.0,0.0,911000000.0,304238000000.0,0.026,0.4,-1461000000.0,-550000000.0,-0.238,-550000000.0,-1461000000.0,-1461000000.0,-2.21,-2.21,-2.21,56045000000.0,,56045000000.0,59242858095.0,-282.0,17.695,3618000000.0,7.946,1.0,2310000000.0,1.0,14645000000.0,0.0,395733000000.0,,0.0,323990000000.0,,,365251000000.0,,,28497858095.0,31258000000.0,0.0,56000000.0,-10881000000.0,-273000000.0,23434000000.0,4018000000.0,6256000000.0,3806000000.0,0.0,-918000000.0,-1009000000.0,-1009000000.0,1000000.0,0.0,-0.437,3770000000.0,-1460000000.0,0.0,-0.181,0.508,-241.507,-189.667,4324000000.0,91000000.0,62.59,1.86,1.86,0.0,35361000000.0,2310000000.0,2310000000.0,0.0,,,,,50000000.0,3112000000.0,1.0,455310083.0,455310083.0,,5.073,406651000000.0,0.0,-543000000.0,0.0,893.13,
5,COF,MRQ,2020-03-31,2020-03-31,2020-03-31,2021-08-02,3679000000.0,396878000000.0,,,,,124.321,-154000000.0,24936000000.0,24936000000.0,0.0,-1340000000.0,,5.984,55681000000.0,,,55681000000.0,0.0,893000000.0,269689000000.0,0.032,0.4,-1903000000.0,-1010000000.0,-0.553,-1010000000.0,-1903000000.0,-1903000000.0,-3.1,-3.1,-3.1,56830000000.0,,56830000000.0,65338128248.0,20.0,9.621,5255000000.0,11.496,1.0,1826000000.0,1.0,14645000000.0,0.0,412978000000.0,,0.0,331760000000.0,,,340048000000.0,,,23048128248.0,11551000000.0,0.0,-303000000.0,-1392000000.0,-240000000.0,5101000000.0,1041000000.0,2232000000.0,5409000000.0,0.0,-1340000000.0,-1420000000.0,-1420000000.0,0.0,0.0,-0.778,3729000000.0,-1903000000.0,0.0,-0.129,0.406,9.508,9.809,4336000000.0,80000000.0,50.42,1.226,1.226,0.0,36552000000.0,1826000000.0,1826000000.0,0.0,,,,,24000000.0,3224000000.0,1.0,457122734.0,457122734.0,,3.995,382233000000.0,0.0,-563000000.0,0.0,836.171,
6,COF,MRQ,2019-12-31,2019-12-31,2019-12-31,2021-08-02,1156000000.0,390365000000.0,,,,,124.562,-256000000.0,13407000000.0,13407000000.0,0.0,1176000000.0,,5.729,55697000000.0,,,55697000000.0,0.0,905000000.0,262697000000.0,0.016,0.4,1446000000.0,2351000000.0,0.419,2351000000.0,1446000000.0,1446000000.0,2.27,2.26,2.27,58011000000.0,,58011000000.0,80956346669.0,12.0,7.917,3864000000.0,8.297,1.0,5609000000.0,1.0,14653000000.0,0.0,418002000000.0,,0.0,338556000000.0,,,332354000000.0,,,47927346669.0,-3788000000.0,-8308000000.0,-882000000.0,5797000000.0,-281000000.0,9204000000.0,-17112000000.0,-6520000000.0,4120000000.0,0.0,1176000000.0,1041000000.0,1041000000.0,2000000.0,0.0,0.186,4161000000.0,1448000000.0,0.0,0.176,0.826,9.231,9.271,4378000000.0,135000000.0,102.91,2.144,2.144,0.0,40340000000.0,5609000000.0,5609000000.0,0.0,,,,,64000000.0,3591000000.0,1.0,465720986.0,465720986.0,,12.044,375712000000.0,0.0,270000000.0,0.0,806.732,
7,COF,MRQ,2019-09-30,2019-09-30,2019-09-30,2021-08-02,453000000.0,378810000000.0,,,,,123.817,-235000000.0,17120000000.0,17120000000.0,0.0,1333000000.0,,5.505,50149000000.0,,,50149000000.0,0.0,849000000.0,257148000000.0,0.018,0.4,1708000000.0,2557000000.0,0.459,2557000000.0,1708000000.0,1708000000.0,2.71,2.69,2.71,58235000000.0,,58235000000.0,76912900070.0,12.0,7.856,3177000000.0,6.755,1.0,5576000000.0,1.0,14624000000.0,0.0,397215000000.0,,0.0,324042000000.0,,,320575000000.0,,,42790900070.0,1716000000.0,-85000000.0,-414000000.0,700000000.0,-243000000.0,4065000000.0,-5761000000.0,-2616000000.0,3412000000.0,0.0,1333000000.0,1270000000.0,1270000000.0,-4000000.0,0.0,0.228,3872000000.0,1704000000.0,0.0,0.148,0.735,8.037,8.016,4311000000.0,63000000.0,90.98,1.934,1.934,0.0,39476000000.0,5576000000.0,5576000000.0,0.0,,,,,46000000.0,3251000000.0,1.0,470333041.0,470333041.0,,11.855,364186000000.0,0.0,375000000.0,0.0,774.315,
8,COF,MRQ,2019-06-30,2019-06-30,2019-06-30,2021-08-02,170000000.0,373619000000.0,,,,,118.755,-213000000.0,15111000000.0,15111000000.0,0.0,1625000000.0,,5.7,49233000000.0,,,49233000000.0,0.0,881000000.0,254535000000.0,0.018,0.4,2012000000.0,2893000000.0,0.5,2893000000.0,2012000000.0,2012000000.0,3.26,3.24,3.26,55767000000.0,,55767000000.0,75500187680.0,11.0,7.748,4013000000.0,8.546,1.0,5782000000.0,1.0,14545000000.0,0.0,393196000000.0,,0.0,320999000000.0,,,317852000000.0,,,42611187680.0,-3617000000.0,0.0,44000000.0,-1751000000.0,-268000000.0,-2705000000.0,-5138000000.0,-3005000000.0,4226000000.0,0.0,1625000000.0,1533000000.0,1533000000.0,-9000000.0,0.0,0.265,3779000000.0,2003000000.0,0.0,0.123,0.764,7.756,7.789,4243000000.0,92000000.0,90.74,1.916,1.916,0.0,38386000000.0,5782000000.0,5782000000.0,0.0,,,,,57000000.0,3268000000.0,1.0,469596514.0,469596514.0,,12.313,359074000000.0,0.0,387000000.0,0.0,764.644,
9,COF,MRQ,2019-03-31,2019-03-31,2019-03-31,2021-08-02,-660000000.0,373191000000.0,,,,,114.305,-183000000.0,17469000000.0,17469000000.0,0.0,1412000000.0,,5.978,50358000000.0,,,50358000000.0,0.0,704000000.0,255107000000.0,0.02,0.4,1721000000.0,2425000000.0,0.45,2425000000.0,1721000000.0,1721000000.0,2.87,2.86,2.87,53481000000.0,,53481000000.0,83940172177.0,11.0,8.467,4698000000.0,10.041,1.0,5390000000.0,1.0,14546000000.0,0.0,391534000000.0,,0.0,318225000000.0,,,319710000000.0,,,38221172177.0,5949000000.0,0.0,-13000000.0,-8932000000.0,-243000000.0,-3945000000.0,5013000000.0,7411000000.0,4881000000.0,0.0,1412000000.0,1348000000.0,1348000000.0,-2000000.0,0.0,0.25,3671000000.0,1719000000.0,0.0,0.139,0.715,6.618,6.735,4205000000.0,64000000.0,81.69,1.708,1.708,0.0,37030000000.0,5390000000.0,5390000000.0,0.0,,,,,72000000.0,3177000000.0,1.0,467880673.0,467880673.0,,11.52,358645000000.0,0.0,309000000.0,0.0,766.531,
10,COF,MRQ,2018-12-31,2018-12-31,2018-12-31,2021-08-02,-1263000000.0,372538000000.0,,,,,109.083,-205000000.0,13186000000.0,13186000000.0,0.0,1261000000.0,,6.21,58905000000.0,,,58905000000.0,0.0,675000000.0,249764000000.0,0.021,0.4,1240000000.0,1915000000.0,0.356,1915000000.0,1240000000.0,1240000000.0,2.51,2.5,2.51,51668000000.0,,51668000000.0,77126694911.0,11.0,7.948,3735000000.0,7.885,1.0,5375000000.0,1.0,14544000000.0,0.0,403713000000.0,,0.0,323095000000.0,,,320870000000.0,,,35803694911.0,1861000000.0,-600000000.0,-600000000.0,6127000000.0,-269000000.0,7668000000.0,-9747000000.0,-6437000000.0,3940000000.0,0.0,1261000000.0,1173000000.0,1173000000.0,3000000.0,0.0,0.218,4132000000.0,1243000000.0,0.0,0.159,0.693,6.27,6.352,4191000000.0,88000000.0,75.59,1.611,1.611,0.0,35875000000.0,5375000000.0,5375000000.0,0.0,,,,,17000000.0,3538000000.0,1.0,473656501.0,473656501.0,,11.348,357994000000.0,0.0,-21000000.0,0.0,755.809,
11,COF,MRQ,2018-09-30,2018-09-30,2018-09-30,2021-08-02,-1877000000.0,362909000000.0,,,,,105.843,-240000000.0,10882000000.0,10882000000.0,0.0,1502000000.0,,6.167,52205000000.0,,,52205000000.0,0.0,589000000.0,247195000000.0,0.017,0.4,1922000000.0,2511000000.0,0.441,2511000000.0,1922000000.0,1922000000.0,3.01,2.99,3.01,50638000000.0,,50638000000.0,86453887718.0,12.0,8.905,3111000000.0,6.503,1.0,5694000000.0,1.0,14513000000.0,0.0,389719000000.0,,0.0,315705000000.0,,,312271000000.0,,,45416887718.0,-1668000000.0,0.0,-506000000.0,-989000000.0,-244000000.0,-2763000000.0,-2256000000.0,-410000000.0,3351000000.0,0.0,1502000000.0,1440000000.0,1440000000.0,-1000000.0,0.0,0.253,3773000000.0,1921000000.0,0.0,0.133,0.897,12.995,13.13,4149000000.0,62000000.0,94.93,2.071,2.071,0.0,34883000000.0,5694000000.0,5694000000.0,0.0,,,,,45000000.0,3037000000.0,1.0,478425026.0,478425026.0,,11.902,348396000000.0,0.0,420000000.0,0.0,728.214,
12,COF,MRQ,2018-06-30,2018-06-30,2018-06-30,2021-08-02,-1793000000.0,363989000000.0,,,,,102.637,-224000000.0,12273000000.0,12273000000.0,0.0,1906000000.0,,6.291,53310000000.0,,,53310000000.0,0.0,582000000.0,248225000000.0,0.017,0.4,2481000000.0,3063000000.0,0.518,3063000000.0,2481000000.0,2481000000.0,3.74,3.71,3.74,49926000000.0,,49926000000.0,81388297374.0,12.0,8.713,3856000000.0,7.927,1.0,5916000000.0,1.0,14531000000.0,0.0,390495000000.0,,0.0,315414000000.0,,,314063000000.0,,,44703297374.0,-1021000000.0,0.0,-755000000.0,2826000000.0,-276000000.0,-804000000.0,-4297000000.0,-2159000000.0,4080000000.0,0.0,1906000000.0,1814000000.0,1814000000.0,11000000.0,0.0,0.307,3424000000.0,2492000000.0,0.0,0.107,0.895,14.411,14.404,4095000000.0,92000000.0,91.9,2.09,2.09,0.0,33626000000.0,5916000000.0,5916000000.0,0.0,,,,,41000000.0,2909000000.0,1.0,486434139.0,486434139.0,,12.162,349458000000.0,0.0,575000000.0,0.0,718.408,
13,COF,MRQ,2018-03-31,2018-03-31,2018-03-31,2021-08-02,-1599000000.0,362857000000.0,,,,,101.181,-205000000.0,14008000000.0,14008000000.0,0.0,1346000000.0,,6.375,50693000000.0,,,50693000000.0,0.0,550000000.0,250847000000.0,0.017,0.4,1665000000.0,2215000000.0,0.423,2215000000.0,1665000000.0,1665000000.0,2.64,2.62,2.64,49203000000.0,,49203000000.0,92837028485.0,16.0,11.156,1402000000.0,2.883,1.0,5235000000.0,1.0,14536000000.0,0.0,385006000000.0,,0.0,312726000000.0,,,313654000000.0,,,46596028485.0,-35000000.0,0.0,-210000000.0,-9155000000.0,-249000000.0,-2324000000.0,682000000.0,1603000000.0,1607000000.0,0.0,1346000000.0,1284000000.0,1284000000.0,-3000000.0,0.0,0.245,3573000000.0,1662000000.0,0.0,0.152,0.947,20.839,20.83,4055000000.0,62000000.0,95.82,2.287,2.287,0.0,31996000000.0,5235000000.0,5235000000.0,0.0,,,,,67000000.0,2940000000.0,1.0,486287085.0,486287085.0,,10.765,348321000000.0,0.0,319000000.0,0.0,716.287,
14,COF,MRQ,2017-12-31,2017-12-31,2017-12-31,2021-08-02,-926000000.0,365693000000.0,,,,,100.527,-242000000.0,14040000000.0,14040000000.0,0.0,-971000000.0,,6.504,60281000000.0,,,60281000000.0,0.0,721000000.0,243702000000.0,0.016,0.4,1199000000.0,1920000000.0,0.377,1920000000.0,1199000000.0,1199000000.0,-2.16,-2.14,-2.16,48730000000.0,,48730000000.0,99244825644.0,19.0,12.729,3849000000.0,7.94,1.0,5087000000.0,1.0,14533000000.0,0.0,397401000000.0,,0.0,314893000000.0,,,316963000000.0,,,48270825644.0,5564000000.0,33000000.0,58000000.0,761000000.0,-275000000.0,5269000000.0,-3796000000.0,-610000000.0,4091000000.0,0.0,-971000000.0,-1043000000.0,-1043000000.0,109000000.0,0.0,-0.205,3779000000.0,1308000000.0,0.0,-0.185,0.991,28.328,28.29,4033000000.0,72000000.0,99.58,2.452,2.452,0.0,30700000000.0,5087000000.0,5087000000.0,0.0,,,,,80000000.0,3084000000.0,1.0,484744182.0,484744182.0,,10.494,351160000000.0,0.0,2170000000.0,0.0,724.423,
15,COF,MRQ,2017-09-30,2017-09-30,2017-09-30,2021-08-02,-622000000.0,361402000000.0,,,,,103.69,-293000000.0,8484000000.0,8484000000.0,0.0,1107000000.0,,6.206,59458000000.0,,,59458000000.0,0.0,588000000.0,239062000000.0,0.019,0.4,1555000000.0,2143000000.0,0.416,2143000000.0,1555000000.0,1555000000.0,2.16,2.14,2.16,50154000000.0,,50154000000.0,84188419410.0,16.0,11.05,2775000000.0,5.737,1.0,5152000000.0,1.0,14532000000.0,0.0,397844000000.0,,0.0,315266000000.0,,,311248000000.0,,,40949419410.0,1773000000.0,-3220000000.0,49000000.0,7049000000.0,-247000000.0,6155000000.0,-7450000000.0,-2061000000.0,3068000000.0,0.0,1107000000.0,1047000000.0,1047000000.0,30000000.0,0.0,0.203,3567000000.0,1585000000.0,0.0,0.185,0.816,11.845,11.808,3955000000.0,60000000.0,84.66,2.109,2.109,0.0,31946000000.0,5152000000.0,5152000000.0,0.0,,,,,53000000.0,2965000000.0,1.0,483692646.0,483692646.0,,10.651,346870000000.0,0.0,448000000.0,0.0,717.129,
16,COF,MRQ,2017-06-30,2017-06-30,2017-06-30,2021-08-02,-683000000.0,350593000000.0,,,,,101.74,-261000000.0,6715000000.0,6715000000.0,0.0,1036000000.0,,6.135,49954000000.0,,,49954000000.0,0.0,565000000.0,239763000000.0,0.019,0.4,1479000000.0,2044000000.0,0.417,2044000000.0,1479000000.0,1479000000.0,1.96,1.94,1.96,49137000000.0,,49137000000.0,79026867632.0,15.0,10.413,3599000000.0,7.452,1.0,4904000000.0,1.0,14524000000.0,0.0,379308000000.0,,0.0,307049000000.0,,,301456000000.0,,,39902867632.0,-2786000000.0,0.0,53000000.0,1392000000.0,-275000000.0,-273000000.0,-6373000000.0,-4531000000.0,3860000000.0,0.0,1036000000.0,948000000.0,948000000.0,11000000.0,0.0,0.193,3414000000.0,1490000000.0,0.0,0.204,0.812,11.834,11.922,3825000000.0,88000000.0,82.62,2.085,2.085,0.0,31086000000.0,4904000000.0,4904000000.0,0.0,,,,,34000000.0,2860000000.0,1.0,482968623.0,482968623.0,,10.154,336069000000.0,0.0,443000000.0,0.0,695.84,
17,COF,MRQ,2017-03-31,2017-03-31,2017-03-31,2021-08-02,-934000000.0,348549000000.0,,,,,99.95,-222000000.0,9315000000.0,9315000000.0,0.0,810000000.0,,6.255,48439000000.0,,,48439000000.0,0.0,566000000.0,241182000000.0,0.018,0.4,1124000000.0,1690000000.0,0.372,1690000000.0,1124000000.0,1124000000.0,1.56,1.54,1.56,48040000000.0,,48040000000.0,92136421681.0,18.0,12.241,2941000000.0,6.119,1.0,4543000000.0,1.0,14521000000.0,0.0,373152000000.0,,0.0,302255000000.0,,,300509000000.0,,,41652421681.0,-2692000000.0,0.0,-112000000.0,-11980000000.0,-248000000.0,-7933000000.0,2078000000.0,4173000000.0,3163000000.0,0.0,810000000.0,752000000.0,752000000.0,-15000000.0,0.0,0.166,3434000000.0,1109000000.0,0.0,0.256,0.867,12.641,12.993,3727000000.0,58000000.0,86.66,2.205,2.205,0.0,30326000000.0,4543000000.0,4543000000.0,0.0,,,,,77000000.0,2873000000.0,1.0,480641838.0,480641838.0,,9.452,334028000000.0,0.0,314000000.0,0.0,694.962,
18,COF,MRQ,2016-12-31,2016-12-31,2016-12-31,2021-08-02,-949000000.0,357033000000.0,,,,,98.515,-271000000.0,9976000000.0,9976000000.0,0.0,791000000.0,,6.514,60460000000.0,,,60460000000.0,0.0,609000000.0,236768000000.0,0.018,0.4,1133000000.0,1742000000.0,0.362,1742000000.0,1133000000.0,1133000000.0,1.49,1.47,1.49,47514000000.0,,47514000000.0,92801972827.0,17.0,11.758,1724000000.0,3.575,1.0,4814000000.0,1.0,14519000000.0,0.0,392998000000.0,,0.0,309092000000.0,,,309519000000.0,,,42075972827.0,3112000000.0,-640000000.0,-697000000.0,1271000000.0,-269000000.0,11570000000.0,-10453000000.0,-7258000000.0,1995000000.0,0.0,791000000.0,710000000.0,710000000.0,2000000.0,0.0,0.147,3679000000.0,1135000000.0,0.0,0.268,0.886,11.977,12.534,3675000000.0,81000000.0,87.24,2.21,2.21,0.0,29766000000.0,4814000000.0,4814000000.0,0.0,,,,,89000000.0,3042000000.0,1.0,482301385.0,482301385.0,,9.981,342514000000.0,0.0,342000000.0,0.0,710.166,
19,COF,MRQ,2016-09-30,2016-09-30,2016-09-30,2021-08-02,121000000.0,345061000000.0,,,,,95.268,-184000000.0,9094000000.0,9094000000.0,0.0,1005000000.0,,6.157,59820000000.0,,,59820000000.0,0.0,612000000.0,225981000000.0,0.022,0.4,1501000000.0,2113000000.0,0.434,2113000000.0,1501000000.0,1501000000.0,1.92,1.9,1.92,48213000000.0,,48213000000.0,88383479808.0,16.0,10.994,3109000000.0,6.143,1.0,4873000000.0,1.0,14493000000.0,0.0,381294000000.0,,0.0,299572000000.0,,,296848000000.0,,,36351479808.0,1967000000.0,11000000.0,-1159000000.0,830000000.0,-239000000.0,4933000000.0,-6259000000.0,-3543000000.0,3293000000.0,0.0,1005000000.0,962000000.0,962000000.0,11000000.0,0.0,0.197,3361000000.0,1512000000.0,0.0,0.208,0.754,9.957,10.145,3561000000.0,43000000.0,71.83,1.909,1.909,0.0,29245000000.0,4873000000.0,4873000000.0,0.0,,,,,60000000.0,2757000000.0,1.0,506076567.0,506076567.0,,9.629,330568000000.0,0.0,496000000.0,0.0,653.198,
20,COF,MRQ,2016-06-30,2016-06-30,2016-06-30,2021-08-02,241000000.0,339117000000.0,,,,,93.943,-190000000.0,7149000000.0,7149000000.0,0.0,942000000.0,,6.049,59181000000.0,,,59181000000.0,0.0,616000000.0,221059000000.0,0.025,0.4,1366000000.0,1982000000.0,0.425,1982000000.0,1366000000.0,1366000000.0,1.7,1.69,1.7,48108000000.0,,48108000000.0,77785436895.0,13.0,9.584,2276000000.0,4.444,1.0,4662000000.0,1.0,14495000000.0,0.0,376654000000.0,,0.0,295287000000.0,,,291009000000.0,,,32523436895.0,1219000000.0,0.0,-595000000.0,8532000000.0,-270000000.0,6943000000.0,-8190000000.0,-6708000000.0,2466000000.0,0.0,942000000.0,871000000.0,871000000.0,1000000.0,0.0,0.187,3295000000.0,1367000000.0,0.0,0.235,0.676,8.631,8.87,3556000000.0,71000000.0,63.51,1.714,1.714,0.0,28479000000.0,4662000000.0,4662000000.0,0.0,,,,,46000000.0,2725000000.0,1.0,512099463.0,512099463.0,,9.104,324622000000.0,0.0,424000000.0,0.0,633.904,
21,COF,MRQ,2016-03-31,2016-03-31,2016-03-31,2021-08-02,-41000000.0,330346000000.0,,,,,90.46,-134000000.0,5235000000.0,5235000000.0,0.0,1013000000.0,,5.924,50497000000.0,,,50497000000.0,0.0,591000000.0,221779000000.0,0.023,0.4,1465000000.0,2056000000.0,0.438,2056000000.0,1465000000.0,1465000000.0,1.85,1.84,1.85,47707000000.0,,47707000000.0,87644705790.0,15.0,11.08,3968000000.0,7.524,1.0,4693000000.0,1.0,14492000000.0,0.0,361116000000.0,,0.0,289580000000.0,,,282639000000.0,,,36552705790.0,-2845000000.0,0.0,-937000000.0,-9089000000.0,-248000000.0,-6219000000.0,-728000000.0,616000000.0,4102000000.0,0.0,1013000000.0,970000000.0,970000000.0,5000000.0,0.0,0.207,3223000000.0,1470000000.0,0.0,0.216,0.766,9.808,9.93,3542000000.0,43000000.0,69.31,1.938,1.938,0.0,27808000000.0,4693000000.0,4693000000.0,0.0,,,,,44000000.0,2677000000.0,1.0,527379971.0,527379971.0,,8.899,315854000000.0,0.0,452000000.0,0.0,598.912,
22,COF,MRQ,2015-12-31,2015-12-31,2015-12-31,2021-08-02,-616000000.0,334048000000.0,,,,,88.872,-121000000.0,8023000000.0,8023000000.0,0.0,920000000.0,,6.065,59115000000.0,,,59115000000.0,0.0,542000000.0,217721000000.0,0.021,0.4,1346000000.0,1888000000.0,0.392,1888000000.0,1346000000.0,1346000000.0,1.61,1.59,1.61,47284000000.0,,47284000000.0,74344026289.0,13.0,9.271,1001000000.0,1.881,1.0,4814000000.0,1.0,14480000000.0,0.0,370660000000.0,,0.0,290322000000.0,,,286764000000.0,,,38403026289.0,1969000000.0,-9314000000.0,-597000000.0,16725000000.0,-282000000.0,21013000000.0,-20166000000.0,-9357000000.0,1122000000.0,0.0,920000000.0,848000000.0,848000000.0,-12000000.0,0.0,0.176,3480000000.0,1334000000.0,0.0,0.248,0.812,9.918,10.095,3584000000.0,72000000.0,72.18,2.034,2.034,0.0,27045000000.0,4814000000.0,4814000000.0,0.0,,,,,40000000.0,2886000000.0,1.0,532045252.0,532045252.0,,9.048,319568000000.0,0.0,426000000.0,0.0,600.641,
23,COF,MRQ,2015-09-30,2015-09-30,2015-09-30,2021-08-02,-142000000.0,313700000000.0,,,,,87.91,-182000000.0,6837000000.0,6837000000.0,0.0,1114000000.0,,5.579,42778000000.0,,,42778000000.0,0.0,546000000.0,212903000000.0,0.019,0.4,1644000000.0,2190000000.0,0.455,2190000000.0,1644000000.0,1644000000.0,2.0,1.98,2.0,47685000000.0,,47685000000.0,77946946656.0,13.0,9.683,4475000000.0,8.25,1.0,4808000000.0,1.0,13983000000.0,0.0,335658000000.0,,0.0,272776000000.0,,,266015000000.0,,,39336946656.0,-319000000.0,0.0,-581000000.0,-3331000000.0,-246000000.0,113000000.0,-5089000000.0,-3460000000.0,4657000000.0,0.0,1114000000.0,1079000000.0,1079000000.0,4000000.0,0.0,0.224,3160000000.0,1648000000.0,0.0,0.2,0.825,9.839,9.921,3629000000.0,35000000.0,72.52,2.096,2.096,0.0,26407000000.0,4808000000.0,4808000000.0,0.0,,,,,-3000000.0,2590000000.0,1.0,542428939.0,542428939.0,,8.864,299717000000.0,0.0,530000000.0,0.0,552.546,
24,COF,MRQ,2015-06-30,2015-06-30,2015-06-30,2021-08-02,-397000000.0,310510000000.0,,,,,85.39,-76000000.0,7156000000.0,7156000000.0,0.0,863000000.0,,5.655,45766000000.0,,,45766000000.0,0.0,529000000.0,208780000000.0,0.015,0.4,1247000000.0,1776000000.0,0.391,1776000000.0,1247000000.0,1247000000.0,1.52,1.5,1.52,46659000000.0,,46659000000.0,80206951829.0,13.0,10.036,2279000000.0,4.171,1.0,4543000000.0,1.0,13984000000.0,0.0,335136000000.0,,0.0,269152000000.0,,,263851000000.0,,,48068951829.0,-1735000000.0,0.0,-547000000.0,4939000000.0,-247000000.0,3452000000.0,-7542000000.0,-5133000000.0,2355000000.0,0.0,863000000.0,830000000.0,830000000.0,-11000000.0,0.0,0.183,3307000000.0,1236000000.0,0.0,0.263,1.03,12.093,12.218,3602000000.0,33000000.0,87.97,2.584,2.584,0.0,25540000000.0,4543000000.0,4543000000.0,0.0,,,,,74000000.0,2728000000.0,1.0,546424370.0,546424370.0,,8.314,296526000000.0,0.0,384000000.0,0.0,542.666,
25,COF,MRQ,2015-03-31,2015-03-31,2015-03-31,2021-08-02,-212000000.0,306224000000.0,,,,,82.906,-153000000.0,8891000000.0,8891000000.0,0.0,1153000000.0,,5.696,41029000000.0,,,41029000000.0,0.0,483000000.0,210440000000.0,0.015,0.3,1682000000.0,2165000000.0,0.459,2165000000.0,1682000000.0,1682000000.0,2.03,2.0,2.03,45730000000.0,,45730000000.0,84691394029.0,13.0,9.971,1840000000.0,3.336,1.0,4712000000.0,1.0,13978000000.0,0.0,324384000000.0,,0.0,263700000000.0,,,260494000000.0,,,43476394029.0,1649000000.0,0.0,-520000000.0,-7586000000.0,-199000000.0,-3415000000.0,3071000000.0,3987000000.0,1993000000.0,0.0,1153000000.0,1115000000.0,1115000000.0,-19000000.0,0.0,0.237,3049000000.0,1663000000.0,0.0,0.148,0.951,10.059,10.17,3684000000.0,38000000.0,78.82,2.309,2.309,0.0,24925000000.0,4712000000.0,4712000000.0,0.0,,,,,50000000.0,2519000000.0,1.0,551590891.0,551590891.0,,8.543,292246000000.0,0.0,529000000.0,0.0,529.824,
26,COF,MRQ,2014-12-31,2014-12-31,2014-12-31,2021-08-02,-430000000.0,308167000000.0,,,,,81.035,-97000000.0,7242000000.0,7242000000.0,0.0,999000000.0,,5.84,48457000000.0,,,48457000000.0,0.0,470000000.0,205548000000.0,0.015,0.3,1449000000.0,1919000000.0,0.408,1919000000.0,1449000000.0,1449000000.0,1.76,1.73,1.76,45053000000.0,,45053000000.0,81990370801.0,12.0,9.56,1506000000.0,2.709,1.0,4704000000.0,1.0,13978000000.0,0.0,335404000000.0,,0.0,266801000000.0,,,263114000000.0,,,45895370801.0,1094000000.0,-24000000.0,-418000000.0,6062000000.0,-187000000.0,7395000000.0,-7904000000.0,-6105000000.0,1603000000.0,0.0,999000000.0,974000000.0,974000000.0,-29000000.0,0.0,0.207,3284000000.0,1420000000.0,0.0,0.17,1.019,10.568,10.707,3685000000.0,25000000.0,82.55,2.448,2.448,0.0,23973000000.0,4704000000.0,4704000000.0,0.0,,,,,38000000.0,2694000000.0,1.0,555970573.0,555970573.0,,8.461,294189000000.0,0.0,450000000.0,0.0,529.145,
27,COF,MRQ,2014-09-30,2014-09-30,2014-09-30,2021-08-02,-559000000.0,300202000000.0,,,,,78.419,-155000000.0,6148000000.0,6148000000.0,0.0,1081000000.0,,5.82,42243000000.0,,,42243000000.0,0.0,515000000.0,204264000000.0,0.015,0.3,1617000000.0,2132000000.0,0.459,2132000000.0,1617000000.0,1617000000.0,1.89,1.86,1.89,44018000000.0,,44018000000.0,78196838252.0,12.0,9.305,2626000000.0,4.678,1.0,4646000000.0,1.0,13970000000.0,0.0,322327000000.0,,0.0,260059000000.0,,,256184000000.0,,,45814838252.0,-584000000.0,0.0,-522000000.0,3238000000.0,-189000000.0,855000000.0,-4220000000.0,-2744000000.0,2781000000.0,0.0,1081000000.0,1056000000.0,1056000000.0,44000000.0,0.0,0.227,2985000000.0,1661000000.0,0.0,0.159,1.041,10.898,11.015,3752000000.0,25000000.0,81.62,2.459,2.459,0.0,23162000000.0,4646000000.0,4646000000.0,0.0,,,,,30000000.0,2439000000.0,1.0,561318773.0,561318773.0,,8.277,286232000000.0,0.0,536000000.0,0.0,509.928,
28,COF,MRQ,2014-06-30,2014-06-30,2014-06-30,2021-08-02,-371000000.0,298317000000.0,,,,,76.656,-121000000.0,6732000000.0,6732000000.0,0.0,1194000000.0,,5.809,39114000000.0,,,39114000000.0,0.0,503000000.0,205890000000.0,0.015,0.3,1775000000.0,2278000000.0,0.478,2278000000.0,1775000000.0,1775000000.0,2.07,2.04,2.07,43815000000.0,,43815000000.0,71148512213.0,11.0,8.423,1640000000.0,2.869,1.0,4764000000.0,1.0,13977000000.0,0.0,316722000000.0,,0.0,257401000000.0,,,254502000000.0,,,47212512213.0,550000000.0,0.0,-859000000.0,8847000000.0,-183000000.0,6042000000.0,-7253000000.0,-6748000000.0,1761000000.0,0.0,1194000000.0,1177000000.0,1177000000.0,10000000.0,0.0,0.247,2979000000.0,1785000000.0,0.0,0.145,1.078,11.148,11.177,3764000000.0,17000000.0,82.6,2.513,2.513,0.0,22270000000.0,4764000000.0,4764000000.0,0.0,,,,,53000000.0,2406000000.0,1.0,571580051.0,571580051.0,,8.335,284340000000.0,0.0,581000000.0,0.0,497.463,
29,COF,MRQ,2014-03-31,2014-03-31,2014-03-31,2021-08-02,-710000000.0,290500000000.0,,,,,74.721,-129000000.0,6182000000.0,6182000000.0,0.0,1154000000.0,,5.787,30118000000.0,,,30118000000.0,0.0,514000000.0,208324000000.0,0.016,0.3,1733000000.0,2247000000.0,0.485,2247000000.0,1733000000.0,1733000000.0,1.99,1.96,1.99,42801000000.0,,42801000000.0,78561237808.0,12.0,9.01,3030000000.0,5.29,1.0,4635000000.0,1.0,13974000000.0,0.0,300462000000.0,,0.0,250523000000.0,,,247699000000.0,,,44198237808.0,-109000000.0,0.0,0.0,-10590000000.0,-187000000.0,-6654000000.0,3386000000.0,3778000000.0,3159000000.0,0.0,1154000000.0,1136000000.0,1136000000.0,-30000000.0,0.0,0.245,2932000000.0,1703000000.0,0.0,0.151,1.033,10.653,10.717,3807000000.0,18000000.0,77.16,2.339,2.339,0.0,21259000000.0,4635000000.0,4635000000.0,0.0,,,,,84000000.0,2374000000.0,1.0,572812828.0,572812828.0,,8.092,276526000000.0,0.0,579000000.0,0.0,482.751,
30,COF,MRQ,2013-12-31,2013-12-31,2013-12-31,2021-08-02,-872000000.0,296933000000.0,,,,,72.208,-196000000.0,6291000000.0,6291000000.0,0.0,852000000.0,,6.132,40654000000.0,,,40654000000.0,0.0,418000000.0,204523000000.0,0.012,0.3,1329000000.0,1747000000.0,0.381,1747000000.0,1329000000.0,1329000000.0,1.46,1.43,1.46,41632000000.0,,41632000000.0,70296878244.0,11.0,8.359,1349000000.0,2.34,1.0,4587000000.0,1.0,13978000000.0,0.0,317318000000.0,,0.0,254908000000.0,,,255301000000.0,,,44169878244.0,573000000.0,-204000000.0,-688000000.0,8732000000.0,-225000000.0,5064000000.0,-6036000000.0,-5003000000.0,1545000000.0,0.0,852000000.0,835000000.0,835000000.0,23000000.0,0.0,0.182,3235000000.0,1352000000.0,0.0,0.205,1.061,10.903,10.96,3839000000.0,17000000.0,76.61,2.333,2.333,0.0,20292000000.0,4587000000.0,4587000000.0,0.0,,,,,68000000.0,2556000000.0,1.0,576554996.0,576554996.0,,7.956,282955000000.0,0.0,477000000.0,0.0,490.768,
31,COF,MRQ,2013-09-30,2013-09-30,2013-09-30,2021-08-02,-839000000.0,289888000000.0,,,,,71.326,-172000000.0,5718000000.0,5718000000.0,0.0,1105000000.0,,5.943,31845000000.0,,,31845000000.0,0.0,495000000.0,206834000000.0,0.01,0.3,1680000000.0,2175000000.0,0.453,2175000000.0,1680000000.0,1680000000.0,1.87,1.84,1.87,41750000000.0,,41750000000.0,71814328792.0,11.0,8.321,3343000000.0,5.711,1.0,4802000000.0,1.0,13906000000.0,0.0,302109000000.0,,0.0,249459000000.0,,,248138000000.0,,,40236328792.0,1065000000.0,0.0,-209000000.0,-4375000000.0,-177000000.0,-7821000000.0,5371000000.0,5536000000.0,3515000000.0,0.0,1105000000.0,1087000000.0,1087000000.0,13000000.0,0.0,0.226,3109000000.0,1693000000.0,0.0,0.16,0.964,10.019,9.948,3792000000.0,18000000.0,68.74,2.138,2.138,0.0,19731000000.0,4802000000.0,4802000000.0,0.0,,,,,60000000.0,2380000000.0,1.0,585340832.0,585340832.0,,8.204,275982000000.0,0.0,575000000.0,0.0,471.489,
32,COF,MRQ,2013-06-30,2013-06-30,2013-06-30,2021-08-02,-792000000.0,296542000000.0,,,,,70.256,-214000000.0,4653000000.0,4653000000.0,0.0,1108000000.0,,6.226,36231000000.0,,,36231000000.0,0.0,811000000.0,209865000000.0,0.007,0.3,1739000000.0,2550000000.0,0.523,2550000000.0,1739000000.0,1739000000.0,1.88,1.85,1.88,41041000000.0,,41041000000.0,67437264212.0,11.0,7.704,2340000000.0,4.006,1.0,4876000000.0,1.0,13900000000.0,0.0,314220000000.0,,0.0,256332000000.0,,,255501000000.0,,,36691264212.0,-2093000000.0,0.0,49000000.0,-826000000.0,-176000000.0,-2877000000.0,-1770000000.0,-1720000000.0,2554000000.0,0.0,1108000000.0,1091000000.0,1091000000.0,119000000.0,0.0,0.224,3018000000.0,1858000000.0,0.0,0.16,0.894,8.945,8.884,3766000000.0,17000000.0,62.81,1.953,1.953,0.0,18804000000.0,4876000000.0,4876000000.0,0.0,,,,,58000000.0,2395000000.0,1.0,584162780.0,584162780.0,,8.347,282642000000.0,0.0,631000000.0,0.0,483.841,
33,COF,MRQ,2013-03-31,2013-03-31,2013-03-31,2021-08-02,473000000.0,300163000000.0,,,,,70.925,-236000000.0,6746000000.0,6746000000.0,0.0,1056000000.0,,6.269,37492000000.0,,,37492000000.0,0.0,341000000.0,212410000000.0,0.004,0.05,1597000000.0,1938000000.0,0.415,1938000000.0,1597000000.0,1597000000.0,1.79,1.77,1.79,41296000000.0,,41296000000.0,70846562328.0,15.0,10.432,2134000000.0,3.665,1.0,4666000000.0,1.0,13900000000.0,0.0,317009000000.0,,0.0,258123000000.0,,,258867000000.0,,,31994562328.0,-4312000000.0,0.0,10000000.0,-12139000000.0,-30000000.0,-12838000000.0,6156000000.0,6354000000.0,2370000000.0,0.0,1056000000.0,1038000000.0,1038000000.0,78000000.0,0.0,0.222,2991000000.0,1675000000.0,0.0,0.028,0.775,10.311,10.271,3736000000.0,18000000.0,54.95,1.851,1.851,0.0,17876000000.0,4666000000.0,4666000000.0,0.0,,,,,54000000.0,2307000000.0,1.0,582248632.0,582248632.0,,8.014,286263000000.0,0.0,541000000.0,0.0,491.651,
34,COF,MRQ,2012-12-31,2012-12-31,2012-12-31,2021-08-02,739000000.0,312918000000.0,,,,,69.624,-201000000.0,11058000000.0,11058000000.0,0.0,818000000.0,,6.727,49910000000.0,,,49910000000.0,0.0,605000000.0,212485000000.0,0.003,0.05,1362000000.0,1967000000.0,0.44,1967000000.0,1362000000.0,1362000000.0,1.37,1.36,1.37,40499000000.0,,40499000000.0,66104959971.0,13.0,9.68,304000000.0,0.523,1.0,4473000000.0,1.0,13904000000.0,0.0,337866000000.0,,0.0,265350000000.0,,,272419000000.0,,,33696959971.0,5089000000.0,0.0,39000000.0,11770000000.0,-44000000.0,11340000000.0,-6756000000.0,-4296000000.0,505000000.0,0.0,818000000.0,800000000.0,800000000.0,5000000.0,0.0,0.179,3106000000.0,1367000000.0,0.0,0.036,0.832,9.733,9.389,3587000000.0,18000000.0,57.93,1.984,1.984,0.0,16853000000.0,4473000000.0,4473000000.0,0.0,,,,,46000000.0,2695000000.0,1.0,581684101.0,581684101.0,,7.69,299014000000.0,0.0,544000000.0,0.0,514.049,
35,COF,MRQ,2012-09-30,2012-09-30,2012-09-30,2021-08-02,781000000.0,301989000000.0,,,,,68.3,-97000000.0,5969000000.0,5969000000.0,0.0,1178000000.0,,6.612,38377000000.0,,,38377000000.0,0.0,586000000.0,213255000000.0,0.004,0.05,1713000000.0,2299000000.0,0.482,2299000000.0,1713000000.0,1713000000.0,2.03,2.01,2.03,39672000000.0,,39672000000.0,63009309524.0,15.0,11.254,4891000000.0,8.42,1.0,4768000000.0,1.0,13901000000.0,0.0,320496000000.0,,0.0,260389000000.0,,,262317000000.0,,,33114309524.0,-10000000.0,0.0,28000000.0,2476000000.0,-29000000.0,2681000000.0,-7679000000.0,-7498000000.0,4988000000.0,0.0,1178000000.0,1173000000.0,1173000000.0,10000000.0,0.0,0.246,3045000000.0,1723000000.0,0.0,0.025,0.835,10.886,9.898,3519000000.0,5000000.0,57.01,2.11,2.11,0.0,16054000000.0,4768000000.0,4768000000.0,0.0,,,,,37000000.0,2180000000.0,1.0,580850895.0,580850895.0,,8.209,288088000000.0,0.0,535000000.0,0.0,495.976,
36,COF,MRQ,2012-06-30,2012-06-30,2012-06-30,2021-08-02,350000000.0,296572000000.0,,,,,64.086,-106000000.0,5979000000.0,5979000000.0,0.0,93000000.0,,6.974,35874000000.0,,,35874000000.0,0.0,451000000.0,213931000000.0,0.004,0.05,136000000.0,587000000.0,0.174,587000000.0,136000000.0,136000000.0,0.16,0.16,0.16,37192000000.0,,37192000000.0,33950537229.0,9.0,7.392,2088000000.0,3.598,1.0,3378000000.0,1.0,13864000000.0,0.0,312603000000.0,,0.0,254457000000.0,,,259380000000.0,,,31721537229.0,-24677000000.0,-31343000000.0,41000000.0,2858000000.0,-29000000.0,272000000.0,-27143000000.0,3224000000.0,2194000000.0,0.0,93000000.0,92000000.0,92000000.0,100000000.0,0.0,0.027,3142000000.0,236000000.0,0.0,0.312,0.853,11.828,9.92,3556000000.0,1000000.0,54.66,2.194,2.194,96000000.0,14905000000.0,3378000000.0,3378000000.0,0.0,,,,,53000000.0,2144000000.0,1.0,580342796.0,580342796.0,,5.821,282708000000.0,0.0,43000000.0,0.0,487.14,
37,COF,MRQ,2012-03-31,2012-03-31,2012-03-31,2021-08-02,253000000.0,294481000000.0,,,,,80.43,-156000000.0,30656000000.0,30656000000.0,0.0,1403000000.0,,6.97,32885000000.0,,,32885000000.0,0.0,220000000.0,216528000000.0,0.004,0.05,1756000000.0,1976000000.0,0.453,1976000000.0,1756000000.0,1756000000.0,2.74,2.72,2.74,36950000000.0,,36950000000.0,59330424718.0,12.0,10.789,1681000000.0,3.659,1.0,4362000000.0,1.0,13595000000.0,0.0,283115000000.0,,0.0,232289000000.0,,,257531000000.0,,,25607424718.0,24818000000.0,13740000000.0,3162000000.0,-6798000000.0,-24000000.0,217000000.0,22764000000.0,9073000000.0,1837000000.0,0.0,1403000000.0,1396000000.0,1396000000.0,102000000.0,0.0,0.32,2504000000.0,1858000000.0,0.0,0.018,0.693,7.314,7.584,3062000000.0,7000000.0,55.74,1.738,1.738,96000000.0,14841000000.0,4362000000.0,4362000000.0,0.0,,,,,63000000.0,1920000000.0,1.0,459408409.0,459408409.0,,9.495,280886000000.0,0.0,353000000.0,0.0,611.408,
38,COF,MRQ,2011-12-31,2011-12-31,2011-12-31,2021-08-02,169000000.0,206019000000.0,,,,,64.537,-46000000.0,5838000000.0,5838000000.0,0.0,407000000.0,,5.945,39561000000.0,,,39561000000.0,0.0,170000000.0,128226000000.0,0.005,0.05,567000000.0,737000000.0,0.231,737000000.0,567000000.0,567000000.0,0.83,0.85,0.83,29666000000.0,,29666000000.0,47396744770.0,11.0,9.367,1493000000.0,3.248,1.0,3189000000.0,1.0,13592000000.0,0.0,226150000000.0,,0.0,171393000000.0,,,176353000000.0,,,19439744770.0,-520000000.0,0.0,9000000.0,5262000000.0,-22000000.0,5966000000.0,-8025000000.0,-7302000000.0,1539000000.0,0.0,407000000.0,381000000.0,381000000.0,4000000.0,0.0,0.119,2618000000.0,571000000.0,0.0,0.06,0.655,6.229,6.174,2748000000.0,26000000.0,42.29,1.397,1.397,0.0,13462000000.0,3189000000.0,3189000000.0,0.0,,,,,54000000.0,2876000000.0,1.0,459677105.0,459677105.0,,6.937,192427000000.0,0.0,160000000.0,0.0,418.613,
39,COF,MRQ,2011-09-30,2011-09-30,2011-09-30,2021-08-02,291000000.0,200148000000.0,,,,,63.952,-110000000.0,6358000000.0,6358000000.0,0.0,813000000.0,,5.813,34315000000.0,,,34315000000.0,0.0,110000000.0,128318000000.0,0.005,0.05,1183000000.0,1293000000.0,0.366,1293000000.0,1183000000.0,1183000000.0,1.78,1.77,1.78,29378000000.0,,29378000000.0,49297006243.0,10.0,9.05,1445000000.0,3.146,1.0,3532000000.0,1.0,13593000000.0,0.0,214512000000.0,,0.0,165368000000.0,,,170770000000.0,,,18205006243.0,-285000000.0,0.0,25000000.0,-3667000000.0,-23000000.0,-1468000000.0,-372000000.0,-630000000.0,1555000000.0,0.0,813000000.0,813000000.0,813000000.0,52000000.0,0.0,0.23,2297000000.0,1235000000.0,0.0,0.028,0.62,5.297,5.242,2785000000.0,0.0,39.63,1.314,1.314,101000000.0,13091000000.0,3532000000.0,3532000000.0,0.0,,,,,18000000.0,1505000000.0,1.0,459374369.0,459374369.0,,7.689,186555000000.0,0.0,370000000.0,0.0,406.107,
40,COF,MRQ,2011-06-30,2011-06-30,2011-06-30,2021-08-02,442000000.0,199753000000.0,,,,,62.466,-92000000.0,6643000000.0,6643000000.0,0.0,911000000.0,,5.965,37735000000.0,,,37735000000.0,0.0,132000000.0,126117000000.0,0.004,0.05,1361000000.0,1493000000.0,0.409,1493000000.0,1361000000.0,1361000000.0,2.0,1.97,2.0,28681000000.0,,28681000000.0,55550015898.0,11.0,10.291,2400000000.0,5.227,1.0,3650000000.0,1.0,13596000000.0,0.0,217249000000.0,,0.0,165359000000.0,,,171072000000.0,,,23724015898.0,-1328000000.0,0.0,28000000.0,-2175000000.0,-23000000.0,-1499000000.0,-2321000000.0,-3649000000.0,2492000000.0,0.0,911000000.0,911000000.0,911000000.0,34000000.0,0.0,0.25,2255000000.0,1395000000.0,0.0,0.025,0.827,6.923,6.835,2754000000.0,0.0,51.67,1.761,1.761,106000000.0,12287000000.0,3650000000.0,3650000000.0,0.0,,,,,42000000.0,1448000000.0,1.0,459144879.0,459144879.0,,7.95,186157000000.0,0.0,450000000.0,0.0,405.443,
41,COF,MRQ,2011-03-31,2011-03-31,2011-03-31,2021-08-02,245000000.0,199300000000.0,,,,,60.239,-67000000.0,7971000000.0,7971000000.0,0.0,1016000000.0,,6.234,39797000000.0,,,39797000000.0,0.0,167000000.0,125446000000.0,0.004,0.05,1370000000.0,1537000000.0,0.433,1537000000.0,1370000000.0,1370000000.0,2.24,2.21,2.24,27550000000.0,,27550000000.0,60310747678.0,13.0,11.94,1802000000.0,3.94,1.0,3548000000.0,1.0,13597000000.0,0.0,217529000000.0,,0.0,163264000000.0,,,171750000000.0,,,23763747678.0,2722000000.0,-1444000000.0,-7000000.0,-1897000000.0,-23000000.0,1309000000.0,-456000000.0,1709000000.0,1869000000.0,0.0,1016000000.0,1016000000.0,1016000000.0,16000000.0,0.0,0.286,2162000000.0,1386000000.0,0.0,0.022,0.863,7.607,7.53,2739000000.0,0.0,51.96,1.828,1.828,112000000.0,11399000000.0,3548000000.0,3548000000.0,0.0,,,,,75000000.0,1435000000.0,1.0,457346953.0,457346953.0,,7.758,185703000000.0,0.0,354000000.0,0.0,406.044,
42,COF,MRQ,2010-12-31,2010-12-31,2010-12-31,2021-08-02,248000000.0,197503000000.0,,,,,58.086,-115000000.0,5249000000.0,5249000000.0,0.0,697000000.0,,6.441,41796000000.0,,,41796000000.0,0.0,95000000.0,122210000000.0,0.005,0.05,1029000000.0,1124000000.0,0.36,1124000000.0,1029000000.0,1029000000.0,1.54,1.52,1.54,26541000000.0,,26541000000.0,58837789669.0,15.0,12.96,7000000.0,0.015,1.0,3124000000.0,1.0,13591000000.0,0.0,220459000000.0,,0.0,163686000000.0,,,170962000000.0,,,19446789669.0,307000000.0,0.0,5000000.0,-1310000000.0,-22000000.0,1672000000.0,-1487000000.0,-3860000000.0,122000000.0,0.0,697000000.0,697000000.0,697000000.0,4000000.0,0.0,0.223,2091000000.0,1033000000.0,0.0,0.032,0.733,7.09,7.012,2749000000.0,0.0,42.56,1.586,1.586,118000000.0,10406000000.0,3124000000.0,3124000000.0,0.0,,,,,32000000.0,2314000000.0,1.0,456926449.0,456926449.0,,6.837,183912000000.0,0.0,332000000.0,0.0,402.498,
43,COF,MRQ,2010-09-30,2010-09-30,2010-09-30,2021-08-02,469000000.0,196933000000.0,,,,,57.055,-75000000.0,4942000000.0,4942000000.0,0.0,803000000.0,,6.557,44333000000.0,,,44333000000.0,0.0,106000000.0,119212000000.0,0.005,0.05,1138000000.0,1244000000.0,0.395,1244000000.0,1138000000.0,1138000000.0,1.78,1.76,1.78,26061000000.0,,26061000000.0,60884383857.0,15.0,13.164,3134000000.0,6.861,1.0,3149000000.0,1.0,13593000000.0,0.0,222731000000.0,,0.0,162968000000.0,,,170872000000.0,,,18065383857.0,-257000000.0,0.0,7000000.0,-4809000000.0,-23000000.0,-2944000000.0,-522000000.0,-1553000000.0,3209000000.0,0.0,803000000.0,803000000.0,803000000.0,15000000.0,0.0,0.255,1996000000.0,1153000000.0,0.0,0.028,0.693,7.456,7.311,2722000000.0,0.0,39.55,1.549,1.549,127000000.0,9730000000.0,3149000000.0,3149000000.0,0.0,,,,,30000000.0,1333000000.0,1.0,456773296.0,456773296.0,,6.894,183340000000.0,0.0,335000000.0,0.0,401.381,
44,COF,MRQ,2010-06-30,2010-06-30,2010-06-30,2021-08-02,467000000.0,197489000000.0,,,,,55.352,-76000000.0,5199000000.0,5199000000.0,0.0,608000000.0,,6.815,48018000000.0,,,48018000000.0,0.0,169000000.0,117331000000.0,0.005,0.05,977000000.0,1146000000.0,0.36,1146000000.0,977000000.0,977000000.0,1.34,1.33,1.34,25270000000.0,,25270000000.0,63572089921.0,18.0,15.411,2711000000.0,5.938,1.0,3181000000.0,1.0,13588000000.0,0.0,226720000000.0,,0.0,163460000000.0,,,172219000000.0,,,18398357921.0,-2299000000.0,0.0,10000000.0,-4949000000.0,-23000000.0,-5417000000.0,331000000.0,396000000.0,2787000000.0,0.0,608000000.0,608000000.0,608000000.0,204000000.0,0.0,0.191,2000000000.0,1181000000.0,0.0,0.037,0.728,9.135,8.936,2730000000.0,0.0,40.3,1.688,1.688,206000000.0,8969000000.0,3181000000.0,3181000000.0,0.0,,,,,40000000.0,1279000000.0,1.0,456534936.0,456534936.0,,6.968,183901000000.0,0.0,369000000.0,0.0,402.819,
45,COF,MRQ,2010-03-31,2010-03-31,2010-03-31,2021-08-02,158916000.0,200707587000.0,,,,,53.536,-74000000.0,7498366000.0,7498366000.0,0.0,636000000.0,,7.234,52672098000.0,,,52672098000.0,0.0,147000000.0,117786559000.0,0.005,0.05,880000000.0,1027000000.0,0.365,1027000000.0,880000000.0,880000000.0,1.41,1.4,1.41,24374382000.0,,24374382000.0,31183021022.0,13.0,10.313,1950000000.0,4.283,1.0,2811000000.0,1.0,13589339000.0,0.0,232291980000.0,,0.0,164147240000.0,,,176333205000.0,,,18853714022.0,-1187000000.0,0.0,-11000000.0,-11276000000.0,-23000000.0,-9352000000.0,6141000000.0,5336000000.0,2024000000.0,0.0,636000000.0,636000000.0,636000000.0,84000000.0,0.0,0.226,1847000000.0,964000000.0,0.0,0.035,0.774,16.699,16.498,2735192000.0,0.0,41.41,1.893,1.893,205960000.0,8417819000.0,2811000000.0,2811000000.0,0.0,,,,,47000000.0,1239000000.0,1.0,455293746.0,455293746.0,,6.174,187118248000.0,0.0,244000000.0,0.0,410.984,
46,COF,MRQ,2009-12-31,2009-12-31,2009-12-31,2021-08-02,83000000.0,169646000000.0,,,,,59.099,-29000000.0,8685000000.0,8685000000.0,0.0,376000000.0,,5.38,21014000000.0,,,21014000000.0,0.0,98000000.0,115809000000.0,0.014,0.05,1110000000.0,1208000000.0,0.479,1208000000.0,1110000000.0,1110000000.0,0.88,0.87,0.88,26590000000.0,,26590000000.0,34457857353.0,28.0,17.984,-828000000.0,-1.84,1.0,2522000000.0,1.0,13596000000.0,0.0,168379000000.0,,0.0,126171000000.0,,,143056000000.0,,,17250110353.0,4559000000.0,0.0,-9000000.0,-628000000.0,-23000000.0,1115000000.0,4243000000.0,4156000000.0,-799000000.0,0.0,940000000.0,376000000.0,376000000.0,28000000.0,-564000000.0,0.149,1948000000.0,574000000.0,0.0,0.057,0.649,53.907,51.12,2736000000.0,564000000.0,38.34,1.971,1.971,7128000000.0,10727000000.0,2522000000.0,2522000000.0,0.0,,,,,44000000.0,1252000000.0,1.0,449924631.0,449924631.0,,5.605,156050000000.0,0.0,170000000.0,0.0,346.836,
47,COF,MRQ,2009-09-30,2009-09-30,2009-09-30,2021-08-02,56524000.0,168503921000.0,,,,,57.636,-36000000.0,4127203000.0,4127203000.0,0.0,394000000.0,,5.426,21334950000.0,,,21334950000.0,0.0,204000000.0,114503111000.0,0.024,0.05,540000000.0,744000000.0,0.312,744000000.0,540000000.0,540000000.0,0.88,0.87,0.88,26222152000.0,,26222152000.0,34837164479.0,-22.0,-41.145,-11000000.0,-0.024,1.0,2385000000.0,1.0,13524978000.0,0.0,172186690000.0,,0.0,130187439000.0,,,142281769000.0,,,16255883479.0,-645000000.0,0.0,6000000.0,-2165000000.0,-23000000.0,-4404000000.0,3734000000.0,3378000000.0,25000000.0,0.0,394000000.0,394000000.0,394000000.0,43000000.0,0.0,0.165,1802000000.0,583000000.0,0.0,0.057,0.62,-10.767,-8.651,2773173000.0,0.0,35.73,2.226,2.226,6985200000.0,10404255000.0,2385000000.0,2385000000.0,0.0,,,,,44000000.0,1165000000.0,1.0,454964553.0,454964553.0,,5.242,154978943000.0,0.0,146000000.0,0.0,340.64,
48,COF,MRQ,2009-06-30,2009-06-30,2009-06-30,2021-08-02,-398779000.0,171911307000.0,,,,,63.987,-70782000.0,4771927000.0,4771927000.0,0.0,223000000.0,,5.787,23353208000.0,,,23353208000.0,0.0,229722000.0,116724190000.0,0.054,0.05,-185000000.0,44722000.0,0.02,44722000.0,-185000000.0,-185000000.0,-0.66,-0.66,-0.66,25329576000.0,,25329576000.0,23775308258.0,-15.0,-28.727,1305651000.0,3.298,1.0,2243000000.0,1.0,13381056000.0,0.0,177111532000.0,,0.0,134666487000.0,,,146581731000.0,,,8661329258.0,-2982982000.0,-166000.0,1514324000.0,729905000.0,-19591000.0,-5782135000.0,1422720000.0,1641768000.0,1376433000.0,0.0,-277000000.0,-277000000.0,-277000000.0,6000000.0,500000000.0,-0.123,1922000000.0,321000000.0,0.0,-0.076,0.342,-5.662,-5.456,2824785000.0,0.0,21.88,1.182,1.182,5219968000.0,10001299000.0,2243000000.0,2243000000.0,0.0,,,,,33285000.0,1206000000.0,1.0,395855999.0,395855999.0,,5.666,158530251000.0,0.0,92000000.0,0.0,400.475,
49,COF,MRQ,2009-03-31,2009-03-31,2009-03-31,2021-08-02,-852047000.0,177387459000.0,,,,,68.255,-107218000.0,7754325000.0,7754325000.0,0.0,-108062000.0,,5.633,22868304000.0,,,22868304000.0,0.0,151278000.0,121118898000.0,0.123,0.375,-230742000.0,-79464000.0,-0.05,-79464000.0,-230742000.0,-230742000.0,-0.44,-0.44,-0.44,26744161000.0,,26744161000.0,20483112732.0,-31.0,-4124.67,1372349000.0,3.502,1.0,1603695000.0,1.0,13076754000.0,0.0,179424684000.0,,0.0,137586158000.0,,,150643298000.0,,,4795964732.0,262982000.0,778166000.0,4676000.0,-1260905000.0,-148409000.0,-2978865000.0,1762280000.0,1178232000.0,1479567000.0,0.0,-172252000.0,-172252000.0,-172252000.0,24958000.0,64190000.0,-0.107,1745289000.0,-141594000.0,0.0,-0.852,0.179,-5.997,-5.72,2790733000.0,0.0,12.24,0.631,0.631,4850508000.0,10296686000.0,1603695000.0,1603695000.0,0.0,,,,,24715000.0,1135332000.0,1.0,391827184.0,391827184.0,,4.093,164310705000.0,0.0,-58490000.0,0.0,419.345,
50,COF,MRQ,2008-12-31,2008-12-31,2008-12-31,2021-08-02,-1221796000.0,165913452000.0,,,,,67.948,-85936000.0,7491343000.0,7491343000.0,0.0,-1421548000.0,,5.234,23178491000.0,,,23178491000.0,0.0,155564000.0,108620789000.0,0.047,0.375,-1711506000.0,-1555942000.0,-1.451,-1555942000.0,-1711506000.0,-1711506000.0,-3.91,-3.89,-3.91,26612433000.0,,26612433000.0,31110166169.0,69.0,27.218,-684073000.0,-1.747,1.0,1072116000.0,1.0,11964487000.0,0.0,169636113000.0,,0.0,127565544000.0,,,139301019000.0,,,12489979169.0,1870668000.0,0.0,5822000.0,-1578710000.0,-146482000.0,11545522000.0,-9076717000.0,-8812463000.0,-598137000.0,0.0,-1421548000.0,-1454548000.0,-1454548000.0,25706000.0,0.0,-1.357,2757916000.0,-1685800000.0,0.0,-0.096,0.469,-158.101,-151.857,2313106000.0,33000000.0,31.89,1.421,1.421,6342754000.0,10621164000.0,1072116000.0,1072116000.0,0.0,,,,,30761000.0,1278783000.0,1.0,391658174.0,391658174.0,,2.737,153948965000.0,0.0,-289958000.0,0.0,393.07,
51,COF,MRQ,2008-09-30,2008-09-30,2008-09-30,2021-08-02,-201680000.0,154803113000.0,,,,,68.164,-67017000.0,5620741000.0,5620741000.0,0.0,374139000.0,,5.044,24240928000.0,,,24240928000.0,0.0,175303000.0,98912974000.0,0.023,0.375,587763000.0,763066000.0,0.317,763066000.0,587763000.0,587763000.0,1.0,1.0,1.0,25611540000.0,,25611540000.0,42446397927.0,17.0,12.897,1510350000.0,4.02,1.0,2409619000.0,1.0,12815642000.0,0.0,160607658000.0,,0.0,121514112000.0,,,129191573000.0,,,19162488927.0,1096126000.0,0.0,754839000.0,-3572567000.0,-140847000.0,3522987000.0,-4004228000.0,-3720872000.0,1577367000.0,0.0,374139000.0,374139000.0,374139000.0,11650000.0,0.0,0.155,1810206000.0,599413000.0,0.0,0.375,0.748,11.961,11.833,2305286000.0,0.0,51.0,1.852,1.852,4980823000.0,12222170000.0,2409619000.0,2409619000.0,0.0,,,,,36385000.0,1239042000.0,1.0,375735077.0,375735077.0,,6.413,141987471000.0,0.0,213624000.0,0.0,377.893,
52,COF,MRQ,2008-06-30,2008-06-30,2008-06-30,2021-08-02,126603000.0,151114271000.0,,,,,66.423,-101793000.0,4524615000.0,4524615000.0,0.0,452905000.0,,5.064,27808524000.0,,,27808524000.0,0.0,175626000.0,92407060000.0,0.021,0.375,691748000.0,867374000.0,0.344,867374000.0,691748000.0,691748000.0,1.21,1.21,1.21,24921465000.0,,24921465000.0,40939170613.0,18.0,13.494,1243906000.0,3.315,1.0,2520942000.0,1.0,12826738000.0,0.0,161571442000.0,,0.0,118894912000.0,,,126192806000.0,,,14261112613.0,-305389000.0,0.0,34598000.0,-3628779000.0,-140742000.0,1016549000.0,-2667637000.0,-2162057000.0,1345699000.0,0.0,452905000.0,452905000.0,452905000.0,9593000.0,0.0,0.18,1819601000.0,701341000.0,0.0,0.31,0.572,12.441,12.261,2321487000.0,0.0,38.01,1.283,1.283,5301906000.0,11988877000.0,2520942000.0,2520942000.0,0.0,,,,,21097000.0,1273848000.0,1.0,375193702.0,375193702.0,,6.719,138287533000.0,0.0,238843000.0,0.0,368.576,
53,COF,MRQ,2008-03-31,2008-03-31,2008-03-31,2021-08-02,183573000.0,150608527000.0,,,,,66.007,-101254000.0,4830004000.0,4830004000.0,0.0,548504000.0,,5.117,31508062000.0,,,31508062000.0,0.0,185507000.0,87694942000.0,0.009,0.375,882995000.0,1068502000.0,0.383,1068502000.0,882995000.0,882995000.0,1.48,1.47,1.48,24619527000.0,,24619527000.0,50833272513.0,19.0,15.008,1056817000.0,2.833,1.0,2789323000.0,1.0,12826419000.0,0.0,164460166000.0,,0.0,117466056000.0,,,125989000000.0,,,18358292513.0,8595000.0,0.0,22741000.0,-6072944000.0,-139929000.0,-1289058000.0,139582000.0,971392000.0,1158071000.0,0.0,548504000.0,548504000.0,548504000.0,84051000.0,0.0,0.197,1822277000.0,967046000.0,0.0,0.253,0.746,12.715,12.919,2316233000.0,0.0,49.22,1.568,1.568,5396943000.0,11676715000.0,2789323000.0,2789323000.0,0.0,,,,,23757000.0,1315327000.0,1.0,372984407.0,372984407.0,,7.478,137782108000.0,0.0,334491000.0,0.0,369.404,
54,COF,MRQ,2007-12-31,2007-12-31,2007-12-31,2021-08-02,315248000.0,150590369000.0,,,,,58.049,-123482000.0,4821409000.0,4821409000.0,0.0,226568000.0,,5.199,37525675000.0,,,37525675000.0,0.0,196162000.0,82761176000.0,0.002,0.027,396126000.0,592288000.0,0.226,592288000.0,396126000.0,396126000.0,0.62,0.62,0.62,24294112000.0,,24294112000.0,48839925296.0,17.0,13.848,4405005000.0,10.525,1.0,2626377000.0,1.0,12830740000.0,0.0,170463895000.0,,0.0,118939477000.0,,,126296257000.0,,,19778885296.0,375748000.0,0.0,-593176000.0,6188245000.0,-10170000.0,2755004000.0,-6907743000.0,-5668511000.0,4528487000.0,0.0,226568000.0,226568000.0,226568000.0,95044000.0,0.0,0.086,2135207000.0,491170000.0,0.0,0.044,0.814,12.595,11.756,2299603000.0,0.0,47.26,1.655,1.655,4717879000.0,11267568000.0,2626377000.0,2626377000.0,0.0,,,,,-80741000.0,1407640000.0,1.0,418512173.0,418512173.0,,6.276,137759629000.0,0.0,169558000.0,0.0,329.165,
55,COF,MRQ,2007-09-30,2007-09-30,2007-09-30,2021-08-02,346184000.0,147154835000.0,,,,,59.343,-110683000.0,4445661000.0,4445661000.0,0.0,-81658000.0,,4.937,33506701000.0,,,33506701000.0,0.0,159292000.0,83342814000.0,0.002,0.027,346352000.0,505644000.0,0.159,505644000.0,346352000.0,346352000.0,-0.21,-0.21,-0.21,24786852000.0,,24786852000.0,50602820101.0,17.0,13.786,-1185231000.0,-2.838,1.0,3178602000.0,1.0,12952838000.0,0.0,163263037000.0,,0.0,114498921000.0,,,122367983000.0,,,27746847101.0,-2602161000.0,4323000.0,-451619000.0,4162633000.0,-10494000.0,736359000.0,-2263972000.0,-5950886000.0,-1074548000.0,0.0,-81658000.0,-81658000.0,-81658000.0,898029000.0,0.0,-0.026,1934221000.0,1244381000.0,0.0,-0.129,1.119,15.997,14.995,2268034000.0,0.0,66.43,2.337,2.337,6905859000.0,11049042000.0,3178602000.0,3178602000.0,0.0,,,,,51454000.0,1366838000.0,1.0,417685490.0,417685490.0,,7.61,134201997000.0,0.0,428010000.0,0.0,321.299,
56,COF,MRQ,2007-06-30,2007-06-30,2007-06-30,2021-08-02,245431000.0,145937957000.0,,,,,60.604,-75471000.0,7047822000.0,7047822000.0,0.0,750372000.0,,4.794,29903795000.0,,,29903795000.0,0.0,158799000.0,85680455000.0,0.001,0.027,1061944000.0,1220743000.0,0.392,1220743000.0,1061944000.0,1061944000.0,1.92,1.89,1.92,25186661000.0,,25186661000.0,50854849021.0,14.0,12.131,3130911000.0,7.534,1.0,3113719000.0,1.0,13612005000.0,0.0,155181925000.0,,0.0,112637329000.0,,,120751296000.0,,,32599144021.0,-4377336000.0,-7348000.0,-1660687000.0,1191453000.0,-10488000.0,-3362625000.0,-4221093000.0,-658380000.0,3206382000.0,0.0,750372000.0,750372000.0,750372000.0,17240000.0,0.0,0.241,2034535000.0,1079184000.0,0.0,0.014,1.294,13.56,11.903,2260928000.0,0.0,78.44,2.88,2.88,5481686000.0,11141194000.0,3113719000.0,3113719000.0,0.0,,,,,145510000.0,1378868000.0,1.0,415593371.0,415593371.0,,7.492,132325952000.0,0.0,311572000.0,0.0,318.402,
57,COF,MRQ,2007-03-31,2007-03-31,2007-03-31,2021-08-02,283458000.0,148698605000.0,,,,,63.374,-127909000.0,11425158000.0,11425158000.0,0.0,675050000.0,,4.715,29680863000.0,,,29680863000.0,0.0,164504000.0,87663750000.0,0.001,0.027,1043747000.0,1208251000.0,0.399,1208251000.0,1043747000.0,1043747000.0,1.65,1.62,1.65,26020770000.0,,26020770000.0,60305390959.0,18.0,15.212,6112650000.0,14.887,1.0,3028868000.0,1.0,13619445000.0,0.0,153334865000.0,,0.0,111160995000.0,,,122677835000.0,,,30983409959.0,6764662000.0,-7439000.0,25917000.0,-3805753000.0,-10903000.0,-2403532000.0,2927635000.0,7812847000.0,6240559000.0,0.0,675050000.0,675050000.0,675050000.0,11074000.0,0.0,0.223,1974047000.0,1054821000.0,0.0,0.016,1.191,14.044,11.591,2258861000.0,0.0,75.46,2.882,2.882,5371385000.0,10401310000.0,3028868000.0,3028868000.0,0.0,,,,,113005000.0,1399592000.0,1.0,410593824.0,410593824.0,,7.377,135079160000.0,0.0,368697000.0,0.0,328.985,
58,COF,MRQ,2006-12-31,2006-12-31,2006-12-31,2021-08-02,266180000.0,149739285000.0,,,,,82.805,-181195000.0,4660496000.0,4660496000.0,0.0,390728000.0,,4.934,33982477000.0,,,33982477000.0,0.0,159122000.0,85770892000.0,0.001,0.027,576720000.0,735842000.0,0.288,735842000.0,576720000.0,576720000.0,1.07,1.09,1.07,25235206000.0,,25235206000.0,44133198542.0,12.0,10.502,648738000.0,2.129,1.0,2551290000.0,1.0,13635435000.0,0.0,165425831000.0,,0.0,120219481000.0,,,124504079000.0,,,23411236542.0,-939153000.0,-3635356000.0,65731000.0,123920000.0,-8114000.0,477538000.0,-2246624000.0,4501861000.0,829933000.0,0.0,390728000.0,390728000.0,390728000.0,11884000.0,0.0,0.153,1962686000.0,588604000.0,0.0,0.025,0.928,9.696,9.849,2203280000.0,0.0,76.82,2.205,2.205,4589235000.0,9760184000.0,2551290000.0,2551290000.0,0.0,,,,,60674000.0,1401344000.0,1.0,304754446.0,304754446.0,,8.372,136103850000.0,0.0,185992000.0,0.0,446.602,
59,COF,MRQ,2006-09-30,2006-09-30,2006-09-30,2021-08-02,173934000.0,94906746000.0,,,,,54.478,-132131000.0,5599649000.0,5599649000.0,0.0,587839000.0,,4.691,26321611000.0,,,26321611000.0,0.0,128748000.0,47613150000.0,0.001,0.027,898705000.0,1027453000.0,0.391,1027453000.0,898705000.0,898705000.0,1.95,1.89,1.95,16676977000.0,,16676977000.0,43808812082.0,12.0,10.861,408800000.0,1.335,1.0,2625334000.0,1.0,3964177000.0,0.0,111664531000.0,,0.0,75732878000.0,,,78229769000.0,,,24079770082.0,3001603000.0,22923000.0,38084000.0,3969960000.0,-8105000.0,4434138000.0,-1973466000.0,-2007910000.0,540931000.0,0.0,587839000.0,587839000.0,587839000.0,0.0,0.0,0.224,1726629000.0,898705000.0,0.0,0.014,1.444,10.451,10.256,1532006000.0,0.0,78.66,2.36,2.36,5617113000.0,9377570000.0,2625334000.0,2625334000.0,0.0,,,,,47736000.0,1267357000.0,1.0,306124715.0,306124715.0,,8.576,90942569000.0,0.0,310866000.0,0.0,297.077,
60,COF,MRQ,2006-06-30,2006-06-30,2006-06-30,2021-08-02,60127000.0,89530186000.0,,,,,52.458,-143272000.0,2598046000.0,2598046000.0,0.0,552587000.0,,4.632,22327088000.0,,,22327088000.0,0.0,129226000.0,47186813000.0,0.001,0.027,863653000.0,992879000.0,0.39,992879000.0,863653000.0,863653000.0,1.84,1.78,1.84,15897063000.0,,15897063000.0,42868337698.0,13.0,11.046,1272407000.0,4.199,1.0,2544550000.0,1.0,3933621000.0,0.0,105325607000.0,,0.0,74130249000.0,,,73633123000.0,,,25895105698.0,-2699529000.0,10734000.0,55763000.0,54659000.0,-8085000.0,-490335000.0,-3624873000.0,-3626527000.0,1415679000.0,0.0,552587000.0,552587000.0,552587000.0,0.0,0.0,0.217,1680897000.0,863653000.0,0.0,0.015,1.629,11.731,11.243,1467922000.0,0.0,85.45,2.668,2.668,4818512000.0,8797836000.0,2544550000.0,2544550000.0,0.0,,,,,63048000.0,1231675000.0,1.0,303043952.0,303043952.0,,8.397,85596565000.0,0.0,311066000.0,0.0,282.456,
61,COF,MRQ,2006-03-31,2006-03-31,2006-03-31,2021-08-02,-8148000.0,89273079000.0,,,,,50.378,-255592000.0,5297575000.0,5297575000.0,0.0,883339000.0,,4.885,22270807000.0,,,22270807000.0,0.0,124994000.0,47779485000.0,0.001,0.027,1321379000.0,1446373000.0,0.5,1446373000.0,1321379000.0,1321379000.0,2.95,2.86,2.95,15169246000.0,,15169246000.0,42451952437.0,13.0,11.107,334603000.0,1.111,1.0,2894858000.0,1.0,3941128000.0,0.0,102305183000.0,,0.0,71102825000.0,,,74103833000.0,,,24245079437.0,1226308000.0,-33657000.0,93913000.0,-6398000.0,-8020000.0,-82149000.0,718262000.0,866774000.0,590195000.0,0.0,883339000.0,883339000.0,883339000.0,0.0,0.0,0.305,1573479000.0,1321379000.0,0.0,0.009,1.598,11.091,10.244,1387302000.0,0.0,80.52,2.6,2.6,5293392000.0,8253334000.0,2894858000.0,2894858000.0,0.0,,,,,39659000.0,1156680000.0,1.0,301106302.0,301106302.0,,9.614,85331951000.0,0.0,438040000.0,0.0,283.395,
62,COF,MRQ,2005-12-31,2005-12-31,2005-12-31,2021-08-02,6129000.0,88701411000.0,,,,,52.994,-90768000.0,4071267000.0,4071267000.0,0.0,280318000.0,,5.278,22278140000.0,,,22278140000.0,0.0,119103000.0,47933267000.0,0.001,0.027,447653000.0,566756000.0,0.265,566756000.0,447653000.0,447653000.0,0.93,0.91,0.93,14128914000.0,,14128914000.0,36697699699.0,13.0,11.275,1779122000.0,6.673,1.0,2136839000.0,1.0,3906399000.0,0.0,103001885000.0,,0.0,72500143000.0,,,74572497000.0,,,23035231699.0,-531335000.0,921256000.0,26620000.0,1504487000.0,-7099000.0,2586296000.0,-4987521000.0,-5927278000.0,1869890000.0,0.0,280318000.0,280318000.0,280318000.0,0.0,0.0,0.131,1689186000.0,447653000.0,0.0,0.029,1.63,12.733,12.378,1191406000.0,0.0,86.4,2.695,2.695,4904547000.0,7378015000.0,2136839000.0,2136839000.0,0.0,,,,,31496000.0,1215476000.0,1.0,266611478.0,266611478.0,,8.015,84795012000.0,0.0,167335000.0,0.0,318.047,
63,COF,MRQ,2005-09-30,2005-09-30,2005-09-30,2021-08-02,20104000.0,60424517000.0,,,,,41.895,-37652000.0,4602602000.0,4602602000.0,0.0,491149000.0,,4.475,18265070000.0,,,18265070000.0,0.0,110021000.0,26772538000.0,0.001,0.027,765030000.0,875051000.0,0.411,875051000.0,765030000.0,765030000.0,1.88,1.81,1.88,11037227000.0,,11037227000.0,34748905607.0,13.0,11.349,312700000.0,1.187,1.0,2130668000.0,1.0,736058000.0,0.0,73350927000.0,,0.0,46841430000.0,,,49387290000.0,,,20949741607.0,2016514000.0,0.0,143034000.0,1920174000.0,-7082000.0,2318495000.0,-652333000.0,-724602000.0,350352000.0,0.0,491149000.0,491149000.0,491149000.0,0.0,0.0,0.231,1365638000.0,765030000.0,0.0,0.014,1.898,12.152,11.592,768198000.0,0.0,79.52,2.54,2.54,6126282000.0,7104796000.0,2130668000.0,2130668000.0,0.0,,,,,44990000.0,1028669000.0,1.0,263452485.0,263452485.0,,8.087,59688459000.0,0.0,273881000.0,0.0,226.563,
64,COF,MRQ,2005-06-30,2005-06-30,2005-06-30,2021-08-02,75024000.0,56995967000.0,,,,,41.298,-30408000.0,2586088000.0,2586088000.0,0.0,531118000.0,,4.474,16385252000.0,,,16385252000.0,0.0,106661000.0,26521031000.0,0.001,0.027,827282000.0,933943000.0,0.432,933943000.0,827282000.0,827282000.0,2.1,2.03,2.1,10411781000.0,,10411781000.0,36070928211.0,14.0,11.965,1580530000.0,6.269,1.0,2162899000.0,1.0,739889000.0,0.0,70055242000.0,,0.0,46728302000.0,,,46584186000.0,,,20171571211.0,1365778000.0,0.0,794377000.0,-748390000.0,-6717000.0,736943000.0,-982103000.0,-1065584000.0,1610938000.0,0.0,531118000.0,531118000.0,531118000.0,0.0,0.0,0.246,1335617000.0,827282000.0,0.0,0.013,1.937,11.707,11.349,782372000.0,0.0,80.01,2.47,2.47,4890933000.0,6620729000.0,2162899000.0,2162899000.0,0.0,,,,,40898000.0,981921000.0,1.0,252113126.0,252113126.0,,8.579,56256078000.0,0.0,296164000.0,0.0,223.138,
65,COF,MRQ,2005-03-31,2005-03-31,2005-03-31,2021-08-02,69742000.0,55631566000.0,,,,,36.328,-995000.0,1220310000.0,1220310000.0,0.0,506562000.0,,5.195,17119667000.0,,,17119667000.0,0.0,89855000.0,25854025000.0,0.001,0.027,789037000.0,878892000.0,0.415,878892000.0,789037000.0,789037000.0,2.08,1.99,2.08,8979730000.0,,8979730000.0,33582460218.0,14.0,11.917,-168312000.0,-0.681,1.0,2116869000.0,1.0,0.0,0.0,71530923000.0,,0.0,45979891000.0,,,46651836000.0,,,18481862218.0,-190901000.0,-470694000.0,78407000.0,-16373000.0,-6606000.0,272651000.0,-296235000.0,60182000.0,-167317000.0,0.0,506562000.0,506562000.0,506562000.0,0.0,0.0,0.239,1327832000.0,789037000.0,0.0,0.013,2.058,11.557,11.176,806411000.0,0.0,74.77,2.349,2.349,5605009000.0,6096328000.0,2116869000.0,2116869000.0,0.0,,,,,32112000.0,992426000.0,1.0,247182857.0,247182857.0,,8.564,55631566000.0,0.0,282475000.0,0.0,225.062,
66,COF,MRQ,2004-12-31,2004-12-31,2004-12-31,2021-08-02,144759000.0,53747255000.0,,,,,34.56,-75407000.0,1411211000.0,1411211000.0,0.0,195128000.0,,5.407,16511809000.0,,,16511809000.0,0.0,91473000.0,25686957000.0,0.001,0.027,282479000.0,373952000.0,0.203,373952000.0,282479000.0,282479000.0,0.8,0.76,0.8,8388189000.0,,8388189000.0,34455115770.0,15.0,12.566,1682582000.0,6.932,1.0,1839006000.0,1.0,352157000.0,0.0,68495696000.0,,0.0,46011045000.0,,,45359066000.0,,,20439169770.0,-31656000.0,0.0,184199000.0,1045735000.0,-6639000.0,1519219000.0,-3308864000.0,-3343008000.0,1757989000.0,0.0,195128000.0,195128000.0,195128000.0,0.0,0.0,0.106,1556527000.0,282479000.0,0.0,0.034,2.437,13.242,12.856,817704000.0,0.0,84.21,2.661,2.661,4081271000.0,5596372000.0,1839006000.0,1839006000.0,0.0,,,,,30764000.0,1180476000.0,1.0,242716658.0,242716658.0,,7.577,53395098000.0,0.0,87351000.0,0.0,219.989,
67,COF,MRQ,2004-09-30,2004-09-30,2004-09-30,2021-08-02,105811000.0,51959555000.0,,,,,32.835,-14438000.0,1442867000.0,1442867000.0,0.0,490161000.0,,5.552,15458813000.0,,,15458813000.0,0.0,92978000.0,25354323000.0,0.001,0.027,734980000.0,827958000.0,0.404,827958000.0,734980000.0,734980000.0,2.07,1.97,2.07,7930060000.0,,7930060000.0,31740672375.0,13.0,10.981,-13288000.0,-0.055,1.0,2046964000.0,1.0,0.0,0.0,65975501000.0,,0.0,43284724000.0,,,44029495000.0,,,17847681375.0,-277292000.0,0.0,54622000.0,-159825000.0,-6301000.0,1064063000.0,-1342505000.0,-1441605000.0,1150000.0,0.0,490161000.0,490161000.0,490161000.0,0.0,0.0,0.239,1311984000.0,734980000.0,0.0,0.013,2.251,11.058,10.695,812724000.0,0.0,73.9,2.363,2.363,4955739000.0,5407883000.0,2046964000.0,2046964000.0,0.0,,,,,31492000.0,981429000.0,1.0,241511250.0,241511250.0,,8.476,51959555000.0,0.0,244819000.0,0.0,215.143,
68,COF,MRQ,2004-06-30,2004-06-30,2004-06-30,2021-08-02,-4367000.0,50069661000.0,,,,,30.118,-60832000.0,1720159000.0,1720159000.0,0.0,407387000.0,,5.934,15613150000.0,,,15613150000.0,0.0,101118000.0,24178756000.0,0.002,0.027,636013000.0,737131000.0,0.395,737131000.0,636013000.0,636013000.0,1.74,1.65,1.74,7221057000.0,,7221057000.0,30104591425.0,14.0,11.553,983561000.0,4.102,1.0,1864825000.0,1.0,0.0,0.0,63962652000.0,,0.0,42073179000.0,,,42848604000.0,,,16394659425.0,-49090000.0,0.0,54176000.0,129593000.0,-6340000.0,745334000.0,-1838817000.0,-1893541000.0,1044393000.0,0.0,407387000.0,407387000.0,407387000.0,0.0,0.0,0.218,1228812000.0,636013000.0,0.0,0.016,2.27,11.715,11.265,868203000.0,0.0,68.38,2.274,2.274,3972754000.0,4924023000.0,1864825000.0,1864825000.0,0.0,,,,,33678000.0,926800000.0,1.0,239758108.0,239758108.0,,7.778,50069661000.0,0.0,228626000.0,0.0,208.834,
69,COF,MRQ,2004-03-31,2004-03-31,2004-03-31,2021-08-02,147408000.0,49146425000.0,,,,,28.639,-58298000.0,1769249000.0,1769249000.0,0.0,450806000.0,,6.183,15479181000.0,,,15479181000.0,0.0,96283000.0,23610851000.0,0.001,0.027,706592000.0,802875000.0,0.416,802875000.0,706592000.0,706592000.0,1.94,1.84,1.94,6842228000.0,,6842228000.0,30853564172.0,15.0,12.77,1627480000.0,6.812,1.0,1931488000.0,1.0,0.0,0.0,62856357000.0,,0.0,40825956000.0,,,42304197000.0,,,18021213172.0,-211033000.0,0.0,210684000.0,662196000.0,-6338000.0,2061061000.0,-3957872000.0,-4014634000.0,1685778000.0,0.0,450806000.0,450806000.0,450806000.0,0.0,0.0,0.233,1224896000.0,706592000.0,0.0,0.014,2.634,14.099,13.446,898802000.0,0.0,75.43,2.592,2.592,4008809000.0,4522976000.0,1931488000.0,1931488000.0,0.0,,,,,31240000.0,923685000.0,1.0,238913074.0,238913074.0,,8.084,49146425000.0,0.0,255786000.0,0.0,205.708,
70,COF,MRQ,2003-12-31,2003-12-31,2003-12-31,2021-08-02,83158000.0,46283706000.0,,,,,26.207,-69135000.0,1980282000.0,1980282000.0,0.0,265681000.0,,6.648,14812633000.0,,,14812633000.0,0.0,100889000.0,22416332000.0,0.002,0.027,421715000.0,522604000.0,0.305,522604000.0,421715000.0,421715000.0,1.16,1.11,1.16,6051811000.0,,6051811000.0,26709047480.0,15.0,12.164,1276576000.0,5.528,1.0,1711187000.0,1.0,0.0,0.0,59116057000.0,,0.0,37121897000.0,,,40231895000.0,,,14153150480.0,677637000.0,0.0,61147000.0,945998000.0,-6164000.0,2484651000.0,-3152725000.0,-3172218000.0,1345711000.0,0.0,265681000.0,265681000.0,265681000.0,0.0,0.0,0.155,1289472000.0,421715000.0,0.0,0.023,2.339,12.46,12.137,902600000.0,0.0,61.29,2.118,2.118,4748962000.0,4078508000.0,1711187000.0,1711187000.0,0.0,,,,,15089000.0,950695000.0,1.0,230921039.0,230921039.0,,7.41,46283706000.0,0.0,156034000.0,0.0,200.431,
71,COF,MRQ,2003-09-30,2003-09-30,2003-09-30,2021-08-02,15545000.0,43446337000.0,,,,,24.744,-75393000.0,1302645000.0,1302645000.0,0.0,275532000.0,,6.726,13858542000.0,,,13858542000.0,0.0,96962000.0,20936517000.0,0.002,0.027,446185000.0,543147000.0,0.319,543147000.0,446185000.0,446185000.0,1.23,1.17,1.23,5623194000.0,,5623194000.0,21991277966.0,12.0,10.206,-329738000.0,-1.451,1.0,1702985000.0,1.0,0.0,0.0,56002234000.0,,0.0,34456514000.0,,,37823143000.0,,,12962421966.0,-1893043000.0,0.0,54567000.0,1451295000.0,-6057000.0,2614441000.0,-4253139000.0,-4268550000.0,-254345000.0,0.0,275532000.0,275532000.0,275532000.0,0.0,0.0,0.162,1241763000.0,461222000.0,0.0,0.022,2.305,11.68,11.454,898997000.0,0.0,57.04,2.0,2.0,5204170000.0,3820990000.0,1702985000.0,1702985000.0,0.0,,,,,13784000.0,948188000.0,1.0,227251437.0,227251437.0,,7.494,43446337000.0,0.0,170653000.0,0.0,191.182,
72,COF,MRQ,2003-06-30,2003-06-30,2003-06-30,2021-08-02,40623000.0,40366651000.0,,,,,23.436,-56712000.0,3195688000.0,3195688000.0,0.0,286166000.0,,6.606,12224544000.0,,,12224544000.0,0.0,93249000.0,19821881000.0,0.002,0.027,454232000.0,547481000.0,0.341,547481000.0,454232000.0,454232000.0,1.28,1.23,1.28,5306990000.0,,5306990000.0,21389562871.0,12.0,9.69,61670000.0,0.272,1.0,1605788000.0,1.0,0.0,0.0,49395507000.0,,0.0,30677395000.0,,,35059661000.0,,,11136482871.0,1755301000.0,0.0,21414000.0,526973000.0,-6038000.0,1874842000.0,-237923000.0,-265653000.0,118382000.0,0.0,286166000.0,286166000.0,286166000.0,0.0,0.0,0.178,1151556000.0,454232000.0,0.0,0.021,2.098,10.188,9.996,760376000.0,0.0,49.18,1.755,1.755,4092961000.0,3550780000.0,1605788000.0,1605788000.0,0.0,,,,,10847000.0,887691000.0,1.0,226443328.0,226443328.0,,7.091,40366651000.0,0.0,168066000.0,0.0,178.264,
73,COF,MRQ,2003-03-31,2003-03-31,2003-03-31,2021-08-02,-25356000.0,37910967000.0,,,,,21.771,-61410000.0,1440387000.0,1440387000.0,0.0,308463000.0,,6.692,11693467000.0,,,11693467000.0,0.0,92916000.0,18489388000.0,0.004,0.027,489624000.0,582540000.0,0.35,582540000.0,489624000.0,489624000.0,1.38,1.35,1.38,4928665000.0,,4928665000.0,17805667751.0,11.0,8.799,763096000.0,3.371,1.0,1663556000.0,1.0,0.0,0.0,48164047000.0,,0.0,31297383000.0,,,32982302000.0,,,6793755751.0,521609000.0,0.0,2099000.0,-241303000.0,-6023000.0,918196000.0,-1221093000.0,-1253777000.0,824506000.0,0.0,308463000.0,308463000.0,308463000.0,0.0,0.0,0.185,1173932000.0,489624000.0,0.0,0.02,1.378,6.66,6.51,769112000.0,0.0,30.01,1.089,1.089,2897972000.0,3270029000.0,1663556000.0,1663556000.0,0.0,,,,,9729000.0,879601000.0,1.0,226383064.0,226383064.0,,7.348,37910967000.0,0.0,181161000.0,0.0,167.464,
74,COF,MRQ,2002-12-31,2002-12-31,2002-12-31,2021-08-02,-15566000.0,37382380000.0,,,,,20.838,-45686000.0,918778000.0,918778000.0,0.0,239677000.0,,7.086,11930690000.0,,,11930690000.0,0.0,94964000.0,17325965000.0,0.004,0.027,386576000.0,481540000.0,0.319,481540000.0,386576000.0,386576000.0,1.09,1.05,1.09,4623171000.0,,4623171000.0,18060908217.0,12.0,9.845,214160000.0,0.965,1.0,1507596000.0,1.0,0.0,0.0,48394292000.0,,0.0,30047607000.0,,,32759209000.0,,,6593899217.0,185738000.0,0.0,62021000.0,-273550000.0,-5960000.0,222923000.0,-297031000.0,-308403000.0,259846000.0,0.0,239677000.0,239677000.0,239677000.0,0.0,0.0,0.159,1121020000.0,386576000.0,0.0,0.025,1.426,7.329,7.267,770326000.0,0.0,29.72,1.092,1.092,3606549000.0,2966948000.0,1507596000.0,1507596000.0,0.0,,,,,4642000.0,840492000.0,1.0,221867403.0,221867403.0,,6.795,37382380000.0,0.0,146899000.0,0.0,168.49,
75,COF,MRQ,2002-09-30,2002-09-30,2002-09-30,2021-08-02,-1733000.0,36909970000.0,,,,,19.568,-50370000.0,733040000.0,733040000.0,0.0,258835000.0,,7.513,12200049000.0,,,12200049000.0,0.0,178252000.0,16885553000.0,0.003,0.027,417476000.0,595728000.0,0.38,595728000.0,417476000.0,417476000.0,1.17,1.13,1.17,4335511000.0,,4335511000.0,17271922934.0,13.0,9.952,414466000.0,1.871,1.0,1568496000.0,1.0,0.0,0.0,48376979000.0,,0.0,30799627000.0,,,32574459000.0,,,7736831934.0,-392304000.0,0.0,10701000.0,1561327000.0,-5967000.0,2437222000.0,-3294362000.0,-3303175000.0,464836000.0,0.0,258835000.0,258835000.0,258835000.0,0.0,0.0,0.165,1151020000.0,417476000.0,0.0,0.023,1.785,9.236,9.117,789726000.0,0.0,34.92,1.314,1.314,2584528000.0,2733231000.0,1568496000.0,1568496000.0,0.0,,,,,16740000.0,884693000.0,1.0,221558761.0,221558761.0,,7.079,36909970000.0,0.0,158641000.0,0.0,166.592,
76,COF,MRQ,2002-06-30,2002-06-30,2002-06-30,2021-08-02,-34216000.0,33834479000.0,,,,,18.256,-86225000.0,1125344000.0,1125344000.0,0.0,213117000.0,,7.429,10660435000.0,,,10660435000.0,0.0,19997000.0,16014392000.0,0.002,0.027,343737000.0,363734000.0,0.243,363734000.0,343737000.0,343737000.0,0.97,0.92,0.97,4013906000.0,,4013906000.0,23256299004.0,19.0,14.845,924520000.0,4.205,1.0,1497383000.0,1.0,0.0,0.0,43369570000.0,,0.0,28266433000.0,,,29820573000.0,,,13423037004.0,656283000.0,0.0,23413000.0,369947000.0,-5803000.0,1768078000.0,-2122540000.0,-2093063000.0,1010745000.0,0.0,213117000.0,213117000.0,213117000.0,0.0,0.0,0.142,1153646000.0,343737000.0,0.0,0.028,3.344,18.038,17.747,808972000.0,0.0,61.05,2.37,2.37,2417775000.0,2480363000.0,1497383000.0,1497383000.0,0.0,,,,,3242000.0,928529000.0,1.0,219869566.0,219869566.0,,6.81,33834479000.0,0.0,130620000.0,0.0,153.884,
77,COF,MRQ,2002-03-31,2002-03-31,2002-03-31,2021-08-02,-92713000.0,31264711000.0,,,,,16.762,-93155000.0,469061000.0,469061000.0,0.0,188015000.0,,7.497,10302323000.0,,,10302323000.0,0.0,90314000.0,14633871000.0,0.002,0.027,303250000.0,393564000.0,0.269,393564000.0,303250000.0,303250000.0,0.86,0.83,0.86,3679632000.0,,3679632000.0,22639672235.0,20.0,15.519,678447000.0,3.091,1.0,1463145000.0,1.0,0.0,0.0,41097973000.0,,0.0,26613008000.0,,,27585079000.0,,,14016153235.0,-238177000.0,0.0,169835000.0,970583000.0,-5727000.0,2929594000.0,-3939373000.0,-3904386000.0,771602000.0,0.0,188015000.0,188015000.0,188015000.0,0.0,0.0,0.129,1159895000.0,303250000.0,0.0,0.031,3.809,20.421,19.891,789572000.0,0.0,63.85,2.592,2.592,2218472000.0,2273049000.0,1463145000.0,1463145000.0,0.0,,,,,3125000.0,944352000.0,1.0,219516887.0,219516887.0,,6.665,31264711000.0,0.0,115235000.0,0.0,142.425,
78,COF,MRQ,2001-12-31,2001-12-31,2001-12-31,2021-08-02,-84598000.0,28184047000.0,,,,,15.467,-79739000.0,707238000.0,707238000.0,0.0,177681000.0,,7.48,9330757000.0,,,9330757000.0,0.0,95947000.0,12838968000.0,0.002,0.027,286575000.0,382522000.0,0.281,382522000.0,286575000.0,286575000.0,0.83,0.8,0.83,3323478000.0,,3323478000.0,18331932240.0,18.0,13.352,328408000.0,1.528,1.0,1361142000.0,1.0,0.0,0.0,36807566000.0,,0.0,23196905000.0,,,24860569000.0,,,11592329240.0,174608000.0,0.0,33640000.0,1501141000.0,-5796000.0,3292454000.0,-3525993000.0,-3398231000.0,408147000.0,0.0,177681000.0,177681000.0,177681000.0,0.0,0.0,0.131,1074567000.0,286575000.0,0.0,0.033,3.488,18.058,17.631,759683000.0,0.0,53.95,2.276,2.276,2452548000.0,2090761000.0,1361142000.0,1361142000.0,0.0,,,,,-11716000.0,889365000.0,1.0,214871719.0,214871719.0,,6.335,28184047000.0,0.0,108894000.0,0.0,131.167,
79,COF,MRQ,2001-09-30,2001-09-30,2001-09-30,2021-08-02,-46356000.0,23513437000.0,,,,,14.156,-125114000.0,532630000.0,532630000.0,0.0,165344000.0,,6.882,7272233000.0,,,7272233000.0,0.0,160149000.0,11075499000.0,0.002,0.027,266681000.0,426830000.0,0.318,426830000.0,266681000.0,266681000.0,0.78,0.75,0.78,2983293000.0,,2983293000.0,16542041134.0,17.0,13.046,559002000.0,2.653,1.0,1341578000.0,1.0,0.0,0.0,30253040000.0,,0.0,19460279000.0,,,20530144000.0,,,9700564134.0,295892000.0,0.0,11230000.0,193901000.0,-5557000.0,1245337000.0,-1633561000.0,-1588500000.0,684116000.0,0.0,165344000.0,165344000.0,165344000.0,0.0,0.0,0.123,1074897000.0,266681000.0,0.0,0.035,3.252,16.371,15.983,740144000.0,0.0,46.03,2.014,2.014,1949361000.0,1918876000.0,1341578000.0,1341578000.0,0.0,,,,,0.0,833780000.0,1.0,210744387.0,210744387.0,,6.366,23513437000.0,0.0,101337000.0,0.0,111.573,
80,COF,MRQ,2001-06-30,2001-06-30,2001-06-30,2021-08-02,-63621000.0,21660329000.0,,,,,13.156,-22213000.0,236738000.0,236738000.0,0.0,155327000.0,,6.901,7078215000.0,,,7078215000.0,0.0,5347000.0,10029736000.0,0.002,0.027,250530000.0,255877000.0,0.206,255877000.0,250530000.0,250530000.0,0.74,0.7,0.74,2741537000.0,,2741537000.0,18630720231.0,21.0,16.105,-68028000.0,-0.326,1.0,1240846000.0,1.0,0.0,0.0,28501806000.0,,0.0,18234584000.0,,,18918792000.0,,,12534358231.0,-553170000.0,0.0,55882000.0,191981000.0,-5499000.0,881576000.0,-1388931000.0,-1448706000.0,-45815000.0,0.0,155327000.0,155327000.0,155327000.0,0.0,0.0,0.125,990316000.0,250530000.0,0.0,0.036,4.572,22.817,22.114,729525000.0,0.0,60.15,2.792,2.792,1708055000.0,1759089000.0,1240846000.0,1240846000.0,0.0,,,,,0.0,789820000.0,1.0,208385008.0,208385008.0,,5.955,21660329000.0,0.0,95203000.0,0.0,103.944,
81,COF,MRQ,2001-03-31,2001-03-31,2001-03-31,2021-08-02,-89406000.0,20802005000.0,,,,,11.82,-99528000.0,789908000.0,789908000.0,0.0,143613000.0,,7.493,6886270000.0,,,6886270000.0,0.0,76119000.0,9390524000.0,0.002,0.027,231634000.0,307753000.0,0.268,307753000.0,231634000.0,231634000.0,0.7,0.66,0.7,2449245000.0,,2449245000.0,18240239743.0,22.0,16.814,238899000.0,1.153,1.0,1149881000.0,1.0,0.0,0.0,26898367000.0,,0.0,17086934000.0,,,18352760000.0,,,11500411743.0,553201000.0,0.0,439944000.0,-90985000.0,-5458000.0,1355000000.0,-1140226000.0,-1122773000.0,338427000.0,0.0,143613000.0,143613000.0,143613000.0,0.0,0.0,0.125,918247000.0,231634000.0,0.0,0.039,4.695,22.704,21.765,709207000.0,0.0,55.5,2.756,2.756,1492818000.0,1609261000.0,1149881000.0,1149881000.0,0.0,,,,,582000.0,737113000.0,1.0,207214626.0,207214626.0,,5.549,20802005000.0,0.0,88021000.0,0.0,100.389,
82,COF,MRQ,2000-12-31,2000-12-31,2000-12-31,2021-08-02,2918000.0,18889341000.0,,,,,9.965,-155564000.0,236707000.0,236707000.0,0.0,128277000.0,,8.625,6976535000.0,,,6976535000.0,0.0,70598000.0,8379025000.0,0.002,0.027,206898000.0,277496000.0,0.256,277496000.0,206898000.0,206898000.0,0.66,0.61,0.66,1962514000.0,,1962514000.0,19678027080.0,26.0,19.626,1024512000.0,5.202,1.0,1083414000.0,1.0,0.0,0.0,25629169000.0,,0.0,16282527000.0,,,16926827000.0,,,12960861080.0,14239000.0,0.0,-14023000.0,36435000.0,-5252000.0,2072261000.0,-3238098000.0,-3052473000.0,1180076000.0,0.0,128277000.0,128277000.0,128277000.0,0.0,0.0,0.118,876516000.0,206898000.0,0.0,0.041,6.604,27.598,27.536,664461000.0,0.0,65.81,3.319,3.319,1143902000.0,1471106000.0,1083414000.0,1083414000.0,0.0,,,,,2503000.0,727214000.0,1.0,196943642.0,196943642.0,,5.501,18889341000.0,0.0,78621000.0,0.0,95.912,
83,COF,MRQ,2000-09-30,2000-09-30,2000-09-30,2021-08-02,-25337000.0,16378825000.0,,,,,9.048,-103375000.0,222468000.0,222468000.0,0.0,122123000.0,,8.225,6939634000.0,,,6939634000.0,0.0,118730000.0,6323924000.0,0.002,0.027,196973000.0,315703000.0,0.311,315703000.0,196973000.0,196973000.0,0.62,0.58,0.62,1775388000.0,,1775388000.0,20506990546.0,29.0,22.182,256696000.0,1.308,1.0,1015930000.0,1.0,0.0,0.0,23095991000.0,,0.0,13526418000.0,,,14603437000.0,,,13746771546.0,33243000.0,0.0,-6258000.0,-10459000.0,-5235000.0,1013045000.0,-1339873000.0,-1304838000.0,360071000.0,0.0,122123000.0,122123000.0,122123000.0,0.0,0.0,0.12,818957000.0,196973000.0,0.0,0.044,7.743,31.298,31.417,560974000.0,0.0,70.06,3.764,3.764,1403377000.0,1348081000.0,1015930000.0,1015930000.0,0.0,,,,,10390000.0,672469000.0,1.0,196214267.0,196214267.0,,5.178,16378825000.0,0.0,74850000.0,0.0,83.474,
84,COF,MRQ,2000-06-30,2000-06-30,2000-06-30,2021-08-02,-33823000.0,15126891000.0,,,,,8.403,-45439000.0,189225000.0,189225000.0,0.0,112525000.0,,8.192,6949444000.0,,,6949444000.0,0.0,2409000.0,5288927000.0,0.002,0.027,181491000.0,183900000.0,0.199,183900000.0,181491000.0,181491000.0,0.57,0.54,0.57,1645576000.0,,1645576000.0,14315872896.0,22.0,17.7,-325516000.0,-1.662,1.0,923755000.0,1.0,0.0,0.0,21887110000.0,,0.0,12483550000.0,,,13481315000.0,,,8739533896.0,-9350000.0,0.0,-13685000.0,1174377000.0,-5155000.0,2348223000.0,-2077496000.0,-2044681000.0,-280077000.0,0.0,112525000.0,112525000.0,112525000.0,0.0,0.0,0.122,742264000.0,181491000.0,0.0,0.047,5.311,21.188,21.354,545262000.0,0.0,44.63,2.556,2.556,1302424000.0,1231193000.0,923755000.0,923755000.0,0.0,,,,,2540000.0,606528000.0,1.0,195821956.0,195821956.0,,4.717,15126891000.0,0.0,68966000.0,0.0,77.248,
85,COF,MRQ,2000-03-31,2000-03-31,2000-03-31,2021-08-02,-31802000.0,12525058000.0,,,,,7.874,-69640000.0,198575000.0,198575000.0,0.0,106709000.0,,7.075,5774914000.0,,,5774914000.0,0.0,53434000.0,4096241000.0,0.002,0.027,172112000.0,225546000.0,0.256,225546000.0,172112000.0,172112000.0,0.54,0.51,0.54,1551081000.0,,1551081000.0,16158138643.0,26.0,20.036,208082000.0,1.056,1.0,882032000.0,1.0,0.0,0.0,18101397000.0,,0.0,10596525000.0,,,10973977000.0,,,9443621643.0,-47922000.0,0.0,-68352000.0,-1186255000.0,-5182000.0,-947357000.0,621713000.0,597166000.0,277722000.0,0.0,106709000.0,106709000.0,106709000.0,0.0,0.0,0.121,709920000.0,172112000.0,0.0,0.05,6.088,24.376,24.459,501238000.0,0.0,47.94,2.912,2.912,666972000.0,1123823000.0,882032000.0,882032000.0,0.0,,,,,2543000.0,585162000.0,1.0,196988353.0,196988353.0,,4.478,12525058000.0,0.0,65403000.0,0.0,63.583,
86,COF,MRQ,1999-12-31,1999-12-31,1999-12-31,2021-08-02,-31262000.0,13336443000.0,,,,,7.686,-77455000.0,246497000.0,246497000.0,0.0,97872000.0,,7.799,6961014000.0,,,6961014000.0,0.0,50105000.0,3783809000.0,0.002,0.027,149244000.0,199349000.0,0.24,199349000.0,149244000.0,149244000.0,0.5,0.46,0.5,1515607000.0,,1515607000.0,14733792224.0,26.0,19.654,310448000.0,1.574,1.0,830429000.0,1.0,0.0,0.0,20050960000.0,,0.0,11427970000.0,,,11820836000.0,,,9502114224.0,133070000.0,0.0,-18603000.0,1517561000.0,-5161000.0,1701206000.0,-1956039000.0,-1915581000.0,387903000.0,0.0,97872000.0,97872000.0,97872000.0,0.0,0.0,0.118,681185000.0,149244000.0,0.0,0.054,6.27,26.17,26.19,470732000.0,0.0,48.19,3.124,3.124,661922000.0,1022296000.0,830429000.0,830429000.0,0.0,,,,,2015000.0,562897000.0,1.0,197180208.0,197180208.0,,4.212,13336443000.0,0.0,51372000.0,0.0,67.636,
87,COF,MRQ,1999-09-30,1999-09-30,1999-09-30,2021-08-02,-32232000.0,11372909000.0,,,,,7.278,-115800000.0,113427000.0,113427000.0,0.0,95362000.0,,6.845,5345105000.0,,,5345105000.0,0.0,46224000.0,3576400000.0,0.003,0.027,153810000.0,200034000.0,0.255,200034000.0,153810000.0,153810000.0,0.48,0.45,0.48,1437181000.0,,1437181000.0,13499708387.0,25.0,19.345,457414000.0,2.316,1.0,783231000.0,1.0,0.0,0.0,16604587000.0,,0.0,9688819000.0,,,9837615000.0,,,7701756387.0,15229000.0,0.0,-11591000.0,-551285000.0,-5164000.0,593427000.0,-1151412000.0,-1067321000.0,573214000.0,0.0,95362000.0,95362000.0,95362000.0,0.0,0.0,0.122,629421000.0,153810000.0,0.0,0.056,5.359,22.794,22.807,429504000.0,0.0,39.0,2.761,2.761,614962000.0,929585000.0,783231000.0,783231000.0,0.0,,,,,849000.0,510159000.0,1.0,197480933.0,197480933.0,,3.966,11372909000.0,0.0,58448000.0,0.0,57.59,
88,COF,MRQ,1999-06-30,1999-06-30,1999-06-30,2021-08-02,12718000.0,10580624000.0,,,,,7.103,-92118000.0,98198000.0,98198000.0,0.0,87478000.0,,6.472,5896150000.0,,,5896150000.0,0.0,40420000.0,2414933000.0,0.002,0.027,141094000.0,181514000.0,0.243,181514000.0,141094000.0,141094000.0,0.44,0.41,0.44,1402936000.0,,1402936000.0,16733512977.0,33.0,26.244,-144414000.0,-0.731,1.0,747231000.0,1.0,0.0,0.0,16378576000.0,,0.0,8776396000.0,,,9079640000.0,,,10999340977.0,50881000.0,0.0,-14043000.0,114493000.0,-5162000.0,306059000.0,-202882000.0,-141586000.0,-52296000.0,0.0,87478000.0,87478000.0,87478000.0,0.0,0.0,0.117,606137000.0,141094000.0,0.0,0.061,7.84,35.194,35.025,347168000.0,0.0,55.69,4.396,4.396,886680000.0,839387000.0,747231000.0,747231000.0,0.0,,,,,25065000.0,493865000.0,1.0,197510163.0,197510163.0,,3.783,10580624000.0,0.0,53616000.0,0.0,53.57,
89,COF,MRQ,1999-03-31,1999-03-31,1999-03-31,2021-08-02,22554000.0,10151627000.0,,,,,6.677,-65614000.0,47317000.0,47317000.0,0.0,82379000.0,,6.621,5781489000.0,,,5781489000.0,0.0,35874000.0,2204162000.0,0.002,0.027,132869000.0,168743000.0,0.248,168743000.0,132869000.0,132869000.0,0.42,0.39,0.42,1319212000.0,,1319212000.0,15027707848.0,32.0,25.105,298900000.0,1.513,1.0,681122000.0,1.0,0.0,0.0,15885799000.0,,0.0,8765245000.0,,,8734431000.0,,,9944202848.0,-252850000.0,0.0,-11799000.0,397661000.0,-5166000.0,584879000.0,-1202243000.0,-1161774000.0,364514000.0,0.0,82379000.0,82379000.0,82379000.0,0.0,0.0,0.121,548253000.0,132869000.0,0.0,0.064,7.538,34.066,33.781,283159000.0,0.0,50.333,4.531,4.531,637563000.0,757071000.0,681122000.0,681122000.0,0.0,,,,,21307000.0,463972000.0,1.0,197566944.0,197566944.0,,3.448,10151627000.0,0.0,50490000.0,0.0,51.383,
90,COF,MRQ,1998-12-31,1998-12-31,1998-12-31,2021-08-02,60655000.0,9419403000.0,,,,,6.456,-34479000.0,300167000.0,300167000.0,0.0,72669000.0,,6.414,5481593000.0,,,5481593000.0,0.0,30337000.0,1999979000.0,0.003,0.027,117208000.0,147545000.0,0.255,147545000.0,117208000.0,117208000.0,0.37,0.35,0.37,1270406000.0,,1270406000.0,12299219160.0,28.0,22.277,357178000.0,1.815,1.0,577548000.0,1.0,0.0,0.0,14600829000.0,,0.0,7722898000.0,,,8148997000.0,,,7543262160.0,-112800000.0,0.0,-21551000.0,214589000.0,-5162000.0,589520000.0,-1093977000.0,-1079695000.0,391657000.0,0.0,72669000.0,72669000.0,72669000.0,0.0,0.0,0.126,460340000.0,117208000.0,0.0,0.073,5.938,27.407,27.381,242147000.0,0.0,38.333,3.952,3.952,833143000.0,679838000.0,577548000.0,577548000.0,0.0,,,,,7021000.0,387665000.0,1.0,196780752.0,196780752.0,,2.935,9419403000.0,0.0,44539000.0,0.0,47.868,
91,COF,MRQ,1998-09-30,1998-09-30,1998-09-30,2021-08-02,31524000.0,8580776000.0,,,,,5.898,-57030000.0,412967000.0,412967000.0,0.0,70006000.0,,6.256,5168924000.0,,,5168924000.0,0.0,26902000.0,1598335000.0,0.003,0.027,112913000.0,139815000.0,0.282,139815000.0,112913000.0,112913000.0,0.36,0.33,0.36,1169128000.0,,1169128000.0,11441755742.0,27.0,21.035,183599000.0,0.926,1.0,496440000.0,1.0,0.0,0.0,13336733000.0,,0.0,6732957000.0,,,7313792000.0,,,6812260742.0,373578000.0,0.0,-53231000.0,287013000.0,-5160000.0,539555000.0,-406606000.0,-367735000.0,240629000.0,0.0,70006000.0,70006000.0,70006000.0,0.0,0.0,0.141,383527000.0,112913000.0,0.0,0.075,5.827,26.123,25.781,228550000.0,0.0,34.367,4.103,4.103,921602000.0,612331000.0,496440000.0,496440000.0,0.0,,,,,6522000.0,319534000.0,1.0,198222912.0,198222912.0,,2.504,8580776000.0,0.0,42907000.0,0.0,43.289,
92,COF,MRQ,1998-06-30,1998-06-30,1998-06-30,2021-08-02,3421000.0,7651438000.0,,,,,5.434,-42754000.0,39389000.0,39389000.0,0.0,66853000.0,,6.065,4668884000.0,,,4668884000.0,0.0,34656000.0,1387398000.0,0.003,0.027,107828000.0,142484000.0,0.324,142484000.0,107828000.0,107828000.0,0.34,0.32,0.34,1069161000.0,,1069161000.0,12191078239.0,31.0,25.036,-122826000.0,-0.624,1.0,439664000.0,1.0,0.0,0.0,12280933000.0,,0.0,6358431000.0,,,6484486000.0,,,8145348239.0,-102671000.0,0.0,-5401000.0,280324000.0,-5118000.0,396357000.0,-418956000.0,-394634000.0,-80072000.0,0.0,66853000.0,66853000.0,66853000.0,0.0,0.0,0.152,331836000.0,107828000.0,0.0,0.079,7.618,33.924,33.851,188727000.0,0.0,41.4,5.543,5.543,836274000.0,547485000.0,439664000.0,439664000.0,0.0,,,,,24100000.0,277537000.0,1.0,196747542.0,196747542.0,,2.235,7651438000.0,0.0,40975000.0,0.0,38.89,
93,COF,MRQ,1998-03-31,1998-03-31,1998-03-31,2021-08-02,2325000.0,7223902000.0,,,,,5.029,-18761000.0,142060000.0,142060000.0,0.0,65703000.0,,6.216,4187790000.0,,,4187790000.0,0.0,16278000.0,1460846000.0,0.004,0.027,105972000.0,122250000.0,0.31,122250000.0,105972000.0,105972000.0,0.333,0.32,0.333,987515000.0,,987515000.0,9054148072.0,26.0,21.519,209583000.0,1.067,1.0,394855000.0,1.0,0.0,0.0,11269632000.0,,0.0,6048584000.0,,,6138660000.0,,,5162981072.0,-95663000.0,0.0,1283000.0,58900000.0,-5093000.0,-97714000.0,-226293000.0,-218508000.0,228344000.0,0.0,65703000.0,65703000.0,65703000.0,0.0,0.0,0.166,288883000.0,105972000.0,0.0,0.081,5.228,24.285,24.346,163757000.0,0.0,26.293,3.986,3.986,696599000.0,485750000.0,394855000.0,394855000.0,0.0,,,,,32413000.0,245575000.0,1.0,196360842.0,196360842.0,,2.011,7223902000.0,0.0,40269000.0,0.0,36.789,
94,COF,MRQ,1997-12-31,1997-12-31,1997-12-31,2021-08-02,2539000.0,7078279000.0,,,,,4.549,-5973000.0,237723000.0,237723000.0,0.0,58217000.0,,6.815,4128890000.0,,,4128890000.0,0.0,45486000.0,1613650000.0,0.006,0.027,93897000.0,139383000.0,0.423,139383000.0,93897000.0,93897000.0,0.3,0.283,0.3,893259000.0,,893259000.0,,,,69110000.0,0.352,1.0,329268000.0,1.0,0.0,0.0,10969446000.0,,0.0,5921357000.0,,,6087356000.0,,,3546931343.0,5109000.0,0.0,-12407000.0,597054000.0,-5126000.0,745733000.0,-815707000.0,-817946000.0,75083000.0,0.0,58217000.0,58217000.0,58217000.0,0.0,0.0,0.177,235371000.0,93897000.0,0.0,0.09,3.971,18.729,18.816,162726000.0,0.0,18.063,3.0,3.0,588781000.0,425140000.0,329268000.0,329268000.0,0.0,,,,,9763000.0,206102000.0,1.0,196360842.0,196360842.0,,1.677,7078279000.0,0.0,35680000.0,0.0,36.047,
95,COF,MRQ,1997-09-30,1997-09-30,1997-09-30,2021-08-02,,,,,,,,-14408000.0,,,0.0,49330000.0,,,,,,,,3259000.0,,0.007,0.027,79566000.0,82825000.0,0.271,82825000.0,79566000.0,79566000.0,0.25,0.243,0.25,,,,,,,403130000.0,,1.0,305569000.0,1.0,,0.0,,,,,,,,,,,-220446000.0,0.0,-33151000.0,-133271000.0,-5178000.0,8613000.0,-646597000.0,-640919000.0,417538000.0,0.0,49330000.0,49330000.0,49330000.0,0.0,0.0,0.161,226003000.0,79566000.0,,0.108,,,,,0.0,15.25,,,,,305569000.0,305569000.0,0.0,,,,,8599000.0,189849000.0,1.0,,,,,,,30236000.0,,,
96,COF,MRQ,1997-06-30,1997-06-30,1997-06-30,2021-08-02,,,,,,,,-12666000.0,,,0.0,39352000.0,,,,,,,,12824000.0,,0.009,0.027,63470000.0,76294000.0,0.287,76294000.0,63470000.0,63470000.0,0.197,0.193,0.197,,,,,,,-329305000.0,,1.0,265525000.0,1.0,,0.0,,,,,,,,,,,-223891000.0,0.0,2492000.0,-61454000.0,-5169000.0,63951000.0,28797000.0,35644000.0,-316639000.0,0.0,39352000.0,39352000.0,39352000.0,0.0,0.0,0.148,202055000.0,63470000.0,,0.137,,,,,0.0,12.583,,,,,265525000.0,265525000.0,0.0,,,,,3257000.0,164396000.0,1.0,,,,,,,24118000.0,,,
97,COF,MRQ,1997-03-31,1997-03-31,1997-03-31,2021-08-02,,,,,,,,-18555000.0,,,0.0,42482000.0,,,,,,,,11105000.0,,0.009,0.027,68520000.0,79625000.0,0.282,79625000.0,68520000.0,68520000.0,0.213,0.21,0.213,,,,,,,331715000.0,,1.0,282067000.0,1.0,,0.0,,,,,,,,,,,147975000.0,0.0,1343000.0,-401231000.0,-5165000.0,-508928000.0,306633000.0,320487000.0,350270000.0,0.0,42482000.0,42482000.0,42482000.0,0.0,0.0,0.151,213547000.0,68520000.0,,0.127,,,,,0.0,12.417,,,,,282067000.0,282067000.0,0.0,,,,,3259000.0,172351000.0,1.0,,,,,,,26038000.0,,,
98,COF,MRQ,1996-12-31,1996-12-31,1996-12-31,2021-08-02,0.0,6467445000.0,,,,,,,528976000.0,528976000.0,,,,7.735,4225220000.0,,,4225220000.0,0.0,,1243018000.0,0.009,0.027,,,,,,,,,,740391000.0,,740391000.0,,,,,,1.0,,,0.0,,10163689000.0,,0.0,5103253000.0,,,5727054000.0,,,,,,,,,,,,,,,,,,,,,,0.0,,,,15.385,174661000.0,,12.0,,,502520000.0,258345000.0,,,,,,,,,,1.0,,,,,6467445000.0,0.0,,0.0,,
0,COF,MRT,2021-06-30,2021-06-30,2021-06-30,2021-08-02,1792000000.0,423420000000.0,423020000000.0,,,0.072,143.135,-709000000.0,34846000000.0,34846000000.0,0.0,11833000000.0,,5.552,36343000000.0,,,36343000000.0,0.0,3411000000.0,306308000000.0,0.006,1.0,15325000000.0,18736000000.0,0.612,18736000000.0,15325000000.0,15325000000.0,25.17,25.09,25.17,64624000000.0,61110000000.0,64624000000.0,57795886469.0,4.0,3.085,12469000000.0,27.617,1.0,30593000000.0,1.0,14654000000.0,0.0,410263000000.0,405410500000.0,0.0,345781000000.0,,,358796000000.0,,,69840886469.0,-21470000000.0,-31000000.0,-1932000000.0,-7904000000.0,-713000000.0,-7057000000.0,-27591000000.0,-19287000000.0,13178000000.0,0.0,11833000000.0,11467000000.0,11467000000.0,5000000.0,0.0,0.375,15263000000.0,15330000000.0,0.0,0.04,1.081,6.091,6.146,4227000000.0,366000000.0,154.69,2.283,2.283,0.0,46461000000.0,30593000000.0,30593000000.0,0.0,0.027,0.188,0.038,0.501,335000000.0,13718000000.0,1.0,451489343.0,451489343.0,,67.76,408766000000.0,0.0,3492000000.0,0.0,905.372,
1,COF,MRT,2021-03-31,2021-03-31,2021-03-31,2021-08-02,1783000000.0,425175000000.0,422489000000.0,,,0.058,133.238,-734000000.0,50495000000.0,50495000000.0,0.0,7379000000.0,,5.949,38450000000.0,,,38450000000.0,0.0,3463000000.0,310328000000.0,0.008,1.0,9297000000.0,12760000000.0,0.524,12760000000.0,9297000000.0,9297000000.0,15.31,15.26,15.31,61188000000.0,58965250000.0,61188000000.0,58458690430.0,6.0,4.581,12192000000.0,26.548,1.0,24369000000.0,1.0,14654000000.0,0.0,398476000000.0,401778000000.0,0.0,332954000000.0,,,363987000000.0,,,58428690430.0,26974000000.0,-7000000.0,-283000000.0,-16690000000.0,-745000000.0,22658000000.0,-8610000000.0,305000000.0,12926000000.0,0.0,7379000000.0,7012000000.0,7012000000.0,5000000.0,0.0,0.288,15067000000.0,9302000000.0,0.0,0.065,0.955,8.333,8.31,4277000000.0,367000000.0,127.23,2.398,2.398,0.0,43167000000.0,24369000000.0,24369000000.0,0.0,0.017,0.119,0.023,0.382,298000000.0,13250000000.0,1.0,459236740.0,459236740.0,,53.064,410521000000.0,0.0,1918000000.0,0.0,893.92,
2,COF,MRT,2020-12-31,2020-12-31,2020-12-31,2021-08-02,3494000000.0,421602000000.0,415414750000.0,,,0.044,131.623,-710000000.0,40509000000.0,40509000000.0,0.0,2714000000.0,,6.003,40539000000.0,,,40539000000.0,0.0,3501000000.0,305442000000.0,0.01,1.0,3200000000.0,6701000000.0,0.367,6701000000.0,3200000000.0,3200000000.0,5.19,5.18,5.19,60204000000.0,57875750000.0,60204000000.0,43902702445.0,14.0,6.552,15989000000.0,34.956,1.0,18259000000.0,1.0,14653000000.0,0.0,406979000000.0,405403500000.0,0.0,339477000000.0,,,361398000000.0,,,45213702445.0,27022000000.0,-7000000.0,-90000000.0,-16480000000.0,-740000000.0,25164000000.0,-14841000000.0,-5898000000.0,16699000000.0,0.0,2714000000.0,2375000000.0,2375000000.0,3000000.0,0.0,0.13,15056000000.0,3203000000.0,0.0,0.193,0.751,19.037,19.046,4287000000.0,339000000.0,98.85,2.476,2.476,0.0,40088000000.0,18259000000.0,18259000000.0,0.0,0.006,0.041,0.008,0.175,203000000.0,13060000000.0,1.0,457397091.0,457397091.0,,39.919,406949000000.0,0.0,486000000.0,0.0,889.706,
3,COF,MRT,2020-09-30,2020-09-30,2020-09-30,2021-08-02,3833000000.0,421883000000.0,407605500000.0,,,0.041,127.944,-799000000.0,44106000000.0,44106000000.0,0.0,1324000000.0,,6.221,42795000000.0,,,42795000000.0,0.0,3606000000.0,305725000000.0,0.018,1.3,1584000000.0,5190000000.0,0.309,5190000000.0,1584000000.0,1584000000.0,2.03,2.01,2.03,58424000000.0,57327500000.0,58424000000.0,21895846073.0,14.0,4.219,15393000000.0,33.71,1.0,16795000000.0,1.0,14648000000.0,0.0,405924000000.0,408159250000.0,0.0,336275000000.0,,,363459000000.0,,,32813846073.0,27464000000.0,-8315000000.0,-1067000000.0,-8512000000.0,-908000000.0,37301000000.0,-26029000000.0,-10388000000.0,16192000000.0,0.0,1324000000.0,931000000.0,931000000.0,3000000.0,0.0,0.055,15208000000.0,1587000000.0,0.0,0.64,0.562,35.246,35.399,4333000000.0,393000000.0,71.86,1.954,1.954,0.0,37653000000.0,16795000000.0,16795000000.0,0.0,0.002,0.016,0.004,0.094,192000000.0,13072000000.0,1.0,456635765.0,456635765.0,,36.78,407235000000.0,0.0,260000000.0,0.0,891.816,
4,COF,MRT,2020-06-30,2020-06-30,2020-06-30,2021-08-02,3981000000.0,421296000000.0,396837250000.0,,,0.039,123.092,-833000000.0,55818000000.0,55818000000.0,0.0,251000000.0,,6.517,44900000000.0,,,44900000000.0,0.0,3558000000.0,304238000000.0,0.026,1.6,-210000000.0,3348000000.0,0.219,3348000000.0,-210000000.0,-210000000.0,-0.33,-0.36,-0.33,56045000000.0,57280250000.0,56045000000.0,59242858095.0,-282.0,17.695,15914000000.0,34.952,1.0,15321000000.0,1.0,14645000000.0,0.0,395733000000.0,405982000000.0,0.0,323990000000.0,,,365251000000.0,,,28497858095.0,40737000000.0,-8393000000.0,-1543000000.0,-5776000000.0,-1037000000.0,41804000000.0,-17814000000.0,-648000000.0,16747000000.0,0.0,251000000.0,-118000000.0,-118000000.0,-1000000.0,0.0,-0.008,15532000000.0,-211000000.0,0.0,-4.848,0.508,-241.507,-189.667,4324000000.0,369000000.0,62.59,1.86,1.86,0.0,35361000000.0,15321000000.0,15321000000.0,0.0,0.0,-0.002,-0.001,-0.014,184000000.0,13178000000.0,1.0,455310083.0,455310083.0,,33.65,406651000000.0,0.0,-461000000.0,0.0,893.13,
5,COF,MRT,2020-03-31,2020-03-31,2020-03-31,2021-08-02,3679000000.0,396878000000.0,384918000000.0,,,0.049,124.321,-858000000.0,24936000000.0,24936000000.0,0.0,2794000000.0,,5.984,55681000000.0,,,55681000000.0,0.0,3528000000.0,269689000000.0,0.032,1.6,3263000000.0,6791000000.0,0.361,6791000000.0,3263000000.0,3263000000.0,5.14,5.09,5.14,56830000000.0,57210750000.0,56830000000.0,65338128248.0,20.0,9.621,16309000000.0,35.678,1.0,18793000000.0,1.0,14645000000.0,0.0,412978000000.0,405347750000.0,0.0,331760000000.0,,,340048000000.0,,,23048128248.0,5862000000.0,-8393000000.0,-1555000000.0,3354000000.0,-1032000000.0,15665000000.0,-26970000000.0,-9909000000.0,17167000000.0,0.0,2794000000.0,2424000000.0,2424000000.0,-11000000.0,0.0,0.129,15541000000.0,3252000000.0,0.0,0.311,0.406,9.508,9.809,4336000000.0,370000000.0,50.42,1.226,1.226,0.0,36552000000.0,18793000000.0,18793000000.0,0.0,0.006,0.042,0.008,0.174,191000000.0,13334000000.0,1.0,457122734.0,457122734.0,,41.111,382233000000.0,0.0,469000000.0,0.0,836.171,
6,COF,MRT,2019-12-31,2019-12-31,2019-12-31,2021-08-02,1156000000.0,390365000000.0,378996250000.0,,,0.059,124.562,-887000000.0,13407000000.0,13407000000.0,0.0,5546000000.0,,5.729,55697000000.0,,,55697000000.0,0.0,3339000000.0,262697000000.0,0.016,1.6,6887000000.0,10226000000.0,0.457,10226000000.0,6887000000.0,6887000000.0,11.1,11.05,11.1,58011000000.0,56373500000.0,58011000000.0,80956346669.0,12.0,7.917,15752000000.0,33.823,1.0,22357000000.0,1.0,14653000000.0,0.0,418002000000.0,399986750000.0,0.0,338556000000.0,,,332354000000.0,,,47927346669.0,260000000.0,-8393000000.0,-1265000000.0,-4186000000.0,-1035000000.0,6619000000.0,-22998000000.0,-4730000000.0,16639000000.0,0.0,5546000000.0,5192000000.0,5192000000.0,-13000000.0,0.0,0.232,15483000000.0,6874000000.0,0.0,0.144,0.826,9.231,9.271,4378000000.0,354000000.0,102.91,2.144,2.144,0.0,40340000000.0,22357000000.0,22357000000.0,0.0,0.014,0.092,0.017,0.308,239000000.0,13287000000.0,1.0,465720986.0,465720986.0,,48.005,375712000000.0,0.0,1341000000.0,0.0,806.732,
7,COF,MRT,2019-09-30,2019-09-30,2019-09-30,2021-08-02,453000000.0,378810000000.0,374539500000.0,,,0.059,123.817,-836000000.0,17120000000.0,17120000000.0,0.0,5631000000.0,,5.505,50149000000.0,,,50149000000.0,0.0,3109000000.0,257148000000.0,0.018,1.6,6681000000.0,9790000000.0,0.443,9790000000.0,6681000000.0,6681000000.0,11.35,11.29,11.35,58235000000.0,54787750000.0,58235000000.0,76912900070.0,12.0,7.856,15623000000.0,33.217,1.0,22123000000.0,1.0,14624000000.0,0.0,397215000000.0,396414500000.0,0.0,324042000000.0,,,320575000000.0,,,42790900070.0,5909000000.0,-685000000.0,-983000000.0,-3856000000.0,-1023000000.0,5083000000.0,-15633000000.0,-4647000000.0,16459000000.0,0.0,5631000000.0,5324000000.0,5324000000.0,-12000000.0,0.0,0.241,15454000000.0,6669000000.0,0.0,0.141,0.735,8.037,8.016,4311000000.0,307000000.0,90.98,1.934,1.934,0.0,39476000000.0,22123000000.0,22123000000.0,0.0,0.014,0.097,0.017,0.302,192000000.0,13234000000.0,1.0,470333041.0,470333041.0,,47.037,364186000000.0,0.0,1050000000.0,0.0,774.315,
8,COF,MRT,2019-06-30,2019-06-30,2019-06-30,2021-08-02,170000000.0,373619000000.0,370564250000.0,,,0.06,118.755,-841000000.0,15111000000.0,15111000000.0,0.0,5800000000.0,,5.7,49233000000.0,,,49233000000.0,0.0,2849000000.0,254535000000.0,0.018,1.6,6895000000.0,9744000000.0,0.438,9744000000.0,6895000000.0,6895000000.0,11.65,11.59,11.65,55767000000.0,52888500000.0,55767000000.0,75500187680.0,11.0,7.748,15557000000.0,33.128,1.0,22241000000.0,1.0,14545000000.0,0.0,393196000000.0,394540500000.0,0.0,320999000000.0,,,317852000000.0,,,42611187680.0,2525000000.0,-600000000.0,-1075000000.0,-5545000000.0,-1024000000.0,-1745000000.0,-12128000000.0,-2441000000.0,16398000000.0,0.0,5800000000.0,5494000000.0,5494000000.0,-9000000.0,0.0,0.247,15355000000.0,6886000000.0,0.0,0.137,0.764,7.756,7.789,4243000000.0,306000000.0,90.74,1.916,1.916,0.0,38386000000.0,22241000000.0,22241000000.0,0.0,0.015,0.104,0.017,0.31,191000000.0,13020000000.0,1.0,469596514.0,469596514.0,,47.362,359074000000.0,0.0,1095000000.0,0.0,764.644,
9,COF,MRT,2019-03-31,2019-03-31,2019-03-31,2021-08-02,-660000000.0,373191000000.0,368156750000.0,,,0.061,114.305,-852000000.0,17469000000.0,17469000000.0,0.0,6081000000.0,,5.978,50358000000.0,,,50358000000.0,0.0,2550000000.0,255107000000.0,0.02,1.6,7364000000.0,9914000000.0,0.443,9914000000.0,7364000000.0,7364000000.0,12.13,12.06,12.13,53481000000.0,51428250000.0,53481000000.0,83940172177.0,11.0,8.467,15400000000.0,32.914,1.0,22375000000.0,1.0,14546000000.0,0.0,391534000000.0,393865250000.0,0.0,318225000000.0,,,319710000000.0,,,38221172177.0,5121000000.0,-600000000.0,-1874000000.0,-968000000.0,-1032000000.0,156000000.0,-11287000000.0,-1595000000.0,16252000000.0,0.0,6081000000.0,5775000000.0,5775000000.0,11000000.0,0.0,0.258,15000000000.0,7375000000.0,0.0,0.132,0.715,6.618,6.735,4205000000.0,306000000.0,81.69,1.708,1.708,0.0,37030000000.0,22375000000.0,22375000000.0,0.0,0.016,0.112,0.019,0.329,175000000.0,12661000000.0,1.0,467880673.0,467880673.0,,47.822,358645000000.0,0.0,1283000000.0,0.0,766.531,
10,COF,MRT,2018-12-31,2018-12-31,2018-12-31,2021-08-02,-1263000000.0,372538000000.0,365573250000.0,,,0.061,109.083,-874000000.0,13186000000.0,13186000000.0,0.0,6015000000.0,,6.21,58905000000.0,,,58905000000.0,0.0,2396000000.0,249764000000.0,0.021,1.6,7308000000.0,9704000000.0,0.437,9704000000.0,7308000000.0,7308000000.0,11.9,11.82,11.9,51668000000.0,50358750000.0,51668000000.0,77126694911.0,11.0,7.948,12104000000.0,25.554,1.0,22220000000.0,1.0,14544000000.0,0.0,403713000000.0,392233250000.0,0.0,323095000000.0,,,320870000000.0,,,35803694911.0,-863000000.0,-600000000.0,-2071000000.0,-1191000000.0,-1038000000.0,1777000000.0,-15618000000.0,-7403000000.0,12978000000.0,0.0,6015000000.0,5710000000.0,5710000000.0,10000000.0,0.0,0.257,14902000000.0,7318000000.0,0.0,0.134,0.693,6.27,6.352,4191000000.0,305000000.0,75.59,1.611,1.611,0.0,35875000000.0,22220000000.0,22220000000.0,0.0,0.016,0.113,0.019,0.329,170000000.0,12424000000.0,1.0,473656501.0,473656501.0,,46.912,357994000000.0,0.0,1293000000.0,0.0,755.809,
11,COF,MRT,2018-09-30,2018-09-30,2018-09-30,2021-08-02,-1877000000.0,362909000000.0,363862000000.0,,,0.06,105.843,-911000000.0,10882000000.0,10882000000.0,0.0,3783000000.0,,6.167,52205000000.0,,,52205000000.0,0.0,2442000000.0,247195000000.0,0.017,1.6,7267000000.0,9709000000.0,0.443,9709000000.0,7267000000.0,7267000000.0,7.23,7.18,7.23,50638000000.0,49624250000.0,50638000000.0,86453887718.0,12.0,8.905,12218000000.0,25.538,1.0,21932000000.0,1.0,14513000000.0,0.0,389719000000.0,390655250000.0,0.0,315705000000.0,,,312271000000.0,,,45416887718.0,2840000000.0,33000000.0,-1413000000.0,-6557000000.0,-1044000000.0,-622000000.0,-9667000000.0,-1576000000.0,13129000000.0,0.0,3783000000.0,3495000000.0,3495000000.0,116000000.0,0.0,0.159,14549000000.0,7383000000.0,0.0,0.221,0.897,12.995,13.13,4149000000.0,288000000.0,94.93,2.071,2.071,0.0,34883000000.0,21932000000.0,21932000000.0,0.0,0.01,0.07,0.019,0.331,233000000.0,11970000000.0,1.0,478425026.0,478425026.0,,45.842,348396000000.0,0.0,3484000000.0,0.0,728.214,
12,COF,MRT,2018-06-30,2018-06-30,2018-06-30,2021-08-02,-1793000000.0,363989000000.0,363485250000.0,,,0.059,102.637,-964000000.0,12273000000.0,12273000000.0,0.0,3388000000.0,,6.291,53310000000.0,,,53310000000.0,0.0,2441000000.0,248225000000.0,0.017,1.6,6900000000.0,9341000000.0,0.437,9341000000.0,6900000000.0,6900000000.0,6.38,6.33,6.38,49926000000.0,49503250000.0,49926000000.0,81388297374.0,12.0,8.713,11882000000.0,24.427,1.0,21390000000.0,1.0,14531000000.0,0.0,390495000000.0,392686500000.0,0.0,315414000000.0,,,314063000000.0,,,44703297374.0,6281000000.0,-3187000000.0,-858000000.0,1481000000.0,-1047000000.0,8296000000.0,-14861000000.0,-3227000000.0,12846000000.0,0.0,3388000000.0,3102000000.0,3102000000.0,147000000.0,0.0,0.145,14343000000.0,7047000000.0,0.0,0.251,0.895,14.411,14.404,4095000000.0,286000000.0,91.9,2.09,2.09,0.0,33626000000.0,21390000000.0,21390000000.0,0.0,0.009,0.063,0.018,0.323,241000000.0,11898000000.0,1.0,486434139.0,486434139.0,,43.973,349458000000.0,0.0,3512000000.0,0.0,718.408,
13,COF,MRT,2018-03-31,2018-03-31,2018-03-31,2021-08-02,-1599000000.0,362857000000.0,360136250000.0,,,0.057,101.181,-1001000000.0,14008000000.0,14008000000.0,0.0,2518000000.0,,6.375,50693000000.0,,,50693000000.0,0.0,2424000000.0,250847000000.0,0.017,1.6,5898000000.0,8322000000.0,0.408,8322000000.0,5898000000.0,5898000000.0,4.6,4.56,4.6,49203000000.0,49306000000.0,49203000000.0,92837028485.0,16.0,11.156,11625000000.0,23.906,1.0,20378000000.0,1.0,14536000000.0,0.0,385006000000.0,389889750000.0,0.0,312726000000.0,,,313654000000.0,,,46596028485.0,4516000000.0,-3187000000.0,-50000000.0,47000000.0,-1046000000.0,8827000000.0,-16937000000.0,-5599000000.0,12626000000.0,0.0,2518000000.0,2236000000.0,2236000000.0,147000000.0,0.0,0.11,14333000000.0,6045000000.0,0.0,0.348,0.947,20.839,20.83,4055000000.0,282000000.0,95.82,2.287,2.287,0.0,31996000000.0,20378000000.0,20378000000.0,0.0,0.006,0.045,0.015,0.289,234000000.0,11849000000.0,1.0,486287085.0,486287085.0,,41.905,348321000000.0,0.0,3380000000.0,0.0,716.287,
14,COF,MRT,2017-12-31,2017-12-31,2017-12-31,2021-08-02,-926000000.0,365693000000.0,356559250000.0,,,0.055,100.527,-1018000000.0,14040000000.0,14040000000.0,0.0,1982000000.0,,6.504,60281000000.0,,,60281000000.0,0.0,2440000000.0,243702000000.0,0.016,1.6,5357000000.0,7797000000.0,0.396,7797000000.0,5357000000.0,5357000000.0,3.52,3.49,3.52,48730000000.0,49015250000.0,48730000000.0,99244825644.0,19.0,12.729,13164000000.0,27.157,1.0,19686000000.0,1.0,14533000000.0,0.0,397401000000.0,386926250000.0,0.0,314893000000.0,,,316963000000.0,,,48270825644.0,1859000000.0,-3187000000.0,48000000.0,-2778000000.0,-1045000000.0,3218000000.0,-15541000000.0,-3029000000.0,14182000000.0,0.0,1982000000.0,1704000000.0,1704000000.0,135000000.0,0.0,0.087,14194000000.0,5492000000.0,0.0,0.455,0.991,28.328,28.29,4033000000.0,278000000.0,99.58,2.452,2.452,0.0,30700000000.0,19686000000.0,19686000000.0,0.0,0.005,0.035,0.014,0.272,244000000.0,11782000000.0,1.0,484744182.0,484744182.0,,40.611,351160000000.0,0.0,3375000000.0,0.0,724.423,
15,COF,MRT,2017-09-30,2017-09-30,2017-09-30,2021-08-02,-622000000.0,361402000000.0,354394250000.0,,,0.055,103.69,-1047000000.0,8484000000.0,8484000000.0,0.0,3744000000.0,,6.206,59458000000.0,,,59458000000.0,0.0,2328000000.0,239062000000.0,0.019,1.6,5291000000.0,7619000000.0,0.392,7619000000.0,5291000000.0,5291000000.0,7.17,7.09,7.17,50154000000.0,48711250000.0,50154000000.0,84188419410.0,16.0,11.05,11039000000.0,22.822,1.0,19413000000.0,1.0,14532000000.0,0.0,397844000000.0,385825500000.0,0.0,315266000000.0,,,311248000000.0,,,40949419410.0,-593000000.0,-3860000000.0,-707000000.0,-2268000000.0,-1039000000.0,9519000000.0,-22198000000.0,-9677000000.0,12086000000.0,0.0,3744000000.0,3457000000.0,3457000000.0,28000000.0,0.0,0.178,14094000000.0,5319000000.0,0.0,0.223,0.816,11.845,11.808,3955000000.0,287000000.0,84.66,2.109,2.109,0.0,31946000000.0,19413000000.0,19413000000.0,0.0,0.01,0.071,0.014,0.273,253000000.0,11740000000.0,1.0,483692646.0,483692646.0,,40.135,346870000000.0,0.0,1547000000.0,0.0,717.129,
16,COF,MRT,2017-06-30,2017-06-30,2017-06-30,2021-08-02,-683000000.0,350593000000.0,350309000000.0,,,0.055,101.74,-938000000.0,6715000000.0,6715000000.0,0.0,3642000000.0,,6.135,49954000000.0,,,49954000000.0,0.0,2352000000.0,239763000000.0,0.019,1.6,5237000000.0,7589000000.0,0.397,7589000000.0,5237000000.0,5237000000.0,6.93,6.85,6.93,49137000000.0,48226000000.0,49137000000.0,79026867632.0,15.0,10.413,11373000000.0,23.548,1.0,19134000000.0,1.0,14524000000.0,0.0,379308000000.0,381688000000.0,0.0,307049000000.0,,,301456000000.0,,,39902867632.0,-399000000.0,-629000000.0,-1915000000.0,-8487000000.0,-1031000000.0,8297000000.0,-21007000000.0,-11159000000.0,12311000000.0,0.0,3642000000.0,3372000000.0,3372000000.0,9000000.0,0.0,0.176,13888000000.0,5246000000.0,0.0,0.231,0.812,11.834,11.922,3825000000.0,270000000.0,82.62,2.085,2.085,0.0,31086000000.0,19134000000.0,19134000000.0,0.0,0.01,0.07,0.014,0.274,260000000.0,11532000000.0,1.0,482968623.0,482968623.0,,39.617,336069000000.0,0.0,1595000000.0,0.0,695.84,
17,COF,MRT,2017-03-31,2017-03-31,2017-03-31,2021-08-02,-934000000.0,348549000000.0,347440000000.0,,,0.054,99.95,-867000000.0,9315000000.0,9315000000.0,0.0,3548000000.0,,6.255,48439000000.0,,,48439000000.0,0.0,2403000000.0,241182000000.0,0.018,1.6,5124000000.0,7527000000.0,0.398,7527000000.0,5124000000.0,5124000000.0,6.67,6.6,6.67,48040000000.0,47968750000.0,48040000000.0,92136421681.0,18.0,12.241,10050000000.0,20.91,1.0,18892000000.0,1.0,14521000000.0,0.0,373152000000.0,381024500000.0,0.0,302255000000.0,,,300509000000.0,,,41652421681.0,3606000000.0,-629000000.0,-2563000000.0,-1347000000.0,-1026000000.0,15513000000.0,-22824000000.0,-13336000000.0,10917000000.0,0.0,3548000000.0,3295000000.0,3295000000.0,-1000000.0,0.0,0.174,13769000000.0,5123000000.0,0.0,0.24,0.867,12.641,12.993,3727000000.0,253000000.0,86.66,2.205,2.205,0.0,30326000000.0,18892000000.0,18892000000.0,0.0,0.009,0.069,0.013,0.271,272000000.0,11397000000.0,1.0,480641838.0,480641838.0,,39.306,334028000000.0,0.0,1576000000.0,0.0,694.962,
18,COF,MRT,2016-12-31,2016-12-31,2016-12-31,2021-08-02,-949000000.0,357033000000.0,342889250000.0,,,0.056,98.515,-779000000.0,9976000000.0,9976000000.0,0.0,3751000000.0,,6.514,60460000000.0,,,60460000000.0,0.0,2428000000.0,236768000000.0,0.018,1.6,5465000000.0,7893000000.0,0.415,7893000000.0,5465000000.0,5465000000.0,6.96,6.89,6.96,47514000000.0,47885500000.0,47514000000.0,92801972827.0,17.0,11.758,11077000000.0,22.967,1.0,19042000000.0,1.0,14519000000.0,0.0,392998000000.0,378015500000.0,0.0,309092000000.0,,,309519000000.0,,,42075972827.0,3453000000.0,-629000000.0,-3388000000.0,1544000000.0,-1026000000.0,17227000000.0,-25630000000.0,-16893000000.0,11856000000.0,0.0,3751000000.0,3513000000.0,3513000000.0,19000000.0,0.0,0.184,13558000000.0,5484000000.0,0.0,0.23,0.886,11.977,12.534,3675000000.0,238000000.0,87.24,2.21,2.21,0.0,29766000000.0,19042000000.0,19042000000.0,0.0,0.01,0.073,0.014,0.287,239000000.0,11201000000.0,1.0,482301385.0,482301385.0,,39.482,342514000000.0,0.0,1714000000.0,0.0,710.166,
19,COF,MRT,2016-09-30,2016-09-30,2016-09-30,2021-08-02,121000000.0,345061000000.0,337143000000.0,,,0.056,95.268,-629000000.0,9094000000.0,9094000000.0,0.0,3880000000.0,,6.157,59820000000.0,,,59820000000.0,0.0,2361000000.0,225981000000.0,0.022,1.6,5678000000.0,8039000000.0,0.422,8039000000.0,5678000000.0,5678000000.0,7.08,7.02,7.08,48213000000.0,47828000000.0,48213000000.0,88383479808.0,16.0,10.994,10354000000.0,20.459,1.0,19042000000.0,1.0,14493000000.0,0.0,381294000000.0,372431000000.0,0.0,299572000000.0,,,296848000000.0,,,36351479808.0,2310000000.0,-9303000000.0,-3288000000.0,16998000000.0,-1039000000.0,26670000000.0,-35343000000.0,-18992000000.0,10983000000.0,0.0,3880000000.0,3651000000.0,3651000000.0,5000000.0,0.0,0.192,13359000000.0,5683000000.0,0.0,0.226,0.754,9.957,10.145,3561000000.0,229000000.0,71.83,1.909,1.909,0.0,29245000000.0,19042000000.0,19042000000.0,0.0,0.011,0.076,0.015,0.298,190000000.0,11045000000.0,1.0,506076567.0,506076567.0,,37.627,330568000000.0,0.0,1798000000.0,0.0,653.198,
20,COF,MRT,2016-06-30,2016-06-30,2016-06-30,2021-08-02,241000000.0,339117000000.0,329302750000.0,,,0.058,93.943,-627000000.0,7149000000.0,7149000000.0,0.0,3989000000.0,,6.049,59181000000.0,,,59181000000.0,0.0,2295000000.0,221059000000.0,0.025,1.6,5821000000.0,8116000000.0,0.428,8116000000.0,5821000000.0,5821000000.0,7.16,7.1,7.16,48108000000.0,47696000000.0,48108000000.0,77785436895.0,13.0,9.584,11720000000.0,22.886,1.0,18977000000.0,1.0,14495000000.0,0.0,376654000000.0,361022000000.0,0.0,295287000000.0,,,291009000000.0,,,32523436895.0,24000000.0,-9314000000.0,-2710000000.0,12837000000.0,-1046000000.0,21850000000.0,-34173000000.0,-18909000000.0,12347000000.0,0.0,3989000000.0,3768000000.0,3768000000.0,-2000000.0,0.0,0.199,13158000000.0,5819000000.0,0.0,0.223,0.676,8.631,8.87,3556000000.0,221000000.0,63.51,1.714,1.714,0.0,28479000000.0,18977000000.0,18977000000.0,0.0,0.011,0.079,0.016,0.307,127000000.0,10878000000.0,1.0,512099463.0,512099463.0,,37.057,324622000000.0,0.0,1832000000.0,0.0,633.904,
21,COF,MRT,2016-03-31,2016-03-31,2016-03-31,2021-08-02,-41000000.0,330346000000.0,322151000000.0,,,0.059,90.46,-513000000.0,5235000000.0,5235000000.0,0.0,3910000000.0,,5.924,50497000000.0,,,50497000000.0,0.0,2208000000.0,221779000000.0,0.023,1.6,5702000000.0,7910000000.0,0.419,7910000000.0,5702000000.0,5702000000.0,6.98,6.91,6.98,47707000000.0,47333750000.0,47707000000.0,87644705790.0,15.0,11.08,11723000000.0,22.229,1.0,18858000000.0,1.0,14492000000.0,0.0,361116000000.0,350642500000.0,0.0,289580000000.0,,,282639000000.0,,,36552705790.0,-2930000000.0,-9314000000.0,-2662000000.0,9244000000.0,-1023000000.0,18359000000.0,-33525000000.0,-17334000000.0,12236000000.0,0.0,3910000000.0,3727000000.0,3727000000.0,-14000000.0,0.0,0.198,13170000000.0,5688000000.0,0.0,0.229,0.766,9.808,9.93,3542000000.0,183000000.0,69.31,1.938,1.938,0.0,27808000000.0,18858000000.0,18858000000.0,0.0,0.012,0.079,0.016,0.302,155000000.0,10881000000.0,1.0,527379971.0,527379971.0,,35.758,315854000000.0,0.0,1792000000.0,0.0,598.912,
22,COF,MRT,2015-12-31,2015-12-31,2015-12-31,2021-08-02,-616000000.0,334048000000.0,316120500000.0,,,0.06,88.872,-532000000.0,8023000000.0,8023000000.0,0.0,4050000000.0,,6.065,59115000000.0,,,59115000000.0,0.0,2100000000.0,217721000000.0,0.021,1.5,5919000000.0,8019000000.0,0.425,8019000000.0,5919000000.0,5919000000.0,7.15,7.07,7.15,47284000000.0,46839500000.0,47284000000.0,74344026289.0,13.0,9.271,9595000000.0,18.034,1.0,18877000000.0,1.0,14480000000.0,0.0,370660000000.0,341459500000.0,0.0,290322000000.0,,,286764000000.0,,,38403026289.0,1564000000.0,-9314000000.0,-2245000000.0,10747000000.0,-974000000.0,21163000000.0,-29726000000.0,-13963000000.0,10127000000.0,0.0,4050000000.0,3872000000.0,3872000000.0,-38000000.0,0.0,0.205,12996000000.0,5881000000.0,0.0,0.21,0.812,9.918,10.095,3584000000.0,178000000.0,72.18,2.034,2.034,0.0,27045000000.0,18877000000.0,18877000000.0,0.0,0.012,0.083,0.017,0.314,161000000.0,10723000000.0,1.0,532045252.0,532045252.0,,35.48,319568000000.0,0.0,1869000000.0,0.0,600.641,
23,COF,MRT,2015-09-30,2015-09-30,2015-09-30,2021-08-02,-142000000.0,313700000000.0,309650250000.0,,,0.061,87.91,-508000000.0,6837000000.0,6837000000.0,0.0,4129000000.0,,5.579,42778000000.0,,,42778000000.0,0.0,2028000000.0,212903000000.0,0.019,1.4,6022000000.0,8050000000.0,0.429,8050000000.0,6022000000.0,6022000000.0,7.31,7.21,7.31,47685000000.0,46281750000.0,47685000000.0,77946946656.0,13.0,9.683,10100000000.0,18.62,1.0,18767000000.0,1.0,13983000000.0,0.0,335658000000.0,332645500000.0,0.0,272776000000.0,,,266015000000.0,,,39336946656.0,689000000.0,-24000000.0,-2066000000.0,84000000.0,-879000000.0,7545000000.0,-17464000000.0,-10711000000.0,10608000000.0,0.0,4129000000.0,3998000000.0,3998000000.0,-55000000.0,0.0,0.213,12800000000.0,5967000000.0,0.0,0.192,0.825,9.839,9.921,3629000000.0,131000000.0,72.52,2.096,2.096,0.0,26407000000.0,18767000000.0,18767000000.0,0.0,0.013,0.086,0.018,0.321,159000000.0,10531000000.0,1.0,542428939.0,542428939.0,,34.598,299717000000.0,0.0,1893000000.0,0.0,552.546,
24,COF,MRT,2015-06-30,2015-06-30,2015-06-30,2021-08-02,-397000000.0,310510000000.0,306275750000.0,,,0.061,85.39,-481000000.0,7156000000.0,7156000000.0,0.0,4096000000.0,,5.655,45766000000.0,,,45766000000.0,0.0,1997000000.0,208780000000.0,0.015,1.3,5995000000.0,7992000000.0,0.43,7992000000.0,5995000000.0,5995000000.0,7.2,7.09,7.2,46659000000.0,45365000000.0,46659000000.0,80206951829.0,13.0,10.036,8251000000.0,15.1,1.0,18605000000.0,1.0,13984000000.0,0.0,335136000000.0,329312750000.0,0.0,269152000000.0,,,263851000000.0,,,48068951829.0,424000000.0,-24000000.0,-2007000000.0,6653000000.0,-822000000.0,8287000000.0,-16595000000.0,-9995000000.0,8732000000.0,0.0,4096000000.0,3975000000.0,3975000000.0,-15000000.0,0.0,0.214,12625000000.0,5980000000.0,0.0,0.181,1.03,12.093,12.218,3602000000.0,121000000.0,87.97,2.584,2.584,0.0,25540000000.0,18605000000.0,18605000000.0,0.0,0.013,0.088,0.018,0.322,192000000.0,10380000000.0,1.0,546424370.0,546424370.0,,34.049,296526000000.0,0.0,1899000000.0,0.0,542.666,
25,COF,MRT,2015-03-31,2015-03-31,2015-03-31,2021-08-02,-212000000.0,306224000000.0,303227500000.0,,,0.062,82.906,-526000000.0,8891000000.0,8891000000.0,0.0,4427000000.0,,5.696,41029000000.0,,,41029000000.0,0.0,1971000000.0,210440000000.0,0.015,1.2,6523000000.0,8494000000.0,0.451,8494000000.0,6523000000.0,6523000000.0,7.75,7.63,7.75,45730000000.0,44654000000.0,45730000000.0,84691394029.0,13.0,9.971,7612000000.0,13.8,1.0,18826000000.0,1.0,13978000000.0,0.0,324384000000.0,324709250000.0,0.0,263700000000.0,,,260494000000.0,,,43476394029.0,2709000000.0,-24000000.0,-2319000000.0,10561000000.0,-758000000.0,10877000000.0,-16306000000.0,-11610000000.0,8138000000.0,0.0,4427000000.0,4322000000.0,4322000000.0,6000000.0,0.0,0.23,12297000000.0,6529000000.0,0.0,0.155,0.951,10.059,10.17,3684000000.0,105000000.0,78.82,2.309,2.309,0.0,24925000000.0,18826000000.0,18826000000.0,0.0,0.014,0.097,0.02,0.346,171000000.0,10058000000.0,1.0,551590891.0,551590891.0,,34.13,292246000000.0,0.0,2096000000.0,0.0,529.824,
26,COF,MRT,2014-12-31,2014-12-31,2014-12-31,2021-08-02,-430000000.0,308167000000.0,299296500000.0,,,0.063,81.035,-502000000.0,7242000000.0,7242000000.0,0.0,4428000000.0,,5.84,48457000000.0,,,48457000000.0,0.0,2002000000.0,205548000000.0,0.015,1.2,6574000000.0,8576000000.0,0.457,8576000000.0,6574000000.0,6574000000.0,7.71,7.59,7.71,45053000000.0,43921750000.0,45053000000.0,81990370801.0,12.0,9.56,8802000000.0,15.832,1.0,18749000000.0,1.0,13978000000.0,0.0,335404000000.0,318728750000.0,0.0,266801000000.0,,,263114000000.0,,,45895370801.0,951000000.0,-24000000.0,-1799000000.0,7557000000.0,-746000000.0,7638000000.0,-15991000000.0,-11819000000.0,9304000000.0,0.0,4428000000.0,4343000000.0,4343000000.0,-5000000.0,0.0,0.232,12180000000.0,6569000000.0,0.0,0.156,1.019,10.568,10.707,3685000000.0,85000000.0,82.55,2.448,2.448,0.0,23973000000.0,18749000000.0,18749000000.0,0.0,0.015,0.099,0.021,0.351,205000000.0,9913000000.0,1.0,555970573.0,555970573.0,,33.723,294189000000.0,0.0,2146000000.0,0.0,529.145,
27,COF,MRT,2014-09-30,2014-09-30,2014-09-30,2021-08-02,-559000000.0,300202000000.0,296488000000.0,,,0.063,78.419,-601000000.0,6148000000.0,6148000000.0,0.0,4281000000.0,,5.82,42243000000.0,,,42243000000.0,0.0,1950000000.0,204264000000.0,0.015,1.2,6454000000.0,8404000000.0,0.451,8404000000.0,6454000000.0,6454000000.0,7.41,7.29,7.41,44018000000.0,43066500000.0,44018000000.0,78196838252.0,12.0,9.305,8645000000.0,15.401,1.0,18632000000.0,1.0,13970000000.0,0.0,322327000000.0,314207250000.0,0.0,260059000000.0,,,256184000000.0,,,45814838252.0,430000000.0,-204000000.0,-2069000000.0,10227000000.0,-784000000.0,5307000000.0,-14123000000.0,-10717000000.0,9246000000.0,0.0,4281000000.0,4204000000.0,4204000000.0,47000000.0,0.0,0.226,12131000000.0,6501000000.0,0.0,0.162,1.041,10.898,11.015,3752000000.0,77000000.0,81.62,2.459,2.459,0.0,23162000000.0,18632000000.0,18632000000.0,0.0,0.014,0.098,0.021,0.346,235000000.0,9775000000.0,1.0,561318773.0,561318773.0,,33.193,286232000000.0,0.0,2173000000.0,0.0,509.928,
28,COF,MRT,2014-06-30,2014-06-30,2014-06-30,2021-08-02,-371000000.0,298317000000.0,293909500000.0,,,0.064,76.656,-618000000.0,6732000000.0,6732000000.0,0.0,4305000000.0,,5.809,39114000000.0,,,39114000000.0,0.0,1930000000.0,205890000000.0,0.015,1.2,6517000000.0,8447000000.0,0.45,8447000000.0,6517000000.0,6517000000.0,7.39,7.27,7.39,43815000000.0,42499500000.0,43815000000.0,71148512213.0,11.0,8.423,9362000000.0,16.379,1.0,18788000000.0,1.0,13977000000.0,0.0,316722000000.0,309152750000.0,0.0,257401000000.0,,,254502000000.0,,,47212512213.0,2079000000.0,-204000000.0,-1756000000.0,2614000000.0,-772000000.0,-3369000000.0,-4532000000.0,-2437000000.0,9980000000.0,0.0,4305000000.0,4235000000.0,4235000000.0,16000000.0,0.0,0.225,12255000000.0,6533000000.0,0.0,0.162,1.078,11.148,11.177,3764000000.0,70000000.0,82.6,2.513,2.513,0.0,22270000000.0,18788000000.0,18788000000.0,0.0,0.014,0.1,0.021,0.347,265000000.0,9716000000.0,1.0,571580051.0,571580051.0,,32.87,284340000000.0,0.0,2212000000.0,0.0,497.463,
29,COF,MRT,2014-03-31,2014-03-31,2014-03-31,2021-08-02,-710000000.0,290500000000.0,293465750000.0,,,0.064,74.721,-711000000.0,6182000000.0,6182000000.0,0.0,4219000000.0,,5.787,30118000000.0,,,30118000000.0,0.0,2238000000.0,208324000000.0,0.016,1.2,6481000000.0,8719000000.0,0.461,8719000000.0,6481000000.0,6481000000.0,7.2,7.08,7.2,42801000000.0,41806000000.0,42801000000.0,78561237808.0,12.0,9.01,10062000000.0,17.566,1.0,18900000000.0,1.0,13974000000.0,0.0,300462000000.0,308527250000.0,0.0,250523000000.0,,,247699000000.0,,,44198237808.0,-564000000.0,-204000000.0,-848000000.0,-7059000000.0,-765000000.0,-12288000000.0,951000000.0,2591000000.0,10773000000.0,0.0,4219000000.0,4149000000.0,4149000000.0,125000000.0,0.0,0.22,12294000000.0,6606000000.0,0.0,0.167,1.033,10.653,10.717,3807000000.0,70000000.0,77.16,2.339,2.339,0.0,21259000000.0,18900000000.0,18900000000.0,0.0,0.014,0.099,0.021,0.343,270000000.0,9705000000.0,1.0,572812828.0,572812828.0,,32.995,276526000000.0,0.0,2262000000.0,0.0,482.751,
30,COF,MRT,2013-12-31,2013-12-31,2013-12-31,2021-08-02,-872000000.0,296933000000.0,295881500000.0,,,0.064,72.208,-818000000.0,6291000000.0,6291000000.0,0.0,4121000000.0,,6.132,40654000000.0,,,40654000000.0,0.0,2065000000.0,204523000000.0,0.012,0.95,6345000000.0,8410000000.0,0.444,8410000000.0,6345000000.0,6345000000.0,6.99,6.89,6.99,41632000000.0,41429750000.0,41632000000.0,70296878244.0,11.0,8.359,9166000000.0,15.898,1.0,18931000000.0,1.0,13978000000.0,0.0,317318000000.0,312664000000.0,0.0,254908000000.0,,,255301000000.0,,,44169878244.0,-4767000000.0,-204000000.0,-838000000.0,-8608000000.0,-608000000.0,-18472000000.0,3721000000.0,5167000000.0,9984000000.0,0.0,4121000000.0,4051000000.0,4051000000.0,233000000.0,0.0,0.214,12353000000.0,6578000000.0,0.0,0.136,1.061,10.903,10.96,3839000000.0,70000000.0,76.61,2.333,2.333,0.0,20292000000.0,18931000000.0,18931000000.0,0.0,0.014,0.098,0.02,0.335,240000000.0,9638000000.0,1.0,576554996.0,576554996.0,,32.835,282955000000.0,0.0,2224000000.0,0.0,490.768,
31,COF,MRT,2013-09-30,2013-09-30,2013-09-30,2021-08-02,-839000000.0,289888000000.0,299877750000.0,,,0.063,71.326,-823000000.0,5718000000.0,5718000000.0,0.0,4087000000.0,,5.943,31845000000.0,,,31845000000.0,0.0,2252000000.0,206834000000.0,0.01,0.7,6378000000.0,8630000000.0,0.459,8630000000.0,6378000000.0,6378000000.0,6.91,6.82,6.91,41750000000.0,41146500000.0,41750000000.0,71814328792.0,11.0,8.321,8121000000.0,13.874,1.0,18817000000.0,1.0,13906000000.0,0.0,302109000000.0,317801000000.0,0.0,249459000000.0,,,248138000000.0,,,40236328792.0,-251000000.0,0.0,-111000000.0,-5570000000.0,-427000000.0,-12196000000.0,3001000000.0,5874000000.0,8944000000.0,0.0,4087000000.0,4016000000.0,4016000000.0,215000000.0,0.0,0.213,12224000000.0,6593000000.0,0.0,0.101,0.964,10.019,9.948,3792000000.0,71000000.0,68.74,2.138,2.138,0.0,19731000000.0,18817000000.0,18817000000.0,0.0,0.013,0.098,0.02,0.339,218000000.0,9777000000.0,1.0,585340832.0,585340832.0,,32.147,275982000000.0,0.0,2291000000.0,0.0,471.489,
32,COF,MRT,2013-06-30,2013-06-30,2013-06-30,2021-08-02,-792000000.0,296542000000.0,302903000000.0,,,0.062,70.256,-748000000.0,4653000000.0,4653000000.0,0.0,4160000000.0,,6.226,36231000000.0,,,36231000000.0,0.0,2343000000.0,209865000000.0,0.007,0.45,6411000000.0,8754000000.0,0.466,8754000000.0,6411000000.0,6411000000.0,7.07,6.99,7.07,41041000000.0,40627000000.0,41041000000.0,67437264212.0,11.0,7.704,9669000000.0,16.552,1.0,18783000000.0,1.0,13900000000.0,0.0,314220000000.0,322397750000.0,0.0,256332000000.0,,,255501000000.0,,,36691264212.0,-1326000000.0,0.0,126000000.0,1281000000.0,-279000000.0,-1694000000.0,-10049000000.0,-7160000000.0,10417000000.0,0.0,4160000000.0,4102000000.0,4102000000.0,212000000.0,0.0,0.218,12160000000.0,6623000000.0,0.0,0.064,0.894,8.945,8.884,3766000000.0,58000000.0,62.81,1.953,1.953,0.0,18804000000.0,18783000000.0,18783000000.0,0.0,0.014,0.101,0.02,0.341,195000000.0,9577000000.0,1.0,584162780.0,584162780.0,,32.154,282642000000.0,0.0,2251000000.0,0.0,483.841,
33,COF,MRT,2013-03-31,2013-03-31,2013-03-31,2021-08-02,473000000.0,300163000000.0,302910500000.0,,,0.057,70.925,-640000000.0,6746000000.0,6746000000.0,0.0,3145000000.0,,6.269,37492000000.0,,,37492000000.0,0.0,1983000000.0,212410000000.0,0.004,0.2,4808000000.0,6791000000.0,0.393,6791000000.0,4808000000.0,4808000000.0,5.35,5.3,5.35,41296000000.0,39664750000.0,41296000000.0,70846562328.0,15.0,10.432,9417000000.0,16.174,1.0,17285000000.0,1.0,13900000000.0,0.0,317009000000.0,321993500000.0,0.0,258123000000.0,,,258867000000.0,,,31994562328.0,-23910000000.0,-31343000000.0,118000000.0,4965000000.0,-132000000.0,1455000000.0,-35422000000.0,-2216000000.0,10057000000.0,0.0,3145000000.0,3103000000.0,3103000000.0,193000000.0,0.0,0.18,12284000000.0,5001000000.0,0.0,0.037,0.775,10.311,10.271,3736000000.0,42000000.0,54.95,1.851,1.851,0.0,17876000000.0,17285000000.0,17285000000.0,0.0,0.01,0.078,0.015,0.278,190000000.0,9326000000.0,1.0,582248632.0,582248632.0,,29.687,286263000000.0,0.0,1663000000.0,0.0,491.651,
34,COF,MRT,2012-12-31,2012-12-31,2012-12-31,2021-08-02,739000000.0,312918000000.0,301490000000.0,,,0.056,69.624,-560000000.0,11058000000.0,11058000000.0,0.0,3492000000.0,,6.727,49910000000.0,,,49910000000.0,0.0,1862000000.0,212485000000.0,0.003,0.2,4967000000.0,6829000000.0,0.402,6829000000.0,4967000000.0,4967000000.0,6.17,6.11,6.17,40499000000.0,38578250000.0,40499000000.0,66104959971.0,13.0,9.68,8964000000.0,15.41,1.0,16981000000.0,1.0,13904000000.0,0.0,337866000000.0,313520000000.0,0.0,265350000000.0,,,272419000000.0,,,33696959971.0,5220000000.0,-17603000000.0,3270000000.0,10306000000.0,-126000000.0,14510000000.0,-18814000000.0,503000000.0,9524000000.0,0.0,3492000000.0,3462000000.0,3462000000.0,217000000.0,0.0,0.204,11797000000.0,5184000000.0,0.0,0.032,0.832,9.733,9.389,3587000000.0,30000000.0,57.93,1.984,1.984,0.0,16853000000.0,16981000000.0,16981000000.0,0.0,0.011,0.09,0.016,0.293,199000000.0,8939000000.0,1.0,581684101.0,581684101.0,,29.193,299014000000.0,0.0,1475000000.0,0.0,514.049,
35,COF,MRT,2012-09-30,2012-09-30,2012-09-30,2021-08-02,781000000.0,301989000000.0,274765250000.0,,,0.057,68.3,-405000000.0,5969000000.0,5969000000.0,0.0,3081000000.0,,6.612,38377000000.0,,,38377000000.0,0.0,1427000000.0,213255000000.0,0.004,0.2,4172000000.0,5599000000.0,0.357,5599000000.0,4172000000.0,4172000000.0,5.76,5.74,5.76,39672000000.0,35870000000.0,39672000000.0,63009309524.0,15.0,11.254,10153000000.0,17.48,1.0,15697000000.0,1.0,13901000000.0,0.0,320496000000.0,285591000000.0,0.0,260389000000.0,,,262317000000.0,,,33114309524.0,-389000000.0,-17603000000.0,3240000000.0,3798000000.0,-104000000.0,9136000000.0,-20083000000.0,-2503000000.0,10558000000.0,0.0,3081000000.0,3042000000.0,3042000000.0,216000000.0,0.0,0.194,11309000000.0,4388000000.0,0.0,0.035,0.835,10.886,9.898,3519000000.0,39000000.0,57.01,2.11,2.11,0.0,16054000000.0,15697000000.0,15697000000.0,0.0,0.011,0.085,0.015,0.266,207000000.0,9120000000.0,1.0,580850895.0,580850895.0,,27.024,288088000000.0,0.0,1091000000.0,0.0,495.976,
36,COF,MRT,2012-06-30,2012-06-30,2012-06-30,2021-08-02,350000000.0,296572000000.0,249305000000.0,,,0.058,64.086,-418000000.0,5979000000.0,5979000000.0,0.0,2716000000.0,,6.974,35874000000.0,,,35874000000.0,0.0,951000000.0,213931000000.0,0.004,0.2,3642000000.0,4593000000.0,0.318,4593000000.0,3642000000.0,3642000000.0,5.51,5.5,5.51,37192000000.0,33296500000.0,37192000000.0,33950537229.0,9.0,7.392,6707000000.0,11.557,1.0,14461000000.0,1.0,13864000000.0,0.0,312603000000.0,259095000000.0,0.0,254457000000.0,,,259380000000.0,,,31721537229.0,-664000000.0,-17603000000.0,3237000000.0,-2345000000.0,-98000000.0,4987000000.0,-12776000000.0,4365000000.0,7125000000.0,0.0,2716000000.0,2682000000.0,2682000000.0,258000000.0,0.0,0.185,10561000000.0,3900000000.0,0.0,0.036,0.853,11.828,9.92,3556000000.0,34000000.0,54.66,2.194,2.194,96000000.0,14905000000.0,14461000000.0,14461000000.0,0.0,0.011,0.081,0.014,0.252,188000000.0,8445000000.0,1.0,580342796.0,580342796.0,,24.918,282708000000.0,0.0,926000000.0,0.0,487.14,
37,COF,MRT,2012-03-31,2012-03-31,2012-03-31,2021-08-02,253000000.0,294481000000.0,225100250000.0,,,0.065,80.43,-404000000.0,30656000000.0,30656000000.0,0.0,3534000000.0,,6.97,32885000000.0,,,32885000000.0,0.0,632000000.0,216528000000.0,0.004,0.2,4867000000.0,5499000000.0,0.373,5499000000.0,4867000000.0,4867000000.0,7.35,7.31,7.35,36950000000.0,31168750000.0,36950000000.0,59330424718.0,12.0,10.789,7019000000.0,15.278,1.0,14733000000.0,1.0,13595000000.0,0.0,283115000000.0,235256500000.0,0.0,232289000000.0,,,257531000000.0,,,25607424718.0,22685000000.0,13740000000.0,3224000000.0,-7378000000.0,-92000000.0,3216000000.0,12046000000.0,-2508000000.0,7423000000.0,0.0,3534000000.0,3501000000.0,3501000000.0,192000000.0,0.0,0.238,9674000000.0,5059000000.0,0.0,0.027,0.693,7.314,7.584,3062000000.0,33000000.0,55.74,1.738,1.738,96000000.0,14841000000.0,14733000000.0,14733000000.0,0.0,0.016,0.112,0.021,0.33,177000000.0,7749000000.0,1.0,459408409.0,459408409.0,,32.07,280886000000.0,0.0,1333000000.0,0.0,611.408,
38,COF,MRT,2011-12-31,2011-12-31,2011-12-31,2021-08-02,169000000.0,206019000000.0,201305000000.0,,,0.069,64.537,-315000000.0,5838000000.0,5838000000.0,0.0,3147000000.0,,5.945,39561000000.0,,,39561000000.0,0.0,579000000.0,128226000000.0,0.005,0.2,4481000000.0,5060000000.0,0.364,5060000000.0,4481000000.0,4481000000.0,6.85,6.8,6.85,29666000000.0,28818750000.0,29666000000.0,47396744770.0,11.0,9.367,7140000000.0,15.533,1.0,13919000000.0,1.0,13592000000.0,0.0,226150000000.0,218860000000.0,0.0,171393000000.0,,,176353000000.0,,,19439744770.0,589000000.0,-1444000000.0,55000000.0,-2477000000.0,-91000000.0,4308000000.0,-11174000000.0,-9872000000.0,7455000000.0,0.0,3147000000.0,3121000000.0,3121000000.0,106000000.0,0.0,0.224,9332000000.0,4587000000.0,0.0,0.029,0.655,6.229,6.174,2748000000.0,26000000.0,42.29,1.397,1.397,0.0,13462000000.0,13919000000.0,13919000000.0,0.0,0.016,0.108,0.02,0.322,189000000.0,7264000000.0,1.0,459677105.0,459677105.0,,30.28,192427000000.0,0.0,1334000000.0,0.0,418.613,
39,COF,MRT,2011-09-30,2011-09-30,2011-09-30,2021-08-02,291000000.0,200148000000.0,199176000000.0,,,0.07,63.952,-384000000.0,6358000000.0,6358000000.0,0.0,3437000000.0,,5.813,34315000000.0,,,34315000000.0,0.0,504000000.0,128318000000.0,0.005,0.2,4943000000.0,5447000000.0,0.393,5447000000.0,4943000000.0,4943000000.0,7.56,7.47,7.56,29378000000.0,28037500000.0,29378000000.0,49297006243.0,10.0,9.05,5654000000.0,12.308,1.0,13854000000.0,1.0,13593000000.0,0.0,214512000000.0,217437250000.0,0.0,165368000000.0,,,170770000000.0,,,18205006243.0,1416000000.0,-1444000000.0,51000000.0,-9049000000.0,-91000000.0,14000000.0,-4636000000.0,-6430000000.0,6038000000.0,0.0,3437000000.0,3437000000.0,3437000000.0,106000000.0,0.0,0.248,8805000000.0,5049000000.0,0.0,0.026,0.62,5.297,5.242,2785000000.0,0.0,39.63,1.314,1.314,101000000.0,13091000000.0,13854000000.0,13854000000.0,0.0,0.017,0.123,0.023,0.357,167000000.0,6702000000.0,1.0,459374369.0,459374369.0,,30.158,186555000000.0,0.0,1506000000.0,0.0,406.107,
40,COF,MRT,2011-06-30,2011-06-30,2011-06-30,2021-08-02,442000000.0,199753000000.0,198372250000.0,,,0.068,62.466,-349000000.0,6643000000.0,6643000000.0,0.0,3427000000.0,,5.965,37735000000.0,,,37735000000.0,0.0,500000000.0,126117000000.0,0.004,0.2,4898000000.0,5398000000.0,0.401,5398000000.0,4898000000.0,4898000000.0,7.56,7.46,7.56,28681000000.0,27208250000.0,28681000000.0,55550015898.0,11.0,10.291,7343000000.0,15.993,1.0,13471000000.0,1.0,13596000000.0,0.0,217249000000.0,219492000000.0,0.0,165359000000.0,,,171072000000.0,,,23724015898.0,1444000000.0,-1444000000.0,33000000.0,-10191000000.0,-91000000.0,-1462000000.0,-4786000000.0,-7353000000.0,7692000000.0,0.0,3427000000.0,3427000000.0,3427000000.0,69000000.0,0.0,0.254,8504000000.0,4967000000.0,0.0,0.026,0.827,6.923,6.835,2754000000.0,0.0,51.67,1.761,1.761,106000000.0,12287000000.0,13471000000.0,13471000000.0,0.0,0.017,0.126,0.022,0.364,179000000.0,6530000000.0,1.0,459144879.0,459144879.0,,29.339,186157000000.0,0.0,1471000000.0,0.0,405.443,
41,COF,MRT,2011-03-31,2011-03-31,2011-03-31,2021-08-02,245000000.0,199300000000.0,197806250000.0,,,0.066,60.239,-333000000.0,7971000000.0,7971000000.0,0.0,3124000000.0,,6.234,39797000000.0,,,39797000000.0,0.0,537000000.0,125446000000.0,0.004,0.2,4514000000.0,5051000000.0,0.388,5051000000.0,4514000000.0,4514000000.0,6.9,6.82,6.9,27550000000.0,26355500000.0,27550000000.0,60310747678.0,13.0,11.94,7654000000.0,16.736,1.0,13002000000.0,1.0,13597000000.0,0.0,217529000000.0,221859750000.0,0.0,163264000000.0,,,171750000000.0,,,23763747678.0,473000000.0,-1444000000.0,15000000.0,-12965000000.0,-91000000.0,-5380000000.0,-2134000000.0,-3308000000.0,7987000000.0,0.0,3124000000.0,3124000000.0,3124000000.0,239000000.0,0.0,0.24,8249000000.0,4753000000.0,0.0,0.029,0.863,7.607,7.53,2739000000.0,0.0,51.96,1.828,1.828,112000000.0,11399000000.0,13002000000.0,13002000000.0,0.0,0.016,0.119,0.02,0.347,177000000.0,6361000000.0,1.0,457346953.0,457346953.0,,28.429,185703000000.0,0.0,1390000000.0,0.0,406.044,
42,COF,MRT,2010-12-31,2010-12-31,2010-12-31,2021-08-02,248000000.0,197503000000.0,198158146750.0,,,0.062,58.086,-340000000.0,5249000000.0,5249000000.0,0.0,2743000000.0,,6.441,41796000000.0,,,41796000000.0,0.0,517000000.0,122210000000.0,0.005,0.2,4023000000.0,4540000000.0,0.37,4540000000.0,4023000000.0,4023000000.0,6.07,6.01,6.07,26541000000.0,25561595500.0,26541000000.0,58837789669.0,15.0,12.96,7802000000.0,17.075,1.0,12264000000.0,1.0,13591000000.0,0.0,220459000000.0,225550495000.0,0.0,163686000000.0,,,170962000000.0,,,19446789669.0,-3436000000.0,0.0,11000000.0,-22344000000.0,-91000000.0,-16041000000.0,4463000000.0,319000000.0,8142000000.0,0.0,2743000000.0,2743000000.0,2743000000.0,307000000.0,0.0,0.224,7934000000.0,4330000000.0,0.0,0.033,0.733,7.09,7.012,2749000000.0,0.0,42.56,1.586,1.586,118000000.0,10406000000.0,12264000000.0,12264000000.0,0.0,0.014,0.107,0.018,0.328,149000000.0,6165000000.0,1.0,456926449.0,456926449.0,,26.84,183912000000.0,0.0,1280000000.0,0.0,402.498,
43,COF,MRT,2010-09-30,2010-09-30,2010-09-30,2021-08-02,469000000.0,196933000000.0,191193896750.0,,,0.061,57.055,-254000000.0,4942000000.0,4942000000.0,0.0,2423000000.0,,6.557,44333000000.0,,,44333000000.0,0.0,520000000.0,119212000000.0,0.005,0.2,4105000000.0,4625000000.0,0.397,4625000000.0,4105000000.0,4105000000.0,5.41,5.36,5.41,26061000000.0,25573845500.0,26061000000.0,60884383857.0,15.0,13.164,6967000000.0,15.253,1.0,11663000000.0,1.0,13593000000.0,0.0,222731000000.0,212530495000.0,0.0,162968000000.0,,,170872000000.0,,,18065383857.0,816000000.0,0.0,-3000000.0,-21662000000.0,-92000000.0,-16598000000.0,10193000000.0,8335000000.0,7221000000.0,0.0,2987000000.0,2423000000.0,2423000000.0,331000000.0,-564000000.0,0.208,7791000000.0,3872000000.0,0.0,0.037,0.693,7.456,7.311,2722000000.0,564000000.0,39.55,1.549,1.549,127000000.0,9730000000.0,11663000000.0,11663000000.0,0.0,0.013,0.095,0.019,0.352,161000000.0,5103000000.0,1.0,456773296.0,456773296.0,,25.533,183340000000.0,0.0,1118000000.0,0.0,401.381,
44,COF,MRT,2010-06-30,2010-06-30,2010-06-30,2021-08-02,467000000.0,197489000000.0,184086627000.0,,,0.059,55.352,-215000000.0,5199000000.0,5199000000.0,0.0,2014000000.0,,6.815,48018000000.0,,,48018000000.0,0.0,618000000.0,117331000000.0,0.005,0.2,3507000000.0,4125000000.0,0.378,4125000000.0,3507000000.0,3507000000.0,4.51,4.47,4.51,25270000000.0,25614133500.0,25270000000.0,63572089921.0,18.0,15.411,3822000000.0,8.372,1.0,10899000000.0,1.0,13588000000.0,0.0,226720000000.0,199894417500.0,0.0,163460000000.0,,,172219000000.0,,,18398357921.0,428000000.0,0.0,-4000000.0,-19018000000.0,-92000000.0,-18058000000.0,14449000000.0,13266000000.0,4037000000.0,0.0,2578000000.0,2014000000.0,2014000000.0,359000000.0,-564000000.0,0.185,7597000000.0,3302000000.0,0.0,0.044,0.728,9.135,8.936,2730000000.0,564000000.0,40.3,1.688,1.688,206000000.0,8969000000.0,10899000000.0,10899000000.0,0.0,0.011,0.079,0.018,0.322,175000000.0,4935000000.0,1.0,456534936.0,456534936.0,,23.873,183901000000.0,0.0,929000000.0,0.0,402.819,
45,COF,MRT,2010-03-31,2010-03-31,2010-03-31,2021-08-02,158916000.0,200707587000.0,177692203750.0,,,0.056,53.536,-209782000.0,7498366000.0,7498366000.0,0.0,1629000000.0,,7.234,52672098000.0,,,52672098000.0,0.0,678722000.0,117786559000.0,0.005,0.2,2345000000.0,3023722000.0,0.304,3023722000.0,2345000000.0,2345000000.0,2.51,2.48,2.51,24374382000.0,25629027500.0,24374382000.0,31183021022.0,13.0,10.313,2416651000.0,5.308,1.0,9961000000.0,1.0,13589339000.0,0.0,232291980000.0,187492300500.0,0.0,164147240000.0,,,176333205000.0,,,18853714022.0,-255982000.0,-166000.0,1500324000.0,-13339095000.0,-88591000.0,-18423135000.0,15540720000.0,14511768000.0,2626433000.0,0.0,1693000000.0,1129000000.0,1129000000.0,161000000.0,-64000000.0,0.113,7519000000.0,2442000000.0,0.0,0.08,0.774,16.699,16.498,2735192000.0,564000000.0,41.41,1.893,1.893,205960000.0,8417819000.0,9961000000.0,9961000000.0,0.0,0.006,0.044,0.013,0.235,168285000.0,4862000000.0,1.0,455293746.0,455293746.0,,21.878,187118248000.0,0.0,652000000.0,0.0,410.984,
46,COF,MRT,2009-12-31,2009-12-31,2009-12-31,2021-08-02,83000000.0,169646000000.0,171862171750.0,,,0.051,59.099,-243000000.0,8685000000.0,8685000000.0,0.0,884000000.0,,5.38,21014000000.0,,,21014000000.0,0.0,683000000.0,115809000000.0,0.014,0.525,1233000000.0,1916000000.0,0.219,1916000000.0,1233000000.0,1233000000.0,0.75,0.74,0.75,26590000000.0,26221472250.0,26590000000.0,34457857353.0,28.0,17.984,1839000000.0,4.087,1.0,8753000000.0,1.0,13596000000.0,0.0,168379000000.0,174275476500.0,0.0,126171000000.0,,,143056000000.0,,,17250110353.0,1194000000.0,778000000.0,1516000000.0,-3324000000.0,-214000000.0,-12050000000.0,11162000000.0,10354000000.0,2082000000.0,0.0,884000000.0,320000000.0,320000000.0,103000000.0,0.0,0.037,7417000000.0,1336000000.0,0.0,0.7,0.649,53.907,51.12,2736000000.0,564000000.0,38.34,1.971,1.971,7128000000.0,10727000000.0,8753000000.0,8753000000.0,0.0,0.002,0.012,0.007,0.141,146000000.0,4757000000.0,1.0,449924631.0,449924631.0,,19.454,156050000000.0,0.0,349000000.0,0.0,346.836,
47,COF,MRT,2009-09-30,2009-09-30,2009-09-30,2021-08-02,56524000.0,168503921000.0,170929034750.0,,,0.043,57.636,-299936000.0,4127203000.0,4127203000.0,0.0,-912610000.0,,5.426,21334950000.0,,,21334950000.0,0.0,740564000.0,114503111000.0,0.024,0.85,-1587248000.0,-846684000.0,-0.116,-846684000.0,-1587248000.0,-1587248000.0,-4.13,-4.12,-4.13,26222152000.0,26227080500.0,26222152000.0,34837164479.0,-22.0,-41.145,1982927000.0,4.358,1.0,7303811000.0,1.0,13524978000.0,0.0,172186690000.0,174589754750.0,0.0,130187439000.0,,,142281769000.0,,,16255883479.0,-1494332000.0,778000000.0,1530822000.0,-4274710000.0,-337482000.0,-1619478000.0,-2157717000.0,-2614463000.0,2282863000.0,0.0,-1476800000.0,-1509800000.0,-1509800000.0,99664000.0,564190000.0,-0.207,8227205000.0,-923394000.0,0.0,-0.206,0.62,-10.767,-8.651,2773173000.0,33000000.0,35.73,2.226,2.226,6985200000.0,10404255000.0,7303811000.0,7303811000.0,0.0,-0.009,-0.058,-0.009,-0.217,132761000.0,4785115000.0,1.0,454964553.0,454964553.0,,16.054,154978943000.0,0.0,-110448000.0,0.0,340.64,
48,COF,MRT,2009-06-30,2009-06-30,2009-06-30,2021-08-02,-398779000.0,171911307000.0,167503832750.0,,,0.044,63.987,-330953000.0,4771927000.0,4771927000.0,0.0,-932471000.0,,5.787,23353208000.0,,,23353208000.0,0.0,711867000.0,116724190000.0,0.054,1.175,-1539485000.0,-827618000.0,-0.113,-827618000.0,-1539485000.0,-1539485000.0,-4.01,-3.99,-4.01,25329576000.0,26074427500.0,25329576000.0,23775308258.0,-15.0,-28.727,3504277000.0,8.852,1.0,7328430000.0,1.0,13381056000.0,0.0,177111532000.0,171694996750.0,0.0,134666487000.0,,,146581731000.0,,,8661329258.0,246794000.0,778000000.0,2279661000.0,-5682277000.0,-455329000.0,6307509000.0,-9895945000.0,-9713335000.0,3835230000.0,0.0,-1496661000.0,-1529661000.0,-1529661000.0,68314000.0,564190000.0,-0.209,8235411000.0,-906981000.0,0.0,-0.293,0.342,-5.662,-5.456,2824785000.0,33000000.0,21.88,1.182,1.182,5219968000.0,10001299000.0,7328430000.0,7328430000.0,0.0,-0.009,-0.059,-0.009,-0.21,125146000.0,4859157000.0,1.0,395855999.0,395855999.0,,18.513,158530251000.0,0.0,-42824000.0,0.0,400.475,
49,COF,MRT,2009-03-31,2009-03-31,2009-03-31,2021-08-02,-852047000.0,177387459000.0,162304573750.0,,,0.047,68.255,-361964000.0,7754325000.0,7754325000.0,0.0,-702566000.0,,5.633,22868304000.0,,,22868304000.0,0.0,657771000.0,121118898000.0,0.123,1.5,-662737000.0,-4966000.0,-0.001,-4966000.0,-662737000.0,-662737000.0,-2.14,-2.12,-2.14,26744161000.0,25972399750.0,26744161000.0,20483112732.0,-31.0,-4124.67,3442532000.0,8.786,1.0,7606372000.0,1.0,13076754000.0,0.0,179424684000.0,167809974250.0,0.0,137586158000.0,,,150643298000.0,,,4795964732.0,2924387000.0,778166000.0,799935000.0,-10040961000.0,-576480000.0,13106193000.0,-13986302000.0,-13517160000.0,3804496000.0,0.0,-766756000.0,-799756000.0,-799756000.0,71907000.0,64190000.0,-0.105,8133012000.0,-526640000.0,0.0,-0.701,0.179,-5.997,-5.72,2790733000.0,33000000.0,12.24,0.631,0.631,4850508000.0,10296686000.0,7606372000.0,7606372000.0,0.0,-0.005,-0.031,-0.004,-0.087,112958000.0,4927005000.0,1.0,391827184.0,391827184.0,,19.413,164310705000.0,0.0,104019000.0,0.0,419.345,
50,COF,MRT,2008-12-31,2008-12-31,2008-12-31,2021-08-02,-1221796000.0,165913452000.0,155609840750.0,,,0.057,67.948,-356000000.0,7491343000.0,7491343000.0,0.0,-46000000.0,,5.234,23178491000.0,,,23178491000.0,0.0,692000000.0,108620789000.0,0.047,1.5,451000000.0,1143000000.0,0.13,1143000000.0,451000000.0,451000000.0,-0.21,-0.21,-0.21,26612433000.0,25441241250.0,26612433000.0,31110166169.0,69.0,27.218,3127000000.0,7.984,1.0,8792000000.0,1.0,11964487000.0,0.0,169636113000.0,164068844750.0,0.0,127565544000.0,,,139301019000.0,,,12489979169.0,2670000000.0,0.0,818000000.0,-14853000000.0,-568000000.0,14796000000.0,-15609000000.0,-13724000000.0,3483000000.0,0.0,-46000000.0,-79000000.0,-79000000.0,131000000.0,0.0,-0.009,8210000000.0,582000000.0,0.0,-7.143,0.469,-158.101,-151.857,2313106000.0,33000000.0,31.89,1.421,1.421,6342754000.0,10621164000.0,8792000000.0,8792000000.0,0.0,-0.001,-0.003,0.003,0.051,112000000.0,5107000000.0,1.0,391658174.0,391658174.0,,22.448,153948965000.0,0.0,497000000.0,0.0,393.07,
51,COF,MRT,2008-09-30,2008-09-30,2008-09-30,2021-08-02,-201680000.0,154803113000.0,151779070000.0,,,0.068,68.164,-393546000.0,5620741000.0,5620741000.0,0.0,1602116000.0,,5.044,24240928000.0,,,24240928000.0,0.0,732598000.0,98912974000.0,0.023,1.152,2558632000.0,3291230000.0,0.318,3291230000.0,2558632000.0,2558632000.0,4.31,4.3,4.31,25611540000.0,24861661000.0,25611540000.0,42446397927.0,17.0,12.897,8216078000.0,21.867,1.0,10346261000.0,1.0,12815642000.0,0.0,160607658000.0,164275790250.0,0.0,121514112000.0,,,129191573000.0,,,19162488927.0,1175080000.0,0.0,219002000.0,-7086045000.0,-431688000.0,6005482000.0,-13440026000.0,-10580048000.0,8609624000.0,0.0,1602116000.0,1602116000.0,1602116000.0,200338000.0,0.0,0.155,7587291000.0,2758970000.0,0.0,0.267,0.748,11.961,11.833,2305286000.0,0.0,51.0,1.852,1.852,4980823000.0,12222170000.0,10346261000.0,10346261000.0,0.0,0.011,0.064,0.016,0.247,498000.0,5235857000.0,1.0,375735077.0,375735077.0,,27.536,141987471000.0,0.0,956516000.0,0.0,377.893,
52,COF,MRT,2008-06-30,2008-06-30,2008-06-30,2021-08-02,126603000.0,151114271000.0,149867000500.0,,,0.074,66.423,-437212000.0,4524615000.0,4524615000.0,0.0,1146319000.0,,5.064,27808524000.0,,,27808524000.0,0.0,716587000.0,92407060000.0,0.021,0.803,2317221000.0,3033808000.0,0.273,3033808000.0,2317221000.0,2317221000.0,3.1,3.09,3.1,24921465000.0,24655489000.0,24921465000.0,40939170613.0,18.0,13.494,5520497000.0,14.714,1.0,11115244000.0,1.0,12826738000.0,0.0,161571442000.0,164939635000.0,0.0,118894912000.0,,,126192806000.0,,,14261112613.0,-2523207000.0,4323000.0,-987456000.0,649155000.0,-301335000.0,3218854000.0,-11699770000.0,-12810062000.0,5957709000.0,0.0,1146319000.0,1146319000.0,1146319000.0,1086717000.0,0.0,0.103,7711306000.0,3403938000.0,0.0,0.259,0.572,12.441,12.261,2321487000.0,0.0,38.01,1.283,1.283,5301906000.0,11988877000.0,11115244000.0,11115244000.0,0.0,0.008,0.046,0.014,0.208,15567000.0,5363653000.0,1.0,375193702.0,375193702.0,,29.625,138287533000.0,0.0,1170902000.0,0.0,368.576,
53,COF,MRT,2008-03-31,2008-03-31,2008-03-31,2021-08-02,183573000.0,150608527000.0,148572922000.0,,,0.079,66.007,-410890000.0,4830004000.0,4830004000.0,0.0,1443786000.0,,5.117,31508062000.0,,,31508062000.0,0.0,699760000.0,87694942000.0,0.009,0.455,2687417000.0,3387177000.0,0.289,3387177000.0,2687417000.0,2687417000.0,3.81,3.77,3.81,24619527000.0,24721788000.0,24619527000.0,50833272513.0,19.0,15.008,7407502000.0,19.86,1.0,11708021000.0,1.0,12826419000.0,0.0,164460166000.0,163342255750.0,0.0,117466056000.0,,,125989000000.0,,,18358292513.0,-6595154000.0,-3025000.0,-2682741000.0,5469387000.0,-171081000.0,-1160320000.0,-13253226000.0,-11306385000.0,7818392000.0,0.0,1443786000.0,1443786000.0,1443786000.0,1094364000.0,0.0,0.123,7926240000.0,3781781000.0,0.0,0.119,0.746,12.715,12.919,2316233000.0,0.0,49.22,1.568,1.568,5396943000.0,11676715000.0,11708021000.0,11708021000.0,0.0,0.01,0.058,0.016,0.23,139980000.0,5468673000.0,1.0,372984407.0,372984407.0,,31.39,137782108000.0,0.0,1243631000.0,0.0,369.404,
54,COF,MRT,2007-12-31,2007-12-31,2007-12-31,2021-08-02,315248000.0,150590369000.0,148095441500.0,,,0.081,58.049,-437545000.0,4821409000.0,4821409000.0,0.0,1570332000.0,,5.199,37525675000.0,,,37525675000.0,0.0,678757000.0,82761176000.0,0.002,0.107,2848169000.0,3526926000.0,0.295,3526926000.0,2848169000.0,2848169000.0,4.02,3.97,4.02,24294112000.0,25072098750.0,24294112000.0,48839925296.0,17.0,13.848,12463335000.0,29.78,1.0,11947566000.0,1.0,12830740000.0,0.0,170463895000.0,160560930500.0,0.0,118939477000.0,,,126296257000.0,,,19778885296.0,160913000.0,-10464000.0,-2679565000.0,7736578000.0,-42055000.0,-2274794000.0,-10465173000.0,-4464930000.0,12900880000.0,0.0,1570332000.0,1570332000.0,1570332000.0,1021387000.0,0.0,0.131,8078010000.0,3869556000.0,0.0,0.027,0.814,12.595,11.756,2299603000.0,0.0,47.26,1.655,1.655,4717879000.0,11267568000.0,11947566000.0,11947566000.0,0.0,0.011,0.063,0.018,0.238,229228000.0,5552938000.0,1.0,418512173.0,418512173.0,,28.548,137759629000.0,0.0,1277837000.0,0.0,329.165,
55,COF,MRT,2007-09-30,2007-09-30,2007-09-30,2021-08-02,346184000.0,147154835000.0,147882670500.0,,,0.08,59.343,-495258000.0,4445661000.0,4445661000.0,0.0,1734492000.0,,4.937,33506701000.0,,,33506701000.0,0.0,641717000.0,83342814000.0,0.002,0.107,3028763000.0,3670480000.0,0.309,3670480000.0,3028763000.0,3028763000.0,4.43,4.39,4.43,24786852000.0,25307372250.0,24786852000.0,50602820101.0,17.0,13.786,8707068000.0,20.846,1.0,11872479000.0,1.0,12952838000.0,0.0,163263037000.0,159301414500.0,0.0,114498921000.0,,,122367983000.0,,,27746847101.0,-1153988000.0,-3645820000.0,-2020658000.0,1672253000.0,-39999000.0,-4552260000.0,-5804054000.0,5705442000.0,9202326000.0,0.0,1734492000.0,1734492000.0,1734492000.0,938227000.0,0.0,0.146,7905489000.0,3966990000.0,0.0,0.024,1.119,15.997,14.995,2268034000.0,0.0,66.43,2.337,2.337,6905859000.0,11049042000.0,11872479000.0,11872479000.0,0.0,0.012,0.069,0.019,0.255,370643000.0,5546642000.0,1.0,417685490.0,417685490.0,,28.424,134201997000.0,0.0,1294271000.0,0.0,321.299,
56,COF,MRT,2007-06-30,2007-06-30,2007-06-30,2021-08-02,245431000.0,145937957000.0,134820648250.0,,,0.084,60.604,-516706000.0,7047822000.0,7047822000.0,0.0,2403989000.0,,4.794,29903795000.0,,,29903795000.0,0.0,611173000.0,85680455000.0,0.001,0.107,3581116000.0,4192289000.0,0.37,4192289000.0,3581116000.0,3581116000.0,6.59,6.49,6.59,25186661000.0,23279903500.0,25186661000.0,50854849021.0,14.0,12.131,10301099000.0,24.786,1.0,11319211000.0,1.0,13612005000.0,0.0,155181925000.0,146401788000.0,0.0,112637329000.0,,,120751296000.0,,,32599144021.0,4449776000.0,-3627220000.0,-1530955000.0,1479580000.0,-37610000.0,-854481000.0,-5513548000.0,9648418000.0,10817805000.0,0.0,2403989000.0,2403989000.0,2403989000.0,40198000.0,0.0,0.212,7697897000.0,3621314000.0,0.0,0.016,1.294,13.56,11.903,2260928000.0,0.0,78.44,2.88,2.88,5481686000.0,11141194000.0,11319211000.0,11319211000.0,0.0,0.018,0.103,0.024,0.316,366925000.0,5447161000.0,1.0,415593371.0,415593371.0,,27.236,132325952000.0,0.0,1177127000.0,0.0,318.402,
57,COF,MRT,2007-03-31,2007-03-31,2007-03-31,2021-08-02,283458000.0,148698605000.0,120718705500.0,,,0.089,63.374,-584507000.0,11425158000.0,11425158000.0,0.0,2206204000.0,,4.715,29680863000.0,,,29680863000.0,0.0,581600000.0,87663750000.0,0.001,0.107,3382825000.0,3964425000.0,0.369,3964425000.0,3382825000.0,3382825000.0,6.51,6.38,6.51,26020770000.0,20957504000.0,26020770000.0,60305390959.0,18.0,15.212,8442595000.0,20.562,1.0,10750042000.0,1.0,13619445000.0,0.0,153334865000.0,133937708500.0,0.0,111160995000.0,,,122677835000.0,,,30983409959.0,6127583000.0,-3609138000.0,185495000.0,342786000.0,-35207000.0,2017809000.0,-4917328000.0,6680271000.0,9027102000.0,0.0,2206204000.0,2206204000.0,2206204000.0,22958000.0,0.0,0.205,7344259000.0,3405783000.0,0.0,0.016,1.191,14.044,11.591,2258861000.0,0.0,75.46,2.882,2.882,5371385000.0,10401310000.0,10750042000.0,10750042000.0,0.0,0.018,0.105,0.025,0.315,284463000.0,5299968000.0,1.0,410593824.0,410593824.0,,26.182,135079160000.0,0.0,1176621000.0,0.0,328.985,
58,COF,MRT,2006-12-31,2006-12-31,2006-12-31,2021-08-02,266180000.0,149739285000.0,105862324000.0,,,0.1,82.805,-712190000.0,4660496000.0,4660496000.0,0.0,2414493000.0,,4.934,33982477000.0,,,33982477000.0,0.0,542090000.0,85770892000.0,0.001,0.107,3660457000.0,4202547000.0,0.396,4202547000.0,3660457000.0,3660457000.0,7.8,7.62,7.8,25235206000.0,18244623000.0,25235206000.0,44133198542.0,12.0,10.502,2664548000.0,8.743,1.0,10616032000.0,1.0,13635435000.0,0.0,165425831000.0,121180288000.0,0.0,120219481000.0,,,124504079000.0,,,23411236542.0,589229000.0,-3635356000.0,253491000.0,4142141000.0,-32324000.0,4339192000.0,-7126701000.0,-265802000.0,3376738000.0,0.0,2414493000.0,2414493000.0,2414493000.0,11884000.0,0.0,0.227,6943691000.0,3672341000.0,0.0,0.014,0.928,9.696,9.849,2203280000.0,0.0,76.82,2.205,2.205,4589235000.0,9760184000.0,10616032000.0,10616032000.0,0.0,0.023,0.132,0.03,0.345,211117000.0,5057056000.0,1.0,304754446.0,304754446.0,,34.835,136103850000.0,0.0,1245964000.0,0.0,446.602,
59,COF,MRT,2006-09-30,2006-09-30,2006-09-30,2021-08-02,173934000.0,94906746000.0,90602855500.0,,,0.113,54.478,-621763000.0,5599649000.0,5599649000.0,0.0,2304083000.0,,4.691,26321611000.0,,,26321611000.0,0.0,502071000.0,47613150000.0,0.001,0.107,3531390000.0,4033461000.0,0.395,4033461000.0,3531390000.0,3531390000.0,7.67,7.44,7.67,16676977000.0,15468050000.0,16676977000.0,43808812082.0,12.0,10.861,3794932000.0,12.397,1.0,10201581000.0,1.0,3964177000.0,0.0,111664531000.0,105574301500.0,0.0,75732878000.0,,,78229769000.0,,,24079770082.0,997047000.0,921256000.0,214380000.0,5522708000.0,-31309000.0,6447950000.0,-9867598000.0,-10694941000.0,4416695000.0,0.0,2304083000.0,2304083000.0,2304083000.0,0.0,0.0,0.226,6670191000.0,3531390000.0,0.0,0.014,1.444,10.451,10.256,1532006000.0,0.0,78.66,2.36,2.36,5617113000.0,9377570000.0,10201581000.0,10201581000.0,0.0,0.025,0.149,0.033,0.346,181939000.0,4871188000.0,1.0,306124715.0,306124715.0,,33.325,90942569000.0,0.0,1227307000.0,0.0,297.077,
60,COF,MRT,2006-06-30,2006-06-30,2006-06-30,2021-08-02,60127000.0,89530186000.0,81982298250.0,,,0.118,52.458,-527284000.0,2598046000.0,2598046000.0,0.0,2207393000.0,,4.632,22327088000.0,,,22327088000.0,0.0,483344000.0,47186813000.0,0.001,0.107,3397715000.0,3881059000.0,0.4,3881059000.0,3397715000.0,3397715000.0,7.6,7.36,7.6,15897063000.0,14058112500.0,15897063000.0,42868337698.0,13.0,11.046,3698832000.0,12.206,1.0,9706915000.0,1.0,3933621000.0,0.0,105325607000.0,95995900500.0,0.0,74130249000.0,,,73633123000.0,,,25895105698.0,11958000.0,898333000.0,319330000.0,3472922000.0,-30286000.0,4332307000.0,-8546465000.0,-9411633000.0,4226116000.0,0.0,2207393000.0,2207393000.0,2207393000.0,0.0,0.0,0.227,6309200000.0,3397715000.0,0.0,0.014,1.629,11.731,11.243,1467922000.0,0.0,85.45,2.668,2.668,4818512000.0,8797836000.0,9706915000.0,9706915000.0,0.0,0.027,0.157,0.035,0.35,179193000.0,4632500000.0,1.0,303043952.0,303043952.0,,32.031,85596565000.0,0.0,1190322000.0,0.0,282.456,
61,COF,MRT,2006-03-31,2006-03-31,2006-03-31,2021-08-02,-8148000.0,89273079000.0,73848743500.0,,,0.126,50.378,-414420000.0,5297575000.0,5297575000.0,0.0,2185924000.0,,4.885,22270807000.0,,,22270807000.0,0.0,460779000.0,47779485000.0,0.001,0.107,3361344000.0,3822123000.0,0.41,3822123000.0,3361344000.0,3361344000.0,7.86,7.61,7.86,15169246000.0,12686792000.0,15169246000.0,42451952437.0,13.0,11.107,4006955000.0,13.307,1.0,9325264000.0,1.0,3941128000.0,0.0,102305183000.0,87178309250.0,0.0,71102825000.0,,,74103833000.0,,,24245079437.0,4077265000.0,887599000.0,1057944000.0,2669873000.0,-28918000.0,5559585000.0,-5903695000.0,-6850690000.0,4421375000.0,0.0,2185924000.0,2185924000.0,2185924000.0,0.0,0.0,0.234,5963920000.0,3361344000.0,0.0,0.014,1.598,11.091,10.244,1387302000.0,0.0,80.52,2.6,2.6,5293392000.0,8253334000.0,9325264000.0,9325264000.0,0.0,0.03,0.172,0.039,0.36,157043000.0,4382746000.0,1.0,301106302.0,301106302.0,,30.97,85331951000.0,0.0,1175420000.0,0.0,283.395,
62,COF,MRT,2005-12-31,2005-12-31,2005-12-31,2021-08-02,6129000.0,88701411000.0,65438365250.0,,,0.131,52.994,-159823000.0,4071267000.0,4071267000.0,0.0,1809147000.0,,5.278,22278140000.0,,,22278140000.0,0.0,425640000.0,47933267000.0,0.001,0.107,2829002000.0,3254642000.0,0.381,3254642000.0,2829002000.0,2829002000.0,6.98,6.73,6.98,14128914000.0,11139413000.0,14128914000.0,36697699699.0,13.0,11.275,3504040000.0,13.143,1.0,8547275000.0,1.0,3906399000.0,0.0,103001885000.0,79484744250.0,0.0,72500143000.0,,,74572497000.0,,,23035231699.0,2660056000.0,450562000.0,1042438000.0,2659898000.0,-27504000.0,5914385000.0,-6918192000.0,-7657282000.0,3663863000.0,0.0,1809147000.0,1809147000.0,1809147000.0,0.0,0.0,0.212,5718273000.0,2829002000.0,0.0,0.015,1.63,12.733,12.378,1191406000.0,0.0,86.4,2.695,2.695,4904547000.0,7378015000.0,8547275000.0,8547275000.0,0.0,0.028,0.162,0.036,0.331,149496000.0,4218492000.0,1.0,266611478.0,266611478.0,,32.059,84795012000.0,0.0,1019855000.0,0.0,318.047,
63,COF,MRT,2005-09-30,2005-09-30,2005-09-30,2021-08-02,20104000.0,60424517000.0,56699826250.0,,,0.145,41.895,-144462000.0,4602602000.0,4602602000.0,0.0,1723957000.0,,4.475,18265070000.0,,,18265070000.0,0.0,398010000.0,26772538000.0,0.001,0.107,2663828000.0,3061838000.0,0.371,3061838000.0,2663828000.0,2663828000.0,6.86,6.59,6.86,11037227000.0,9704231750.0,11037227000.0,34748905607.0,13.0,11.349,3407500000.0,12.934,1.0,8249442000.0,1.0,736058000.0,0.0,73350927000.0,70858197000.0,0.0,46841430000.0,,,49387290000.0,,,20949741607.0,3159735000.0,-470694000.0,1200017000.0,2201146000.0,-27044000.0,4847308000.0,-5239535000.0,-5073012000.0,3551962000.0,0.0,1723957000.0,1723957000.0,1723957000.0,0.0,0.0,0.209,5585614000.0,2663828000.0,0.0,0.016,1.898,12.152,11.592,768198000.0,0.0,79.52,2.54,2.54,6126282000.0,7104796000.0,8249442000.0,8249442000.0,0.0,0.03,0.178,0.038,0.323,148764000.0,4183492000.0,1.0,263452485.0,263452485.0,,31.313,59688459000.0,0.0,939871000.0,0.0,226.563,
64,COF,MRT,2005-06-30,2005-06-30,2005-06-30,2021-08-02,75024000.0,56995967000.0,54583585750.0,,,0.15,41.298,-121248000.0,2586088000.0,2586088000.0,0.0,1722969000.0,,4.474,16385252000.0,,,16385252000.0,0.0,380967000.0,26521031000.0,0.001,0.107,2633778000.0,3014745000.0,0.369,3014745000.0,2633778000.0,2633778000.0,7.05,6.75,7.05,10411781000.0,8927440000.0,10411781000.0,36070928211.0,14.0,11.965,3081512000.0,12.223,1.0,8165738000.0,1.0,739889000.0,0.0,70055242000.0,69014340500.0,0.0,46728302000.0,,,46584186000.0,,,20171571211.0,865929000.0,-470694000.0,1111605000.0,121147000.0,-26263000.0,3592876000.0,-5929707000.0,-5790015000.0,3202760000.0,0.0,1722969000.0,1722969000.0,1722969000.0,0.0,0.0,0.211,5531960000.0,2633778000.0,0.0,0.015,1.937,11.707,11.349,782372000.0,0.0,80.01,2.47,2.47,4890933000.0,6620729000.0,8165738000.0,8165738000.0,0.0,0.032,0.193,0.038,0.323,135266000.0,4136252000.0,1.0,252113126.0,252113126.0,,32.389,56256078000.0,0.0,910809000.0,0.0,223.138,
65,COF,MRT,2005-03-31,2005-03-31,2005-03-31,2021-08-02,69742000.0,55631566000.0,52852009250.0,,,0.149,36.328,-151672000.0,1220310000.0,1220310000.0,0.0,1599238000.0,,5.195,17119667000.0,,,17119667000.0,0.0,375424000.0,25854025000.0,0.001,0.107,2442509000.0,2817933000.0,0.358,2817933000.0,2442509000.0,2442509000.0,6.69,6.37,6.69,8979730000.0,8129759000.0,8979730000.0,33582460218.0,14.0,11.917,2484543000.0,10.051,1.0,7867664000.0,1.0,0.0,0.0,71530923000.0,67491193000.0,0.0,45979891000.0,,,46651836000.0,,,18481862218.0,-548939000.0,-470694000.0,371404000.0,999130000.0,-25886000.0,3601267000.0,-6786421000.0,-6617972000.0,2636215000.0,0.0,1599238000.0,1599238000.0,1599238000.0,0.0,0.0,0.203,5425155000.0,2442509000.0,0.0,0.016,2.058,11.557,11.176,806411000.0,0.0,74.77,2.349,2.349,5605009000.0,6096328000.0,7867664000.0,7867664000.0,0.0,0.03,0.197,0.036,0.31,128046000.0,4081131000.0,1.0,247182857.0,247182857.0,,31.829,55631566000.0,0.0,843271000.0,0.0,225.062,
66,COF,MRT,2004-12-31,2004-12-31,2004-12-31,2021-08-02,144759000.0,53747255000.0,51230724000.0,,,0.15,34.56,-208975000.0,1411211000.0,1411211000.0,0.0,1543482000.0,,5.407,16511809000.0,,,16511809000.0,0.0,381852000.0,25686957000.0,0.001,0.107,2360064000.0,2741916000.0,0.357,2741916000.0,2360064000.0,2360064000.0,6.55,6.21,6.55,8388189000.0,7595383500.0,8388189000.0,34455115770.0,15.0,12.566,4280335000.0,17.635,1.0,7682283000.0,1.0,352157000.0,0.0,68495696000.0,65322551500.0,0.0,46011045000.0,,,45359066000.0,,,20439169770.0,-569071000.0,0.0,503681000.0,1677699000.0,-25618000.0,5389677000.0,-10448058000.0,-10692788000.0,4489310000.0,0.0,1543482000.0,1543482000.0,1543482000.0,0.0,0.0,0.201,5322219000.0,2360064000.0,0.0,0.016,2.437,13.242,12.856,817704000.0,0.0,84.21,2.661,2.661,4081271000.0,5596372000.0,7682283000.0,7682283000.0,0.0,0.03,0.203,0.036,0.307,127174000.0,4012390000.0,1.0,242716658.0,242716658.0,,31.651,53395098000.0,0.0,816582000.0,0.0,219.989,
67,COF,MRT,2004-09-30,2004-09-30,2004-09-30,2021-08-02,105811000.0,51959555000.0,49364836750.0,,,0.153,32.835,-202703000.0,1442867000.0,1442867000.0,0.0,1614035000.0,,5.552,15458813000.0,,,15458813000.0,0.0,391268000.0,25354323000.0,0.001,0.107,2499300000.0,2890568000.0,0.383,2890568000.0,2499300000.0,2499300000.0,6.91,6.57,6.91,7930060000.0,7011289000.0,7930060000.0,31740672375.0,13.0,10.981,3874329000.0,16.042,1.0,7554464000.0,1.0,0.0,0.0,65975501000.0,62977641750.0,0.0,43284724000.0,,,44029495000.0,,,17847681375.0,140222000.0,0.0,380629000.0,1577962000.0,-25143000.0,6355109000.0,-10291919000.0,-10521998000.0,4077032000.0,0.0,1614035000.0,1614035000.0,1614035000.0,0.0,0.0,0.214,5055164000.0,2499300000.0,0.0,0.015,2.251,11.058,10.695,812724000.0,0.0,73.9,2.363,2.363,4955739000.0,5407883000.0,7554464000.0,7554464000.0,0.0,0.033,0.23,0.04,0.331,111499000.0,3782609000.0,1.0,241511250.0,241511250.0,,31.28,51959555000.0,0.0,885265000.0,0.0,215.143,
68,COF,MRT,2004-06-30,2004-06-30,2004-06-30,2021-08-02,-4367000.0,50069661000.0,47236532250.0,,,0.153,30.118,-263658000.0,1720159000.0,1720159000.0,0.0,1399406000.0,,5.934,15613150000.0,,,15613150000.0,0.0,395252000.0,24178756000.0,0.002,0.107,2210505000.0,2605757000.0,0.361,2605757000.0,2210505000.0,2210505000.0,6.07,5.77,6.07,7221057000.0,6434572500.0,7221057000.0,30104591425.0,14.0,11.553,3557879000.0,14.839,1.0,7210485000.0,1.0,0.0,0.0,63962652000.0,60484325000.0,0.0,42073179000.0,,,42848604000.0,,,16394659425.0,-1475529000.0,0.0,380574000.0,3189082000.0,-24899000.0,7905487000.0,-13202553000.0,-13348943000.0,3821537000.0,0.0,1399406000.0,1399406000.0,1399406000.0,0.0,0.0,0.194,4984943000.0,2225542000.0,0.0,0.018,2.27,11.715,11.265,868203000.0,0.0,68.38,2.274,2.274,3972754000.0,4924023000.0,7210485000.0,7210485000.0,0.0,0.03,0.217,0.037,0.307,93791000.0,3749368000.0,1.0,239758108.0,239758108.0,,30.074,50069661000.0,0.0,811099000.0,0.0,208.834,
69,COF,MRT,2004-03-31,2004-03-31,2004-03-31,2021-08-02,147408000.0,49146425000.0,44810779750.0,,,0.155,28.639,-259538000.0,1769249000.0,1769249000.0,0.0,1278185000.0,,6.183,15479181000.0,,,15479181000.0,0.0,387383000.0,23610851000.0,0.001,0.107,2028724000.0,2416107000.0,0.348,2416107000.0,2028724000.0,2028724000.0,5.61,5.35,5.61,6842228000.0,5956055750.0,6842228000.0,30853564172.0,15.0,12.77,2635988000.0,11.033,1.0,6951448000.0,1.0,0.0,0.0,62856357000.0,56842538750.0,0.0,40825956000.0,,,42304197000.0,,,18021213172.0,328862000.0,0.0,347812000.0,3586462000.0,-24597000.0,9034995000.0,-11601659000.0,-11721055000.0,2895526000.0,0.0,1278185000.0,1278185000.0,1278185000.0,0.0,0.0,0.184,4907687000.0,2043761000.0,0.0,0.019,2.634,14.099,13.446,898802000.0,0.0,75.43,2.592,2.592,4008809000.0,4522976000.0,6951448000.0,6951448000.0,0.0,0.029,0.215,0.036,0.292,70960000.0,3710259000.0,1.0,238913074.0,238913074.0,,29.096,49146425000.0,0.0,750539000.0,0.0,205.708,
70,COF,MRT,2003-12-31,2003-12-31,2003-12-31,2021-08-02,83158000.0,46283706000.0,42001915250.0,,,0.159,26.207,-262650000.0,1980282000.0,1980282000.0,0.0,1135842000.0,,6.648,14812633000.0,,,14812633000.0,0.0,384016000.0,22416332000.0,0.002,0.107,1811756000.0,2195772000.0,0.329,2195772000.0,1811756000.0,1811756000.0,5.05,4.85,5.05,6051811000.0,5477665000.0,6051811000.0,26709047480.0,15.0,12.164,1771604000.0,7.672,1.0,6683516000.0,1.0,0.0,0.0,59116057000.0,53169461250.0,0.0,37121897000.0,,,40231895000.0,,,14153150480.0,1061504000.0,0.0,139227000.0,2682963000.0,-24282000.0,7892130000.0,-8864880000.0,-8960198000.0,2034254000.0,0.0,1135842000.0,1135842000.0,1135842000.0,0.0,0.0,0.17,4856723000.0,1826793000.0,0.0,0.021,2.339,12.46,12.137,902600000.0,0.0,61.29,2.118,2.118,4748962000.0,4078508000.0,6683516000.0,6683516000.0,0.0,0.027,0.207,0.034,0.271,49449000.0,3666175000.0,1.0,230921039.0,230921039.0,,28.943,46283706000.0,0.0,675914000.0,0.0,200.431,
71,COF,MRT,2003-09-30,2003-09-30,2003-09-30,2021-08-02,15545000.0,43446337000.0,39776583750.0,,,0.163,24.744,-239201000.0,1302645000.0,1302645000.0,0.0,1109838000.0,,6.726,13858542000.0,,,13858542000.0,0.0,378091000.0,20936517000.0,0.002,0.106,1776617000.0,2154708000.0,0.333,2154708000.0,1776617000.0,1776617000.0,4.98,4.8,4.98,5623194000.0,5120505000.0,5623194000.0,21991277966.0,12.0,10.206,709188000.0,3.121,1.0,6479925000.0,1.0,0.0,0.0,56002234000.0,50489020000.0,0.0,34456514000.0,,,37823143000.0,,,12962421966.0,569605000.0,0.0,140101000.0,1463415000.0,-24078000.0,5630402000.0,-6009186000.0,-6096383000.0,948389000.0,0.0,1109838000.0,1109838000.0,1109838000.0,0.0,0.0,0.171,4688271000.0,1791654000.0,0.0,0.021,2.305,11.68,11.454,898997000.0,0.0,57.04,2.0,2.0,5204170000.0,3820990000.0,6479925000.0,6479925000.0,0.0,0.028,0.217,0.035,0.274,39002000.0,3555972000.0,1.0,227251437.0,227251437.0,,28.514,43446337000.0,0.0,666779000.0,0.0,191.182,
72,COF,MRT,2003-06-30,2003-06-30,2003-06-30,2021-08-02,40623000.0,40366651000.0,38142492000.0,,,0.166,23.436,-214178000.0,3195688000.0,3195688000.0,0.0,1093141000.0,,6.606,12224544000.0,,,12224544000.0,0.0,459381000.0,19821881000.0,0.002,0.106,1747908000.0,2207289000.0,0.348,2207289000.0,1747908000.0,1747908000.0,4.92,4.76,4.92,5306990000.0,4798584250.0,5306990000.0,21389562871.0,12.0,9.69,1453392000.0,6.418,1.0,6345436000.0,1.0,0.0,0.0,49395507000.0,48582706250.0,0.0,30677395000.0,,,35059661000.0,,,11136482871.0,2070344000.0,0.0,96235000.0,1573447000.0,-23988000.0,5453183000.0,-5050409000.0,-5131008000.0,1667570000.0,0.0,1093141000.0,1093141000.0,1093141000.0,0.0,0.0,0.172,4597528000.0,1747908000.0,0.0,0.022,2.098,10.188,9.996,760376000.0,0.0,49.18,1.755,1.755,4092961000.0,3550780000.0,6345436000.0,6345436000.0,0.0,0.029,0.228,0.036,0.275,41958000.0,3492477000.0,1.0,226443328.0,226443328.0,,28.022,40366651000.0,0.0,654767000.0,0.0,178.264,
73,COF,MRT,2003-03-31,2003-03-31,2003-03-31,2021-08-02,-25356000.0,37910967000.0,36509449000.0,,,0.171,21.771,-243691000.0,1440387000.0,1440387000.0,0.0,1020092000.0,,6.692,11693467000.0,,,11693467000.0,0.0,386129000.0,18489388000.0,0.004,0.106,1637413000.0,2023542000.0,0.324,2023542000.0,1637413000.0,1637413000.0,4.61,4.45,4.61,4928665000.0,4475313250.0,4928665000.0,17805667751.0,11.0,8.799,2316242000.0,10.232,1.0,6237031000.0,1.0,0.0,0.0,48164047000.0,47076222000.0,0.0,31297383000.0,,,32982302000.0,,,6793755751.0,971326000.0,0.0,98234000.0,1416421000.0,-23753000.0,5346419000.0,-6935026000.0,-6958418000.0,2559933000.0,0.0,1020092000.0,1020092000.0,1020092000.0,0.0,0.0,0.164,4599618000.0,1637413000.0,0.0,0.023,1.378,6.66,6.51,769112000.0,0.0,30.01,1.089,1.089,2897972000.0,3270029000.0,6237031000.0,6237031000.0,0.0,0.028,0.228,0.035,0.263,34353000.0,3533315000.0,1.0,226383064.0,226383064.0,,27.551,37910967000.0,0.0,617321000.0,0.0,167.464,
74,COF,MRT,2002-12-31,2002-12-31,2002-12-31,2021-08-02,-15566000.0,37382380000.0,34847885000.0,,,0.173,20.838,-275436000.0,918778000.0,918778000.0,0.0,899644000.0,,7.086,11930690000.0,,,11930690000.0,0.0,383527000.0,17325965000.0,0.004,0.106,1451039000.0,1834566000.0,0.304,1834566000.0,1451039000.0,1451039000.0,4.09,3.93,4.09,4623171000.0,4163055000.0,4623171000.0,18060908217.0,12.0,9.845,2231593000.0,10.058,1.0,6036620000.0,1.0,0.0,0.0,48394292000.0,45309703500.0,0.0,30047607000.0,,,32759209000.0,,,6593899217.0,211540000.0,0.0,265970000.0,2628307000.0,-23457000.0,7357817000.0,-9653306000.0,-9609027000.0,2507029000.0,0.0,899644000.0,899644000.0,899644000.0,0.0,0.0,0.149,4585581000.0,1451039000.0,0.0,0.026,1.426,7.329,7.267,770326000.0,0.0,29.72,1.092,1.092,3606549000.0,2966948000.0,6036620000.0,6036620000.0,0.0,0.026,0.216,0.032,0.24,27749000.0,3598066000.0,1.0,221867403.0,221867403.0,,27.208,37382380000.0,0.0,551395000.0,0.0,168.49,
75,COF,MRT,2002-09-30,2002-09-30,2002-09-30,2021-08-02,-1733000.0,36909970000.0,32548301750.0,,,0.181,19.568,-309489000.0,733040000.0,733040000.0,0.0,837648000.0,,7.513,12200049000.0,,,12200049000.0,0.0,384510000.0,16885553000.0,0.003,0.106,1351038000.0,1735548000.0,0.295,1735548000.0,1351038000.0,1351038000.0,3.83,3.68,3.83,4335511000.0,3838131750.0,4335511000.0,17271922934.0,13.0,9.952,2345841000.0,10.588,1.0,5890166000.0,1.0,0.0,0.0,48376979000.0,42413022000.0,0.0,30799627000.0,,,32574459000.0,,,7736831934.0,200410000.0,0.0,237589000.0,4402998000.0,-23293000.0,10427348000.0,-12882268000.0,-12698855000.0,2655330000.0,0.0,837648000.0,837648000.0,837648000.0,0.0,0.0,0.142,4539128000.0,1351038000.0,0.0,0.028,1.785,9.236,9.117,789726000.0,0.0,34.92,1.314,1.314,2584528000.0,2733231000.0,5890166000.0,5890166000.0,0.0,0.026,0.218,0.032,0.229,11391000.0,3646939000.0,1.0,221558761.0,221558761.0,,26.585,36909970000.0,0.0,513390000.0,0.0,166.592,
76,COF,MRT,2002-06-30,2002-06-30,2002-06-30,2021-08-02,-34216000.0,33834479000.0,29199168500.0,,,0.194,18.256,-384233000.0,1125344000.0,1125344000.0,0.0,744157000.0,,7.429,10660435000.0,,,10660435000.0,0.0,366407000.0,16014392000.0,0.002,0.106,1200243000.0,1566650000.0,0.277,1566650000.0,1200243000.0,1200243000.0,3.44,3.3,3.44,4013906000.0,3500077250.0,4013906000.0,23256299004.0,19.0,14.845,2490377000.0,11.327,1.0,5663248000.0,1.0,0.0,0.0,43369570000.0,37882037250.0,0.0,28266433000.0,,,29820573000.0,,,13423037004.0,888606000.0,0.0,238118000.0,3035572000.0,-22883000.0,9235463000.0,-11221467000.0,-10984180000.0,2874610000.0,0.0,744157000.0,744157000.0,744157000.0,0.0,0.0,0.131,4463005000.0,1200243000.0,0.0,0.031,3.344,18.038,17.747,808972000.0,0.0,61.05,2.37,2.37,2417775000.0,2480363000.0,5663248000.0,5663248000.0,0.0,0.025,0.213,0.032,0.212,-5349000.0,3596026000.0,1.0,219869566.0,219869566.0,,25.757,33834479000.0,0.0,456086000.0,0.0,153.884,
77,COF,MRT,2002-03-31,2002-03-31,2002-03-31,2021-08-02,-92713000.0,31264711000.0,26155631000.0,,,0.207,16.762,-320221000.0,469061000.0,469061000.0,0.0,686367000.0,,7.497,10302323000.0,,,10302323000.0,0.0,351757000.0,14633871000.0,0.002,0.106,1107036000.0,1458793000.0,0.27,1458793000.0,1107036000.0,1107036000.0,3.21,3.08,3.21,3679632000.0,3181985000.0,3679632000.0,22639672235.0,20.0,15.519,1497829000.0,6.823,1.0,5406711000.0,1.0,0.0,0.0,41097973000.0,34165096250.0,0.0,26613008000.0,,,27585079000.0,,,14016153235.0,-320847000.0,0.0,270587000.0,2857606000.0,-22579000.0,8348961000.0,-10487858000.0,-10339823000.0,1818050000.0,0.0,686367000.0,686367000.0,686367000.0,0.0,0.0,0.127,4299675000.0,1107036000.0,0.0,0.033,3.809,20.421,19.891,789572000.0,0.0,63.85,2.592,2.592,2218472000.0,2273049000.0,5406711000.0,5406711000.0,0.0,0.026,0.216,0.032,0.205,-8591000.0,3457317000.0,1.0,219516887.0,219516887.0,,24.63,31264711000.0,0.0,420669000.0,0.0,142.425,
78,COF,MRT,2001-12-31,2001-12-31,2001-12-31,2021-08-02,-84598000.0,28184047000.0,23539954500.0,,,0.216,15.467,-326594000.0,707238000.0,707238000.0,0.0,641965000.0,,7.48,9330757000.0,,,9330757000.0,0.0,337562000.0,12838968000.0,0.002,0.106,1035420000.0,1372982000.0,0.27,1372982000.0,1035420000.0,1035420000.0,3.06,2.91,3.06,3323478000.0,2874388250.0,3323478000.0,18331932240.0,18.0,13.352,1058281000.0,4.925,1.0,5093447000.0,1.0,0.0,0.0,36807566000.0,30615194750.0,0.0,23196905000.0,,,24860569000.0,,,11592329240.0,470531000.0,0.0,540696000.0,1796038000.0,-22310000.0,6774367000.0,-7688711000.0,-7558210000.0,1384875000.0,0.0,641965000.0,641965000.0,641965000.0,0.0,0.0,0.126,4058027000.0,1035420000.0,0.0,0.035,3.488,18.058,17.631,759683000.0,0.0,53.95,2.276,2.276,2452548000.0,2090761000.0,5093447000.0,5093447000.0,0.0,0.027,0.223,0.034,0.203,-11134000.0,3250078000.0,1.0,214871719.0,214871719.0,,23.705,28184047000.0,0.0,393455000.0,0.0,131.167,
79,COF,MRT,2001-09-30,2001-09-30,2001-09-30,2021-08-02,-46356000.0,23513437000.0,21216278000.0,,,0.227,14.156,-402419000.0,532630000.0,532630000.0,0.0,592561000.0,,6.882,7272233000.0,,,7272233000.0,0.0,312213000.0,11075499000.0,0.002,0.106,955743000.0,1267956000.0,0.263,1267956000.0,955743000.0,955743000.0,2.88,2.72,2.88,2983293000.0,2534147250.0,2983293000.0,16542041134.0,17.0,13.046,1754385000.0,8.325,1.0,4815719000.0,1.0,0.0,0.0,30253040000.0,27820595500.0,0.0,19460279000.0,,,20530144000.0,,,9700564134.0,310162000.0,0.0,493033000.0,331332000.0,-21766000.0,5554174000.0,-7400816000.0,-7212452000.0,2156804000.0,0.0,592561000.0,592561000.0,592561000.0,0.0,0.0,0.123,3859976000.0,955743000.0,0.0,0.037,3.252,16.371,15.983,740144000.0,0.0,46.03,2.014,2.014,1949361000.0,1918876000.0,4815719000.0,4815719000.0,0.0,0.028,0.234,0.034,0.198,3085000.0,3087927000.0,1.0,210744387.0,210744387.0,,22.851,23513437000.0,0.0,363182000.0,0.0,111.573,
80,COF,MRT,2001-06-30,2001-06-30,2001-06-30,2021-08-02,-63621000.0,21660329000.0,19432625000.0,,,0.231,13.156,-380680000.0,236738000.0,236738000.0,0.0,549340000.0,,6.901,7078215000.0,,,7078215000.0,0.0,270794000.0,10029736000.0,0.002,0.106,886035000.0,1156829000.0,0.258,1156829000.0,886035000.0,886035000.0,2.72,2.55,2.72,2741537000.0,2232171000.0,2741537000.0,18630720231.0,21.0,16.105,1452079000.0,6.968,1.0,4490071000.0,1.0,0.0,0.0,28501806000.0,26031333250.0,0.0,18234584000.0,,,18918792000.0,,,12534358231.0,47513000.0,0.0,475545000.0,126972000.0,-21444000.0,5321882000.0,-7107128000.0,-6928790000.0,1832759000.0,0.0,549340000.0,549340000.0,549340000.0,0.0,0.0,0.122,3604036000.0,886035000.0,0.0,0.039,4.572,22.817,22.114,729525000.0,0.0,60.15,2.792,2.792,1708055000.0,1759089000.0,4490071000.0,4490071000.0,0.0,0.028,0.246,0.034,0.197,13475000.0,2926616000.0,1.0,208385008.0,208385008.0,,21.547,21660329000.0,0.0,336695000.0,0.0,103.944,
81,COF,MRT,2001-03-31,2001-03-31,2001-03-31,2021-08-02,-89406000.0,20802005000.0,17799265500.0,,,0.234,11.82,-403906000.0,789908000.0,789908000.0,0.0,506538000.0,,7.493,6886270000.0,,,6886270000.0,0.0,267856000.0,9390524000.0,0.002,0.107,816996000.0,1084852000.0,0.26,1084852000.0,816996000.0,816996000.0,2.55,2.39,2.55,2449245000.0,1958180750.0,2449245000.0,18240239743.0,22.0,16.814,1194591000.0,5.765,1.0,4172980000.0,1.0,0.0,0.0,26898367000.0,24377659250.0,0.0,17086934000.0,,,18352760000.0,,,11500411743.0,591333000.0,0.0,405978000.0,1109368000.0,-21100000.0,6788529000.0,-7795693000.0,-7524765000.0,1598497000.0,0.0,506538000.0,506538000.0,506538000.0,0.0,0.0,0.121,3355984000.0,816996000.0,0.0,0.042,4.695,22.704,21.765,709207000.0,0.0,55.5,2.756,2.756,1492818000.0,1609261000.0,4172980000.0,4172980000.0,0.0,0.028,0.259,0.034,0.196,16015000.0,2743324000.0,1.0,207214626.0,207214626.0,,20.138,20802005000.0,0.0,310458000.0,0.0,100.389,
82,COF,MRT,2000-12-31,2000-12-31,2000-12-31,2021-08-02,2918000.0,18889341000.0,15730028750.0,,,0.248,9.965,-374018000.0,236707000.0,236707000.0,0.0,469634000.0,,8.625,6976535000.0,,,6976535000.0,0.0,245171000.0,8379025000.0,0.002,0.107,757474000.0,1002645000.0,0.257,1002645000.0,757474000.0,757474000.0,2.39,2.24,2.39,1962514000.0,1733639750.0,1962514000.0,19678027080.0,26.0,19.626,1163774000.0,5.909,1.0,3905131000.0,1.0,0.0,0.0,25629169000.0,22178416750.0,0.0,16282527000.0,,,16926827000.0,,,12960861080.0,-9790000.0,0.0,-102318000.0,14098000.0,-20824000.0,4486172000.0,-6033754000.0,-5804826000.0,1537792000.0,0.0,469634000.0,469634000.0,469634000.0,0.0,0.0,0.12,3147657000.0,757474000.0,0.0,0.045,6.604,27.598,27.536,664461000.0,0.0,65.81,3.319,3.319,1143902000.0,1471106000.0,3905131000.0,3905131000.0,0.0,0.03,0.271,0.034,0.194,17976000.0,2591373000.0,1.0,196943642.0,196943642.0,,19.829,18889341000.0,0.0,287840000.0,0.0,95.912,
83,COF,MRT,2000-09-30,2000-09-30,2000-09-30,2021-08-02,-25337000.0,16378825000.0,14341804250.0,,,0.255,9.048,-295909000.0,222468000.0,222468000.0,0.0,439229000.0,,8.225,6939634000.0,,,6939634000.0,0.0,224678000.0,6323924000.0,0.002,0.107,699820000.0,924498000.0,0.253,924498000.0,699820000.0,699820000.0,2.23,2.09,2.23,1775388000.0,1621913000.0,1775388000.0,20506990546.0,29.0,22.182,449710000.0,2.292,1.0,3652146000.0,1.0,0.0,0.0,23095991000.0,20783864500.0,0.0,13526418000.0,,,14603437000.0,,,13746771546.0,109041000.0,0.0,-106898000.0,1495224000.0,-20733000.0,4115117000.0,-4751695000.0,-4667934000.0,745619000.0,0.0,439229000.0,439229000.0,439229000.0,0.0,0.0,0.12,2952326000.0,699820000.0,0.0,0.048,7.743,31.298,31.417,560974000.0,0.0,70.06,3.764,3.764,1403377000.0,1348081000.0,3652146000.0,3652146000.0,0.0,0.031,0.271,0.034,0.192,17488000.0,2427056000.0,1.0,196214267.0,196214267.0,,18.613,16378825000.0,0.0,260591000.0,0.0,83.474,
84,COF,MRT,2000-06-30,2000-06-30,2000-06-30,2021-08-02,-33823000.0,15126891000.0,13090325250.0,,,0.261,8.403,-308334000.0,189225000.0,189225000.0,0.0,412468000.0,,8.192,6949444000.0,,,6949444000.0,0.0,152172000.0,5288927000.0,0.002,0.107,656657000.0,808829000.0,0.237,808829000.0,656657000.0,656657000.0,2.09,1.96,2.09,1645576000.0,1537361250.0,1645576000.0,14315872896.0,22.0,17.7,650428000.0,3.322,1.0,3419447000.0,1.0,0.0,0.0,21887110000.0,19161013500.0,0.0,12483550000.0,,,13481315000.0,,,8739533896.0,91027000.0,0.0,-112231000.0,954398000.0,-20662000.0,3695499000.0,-4563234000.0,-4430417000.0,958762000.0,0.0,412468000.0,412468000.0,412468000.0,0.0,0.0,0.121,2762790000.0,656657000.0,0.0,0.051,5.311,21.188,21.354,545262000.0,0.0,44.63,2.556,2.556,1302424000.0,1231193000.0,3419447000.0,3419447000.0,0.0,0.032,0.268,0.034,0.192,7947000.0,2264746000.0,1.0,195821956.0,195821956.0,,17.462,15126891000.0,0.0,244189000.0,0.0,77.248,
85,COF,MRT,2000-03-31,2000-03-31,2000-03-31,2021-08-02,-31802000.0,12525058000.0,11953758500.0,,,0.271,7.874,-355013000.0,198575000.0,198575000.0,0.0,387421000.0,,7.075,5774914000.0,,,5774914000.0,0.0,190183000.0,4096241000.0,0.002,0.107,616260000.0,806443000.0,0.249,806443000.0,616260000.0,616260000.0,1.96,1.83,1.96,1551081000.0,1476701250.0,1551081000.0,16158138643.0,26.0,20.036,831530000.0,4.221,1.0,3242923000.0,1.0,0.0,0.0,18101397000.0,17783880000.0,0.0,10596525000.0,,,10973977000.0,,,9443621643.0,151258000.0,0.0,-112589000.0,-105486000.0,-20669000.0,1653335000.0,-2688620000.0,-2527322000.0,1186543000.0,0.0,387421000.0,387421000.0,387421000.0,0.0,0.0,0.119,2626663000.0,616260000.0,0.0,0.055,6.088,24.376,24.459,501238000.0,0.0,47.94,2.912,2.912,666972000.0,1123823000.0,3242923000.0,3242923000.0,0.0,0.032,0.262,0.035,0.19,30472000.0,2152083000.0,1.0,196988353.0,196988353.0,,16.463,12525058000.0,0.0,228839000.0,0.0,63.583,
86,COF,MRT,1999-12-31,1999-12-31,1999-12-31,2021-08-02,-31262000.0,13336443000.0,11360400750.0,,,0.268,7.686,-350987000.0,246497000.0,246497000.0,0.0,363091000.0,,7.799,6961014000.0,,,6961014000.0,0.0,172623000.0,3783809000.0,0.002,0.107,577017000.0,749640000.0,0.246,749640000.0,577017000.0,577017000.0,1.84,1.72,1.84,1515607000.0,1418734000.0,1515607000.0,14733792224.0,26.0,19.654,922348000.0,4.678,1.0,3042013000.0,1.0,0.0,0.0,20050960000.0,17229980500.0,0.0,11427970000.0,,,11820836000.0,,,9502114224.0,-53670000.0,0.0,-56036000.0,1478430000.0,-20653000.0,3185571000.0,-4512576000.0,-4286262000.0,1273335000.0,0.0,363091000.0,363091000.0,363091000.0,0.0,0.0,0.119,2464996000.0,577017000.0,0.0,0.058,6.27,26.17,26.19,470732000.0,0.0,48.19,3.124,3.124,661922000.0,1022296000.0,3042013000.0,3042013000.0,0.0,0.032,0.256,0.033,0.19,49236000.0,2030893000.0,1.0,197180208.0,197180208.0,,15.428,13336443000.0,0.0,213926000.0,0.0,67.636,
87,COF,MRT,1999-09-30,1999-09-30,1999-09-30,2021-08-02,-32232000.0,11372909000.0,10381140750.0,,,0.269,7.278,-308011000.0,113427000.0,113427000.0,0.0,337888000.0,,6.845,5345105000.0,,,5345105000.0,0.0,152855000.0,3576400000.0,0.003,0.107,544981000.0,697836000.0,0.25,697836000.0,544981000.0,544981000.0,1.71,1.6,1.71,1437181000.0,1357433750.0,1437181000.0,13499708387.0,25.0,19.345,969078000.0,4.907,1.0,2789132000.0,1.0,0.0,0.0,16604587000.0,15867447750.0,0.0,9688819000.0,,,9837615000.0,,,7701756387.0,-299540000.0,0.0,-58984000.0,175458000.0,-20654000.0,2073885000.0,-3650514000.0,-3450376000.0,1277089000.0,0.0,337888000.0,337888000.0,337888000.0,0.0,0.0,0.121,2244151000.0,544981000.0,0.0,0.063,5.359,22.794,22.807,429504000.0,0.0,39.0,2.761,2.761,614962000.0,929585000.0,2789132000.0,2789132000.0,0.0,0.033,0.249,0.034,0.195,54242000.0,1855661000.0,1.0,197480933.0,197480933.0,,14.124,11372909000.0,0.0,207093000.0,0.0,57.59,
88,COF,MRT,1999-06-30,1999-06-30,1999-06-30,2021-08-02,12718000.0,10580624000.0,9683107500.0,,,0.258,7.103,-249241000.0,98198000.0,98198000.0,0.0,312532000.0,,6.472,5896150000.0,,,5896150000.0,0.0,133533000.0,2414933000.0,0.002,0.107,504084000.0,637617000.0,0.255,637617000.0,504084000.0,504084000.0,1.59,1.48,1.59,1402936000.0,1290420500.0,1402936000.0,16733512977.0,33.0,26.244,695263000.0,3.52,1.0,2502341000.0,1.0,0.0,0.0,16378576000.0,15050484250.0,0.0,8776396000.0,,,9079640000.0,,,10999340977.0,58809000.0,0.0,-100624000.0,1013756000.0,-20650000.0,2020013000.0,-2905708000.0,-2750790000.0,944504000.0,0.0,312532000.0,312532000.0,312532000.0,0.0,0.0,0.125,1998257000.0,504084000.0,0.0,0.067,7.84,35.194,35.025,347168000.0,0.0,55.69,4.396,4.396,886680000.0,839387000.0,2502341000.0,2502341000.0,0.0,0.032,0.242,0.033,0.201,59915000.0,1665036000.0,1.0,197510163.0,197510163.0,,12.669,10580624000.0,0.0,191552000.0,0.0,53.57,
89,COF,MRT,1999-03-31,1999-03-31,1999-03-31,2021-08-02,22554000.0,10151627000.0,8950811000.0,,,0.245,6.677,-199877000.0,47317000.0,47317000.0,0.0,291907000.0,,6.621,5781489000.0,,,5781489000.0,0.0,127769000.0,2204162000.0,0.002,0.107,470818000.0,598587000.0,0.273,598587000.0,470818000.0,470818000.0,1.49,1.39,1.49,1319212000.0,1206976750.0,1319212000.0,15027707848.0,32.0,25.105,716851000.0,3.628,1.0,2194774000.0,1.0,0.0,0.0,15885799000.0,14026073500.0,0.0,8765245000.0,,,8734431000.0,,,9944202848.0,-94743000.0,0.0,-91982000.0,1179587000.0,-20606000.0,2110311000.0,-3121782000.0,-3003838000.0,916728000.0,0.0,291907000.0,291907000.0,291907000.0,0.0,0.0,0.133,1723956000.0,470818000.0,0.0,0.072,7.538,34.066,33.781,283159000.0,0.0,50.333,4.531,4.531,637563000.0,757071000.0,2194774000.0,2194774000.0,0.0,0.033,0.242,0.034,0.215,58950000.0,1448708000.0,1.0,197566944.0,197566944.0,,11.109,10151627000.0,0.0,178911000.0,0.0,51.383,
90,COF,MRT,1998-12-31,1998-12-31,1998-12-31,2021-08-02,60655000.0,9419403000.0,8218879750.0,,,0.232,6.456,-153024000.0,300167000.0,300167000.0,0.0,275231000.0,,6.414,5481593000.0,,,5481593000.0,0.0,108173000.0,1999979000.0,0.003,0.107,443921000.0,552094000.0,0.289,552094000.0,443921000.0,443921000.0,1.4,1.32,1.4,1270406000.0,1124052500.0,1270406000.0,12299219160.0,28.0,22.277,627534000.0,3.189,1.0,1908507000.0,1.0,0.0,0.0,14600829000.0,12872031750.0,0.0,7722898000.0,,,8148997000.0,,,7543262160.0,62444000.0,0.0,-78900000.0,840826000.0,-20533000.0,1427718000.0,-2145832000.0,-2060572000.0,780558000.0,0.0,275231000.0,275231000.0,275231000.0,0.0,0.0,0.144,1464586000.0,443921000.0,0.0,0.076,5.938,27.407,27.381,242147000.0,0.0,38.333,3.952,3.952,833143000.0,679838000.0,1908507000.0,1908507000.0,0.0,0.033,0.245,0.034,0.233,70056000.0,1230311000.0,1.0,196780752.0,196780752.0,,9.699,9419403000.0,0.0,168690000.0,0.0,47.868,
91,COF,MRT,1998-09-30,1998-09-30,1998-09-30,2021-08-02,31524000.0,8580776000.0,7633598750.0,,,0.217,5.898,-124518000.0,412967000.0,412967000.0,0.0,260779000.0,,6.256,5168924000.0,,,5168924000.0,0.0,123322000.0,1598335000.0,0.003,0.107,420610000.0,543932000.0,0.328,543932000.0,420610000.0,420610000.0,1.333,1.253,1.333,1169128000.0,1029765750.0,1169128000.0,11441755742.0,27.0,21.035,339466000.0,1.713,1.0,1660227000.0,1.0,0.0,0.0,13336733000.0,11964186000.0,0.0,6732957000.0,,,7313792000.0,,,6812260742.0,180353000.0,0.0,-69756000.0,1223291000.0,-20497000.0,1583931000.0,-1867562000.0,-1798823000.0,463984000.0,0.0,260779000.0,260779000.0,260779000.0,0.0,0.0,0.157,1239617000.0,420610000.0,0.0,0.08,5.827,26.123,25.781,228550000.0,0.0,34.367,4.103,4.103,921602000.0,612331000.0,1660227000.0,1660227000.0,0.0,0.034,0.253,0.035,0.253,72798000.0,1048748000.0,1.0,198222912.0,198222912.0,,8.376,8580776000.0,0.0,159831000.0,0.0,43.289,
92,COF,MRT,1998-06-30,1998-06-30,1998-06-30,2021-08-02,3421000.0,7651438000.0,,,,,5.434,-81896000.0,39389000.0,39389000.0,0.0,240103000.0,,6.065,4668884000.0,,,4668884000.0,0.0,99679000.0,1387398000.0,0.003,0.107,387263000.0,486942000.0,0.331,486942000.0,387263000.0,387263000.0,1.223,1.167,1.223,1069161000.0,,1069161000.0,12191078239.0,31.0,25.036,558997000.0,2.841,1.0,1469356000.0,1.0,0.0,0.0,12280933000.0,,0.0,6358431000.0,,,6484486000.0,,,8145348239.0,-413671000.0,0.0,-49676000.0,803007000.0,-20515000.0,1052989000.0,-2107553000.0,-2072007000.0,640893000.0,0.0,240103000.0,240103000.0,240103000.0,0.0,0.0,0.163,1082093000.0,387263000.0,0.0,0.087,7.618,33.924,33.851,188727000.0,0.0,41.4,5.543,5.543,836274000.0,547485000.0,1469356000.0,1469356000.0,0.0,,,,0.264,74875000.0,919063000.0,1.0,196747542.0,196747542.0,,7.468,7651438000.0,0.0,147160000.0,0.0,38.89,
93,COF,MRT,1998-03-31,1998-03-31,1998-03-31,2021-08-02,2325000.0,7223902000.0,,,,,5.029,-51808000.0,142060000.0,142060000.0,0.0,212602000.0,,6.216,4187790000.0,,,4187790000.0,0.0,77847000.0,1460846000.0,0.004,0.107,342905000.0,420752000.0,0.325,420752000.0,342905000.0,342905000.0,1.08,1.04,1.08,987515000.0,,987515000.0,9054148072.0,26.0,21.519,352518000.0,1.795,1.0,1295217000.0,1.0,0.0,0.0,11269632000.0,,0.0,6048584000.0,,,6138660000.0,,,5162981072.0,-534891000.0,0.0,-41783000.0,461229000.0,-20566000.0,720583000.0,-1659800000.0,-1641729000.0,404326000.0,0.0,212602000.0,212602000.0,212602000.0,0.0,0.0,0.164,952312000.0,342905000.0,0.0,0.099,5.228,24.285,24.346,163757000.0,0.0,26.293,3.986,3.986,696599000.0,485750000.0,1295217000.0,1295217000.0,0.0,,,,0.265,54032000.0,805922000.0,1.0,196360842.0,196360842.0,,6.596,7223902000.0,0.0,130303000.0,0.0,36.789,
94,COF,MRT,1997-12-31,1997-12-31,1997-12-31,2021-08-02,2539000.0,7078279000.0,6772862000.0,,,0.175,4.549,-51602000.0,237723000.0,237723000.0,0.0,189381000.0,,6.815,4128890000.0,,,4128890000.0,0.0,72674000.0,1613650000.0,0.006,0.107,305453000.0,378127000.0,0.32,378127000.0,305453000.0,305453000.0,0.96,0.93,0.96,893259000.0,816825000.0,893259000.0,,,,474650000.0,2.417,1.0,1182429000.0,1.0,0.0,0.0,10969446000.0,10566567500.0,0.0,5921357000.0,,,6087356000.0,,,3546931343.0,-291253000.0,0.0,-41723000.0,1098000.0,-20638000.0,309369000.0,-1126874000.0,-1102734000.0,526252000.0,0.0,189381000.0,189381000.0,189381000.0,0.0,0.0,0.16,876976000.0,305453000.0,0.0,0.111,3.971,18.729,18.816,162726000.0,0.0,18.063,3.0,3.0,588781000.0,425140000.0,1182429000.0,1182429000.0,0.0,0.028,0.232,0.029,0.258,24878000.0,732698000.0,1.0,196360842.0,196360842.0,,6.022,7078279000.0,0.0,116072000.0,0.0,36.047,
95,COF,MRT,1997-09-30,1997-09-30,1997-09-30,2021-08-02,,,,,,,,,,,,,,,,,,,,,,0.007,0.107,,,,,,,,,,,,,,,,,,1.0,,,,,,,,,,,,,,,,,,,,,,,,,,,,,,,,,,,,,,,,15.25,,,,,,,,,,,,,,1.0,,,,,,,,,,
96,COF,MRT,1997-06-30,1997-06-30,1997-06-30,2021-08-02,,,,,,,,,,,,,,,,,,,,,,0.009,0.107,,,,,,,,,,,,,,,,,,1.0,,,,,,,,,,,,,,,,,,,,,,,,,,,,,,,,,,,,,,,,12.583,,,,,,,,,,,,,,1.0,,,,,,,,,,
97,COF,MRT,1997-03-31,1997-03-31,1997-03-31,2021-08-02,,,,,,,,,,,,,,,,,,,,,,0.009,0.107,,,,,,,,,,,,,,,,,,1.0,,,,,,,,,,,,,,,,,,,,,,,,,,,,,,,,,,,,,,,,12.417,,,,,,,,,,,,,,1.0,,,,,,,,,,
98,COF,MRT,1996-12-31,1996-12-31,1996-12-31,2021-08-02,0.0,6467445000.0,,,,,,-74871000.0,528976000.0,528976000.0,0.0,155267000.0,,7.735,4225220000.0,,,4225220000.0,0.0,61235000.0,1243018000.0,0.009,0.107,248480000.0,309715000.0,0.322,309715000.0,248480000.0,248480000.0,0.78,0.773,0.78,740391000.0,,740391000.0,,,,215656000.0,,1.0,961662000.0,1.0,0.0,0.0,10163689000.0,,0.0,5103253000.0,,,5727054000.0,,,,-343484000.0,0.0,3295000.0,1223544000.0,-20573000.0,1453251000.0,-2087262000.0,-2025691000.0,290527000.0,0.0,155267000.0,155267000.0,155267000.0,0.0,0.0,0.161,713182000.0,248480000.0,0.0,0.137,,,15.385,174661000.0,0.0,12.0,,,502520000.0,258345000.0,961662000.0,961662000.0,0.0,,,,0.258,7921000.0,580999000.0,1.0,,,,,6467445000.0,0.0,93213000.0,0.0,,
99,COF,MRT,1995-12-31,1995-12-31,1995-12-31,2021-08-02,,,,,,,,-61623000.0,,,0.0,126511000.0,,,,,,,,33424000.0,,0.01,0.08,197731000.0,231155000.0,0.333,231155000.0,197731000.0,197731000.0,0.643,0.637,0.643,,,,,,,53006000.0,,1.0,695161000.0,1.0,,0.0,,,,,,,,,,,465580000.0,0.0,1389000.0,1238984000.0,-15883000.0,1468326000.0,-1117375000.0,-1069105000.0,114629000.0,0.0,126511000.0,126511000.0,126511000.0,0.0,0.0,0.182,497430000.0,197731000.0,,0.124,,,12.379,,0.0,7.96,,,,,695161000.0,695161000.0,0.0,,,,0.284,4020000.0,399887000.0,1.0,,,,,,,71220000.0,,,
