None,ticker,dimension,calendardate,datekey,reportperiod,lastupdated,accoci,assets,assetsavg,assetsc,assetsnc,assetturnover,bvps,capex,cashneq,cashnequsd,cor,consolinc,currentratio,de,debt,debtc,debtnc,debtusd,deferredrev,depamor,deposits,divyield,dps,ebit,ebitda,ebitdamargin,ebitdausd,ebitusd,ebt,eps,epsdil,epsusd,equity,equityavg,equityusd,ev,evebit,evebitda,fcf,fcfps,fxusd,gp,grossmargin,intangibles,intexp,invcap,invcapavg,inventory,investments,investmentsc,investmentsnc,liabilities,liabilitiesc,liabilitiesnc,marketcap,ncf,ncfbus,ncfcommon,ncfdebt,ncfdiv,ncff,ncfi,ncfinv,ncfo,ncfx,netinc,netinccmn,netinccmnusd,netincdis,netincnci,netmargin,opex,opinc,payables,payoutratio,pb,pe,pe1,ppnenet,prefdivis,price,ps,ps1,receivables,retearn,revenue,revenueusd,rnd,roa,roe,roic,ros,sbcomp,sgna,sharefactor,sharesbas,shareswa,shareswadil,sps,tangibles,taxassets,taxexp,taxliabilities,tbvps,workingcapital
0,WMT,MRY,2020-12-31,2021-01-31,2021-01-31,2021-09-02,-11766000000.0,252496000000.0,243408250000.0,90067000000.0,162429000000.0,2.297,28.585,-10049000000.0,17741000000.0,17741000000.0,420315000000.0,13706000000.0,0.972,2.038,63246000000.0,5296000000.0,57950000000.0,63246000000.0,0.0,11152000000.0,0.0,0.015,2.16,22683000000.0,33835000000.0,0.061,33835000000.0,22683000000.0,20368000000.0,4.77,4.75,4.77,80925000000.0,76476500000.0,80925000000.0,451639379744.0,20.0,13.348,26025000000.0,9.193,1.0,138836000000.0,0.248,28983000000.0,2315000000.0,176373000000.0,180708500000.0,44949000000.0,0.0,0.0,0.0,164965000000.0,92645000000.0,72320000000.0,397486379744.0,10121000000.0,-124000000.0,-2625000000.0,-5706000000.0,-6116000000.0,-16117000000.0,-10071000000.0,0.0,36074000000.0,235000000.0,13510000000.0,13510000000.0,13510000000.0,0.0,196000000.0,0.024,116288000000.0,22548000000.0,49141000000.0,0.453,4.912,29.422,29.453,109848000000.0,0.0,140.49,0.711,0.711,6516000000.0,88763000000.0,559151000000.0,559151000000.0,0.0,0.056,0.177,0.126,0.041,0.0,116288000000.0,1.0,2829285926.0,2831000000.0,2847000000.0,197.51,223513000000.0,0.0,6858000000.0,14612000000.0,78.952,-2578000000.0
1,WMT,MRY,2019-12-31,2020-01-31,2020-01-31,2021-09-02,-12805000000.0,236495000000.0,236432500000.0,61806000000.0,174689000000.0,2.216,26.2,-10384000000.0,9465000000.0,9465000000.0,394605000000.0,15201000000.0,0.795,2.075,72433000000.0,8241000000.0,64192000000.0,72433000000.0,0.0,10987000000.0,0.0,0.019,2.12,22395000000.0,33382000000.0,0.064,33382000000.0,22395000000.0,19796000000.0,5.22,5.19,5.22,74669000000.0,71212500000.0,74669000000.0,392170158423.0,18.0,11.748,14871000000.0,5.218,1.0,129359000000.0,0.247,31073000000.0,2599000000.0,190600000000.0,190309000000.0,44435000000.0,0.0,0.0,0.0,154943000000.0,77790000000.0,77153000000.0,324828158423.0,1759000000.0,777000000.0,-5717000000.0,-1071000000.0,-6048000000.0,-14299000000.0,-9128000000.0,0.0,25255000000.0,-69000000.0,14881000000.0,14881000000.0,14881000000.0,0.0,320000000.0,0.028,108791000000.0,20568000000.0,46973000000.0,0.406,4.35,21.828,21.933,127049000000.0,0.0,114.49,0.62,0.623,6284000000.0,83943000000.0,523964000000.0,523964000000.0,0.0,0.063,0.209,0.118,0.043,0.0,108791000000.0,1.0,2837174936.0,2850000000.0,2868000000.0,183.847,205422000000.0,0.0,4915000000.0,13241000000.0,72.078,-15984000000.0
2,WMT,MRY,2018-12-31,2019-01-31,2019-01-31,2021-09-02,-11542000000.0,219295000000.0,214216750000.0,61897000000.0,157398000000.0,2.401,24.751,-9825000000.0,7722000000.0,7722000000.0,385301000000.0,7179000000.0,0.799,1.926,58033000000.0,7830000000.0,50203000000.0,58033000000.0,0.0,10678000000.0,0.0,0.022,2.08,13297000000.0,23975000000.0,0.047,23975000000.0,13297000000.0,10951000000.0,2.28,2.26,2.28,72496000000.0,72807250000.0,72496000000.0,330228071454.0,25.0,13.774,17928000000.0,6.121,1.0,129104000000.0,0.251,31181000000.0,2346000000.0,160948000000.0,155206500000.0,44269000000.0,0.0,0.0,0.0,139661000000.0,77477000000.0,62184000000.0,278411071454.0,742000000.0,-13780000000.0,-7410000000.0,12035000000.0,-6102000000.0,-2537000000.0,-24036000000.0,0.0,27753000000.0,-438000000.0,6670000000.0,6670000000.0,6670000000.0,0.0,509000000.0,0.013,107147000000.0,21957000000.0,47060000000.0,0.912,3.84,41.741,42.031,111395000000.0,0.0,95.83,0.541,0.546,6283000000.0,80785000000.0,514405000000.0,514405000000.0,0.0,0.031,0.092,0.086,0.026,0.0,107147000000.0,1.0,2905260059.0,2929000000.0,2945000000.0,175.625,188114000000.0,0.0,4281000000.0,12409000000.0,64.225,-15580000000.0
3,WMT,MRY,2017-12-31,2018-01-31,2018-01-31,2021-09-02,-10181000000.0,204522000000.0,203805000000.0,59664000000.0,144858000000.0,2.455,26.0,-9673000000.0,6756000000.0,6756000000.0,373396000000.0,10523000000.0,0.76,1.589,46487000000.0,9662000000.0,36825000000.0,46487000000.0,0.0,10529000000.0,0.0,0.019,2.04,16792000000.0,27321000000.0,0.055,27321000000.0,16792000000.0,14462000000.0,3.29,3.28,3.29,77869000000.0,76023500000.0,77869000000.0,358690862037.0,21.0,13.129,18664000000.0,6.232,1.0,126947000000.0,0.254,18242000000.0,2330000000.0,147490000000.0,150240000000.0,43783000000.0,0.0,0.0,0.0,123700000000.0,78521000000.0,45179000000.0,315789862037.0,-130000000.0,671000000.0,-8296000000.0,-4496000000.0,-6124000000.0,-19875000000.0,-9079000000.0,0.0,28337000000.0,487000000.0,9862000000.0,9862000000.0,9862000000.0,0.0,661000000.0,0.02,106510000000.0,20437000000.0,46092000000.0,0.62,4.055,32.021,32.401,114818000000.0,0.0,106.6,0.631,0.638,5614000000.0,85107000000.0,500343000000.0,500343000000.0,0.0,0.048,0.13,0.112,0.034,0.0,106510000000.0,1.0,2962381445.0,2995000000.0,3010000000.0,167.059,186280000000.0,0.0,4600000000.0,8999000000.0,62.197,-18857000000.0
4,WMT,MRY,2016-12-31,2017-01-31,2017-01-31,2021-09-02,-14232000000.0,198825000000.0,200568250000.0,57689000000.0,141136000000.0,2.422,25.088,-10163000000.0,6867000000.0,6867000000.0,361256000000.0,14293000000.0,0.862,1.52,45938000000.0,3920000000.0,42018000000.0,45938000000.0,0.0,10080000000.0,0.0,0.03,2.0,22214000000.0,32294000000.0,0.066,32294000000.0,22214000000.0,19847000000.0,4.4,4.38,4.4,77798000000.0,76799750000.0,77798000000.0,249170721022.0,11.0,7.716,21510000000.0,6.936,1.0,124617000000.0,0.256,17037000000.0,2367000000.0,153931000000.0,155067250000.0,43046000000.0,0.0,0.0,0.0,118290000000.0,66928000000.0,51362000000.0,205104721022.0,-1747000000.0,-1801000000.0,-8298000000.0,-3591000000.0,-6216000000.0,-19072000000.0,-13896000000.0,-1901000000.0,31673000000.0,-452000000.0,13643000000.0,13643000000.0,13643000000.0,0.0,650000000.0,0.028,101853000000.0,22764000000.0,41433000000.0,0.455,2.636,15.034,15.168,114178000000.0,0.0,66.74,0.422,0.426,5835000000.0,89354000000.0,485873000000.0,485873000000.0,0.0,0.068,0.178,0.143,0.046,0.0,101853000000.0,1.0,3073190306.0,3101000000.0,3112000000.0,156.683,181788000000.0,0.0,6204000000.0,10265000000.0,58.622,-9239000000.0
5,WMT,MRY,2015-12-31,2016-01-31,2016-01-31,2021-09-02,-11597000000.0,199581000000.0,201023000000.0,60239000000.0,139342000000.0,2.398,25.116,-10842000000.0,8705000000.0,8705000000.0,360984000000.0,15080000000.0,0.932,1.44,50034000000.0,6004000000.0,44030000000.0,50034000000.0,0.0,9454000000.0,0.0,0.03,1.96,23800000000.0,33254000000.0,0.069,33254000000.0,23800000000.0,21252000000.0,4.58,4.57,4.58,80546000000.0,78890500000.0,80546000000.0,257949635008.0,11.0,7.757,16710000000.0,5.21,1.0,121146000000.0,0.251,16695000000.0,2548000000.0,159596000000.0,159399000000.0,44469000000.0,0.0,0.0,0.0,115970000000.0,64619000000.0,51351000000.0,212477635008.0,-430000000.0,246000000.0,-4112000000.0,-3158000000.0,-6294000000.0,-16285000000.0,-10675000000.0,0.0,27552000000.0,-1022000000.0,14694000000.0,14694000000.0,14694000000.0,0.0,386000000.0,0.03,97041000000.0,24105000000.0,38487000000.0,0.428,2.638,14.46,14.489,116516000000.0,0.0,66.36,0.441,0.441,5624000000.0,90021000000.0,482130000000.0,482130000000.0,0.0,0.073,0.186,0.149,0.049,0.0,97041000000.0,1.0,3201893234.0,3207000000.0,3217000000.0,150.337,182886000000.0,0.0,6558000000.0,7842000000.0,57.027,-4380000000.0
6,WMT,MRY,2014-12-31,2015-01-31,2015-01-31,2021-09-02,-7168000000.0,203490000000.0,204359250000.0,63278000000.0,140212000000.0,2.376,25.199,-11604000000.0,9135000000.0,9135000000.0,365086000000.0,17099000000.0,0.97,1.444,50165000000.0,6670000000.0,43495000000.0,50165000000.0,0.0,9173000000.0,0.0,0.023,1.92,26809000000.0,35982000000.0,0.074,35982000000.0,26809000000.0,24348000000.0,5.07,5.05,5.07,81394000000.0,77834250000.0,81394000000.0,322870677277.0,12.0,8.973,16960000000.0,5.251,1.0,120565000000.0,0.248,18102000000.0,2461000000.0,161165000000.0,164043250000.0,45141000000.0,0.0,0.0,0.0,117553000000.0,65253000000.0,52300000000.0,273906677277.0,1854000000.0,671000000.0,-1015000000.0,-5018000000.0,-6185000000.0,-15071000000.0,-11125000000.0,0.0,28564000000.0,-514000000.0,16363000000.0,16363000000.0,16363000000.0,-285000000.0,736000000.0,0.034,93418000000.0,27147000000.0,38410000000.0,0.379,3.365,16.739,16.761,116655000000.0,0.0,84.98,0.564,0.565,6778000000.0,85777000000.0,485651000000.0,485651000000.0,0.0,0.08,0.21,0.163,0.055,0.0,93418000000.0,1.0,3223189895.0,3230000000.0,3243000000.0,150.356,185388000000.0,0.0,7985000000.0,9826000000.0,57.396,-1975000000.0
7,WMT,MRY,2013-12-31,2014-01-31,2014-01-31,2021-09-02,-2996000000.0,204751000000.0,204445750000.0,61185000000.0,143566000000.0,2.33,23.327,-12388000000.0,7281000000.0,7281000000.0,358069000000.0,16695000000.0,0.882,1.618,56641000000.0,12082000000.0,44559000000.0,56641000000.0,0.0,8870000000.0,0.0,0.025,1.88,26462000000.0,35332000000.0,0.074,35332000000.0,26462000000.0,24127000000.0,4.9,4.88,4.9,76255000000.0,72889500000.0,76255000000.0,294733485072.0,11.0,8.342,10869000000.0,3.325,1.0,118225000000.0,0.248,19510000000.0,2335000000.0,165256000000.0,161570500000.0,44858000000.0,0.0,0.0,0.0,123412000000.0,69345000000.0,54067000000.0,241647485072.0,-500000000.0,0.0,-6683000000.0,3015000000.0,-6139000000.0,-10789000000.0,-12526000000.0,0.0,23257000000.0,-442000000.0,16022000000.0,16022000000.0,16022000000.0,-144000000.0,673000000.0,0.034,91353000000.0,26872000000.0,37415000000.0,0.384,3.169,15.082,15.241,117907000000.0,0.0,74.68,0.507,0.513,6677000000.0,76566000000.0,476294000000.0,476294000000.0,0.0,0.078,0.22,0.164,0.056,0.0,91353000000.0,1.0,3235772430.0,3269000000.0,3283000000.0,145.7,185241000000.0,0.0,8105000000.0,8983000000.0,56.666,-8160000000.0
8,WMT,MRY,2012-12-31,2013-01-31,2013-01-31,2021-09-02,-587000000.0,203105000000.0,200421000000.0,59940000000.0,143165000000.0,2.338,22.627,-12366000000.0,7781000000.0,7781000000.0,352297000000.0,17756000000.0,0.835,1.59,54136000000.0,12719000000.0,41417000000.0,54136000000.0,0.0,8478000000.0,0.0,0.023,1.59,27206000000.0,35684000000.0,0.076,35684000000.0,27206000000.0,24957000000.0,5.04,5.02,5.04,76343000000.0,72369000000.0,76343000000.0,282813387258.0,10.0,7.925,13225000000.0,3.92,1.0,116354000000.0,0.248,20497000000.0,2249000000.0,157145000000.0,155485250000.0,43803000000.0,0.0,0.0,0.0,121367000000.0,71818000000.0,49549000000.0,233999387258.0,1231000000.0,0.0,-7600000000.0,1487000000.0,-5361000000.0,-11946000000.0,-12637000000.0,0.0,25591000000.0,223000000.0,16999000000.0,16999000000.0,16999000000.0,-52000000.0,757000000.0,0.036,88629000000.0,27725000000.0,38080000000.0,0.315,3.065,13.765,13.879,116681000000.0,0.0,69.95,0.499,0.504,6768000000.0,72978000000.0,468651000000.0,468651000000.0,0.0,0.085,0.235,0.175,0.058,0.0,88629000000.0,1.0,3345237845.0,3374000000.0,3389000000.0,138.901,182608000000.0,0.0,7958000000.0,9824000000.0,54.122,-11878000000.0
9,WMT,MRY,2011-12-31,2012-01-31,2012-01-31,2021-09-02,-1410000000.0,193406000000.0,192186750000.0,54975000000.0,138431000000.0,2.323,20.611,-12930000000.0,6550000000.0,6550000000.0,334993000000.0,16387000000.0,0.882,1.65,53427000000.0,6348000000.0,47079000000.0,53427000000.0,0.0,8106000000.0,0.0,0.024,1.46,25943000000.0,34049000000.0,0.076,34049000000.0,25943000000.0,23623000000.0,4.54,4.52,4.54,71315000000.0,67856250000.0,71315000000.0,262312430378.0,10.0,7.704,11325000000.0,3.273,1.0,111516000000.0,0.25,20651000000.0,2320000000.0,157332000000.0,156664250000.0,40714000000.0,0.0,0.0,0.0,117645000000.0,62300000000.0,55345000000.0,210139430378.0,-845000000.0,-3548000000.0,-6298000000.0,3485000000.0,-5048000000.0,-8458000000.0,-16609000000.0,0.0,24255000000.0,-33000000.0,15699000000.0,15699000000.0,15699000000.0,21000000.0,688000000.0,0.035,85025000000.0,26491000000.0,36608000000.0,0.322,2.947,13.386,13.515,112324000000.0,0.0,61.36,0.471,0.475,5937000000.0,68691000000.0,446509000000.0,446509000000.0,0.0,0.082,0.231,0.166,0.058,0.0,85025000000.0,1.0,3424697366.0,3460000000.0,3474000000.0,129.049,172755000000.0,0.0,7924000000.0,9026000000.0,49.929,-7325000000.0
10,WMT,MRY,2010-12-31,2011-01-31,2011-01-31,2021-09-02,646000000.0,180782000000.0,179664750000.0,52012000000.0,128770000000.0,2.348,18.748,-12210000000.0,7395000000.0,7395000000.0,314946000000.0,16993000000.0,0.888,1.598,49864000000.0,6022000000.0,43842000000.0,49864000000.0,0.0,7641000000.0,0.0,0.022,1.21,26173000000.0,33814000000.0,0.08,33814000000.0,26173000000.0,23968000000.0,4.48,4.47,4.48,68542000000.0,66184000000.0,68542000000.0,245899020065.0,9.0,7.272,11433000000.0,3.127,1.0,106903000000.0,0.253,16763000000.0,2205000000.0,147885000000.0,140607250000.0,36437000000.0,0.0,0.0,0.0,109535000000.0,58603000000.0,50932000000.0,199721020065.0,-512000000.0,-202000000.0,-14776000000.0,7819000000.0,-4437000000.0,-12028000000.0,-12193000000.0,0.0,23643000000.0,66000000.0,16389000000.0,16389000000.0,16389000000.0,-1034000000.0,604000000.0,0.039,81361000000.0,25542000000.0,33676000000.0,0.27,2.914,12.186,12.516,107878000000.0,0.0,56.07,0.473,0.486,5089000000.0,63967000000.0,421849000000.0,421849000000.0,0.0,0.091,0.248,0.186,0.062,0.0,81361000000.0,1.0,3561994294.0,3656000000.0,3670000000.0,115.385,164019000000.0,0.0,7579000000.0,6839000000.0,44.863,-6591000000.0
11,WMT,MRY,2009-12-31,2010-01-31,2010-01-31,2021-09-02,-70000000.0,170407000000.0,168402000000.0,48032000000.0,122375000000.0,2.423,18.228,-11182000000.0,7907000000.0,7907000000.0,304106000000.0,14883000000.0,0.865,1.387,41320000000.0,4919000000.0,36401000000.0,41320000000.0,0.0,7157000000.0,0.0,0.02,1.09,23591000000.0,30748000000.0,0.075,30748000000.0,23591000000.0,21526000000.0,3.72,3.71,3.72,70468000000.0,66668500000.0,70468000000.0,244927488197.0,10.0,7.966,15067000000.0,3.897,1.0,103979000000.0,0.255,16126000000.0,2065000000.0,132151000000.0,132654250000.0,32713000000.0,0.0,0.0,0.0,97759000000.0,55543000000.0,42216000000.0,203577488197.0,632000000.0,0.0,-7276000000.0,-1866000000.0,-4217000000.0,-14191000000.0,-11620000000.0,0.0,26249000000.0,194000000.0,14370000000.0,14370000000.0,14370000000.0,79000000.0,513000000.0,0.035,79977000000.0,24002000000.0,30451000000.0,0.293,2.889,14.167,14.363,102307000000.0,0.0,53.43,0.499,0.506,4144000000.0,66357000000.0,408085000000.0,408085000000.0,0.0,0.085,0.216,0.178,0.058,0.0,79977000000.0,1.0,3810171967.0,3866000000.0,3877000000.0,105.557,154281000000.0,0.0,7156000000.0,6855000000.0,39.907,-7511000000.0
12,WMT,MRY,2008-12-31,2009-01-31,2009-01-31,2021-09-02,-2688000000.0,163429000000.0,166412500000.0,48949000000.0,114480000000.0,2.429,16.574,-10785000000.0,7275000000.0,7275000000.0,303941000000.0,13880000000.0,0.884,1.476,42218000000.0,7669000000.0,34549000000.0,42218000000.0,0.0,6739000000.0,0.0,0.02,0.95,22698000000.0,29437000000.0,0.073,29437000000.0,22698000000.0,20514000000.0,3.4,3.39,3.4,65285000000.0,65211750000.0,65285000000.0,225980666119.0,10.0,7.677,12362000000.0,3.138,1.0,100313000000.0,0.248,15260000000.0,2184000000.0,127722000000.0,130964250000.0,34511000000.0,0.0,0.0,0.0,96350000000.0,55390000000.0,40960000000.0,184830666119.0,1706000000.0,-738000000.0,-3521000000.0,-2918000000.0,-3746000000.0,-9918000000.0,-10742000000.0,0.0,23147000000.0,-781000000.0,13381000000.0,13381000000.0,13381000000.0,-146000000.0,499000000.0,0.033,77546000000.0,22767000000.0,28849000000.0,0.279,2.831,13.813,13.859,95653000000.0,0.0,47.12,0.457,0.459,3905000000.0,63660000000.0,404254000000.0,404254000000.0,0.0,0.08,0.205,0.173,0.056,0.0,77546000000.0,1.0,3922552337.0,3939000000.0,3951000000.0,102.629,148169000000.0,0.0,7133000000.0,6691000000.0,37.616,-6441000000.0
13,WMT,MRY,2007-12-31,2008-01-31,2008-01-31,2021-09-02,3864000000.0,163514000000.0,160386000000.0,48020000000.0,115494000000.0,2.351,15.89,-13980000000.0,5492000000.0,5492000000.0,284137000000.0,13137000000.0,0.821,1.531,44671000000.0,11269000000.0,33402000000.0,44671000000.0,0.0,6317000000.0,0.0,0.017,0.88,21723000000.0,28040000000.0,0.074,28040000000.0,21723000000.0,19620000000.0,3.13,3.13,3.13,64608000000.0,62471750000.0,64608000000.0,245691017692.0,11.0,8.762,6662000000.0,1.638,1.0,92886000000.0,0.246,15879000000.0,2103000000.0,128336000000.0,126465250000.0,35159000000.0,0.0,0.0,0.0,98906000000.0,58478000000.0,40428000000.0,203204017692.0,-2198000000.0,-1595000000.0,-7691000000.0,4477000000.0,-3586000000.0,-7422000000.0,-15670000000.0,0.0,20642000000.0,252000000.0,12731000000.0,12731000000.0,12731000000.0,132000000.0,406000000.0,0.034,70934000000.0,21952000000.0,30344000000.0,0.281,3.145,15.961,16.211,96867000000.0,0.0,50.74,0.539,0.547,3642000000.0,57319000000.0,377023000000.0,377023000000.0,0.0,0.079,0.204,0.172,0.058,0.0,70934000000.0,1.0,4004809178.0,4066000000.0,4072000000.0,92.726,147635000000.0,0.0,6889000000.0,6087000000.0,36.31,-10458000000.0
14,WMT,MRY,2006-12-31,2007-01-31,2007-01-31,2021-09-02,2508000000.0,151587000000.0,146994750000.0,46982000000.0,104605000000.0,2.37,14.787,-15272000000.0,7767000000.0,7767000000.0,263979000000.0,11284000000.0,0.901,1.462,39018000000.0,8283000000.0,30735000000.0,39018000000.0,0.0,5459000000.0,0.0,0.014,0.67,19447000000.0,24906000000.0,0.071,24906000000.0,19447000000.0,17638000000.0,2.71,2.71,2.71,61573000000.0,57505500000.0,61573000000.0,234399135809.0,12.0,9.411,4963000000.0,1.192,1.0,84389000000.0,0.242,13759000000.0,1809000000.0,116931000000.0,113025500000.0,33685000000.0,0.0,0.0,0.0,90014000000.0,52148000000.0,37866000000.0,198773135809.0,747000000.0,542000000.0,-1718000000.0,-92000000.0,-2802000000.0,-5122000000.0,-14463000000.0,0.0,20235000000.0,97000000.0,11284000000.0,11284000000.0,11284000000.0,905000000.0,0.0,0.032,63892000000.0,20497000000.0,28484000000.0,0.247,3.228,17.615,17.598,88440000000.0,0.0,47.69,0.571,0.57,2840000000.0,55818000000.0,348368000000.0,348368000000.0,0.0,0.077,0.196,0.172,0.056,0.0,63892000000.0,1.0,4168025494.0,4164000000.0,4168000000.0,83.662,137828000000.0,0.0,6354000000.0,5677000000.0,33.1,-5166000000.0
15,WMT,MRY,2005-12-31,2006-01-31,2006-01-31,2021-09-02,1053000000.0,138187000000.0,129241500000.0,43825000000.0,94362000000.0,2.415,12.711,-13488000000.0,6193000000.0,6193000000.0,237649000000.0,11231000000.0,0.898,1.599,38729000000.0,8633000000.0,30096000000.0,38729000000.0,0.0,4645000000.0,0.0,0.013,0.6,18454000000.0,23099000000.0,0.074,23099000000.0,18454000000.0,17034000000.0,2.68,2.68,2.68,53171000000.0,49500250000.0,53171000000.0,225442532938.0,12.0,9.76,4753000000.0,1.136,1.0,74452000000.0,0.239,12097000000.0,1420000000.0,109801000000.0,100126500000.0,31910000000.0,0.0,0.0,0.0,85016000000.0,48825000000.0,36191000000.0,191978532938.0,1532000000.0,-601000000.0,-3580000000.0,4018000000.0,-2511000000.0,-2422000000.0,-14186000000.0,0.0,18241000000.0,-101000000.0,11231000000.0,11231000000.0,11231000000.0,177000000.0,0.0,0.036,55739000000.0,18713000000.0,25101000000.0,0.224,3.611,17.094,17.205,77865000000.0,0.0,46.11,0.615,0.618,2575000000.0,49105000000.0,312101000000.0,312101000000.0,0.0,0.087,0.227,0.184,0.059,0.0,55739000000.0,1.0,4163490196.0,4183000000.0,4188000000.0,74.612,126090000000.0,0.0,5803000000.0,5841000000.0,30.143,-5000000000.0
16,WMT,MRY,2004-12-31,2005-01-31,2005-01-31,2021-09-02,2694000000.0,120154000000.0,114503250000.0,38854000000.0,81300000000.0,2.483,11.598,-11878000000.0,5488000000.0,5488000000.0,216832000000.0,10267000000.0,0.9,1.432,31052000000.0,7794000000.0,23258000000.0,31052000000.0,0.0,4185000000.0,0.0,0.01,0.52,17040000000.0,21225000000.0,0.075,21225000000.0,17040000000.0,15856000000.0,2.41,2.41,2.41,49396000000.0,45107250000.0,49396000000.0,250911034258.0,15.0,11.821,3166000000.0,0.743,1.0,67478000000.0,0.237,10803000000.0,1184000000.0,91733000000.0,86847500000.0,29762000000.0,0.0,0.0,0.0,70758000000.0,43182000000.0,27576000000.0,221907034258.0,289000000.0,-315000000.0,-4549000000.0,4041000000.0,-2214000000.0,-2609000000.0,-12351000000.0,0.0,15044000000.0,205000000.0,10267000000.0,10267000000.0,10267000000.0,215000000.0,0.0,0.036,50178000000.0,17300000000.0,21987000000.0,0.216,4.492,21.614,21.743,68118000000.0,0.0,52.4,0.781,0.785,1715000000.0,43854000000.0,284310000000.0,284310000000.0,0.0,0.09,0.228,0.196,0.06,0.0,50178000000.0,1.0,4234867066.0,4259000000.0,4266000000.0,66.755,109351000000.0,0.0,5589000000.0,4259000000.0,25.675,-4328000000.0
17,WMT,MRY,2003-12-31,2004-01-31,2004-01-31,2021-09-02,851000000.0,105405000000.0,101431250000.0,34421000000.0,70984000000.0,2.55,9.998,-9827000000.0,5199000000.0,5199000000.0,198747000000.0,9054000000.0,0.91,1.416,26466000000.0,6367000000.0,20099000000.0,26466000000.0,0.0,3852000000.0,0.0,0.007,0.36,15168000000.0,19020000000.0,0.074,19020000000.0,15168000000.0,14172000000.0,2.08,2.07,2.08,43623000000.0,42147000000.0,43623000000.0,257490013150.0,17.0,13.538,6169000000.0,1.414,1.0,59934000000.0,0.232,9882000000.0,996000000.0,78950000000.0,78949000000.0,26612000000.0,0.0,0.0,0.0,61782000000.0,37840000000.0,23942000000.0,233051013150.0,2441000000.0,1462000000.0,-5046000000.0,941000000.0,-1569000000.0,-5563000000.0,-8312000000.0,0.0,15996000000.0,320000000.0,9054000000.0,9054000000.0,9054000000.0,-193000000.0,0.0,0.035,44909000000.0,15025000000.0,19425000000.0,0.173,5.342,25.74,25.889,59023000000.0,0.0,53.85,0.901,0.908,1254000000.0,40206000000.0,258681000000.0,258681000000.0,0.0,0.089,0.215,0.192,0.059,0.0,44909000000.0,1.0,4327781117.0,4363000000.0,4373000000.0,59.29,95523000000.0,0.0,5118000000.0,3736000000.0,21.894,-3419000000.0
18,WMT,MRY,2002-12-31,2003-01-31,2003-01-31,2021-09-02,-509000000.0,94808000000.0,91048500000.0,30722000000.0,64086000000.0,2.543,8.908,-8934000000.0,2736000000.0,2736000000.0,178299000000.0,7955000000.0,0.945,1.403,25388000000.0,5791000000.0,19597000000.0,25388000000.0,0.0,3364000000.0,0.0,0.006,0.3,13371000000.0,16735000000.0,0.072,16735000000.0,13371000000.0,12312000000.0,1.8,1.79,1.8,39461000000.0,37579750000.0,39461000000.0,235638448751.0,18.0,14.081,4071000000.0,0.919,1.0,53278000000.0,0.23,9389000000.0,1059000000.0,75552000000.0,72119250000.0,24401000000.0,0.0,0.0,0.0,55347000000.0,32519000000.0,22828000000.0,210987448751.0,597000000.0,-749000000.0,-3383000000.0,2403000000.0,-1328000000.0,-2370000000.0,-9839000000.0,0.0,13005000000.0,-199000000.0,7955000000.0,7955000000.0,7955000000.0,-137000000.0,0.0,0.034,39983000000.0,13295000000.0,16829000000.0,0.167,5.347,26.523,26.556,51374000000.0,0.0,47.8,0.911,0.914,1569000000.0,37576000000.0,231577000000.0,231577000000.0,0.0,0.087,0.212,0.185,0.058,0.0,39983000000.0,1.0,4413963363.0,4430000000.0,4446000000.0,52.275,85419000000.0,0.0,4357000000.0,2607000000.0,19.282,-1797000000.0
19,WMT,MRY,2001-12-31,2002-01-31,2002-01-31,2021-09-02,-1268000000.0,83527000000.0,83219000000.0,27878000000.0,55649000000.0,2.473,7.862,-8037000000.0,2161000000.0,2161000000.0,159097000000.0,6592000000.0,1.022,1.38,21880000000.0,3148000000.0,18732000000.0,21880000000.0,0.0,3228000000.0,0.0,0.005,0.28,11711000000.0,14939000000.0,0.073,14939000000.0,11711000000.0,10357000000.0,1.48,1.47,1.48,35102000000.0,33605250000.0,35102000000.0,288186142079.0,25.0,19.291,2482000000.0,0.556,1.0,46726000000.0,0.227,8566000000.0,1354000000.0,67398000000.0,64858750000.0,22614000000.0,0.0,0.0,0.0,48425000000.0,27282000000.0,21143000000.0,267336142079.0,107000000.0,0.0,-1214000000.0,-628000000.0,-1249000000.0,-2978000000.0,-7223000000.0,1134000000.0,10519000000.0,-211000000.0,6592000000.0,6592000000.0,6592000000.0,-144000000.0,0.0,0.032,35147000000.0,11579000000.0,15617000000.0,0.189,7.616,40.555,40.527,45750000000.0,0.0,59.98,1.299,1.301,2000000000.0,34441000000.0,205823000000.0,205823000000.0,0.0,0.079,0.196,0.181,0.057,0.0,35147000000.0,1.0,4457088064.0,4465000000.0,4481000000.0,46.097,74961000000.0,0.0,3765000000.0,2547000000.0,16.789,596000000.0
20,WMT,MRY,2000-12-31,2001-01-31,2001-01-31,2021-09-02,-684000000.0,78130000000.0,75737750000.0,26555000000.0,51575000000.0,2.55,7.02,-7758000000.0,2054000000.0,2054000000.0,150255000000.0,6295000000.0,0.917,1.493,22316000000.0,6661000000.0,15655000000.0,22316000000.0,0.0,2868000000.0,0.0,0.004,0.24,11370000000.0,14238000000.0,0.074,14238000000.0,11370000000.0,9987000000.0,1.41,1.4,1.41,31343000000.0,28953500000.0,31343000000.0,274531535875.0,24.0,19.282,1846000000.0,0.413,1.0,42861000000.0,0.222,9059000000.0,1383000000.0,60384000000.0,58190000000.0,21442000000.0,0.0,0.0,0.0,46787000000.0,28949000000.0,17838000000.0,253706535875.0,198000000.0,-627000000.0,388000000.0,64000000.0,-1070000000.0,-442000000.0,-8714000000.0,0.0,9604000000.0,-250000000.0,6295000000.0,6295000000.0,6295000000.0,0.0,0.0,0.033,31550000000.0,11311000000.0,15092000000.0,0.17,8.095,40.303,40.284,40934000000.0,0.0,56.8,1.314,1.313,1768000000.0,30169000000.0,193116000000.0,193116000000.0,0.0,0.083,0.217,0.195,0.059,0.0,31550000000.0,1.0,4466664364.0,4465000000.0,4484000000.0,43.251,69071000000.0,0.0,3692000000.0,1884000000.0,15.469,-2394000000.0
21,WMT,MRY,1999-12-31,2000-01-31,2000-01-31,2021-09-02,-455000000.0,70349000000.0,65251500000.0,24356000000.0,45993000000.0,2.556,5.804,-6183000000.0,1856000000.0,1856000000.0,129664000000.0,5377000000.0,0.944,1.723,22082000000.0,5408000000.0,16674000000.0,22082000000.0,0.0,2375000000.0,0.0,0.004,0.2,9737000000.0,12112000000.0,0.073,12112000000.0,9737000000.0,8715000000.0,1.21,1.2,1.21,25834000000.0,23769500000.0,25834000000.0,265425449288.0,27.0,21.914,2011000000.0,0.452,1.0,37145000000.0,0.223,9392000000.0,1022000000.0,55380000000.0,51132250000.0,19793000000.0,0.0,0.0,0.0,44515000000.0,25803000000.0,18712000000.0,243842449288.0,-23000000.0,-10419000000.0,-101000000.0,9320000000.0,-890000000.0,8553000000.0,-16846000000.0,0.0,8194000000.0,76000000.0,5377000000.0,5377000000.0,5377000000.0,0.0,0.0,0.032,27040000000.0,10105000000.0,13105000000.0,0.165,9.439,45.349,45.248,35969000000.0,0.0,54.75,1.462,1.461,1341000000.0,25129000000.0,166809000000.0,166809000000.0,0.0,0.082,0.226,0.19,0.058,0.0,27040000000.0,1.0,4453743366.0,4451000000.0,4474000000.0,37.477,60957000000.0,0.0,3338000000.0,1888000000.0,13.695,-1447000000.0
22,WMT,MRY,1998-12-31,1999-01-31,1999-01-31,2021-09-02,-509000000.0,49996000000.0,48538250000.0,21132000000.0,28864000000.0,2.868,4.729,-3734000000.0,1879000000.0,1879000000.0,108725000000.0,4430000000.0,1.261,1.368,10613000000.0,1006000000.0,9607000000.0,10613000000.0,0.0,1872000000.0,0.0,0.004,0.156,7967000000.0,9839000000.0,0.071,9839000000.0,7967000000.0,7170000000.0,0.99,0.99,0.99,21112000000.0,19797000000.0,21112000000.0,201774001516.0,25.0,20.508,3846000000.0,0.862,1.0,30483000000.0,0.219,2538000000.0,797000000.0,39430000000.0,41180500000.0,17076000000.0,0.0,0.0,0.0,28884000000.0,16762000000.0,12122000000.0,191217001516.0,432000000.0,-855000000.0,-1202000000.0,-640000000.0,-693000000.0,-2756000000.0,-4418000000.0,0.0,7580000000.0,26000000.0,4430000000.0,4430000000.0,4430000000.0,0.0,0.0,0.032,22363000000.0,8120000000.0,10257000000.0,0.158,9.057,43.164,43.434,25973000000.0,0.0,43.0,1.374,1.379,1118000000.0,20741000000.0,139208000000.0,139208000000.0,0.0,0.091,0.224,0.193,0.057,0.0,22363000000.0,1.0,4446907012.0,4464000000.0,4485000000.0,31.185,47458000000.0,0.0,2740000000.0,1217000000.0,10.631,4370000000.0
23,WMT,MRY,1997-12-31,1998-01-31,1998-01-31,2021-09-02,-473000000.0,45384000000.0,43001500000.0,19352000000.0,26032000000.0,2.774,4.097,-2636000000.0,1447000000.0,1447000000.0,93438000000.0,3526000000.0,1.338,1.453,10815000000.0,1141000000.0,9674000000.0,10815000000.0,0.0,1634000000.0,0.0,0.007,0.136,6425000000.0,8059000000.0,0.068,8059000000.0,6425000000.0,5641000000.0,0.78,0.78,0.78,18503000000.0,17575750000.0,18503000000.0,100319564438.0,16.0,12.448,4487000000.0,0.994,1.0,25861000000.0,0.217,0.0,784000000.0,40292000000.0,38639250000.0,16497000000.0,0.0,0.0,0.0,26881000000.0,14460000000.0,12421000000.0,89409564438.0,564000000.0,-1865000000.0,-1569000000.0,-101000000.0,-611000000.0,-2138000000.0,-4421000000.0,0.0,7123000000.0,0.0,3526000000.0,3526000000.0,3526000000.0,0.0,0.0,0.03,19358000000.0,6503000000.0,9126000000.0,0.174,4.832,25.357,25.519,23606000000.0,0.0,19.905,0.749,0.753,976000000.0,18167000000.0,119299000000.0,119299000000.0,0.0,0.082,0.201,0.166,0.054,0.0,19358000000.0,1.0,4491814340.0,4516000000.0,4533000000.0,26.417,45384000000.0,0.0,2115000000.0,1374000000.0,10.05,4892000000.0
24,WMT,MRY,1996-12-31,1997-01-31,1997-01-31,2021-09-02,-400000000.0,39604000000.0,39739500000.0,17993000000.0,21611000000.0,2.672,3.739,-2179000000.0,883000000.0,883000000.0,83510000000.0,3056000000.0,1.642,1.31,10634000000.0,618000000.0,10016000000.0,10634000000.0,0.0,1463000000.0,0.0,0.009,0.106,5695000000.0,7158000000.0,0.067,7158000000.0,5695000000.0,4850000000.0,0.67,0.67,0.67,17143000000.0,16132750000.0,17143000000.0,65622064634.0,12.0,9.168,3751000000.0,0.818,1.0,22668000000.0,0.213,0.0,845000000.0,38398000000.0,39010250000.0,15897000000.0,0.0,0.0,0.0,22461000000.0,10957000000.0,11504000000.0,54479064634.0,800000000.0,0.0,-208000000.0,-3073000000.0,-481000000.0,-3062000000.0,-2068000000.0,0.0,5930000000.0,0.0,3056000000.0,3056000000.0,3056000000.0,0.0,0.0,0.029,16946000000.0,5722000000.0,7628000000.0,0.158,3.178,17.827,17.724,20324000000.0,0.0,11.875,0.513,0.513,845000000.0,16768000000.0,106178000000.0,106178000000.0,0.0,0.077,0.189,0.146,0.054,0.0,16946000000.0,1.0,4587710706.0,4585000000.0,4592000000.0,23.158,39604000000.0,0.0,1794000000.0,761000000.0,8.638,7036000000.0
25,WMT,MRY,1995-12-31,1996-01-31,1996-01-31,2021-09-02,-412000000.0,37541000000.0,36814750000.0,17331000000.0,20210000000.0,2.574,3.215,-3566000000.0,83000000.0,83000000.0,74505000000.0,2740000000.0,1.513,1.544,13398000000.0,2798000000.0,10600000000.0,13398000000.0,0.0,1304000000.0,0.0,0.01,0.1,5234000000.0,6538000000.0,0.069,6538000000.0,5234000000.0,4346000000.0,0.595,0.595,0.595,14756000000.0,13835750000.0,14756000000.0,59779896640.0,11.0,9.143,-1183000000.0,-0.258,1.0,20268000000.0,0.214,0.0,888000000.0,39402000000.0,37856250000.0,15989000000.0,0.0,0.0,0.0,22785000000.0,11454000000.0,11331000000.0,45890896640.0,38000000.0,0.0,-105000000.0,1457000000.0,-458000000.0,987000000.0,-3332000000.0,0.0,2383000000.0,0.0,2740000000.0,2740000000.0,2740000000.0,0.0,0.0,0.029,15021000000.0,5247000000.0,6442000000.0,0.168,3.11,16.749,16.807,18894000000.0,0.0,10.0,0.484,0.484,853000000.0,14394000000.0,94773000000.0,94773000000.0,0.0,0.074,0.198,0.138,0.055,0.0,15021000000.0,1.0,4589089664.0,4589089664.0,,20.652,37541000000.0,0.0,1606000000.0,523000000.0,8.18,5877000000.0
26,WMT,MRY,1994-12-31,1995-01-31,1995-01-31,2021-09-02,-256000000.0,32819000000.0,29630000000.0,15338000000.0,17481000000.0,2.815,2.769,-3734000000.0,45000000.0,45000000.0,65586000000.0,2681000000.0,1.538,1.579,11591000000.0,1882000000.0,9709000000.0,11591000000.0,0.0,1070000000.0,0.0,0.007,0.086,4968000000.0,6038000000.0,0.072,6038000000.0,4968000000.0,4262000000.0,0.585,0.585,0.585,12726000000.0,11739500000.0,12726000000.0,,,,-828000000.0,-0.18,1.0,17826000000.0,0.214,0.0,706000000.0,34392000000.0,31506500000.0,14064000000.0,0.0,0.0,0.0,20093000000.0,9973000000.0,10120000000.0,52844345336.0,25000000.0,-352000000.0,-68000000.0,1363000000.0,-391000000.0,911000000.0,-3792000000.0,0.0,2906000000.0,0.0,2681000000.0,2681000000.0,2681000000.0,0.0,0.0,0.032,12858000000.0,4968000000.0,5907000000.0,0.147,4.152,19.711,19.658,15874000000.0,0.0,11.5,0.634,0.634,900000000.0,12213000000.0,83412000000.0,83412000000.0,0.0,0.09,0.228,0.158,0.06,0.0,12858000000.0,1.0,4595160464.0,4595160464.0,,18.152,32819000000.0,0.0,1581000000.0,776000000.0,7.142,5365000000.0
27,WMT,MRY,1993-12-31,1994-01-31,1994-01-31,2021-09-02,0.0,26441000000.0,,12114000000.0,14327000000.0,,,-3644000000.0,20000000.0,20000000.0,53444000000.0,2333000000.0,1.636,1.459,9606000000.0,1646000000.0,7960000000.0,9606000000.0,0.0,849000000.0,0.0,0.005,0.066,4208000000.0,5057000000.0,0.074,5057000000.0,4208000000.0,3691000000.0,0.51,0.51,0.51,10753000000.0,,10753000000.0,,,,-1449000000.0,,1.0,14541000000.0,0.214,0.0,517000000.0,28621000000.0,,11014000000.0,0.0,0.0,0.0,15688000000.0,7406000000.0,8282000000.0,,8000000.0,-1028000000.0,0.0,2638000000.0,-299000000.0,2299000000.0,-4486000000.0,0.0,2195000000.0,0.0,2333000000.0,2333000000.0,2333000000.0,0.0,0.0,0.034,10333000000.0,4208000000.0,4104000000.0,0.129,,,25.98,13176000000.0,0.0,13.25,,,690000000.0,9987000000.0,67985000000.0,67985000000.0,0.0,,,,0.062,0.0,10333000000.0,1.0,,,,,26441000000.0,0.0,1358000000.0,505000000.0,,4708000000.0
28,WMT,MRY,1992-12-31,1993-01-31,1993-01-31,2021-09-02,,,,,,,,-3756000000.0,,,44175000000.0,1995000000.0,,,,,,,,649000000.0,,0.003,0.053,3489000000.0,4138000000.0,0.074,4138000000.0,3489000000.0,3166000000.0,0.435,0.435,0.435,,,,,,,-2478000000.0,,1.0,11810000000.0,0.211,,323000000.0,,,,,,,,,,,-19000000.0,-106000000.0,0.0,2434000000.0,-241000000.0,2209000000.0,-3506000000.0,0.0,1278000000.0,0.0,1995000000.0,1995000000.0,1995000000.0,0.0,0.0,0.036,8321000000.0,3489000000.0,,0.122,,,37.425,,0.0,16.28,,,,,55985000000.0,55985000000.0,0.0,,,,0.062,0.0,8321000000.0,1.0,,,,,,,1171000000.0,,,
0,WMT,MRQ,2021-06-30,2021-07-31,2021-07-31,2021-09-02,-7976000000.0,238552000000.0,,78243000000.0,160309000000.0,,28.771,-2701000000.0,22831000000.0,22831000000.0,105183000000.0,4364000000.0,0.965,1.88,60879000000.0,4230000000.0,56649000000.0,60879000000.0,0.0,2641000000.0,0.0,0.015,0.55,6350000000.0,8991000000.0,0.064,8991000000.0,6350000000.0,5835000000.0,1.53,1.52,1.53,80529000000.0,,80529000000.0,439421901894.0,24.0,15.148,6864000000.0,2.452,1.0,35865000000.0,0.254,29159000000.0,515000000.0,166319000000.0,,47754000000.0,0.0,0.0,0.0,151425000000.0,81122000000.0,70303000000.0,399445901894.0,-13000000.0,-248000000.0,-2391000000.0,-2197000000.0,-1542000000.0,-6160000000.0,-3448000000.0,0.0,9565000000.0,30000000.0,4276000000.0,4276000000.0,4276000000.0,0.0,88000000.0,0.03,28511000000.0,7354000000.0,49601000000.0,0.359,4.96,39.746,39.93,109598000000.0,0.0,142.55,0.706,0.705,6103000000.0,84572000000.0,141048000000.0,141048000000.0,0.0,,,,,0.0,28511000000.0,1.0,2802145927.0,2799000000.0,2812000000.0,50.392,209393000000.0,0.0,1559000000.0,13921000000.0,74.81,-2879000000.0
1,WMT,MRQ,2021-03-31,2021-04-30,2021-04-30,2021-09-02,-7946000000.0,236581000000.0,,76591000000.0,159990000000.0,,27.828,-2142000000.0,22846000000.0,22846000000.0,103272000000.0,2811000000.0,0.947,1.94,62822000000.0,5817000000.0,57005000000.0,62822000000.0,0.0,2661000000.0,0.0,0.016,0.55,4329000000.0,6990000000.0,0.051,6990000000.0,4329000000.0,3763000000.0,0.97,0.97,0.97,78335000000.0,,78335000000.0,439641500847.0,21.0,13.683,716000000.0,0.254,1.0,35038000000.0,0.253,28872000000.0,566000000.0,166844000000.0,,46383000000.0,0.0,0.0,0.0,151989000000.0,80841000000.0,71148000000.0,394136500847.0,3258000000.0,7935000000.0,-2809000000.0,-372000000.0,-1549000000.0,-5399000000.0,5850000000.0,0.0,2858000000.0,-51000000.0,2730000000.0,2730000000.0,2730000000.0,0.0,81000000.0,0.02,28129000000.0,6909000000.0,48151000000.0,0.567,5.031,32.174,32.312,108625000000.0,0.0,139.91,0.7,0.7,5797000000.0,82577000000.0,138310000000.0,138310000000.0,0.0,,,,,0.0,28129000000.0,1.0,2817071695.0,2815000000.0,2829000000.0,49.133,207709000000.0,0.0,1033000000.0,14994000000.0,73.787,-4250000000.0
2,WMT,MRQ,2020-12-31,2021-01-31,2021-01-31,2021-09-02,-11766000000.0,252496000000.0,,90067000000.0,162429000000.0,,28.616,-3710000000.0,17741000000.0,17741000000.0,115261000000.0,-2008000000.0,0.972,2.038,63246000000.0,5296000000.0,57950000000.0,63246000000.0,0.0,2819000000.0,0.0,0.015,0.54,-152000000.0,2667000000.0,0.018,2667000000.0,-152000000.0,-676000000.0,-0.74,-0.73,-0.74,80925000000.0,,80925000000.0,451639379744.0,20.0,13.348,9484000000.0,3.354,1.0,36818000000.0,0.242,28983000000.0,524000000.0,176373000000.0,,44949000000.0,0.0,0.0,0.0,164965000000.0,92645000000.0,72320000000.0,397486379744.0,5258000000.0,44000000.0,-1439000000.0,-1273000000.0,-1534000000.0,-4777000000.0,-3564000000.0,0.0,13194000000.0,405000000.0,-2091000000.0,-2091000000.0,-2091000000.0,0.0,83000000.0,-0.014,31331000000.0,5487000000.0,49141000000.0,-0.73,4.912,29.422,29.453,109848000000.0,0.0,140.49,0.711,0.711,6516000000.0,88763000000.0,152079000000.0,152079000000.0,0.0,,,,,0.0,31331000000.0,1.0,2829285926.0,2828000000.0,2841000000.0,53.776,223513000000.0,0.0,1415000000.0,14612000000.0,79.036,-2578000000.0
3,WMT,MRQ,2020-09-30,2020-10-31,2020-10-31,2021-09-02,-14616000000.0,250863000000.0,,73602000000.0,177261000000.0,,28.744,-2853000000.0,14325000000.0,14325000000.0,100339000000.0,5201000000.0,0.835,2.006,68478000000.0,6897000000.0,61581000000.0,68478000000.0,0.0,2771000000.0,0.0,0.015,0.54,7590000000.0,10361000000.0,0.077,10361000000.0,7590000000.0,7049000000.0,1.81,1.8,1.81,81431000000.0,,81431000000.0,445771220148.0,15.0,11.098,1071000000.0,0.378,1.0,34369000000.0,0.255,30236000000.0,541000000.0,186659000000.0,,51842000000.0,0.0,0.0,0.0,163359000000.0,88121000000.0,75238000000.0,393183220148.0,-2576000000.0,7000000.0,-463000000.0,-1318000000.0,-1524000000.0,-3526000000.0,-2873000000.0,0.0,3924000000.0,-101000000.0,5135000000.0,5135000000.0,5135000000.0,0.0,66000000.0,0.038,28591000000.0,5778000000.0,54152000000.0,0.298,4.828,19.916,19.907,124289000000.0,0.0,138.75,0.717,0.716,5770000000.0,92279000000.0,134708000000.0,134708000000.0,0.0,,,,,0.0,28591000000.0,1.0,2833752938.0,2833000000.0,2849000000.0,47.55,220627000000.0,0.0,1914000000.0,14205000000.0,77.878,-14519000000.0
4,WMT,MRQ,2020-06-30,2020-07-31,2020-07-31,2021-09-02,-15784000000.0,237382000000.0,,64996000000.0,172386000000.0,,26.593,-1794000000.0,16906000000.0,16906000000.0,102689000000.0,6439000000.0,0.793,2.074,69494000000.0,8193000000.0,61301000000.0,69494000000.0,0.0,2771000000.0,0.0,0.017,0.54,9341000000.0,12112000000.0,0.088,12112000000.0,9341000000.0,8683000000.0,2.29,2.27,2.29,75310000000.0,,75310000000.0,426956776430.0,16.0,11.385,10145000000.0,3.582,1.0,35053000000.0,0.254,29542000000.0,658000000.0,178471000000.0,,41084000000.0,0.0,0.0,0.0,156185000000.0,81957000000.0,74228000000.0,366454776430.0,1968000000.0,-165000000.0,0.0,-6657000000.0,-1529000000.0,-8379000000.0,-1938000000.0,0.0,11939000000.0,346000000.0,6476000000.0,6476000000.0,6476000000.0,0.0,-37000000.0,0.047,28994000000.0,6059000000.0,46326000000.0,0.236,4.866,20.478,20.475,122894000000.0,0.0,129.4,0.676,0.676,5111000000.0,87614000000.0,137742000000.0,137742000000.0,0.0,,,,,0.0,28994000000.0,1.0,2831953450.0,2832000000.0,2848000000.0,48.638,207840000000.0,0.0,2207000000.0,13537000000.0,73.39,-16961000000.0
5,WMT,MRQ,2020-03-31,2020-04-30,2020-04-30,2021-09-02,-16168000000.0,232892000000.0,,63328000000.0,169564000000.0,,24.105,-1692000000.0,14930000000.0,14930000000.0,102026000000.0,4074000000.0,0.766,2.327,75432000000.0,12283000000.0,63149000000.0,75432000000.0,0.0,2791000000.0,0.0,0.018,0.54,5904000000.0,8695000000.0,0.065,8695000000.0,5904000000.0,5312000000.0,1.41,1.4,1.41,68240000000.0,,68240000000.0,407231296091.0,18.0,12.121,5325000000.0,1.881,1.0,32596000000.0,0.242,29416000000.0,592000000.0,181331000000.0,,41217000000.0,0.0,0.0,0.0,158782000000.0,82647000000.0,76135000000.0,344263296091.0,5471000000.0,-10000000.0,-723000000.0,3542000000.0,-1529000000.0,565000000.0,-1696000000.0,0.0,7017000000.0,-415000000.0,3990000000.0,3990000000.0,3990000000.0,0.0,84000000.0,0.03,27372000000.0,5224000000.0,44096000000.0,0.383,5.045,22.907,22.934,123378000000.0,0.0,121.55,0.644,0.644,5029000000.0,81141000000.0,134622000000.0,134622000000.0,0.0,,,,,0.0,27372000000.0,1.0,2832277220.0,2831000000.0,2849000000.0,47.553,203476000000.0,0.0,1322000000.0,14289000000.0,71.874,-19319000000.0
6,WMT,MRQ,2019-12-31,2020-01-31,2020-01-31,2021-09-02,-12805000000.0,236495000000.0,,61806000000.0,174689000000.0,,26.338,-2837000000.0,9465000000.0,9465000000.0,107748000000.0,4294000000.0,0.795,2.075,72433000000.0,8241000000.0,64192000000.0,72433000000.0,0.0,2828000000.0,0.0,0.019,0.53,6172000000.0,9000000000.0,0.064,9000000000.0,6172000000.0,5520000000.0,1.46,1.45,1.46,74669000000.0,,74669000000.0,392170158423.0,18.0,11.748,7879000000.0,2.779,1.0,33923000000.0,0.239,31073000000.0,652000000.0,190600000000.0,,44435000000.0,0.0,0.0,0.0,154943000000.0,77790000000.0,77153000000.0,324828158423.0,884000000.0,0.0,-888000000.0,-4374000000.0,-1503000000.0,-7086000000.0,-2843000000.0,0.0,10716000000.0,97000000.0,4141000000.0,4141000000.0,4141000000.0,0.0,153000000.0,0.029,28601000000.0,5322000000.0,46973000000.0,0.363,4.35,21.828,21.933,127049000000.0,0.0,114.49,0.62,0.623,6284000000.0,83943000000.0,141671000000.0,141671000000.0,0.0,,,,,0.0,28601000000.0,1.0,2837174936.0,2835000000.0,2856000000.0,49.972,205422000000.0,0.0,1379000000.0,13241000000.0,72.459,-15984000000.0
7,WMT,MRQ,2019-09-30,2019-10-31,2019-10-31,2021-09-02,-12382000000.0,239830000000.0,,67912000000.0,171918000000.0,,25.202,-2804000000.0,8606000000.0,8606000000.0,95900000000.0,3321000000.0,0.811,2.254,75948000000.0,11227000000.0,64721000000.0,75948000000.0,0.0,2723000000.0,0.0,0.018,0.53,4973000000.0,7696000000.0,0.06,7696000000.0,4973000000.0,4340000000.0,1.16,1.15,1.16,71649000000.0,,71649000000.0,398946751221.0,18.0,11.973,550000000.0,0.193,1.0,32091000000.0,0.251,30716000000.0,633000000.0,192672000000.0,,51546000000.0,0.0,0.0,0.0,161523000000.0,83784000000.0,77739000000.0,333520751221.0,-689000000.0,0.0,-1122000000.0,1254000000.0,-1509000000.0,-1682000000.0,-2461000000.0,0.0,3354000000.0,100000000.0,3288000000.0,3288000000.0,3288000000.0,0.0,33000000.0,0.026,27373000000.0,4718000000.0,49750000000.0,0.457,4.655,23.118,23.266,125425000000.0,0.0,117.26,0.64,0.64,5612000000.0,80656000000.0,127991000000.0,127991000000.0,0.0,,,,,0.0,27373000000.0,1.0,2844284080.0,2843000000.0,2861000000.0,45.02,209114000000.0,0.0,1052000000.0,13345000000.0,73.554,-15872000000.0
8,WMT,MRQ,2019-06-30,2019-07-31,2019-07-31,2021-09-02,-11270000000.0,234861000000.0,,61371000000.0,173490000000.0,,24.65,-2580000000.0,9283000000.0,9283000000.0,97923000000.0,3680000000.0,0.764,2.243,74709000000.0,10311000000.0,64398000000.0,74709000000.0,0.0,2722000000.0,0.0,0.019,0.53,5484000000.0,8206000000.0,0.063,8206000000.0,5484000000.0,4843000000.0,1.27,1.26,1.27,70327000000.0,,70327000000.0,381278229482.0,19.0,12.181,5042000000.0,1.767,1.0,32454000000.0,0.249,31454000000.0,641000000.0,188550000000.0,,44134000000.0,0.0,0.0,0.0,157730000000.0,80283000000.0,77447000000.0,315104229482.0,28000000.0,0.0,-1572000000.0,-1166000000.0,-1516000000.0,-4685000000.0,-2689000000.0,0.0,7622000000.0,-220000000.0,3610000000.0,3610000000.0,3610000000.0,0.0,70000000.0,0.028,26871000000.0,5583000000.0,45871000000.0,0.417,4.481,24.524,24.749,125862000000.0,0.0,110.38,0.608,0.608,5382000000.0,78432000000.0,130377000000.0,130377000000.0,0.0,,,,,0.0,26871000000.0,1.0,2854722137.0,2853000000.0,2869000000.0,45.698,203407000000.0,0.0,1233000000.0,13436000000.0,71.296,-18912000000.0
9,WMT,MRQ,2019-03-31,2019-04-30,2019-04-30,2021-09-02,-11091000000.0,234544000000.0,,61739000000.0,172805000000.0,,23.773,-2163000000.0,9255000000.0,9255000000.0,93034000000.0,3906000000.0,0.773,2.341,75429000000.0,8475000000.0,66954000000.0,75429000000.0,0.0,2714000000.0,0.0,0.02,0.53,5766000000.0,8480000000.0,0.068,8480000000.0,5766000000.0,5093000000.0,1.34,1.33,1.34,68205000000.0,,68205000000.0,345429326213.0,22.0,13.002,1400000000.0,0.488,1.0,30891000000.0,0.249,31416000000.0,673000000.0,189414000000.0,,44751000000.0,0.0,0.0,0.0,159634000000.0,79888000000.0,79746000000.0,295118326213.0,1536000000.0,777000000.0,-2135000000.0,3215000000.0,-1520000000.0,-846000000.0,-1135000000.0,0.0,3563000000.0,-46000000.0,3842000000.0,3842000000.0,3842000000.0,0.0,64000000.0,0.031,25946000000.0,4945000000.0,45110000000.0,0.396,4.327,35.225,35.462,125241000000.0,0.0,102.84,0.572,0.572,5342000000.0,76276000000.0,123925000000.0,123925000000.0,0.0,,,,,0.0,25946000000.0,1.0,2869684230.0,2869000000.0,2886000000.0,43.194,203128000000.0,0.0,1251000000.0,13521000000.0,70.801,-18149000000.0
10,WMT,MRQ,2018-12-31,2019-01-31,2019-01-31,2021-09-02,-11542000000.0,219295000000.0,,61897000000.0,157398000000.0,,25.033,-3119000000.0,7722000000.0,7722000000.0,104907000000.0,3813000000.0,0.799,1.926,58033000000.0,7830000000.0,50203000000.0,58033000000.0,0.0,2731000000.0,0.0,0.022,0.52,6207000000.0,8938000000.0,0.064,8938000000.0,6207000000.0,5538000000.0,1.27,1.25,1.27,72496000000.0,,72496000000.0,330228071454.0,25.0,13.774,7326000000.0,2.53,1.0,33886000000.0,0.244,31181000000.0,669000000.0,160948000000.0,,44269000000.0,0.0,0.0,0.0,139661000000.0,77477000000.0,62184000000.0,278411071454.0,-1448000000.0,-511000000.0,-3249000000.0,-3377000000.0,-1505000000.0,-8458000000.0,-3482000000.0,0.0,10445000000.0,47000000.0,3687000000.0,3687000000.0,3687000000.0,0.0,126000000.0,0.027,27819000000.0,6067000000.0,47060000000.0,0.409,3.84,41.741,42.031,111395000000.0,0.0,95.83,0.541,0.546,6283000000.0,80785000000.0,138793000000.0,138793000000.0,0.0,,,,,0.0,27819000000.0,1.0,2905260059.0,2896000000.0,2912000000.0,47.926,188114000000.0,0.0,1851000000.0,12409000000.0,64.956,-15580000000.0
11,WMT,MRQ,2018-09-30,2018-10-31,2018-10-31,2021-09-02,-11469000000.0,226583000000.0,,69446000000.0,157137000000.0,,24.622,-2629000000.0,9174000000.0,9174000000.0,93116000000.0,1817000000.0,0.81,2.043,60991000000.0,11095000000.0,49896000000.0,60991000000.0,0.0,2615000000.0,0.0,0.021,0.52,3062000000.0,5677000000.0,0.045,5677000000.0,3062000000.0,2469000000.0,0.58,0.58,0.58,71996000000.0,,71996000000.0,331649503281.0,32.0,15.755,3584000000.0,1.226,1.0,31778000000.0,0.254,31044000000.0,593000000.0,161605000000.0,,50380000000.0,0.0,0.0,0.0,147114000000.0,85751000000.0,61363000000.0,293693503281.0,-6658000000.0,-13269000000.0,-2317000000.0,7372000000.0,-1530000000.0,3441000000.0,-16126000000.0,0.0,6213000000.0,-186000000.0,1710000000.0,1710000000.0,1710000000.0,0.0,107000000.0,0.014,26792000000.0,4986000000.0,49729000000.0,0.897,4.079,56.939,57.632,111349000000.0,0.0,100.28,0.574,0.573,5785000000.0,80287000000.0,124894000000.0,124894000000.0,0.0,,,,,0.0,26792000000.0,1.0,2928734576.0,2924000000.0,2941000000.0,42.713,195539000000.0,0.0,759000000.0,12083000000.0,66.874,-16305000000.0
12,WMT,MRQ,2018-06-30,2018-07-31,2018-07-31,2021-09-02,-12629000000.0,206062000000.0,,66370000000.0,139692000000.0,,24.163,-2457000000.0,15840000000.0,15840000000.0,95571000000.0,-727000000.0,0.926,1.858,53796000000.0,2228000000.0,51568000000.0,53796000000.0,0.0,2654000000.0,0.0,0.023,0.52,818000000.0,3472000000.0,0.027,3472000000.0,818000000.0,264000000.0,-0.29,-0.29,-0.29,71185000000.0,,71185000000.0,301761845187.0,28.0,14.141,3477000000.0,1.18,1.0,32457000000.0,0.254,17840000000.0,554000000.0,154495000000.0,,41985000000.0,0.0,0.0,0.0,132250000000.0,71683000000.0,60567000000.0,263303845187.0,7712000000.0,0.0,-1305000000.0,8060000000.0,-1534000000.0,4966000000.0,-2746000000.0,0.0,5934000000.0,-442000000.0,-861000000.0,-861000000.0,-861000000.0,0.0,134000000.0,-0.007,26707000000.0,5750000000.0,43128000000.0,-1.793,3.699,50.665,50.989,111017000000.0,0.0,89.23,0.516,0.515,5002000000.0,80810000000.0,128028000000.0,128028000000.0,0.0,,,,,0.0,26707000000.0,1.0,2950844393.0,2946000000.0,2946000000.0,43.458,188222000000.0,0.0,1125000000.0,9423000000.0,63.891,-5313000000.0
13,WMT,MRQ,2018-03-31,2018-04-30,2018-04-30,2021-09-02,-10281000000.0,204927000000.0,,59242000000.0,145685000000.0,,25.611,-1620000000.0,7885000000.0,7885000000.0,91707000000.0,2276000000.0,0.734,1.676,46343000000.0,10038000000.0,36305000000.0,46343000000.0,0.0,2678000000.0,0.0,0.023,0.52,3210000000.0,5888000000.0,0.048,5888000000.0,3210000000.0,2680000000.0,0.72,0.72,0.72,75552000000.0,,75552000000.0,300749640520.0,20.0,11.795,3541000000.0,1.2,1.0,30983000000.0,0.253,18850000000.0,530000000.0,143778000000.0,,43303000000.0,0.0,0.0,0.0,126603000000.0,80757000000.0,45846000000.0,261018640520.0,1136000000.0,0.0,-539000000.0,-20000000.0,-1533000000.0,-2486000000.0,-1682000000.0,0.0,5161000000.0,143000000.0,2134000000.0,2134000000.0,2134000000.0,0.0,142000000.0,0.017,25829000000.0,5154000000.0,44612000000.0,0.722,3.455,29.141,29.487,114800000000.0,0.0,88.46,0.516,0.516,4568000000.0,82982000000.0,122690000000.0,122690000000.0,0.0,,,,,0.0,25829000000.0,1.0,2950696818.0,2950000000.0,2967000000.0,41.59,186077000000.0,0.0,546000000.0,10259000000.0,63.077,-21515000000.0
14,WMT,MRQ,2017-12-31,2018-01-31,2018-01-31,2021-09-02,-10181000000.0,204522000000.0,,59664000000.0,144858000000.0,,26.343,-3066000000.0,6756000000.0,6756000000.0,102640000000.0,2363000000.0,0.76,1.589,46487000000.0,9662000000.0,36825000000.0,46487000000.0,0.0,2702000000.0,0.0,0.019,0.51,3312000000.0,6014000000.0,0.044,6014000000.0,3312000000.0,2776000000.0,0.73,0.74,0.73,77869000000.0,,77869000000.0,358690862037.0,21.0,13.129,8211000000.0,2.778,1.0,33627000000.0,0.247,18242000000.0,536000000.0,147490000000.0,,43783000000.0,0.0,0.0,0.0,123700000000.0,78521000000.0,45179000000.0,315789862037.0,-306000000.0,-3000000.0,-1640000000.0,-5050000000.0,-1510000000.0,-8459000000.0,-3225000000.0,0.0,11277000000.0,101000000.0,2175000000.0,2175000000.0,2175000000.0,0.0,188000000.0,0.016,29160000000.0,4467000000.0,46092000000.0,0.699,4.055,32.021,32.401,114818000000.0,0.0,106.6,0.631,0.638,5614000000.0,85107000000.0,136267000000.0,136267000000.0,0.0,,,,,0.0,29160000000.0,1.0,2962381445.0,2956000000.0,2977000000.0,46.098,186280000000.0,0.0,601000000.0,8999000000.0,63.018,-18857000000.0
15,WMT,MRQ,2017-09-30,2017-10-31,2017-10-31,2021-09-02,-11133000000.0,209414000000.0,,65368000000.0,144046000000.0,,25.543,-2396000000.0,7026000000.0,7026000000.0,91547000000.0,1904000000.0,0.813,1.714,49927000000.0,9021000000.0,40906000000.0,49927000000.0,0.0,2658000000.0,0.0,0.023,0.51,3307000000.0,5965000000.0,0.048,5965000000.0,3307000000.0,2724000000.0,0.59,0.58,0.59,76145000000.0,,76145000000.0,301986575450.0,15.0,10.06,3304000000.0,1.108,1.0,31632000000.0,0.257,18204000000.0,583000000.0,153676000000.0,,50147000000.0,0.0,0.0,0.0,130508000000.0,80435000000.0,50073000000.0,260812575450.0,557000000.0,25000000.0,-2209000000.0,1084000000.0,-1526000000.0,-2785000000.0,-2312000000.0,0.0,5700000000.0,-46000000.0,1749000000.0,1749000000.0,1749000000.0,0.0,155000000.0,0.014,26868000000.0,4764000000.0,47587000000.0,0.864,3.425,22.79,23.098,115299000000.0,0.0,87.31,0.527,0.526,5865000000.0,84480000000.0,123179000000.0,123179000000.0,0.0,,,,,0.0,26868000000.0,1.0,2987201643.0,2981000000.0,2996000000.0,41.321,191210000000.0,0.0,975000000.0,9707000000.0,64.143,-15067000000.0
16,WMT,MRQ,2017-06-30,2017-07-31,2017-07-31,2021-09-02,-11100000000.0,201566000000.0,,56763000000.0,144803000000.0,,25.395,-2417000000.0,6469000000.0,6469000000.0,91521000000.0,3104000000.0,0.78,1.604,47643000000.0,7174000000.0,40469000000.0,47643000000.0,0.0,2618000000.0,0.0,0.025,0.51,5014000000.0,7632000000.0,0.062,7632000000.0,5014000000.0,4401000000.0,0.96,0.96,0.96,76389000000.0,,76389000000.0,281081785569.0,13.0,8.924,3558000000.0,1.183,1.0,31834000000.0,0.258,18037000000.0,613000000.0,151892000000.0,,43442000000.0,0.0,0.0,0.0,122520000000.0,72811000000.0,49709000000.0,241129785569.0,-72000000.0,737000000.0,-2262000000.0,-499000000.0,-1539000000.0,-4659000000.0,-1681000000.0,0.0,5975000000.0,293000000.0,2899000000.0,2899000000.0,2899000000.0,0.0,205000000.0,0.024,25865000000.0,5969000000.0,42389000000.0,0.531,3.157,18.943,19.182,115353000000.0,0.0,79.99,0.492,0.491,5395000000.0,84838000000.0,123355000000.0,123355000000.0,0.0,,,,,0.0,25865000000.0,1.0,3014499132.0,3008000000.0,3021000000.0,41.009,183529000000.0,0.0,1502000000.0,9745000000.0,61.014,-16048000000.0
17,WMT,MRQ,2017-03-31,2017-04-30,2017-04-30,2021-09-02,-12954000000.0,199718000000.0,,57336000000.0,142382000000.0,,24.28,-1794000000.0,6545000000.0,6545000000.0,87688000000.0,3152000000.0,0.773,1.677,46497000000.0,6472000000.0,40025000000.0,46497000000.0,0.0,2551000000.0,0.0,0.027,0.51,5159000000.0,7710000000.0,0.066,7710000000.0,5159000000.0,4561000000.0,1.0,1.0,1.0,73691000000.0,,73691000000.0,267092622559.0,12.0,8.23,3591000000.0,1.183,1.0,29854000000.0,0.254,17575000000.0,598000000.0,147902000000.0,,43361000000.0,0.0,0.0,0.0,123604000000.0,74193000000.0,49411000000.0,228021622559.0,-309000000.0,-88000000.0,-2185000000.0,-31000000.0,-1549000000.0,-3972000000.0,-1861000000.0,0.0,5385000000.0,139000000.0,3039000000.0,3039000000.0,3039000000.0,0.0,113000000.0,0.026,24617000000.0,5237000000.0,41367000000.0,0.51,3.094,16.763,17.009,114169000000.0,0.0,75.18,0.468,0.468,5252000000.0,84120000000.0,117542000000.0,117542000000.0,0.0,,,,,0.0,24617000000.0,1.0,3033009079.0,3035000000.0,3047000000.0,38.729,182143000000.0,0.0,1522000000.0,11404000000.0,60.014,-16857000000.0
18,WMT,MRQ,2016-12-31,2017-01-31,2017-01-31,2021-09-02,-14232000000.0,198825000000.0,,57689000000.0,141136000000.0,,25.408,-3487000000.0,6867000000.0,6867000000.0,97743000000.0,3986000000.0,0.862,1.52,45938000000.0,3920000000.0,42018000000.0,45938000000.0,0.0,2706000000.0,0.0,0.03,0.5,6006000000.0,8712000000.0,0.067,8712000000.0,6006000000.0,5421000000.0,1.23,1.22,1.23,77798000000.0,,77798000000.0,249170721022.0,11.0,7.716,8405000000.0,2.745,1.0,33193000000.0,0.254,17037000000.0,585000000.0,153931000000.0,,43046000000.0,0.0,0.0,0.0,118290000000.0,66928000000.0,51362000000.0,205104721022.0,1019000000.0,605000000.0,-2044000000.0,-3987000000.0,-1534000000.0,-7800000000.0,-2846000000.0,0.0,11892000000.0,-227000000.0,3757000000.0,3757000000.0,3757000000.0,0.0,229000000.0,0.029,26988000000.0,6205000000.0,41433000000.0,0.407,2.636,15.034,15.168,114178000000.0,0.0,66.74,0.422,0.426,5835000000.0,89354000000.0,130936000000.0,130936000000.0,0.0,,,,,0.0,26988000000.0,1.0,3073190306.0,3062000000.0,3076000000.0,42.762,181788000000.0,0.0,1664000000.0,10265000000.0,59.369,-9239000000.0
19,WMT,MRQ,2016-09-30,2016-10-31,2016-10-31,2021-09-02,-12335000000.0,206857000000.0,,63401000000.0,143456000000.0,,25.152,-2317000000.0,5939000000.0,5939000000.0,87484000000.0,3202000000.0,0.855,1.627,50005000000.0,7897000000.0,42108000000.0,50005000000.0,0.0,2469000000.0,0.0,0.028,0.5,4975000000.0,7444000000.0,0.063,7444000000.0,4975000000.0,4366000000.0,0.98,0.98,0.98,77693000000.0,,77693000000.0,256404892321.0,11.0,7.89,2533000000.0,0.82,1.0,30695000000.0,0.26,17792000000.0,609000000.0,159001000000.0,,49822000000.0,0.0,0.0,0.0,126382000000.0,74130000000.0,52252000000.0,216589892321.0,-1737000000.0,-2406000000.0,-1402000000.0,3149000000.0,-1549000000.0,-58000000.0,-6634000000.0,-1901000000.0,4850000000.0,105000000.0,3034000000.0,3034000000.0,3034000000.0,0.0,168000000.0,0.026,25576000000.0,5119000000.0,42990000000.0,0.51,2.788,14.979,15.189,115088000000.0,0.0,70.02,0.447,0.446,5344000000.0,87636000000.0,118179000000.0,118179000000.0,0.0,,,,,0.0,25576000000.0,1.0,3093257531.0,3089000000.0,3100000000.0,38.258,189065000000.0,0.0,1332000000.0,10603000000.0,61.206,-10729000000.0
20,WMT,MRQ,2016-06-30,2016-07-31,2016-07-31,2021-09-02,-11672000000.0,197886000000.0,,58232000000.0,139654000000.0,,24.614,-2239000000.0,7676000000.0,7676000000.0,89485000000.0,3889000000.0,0.855,1.552,47491000000.0,4748000000.0,42743000000.0,47491000000.0,0.0,2517000000.0,0.0,0.027,0.5,6071000000.0,8588000000.0,0.071,8588000000.0,6071000000.0,5483000000.0,1.21,1.21,1.21,76525000000.0,,76525000000.0,269846711231.0,12.0,8.166,6499000000.0,2.09,1.0,31369000000.0,0.26,16339000000.0,588000000.0,153240000000.0,,43453000000.0,0.0,0.0,0.0,118742000000.0,68122000000.0,50620000000.0,227421711231.0,79000000.0,0.0,-2117000000.0,-1932000000.0,-1560000000.0,-5782000000.0,-2297000000.0,0.0,8738000000.0,-580000000.0,3773000000.0,3773000000.0,3773000000.0,0.0,116000000.0,0.031,25204000000.0,6165000000.0,39902000000.0,0.413,2.972,15.439,15.659,115410000000.0,0.0,72.97,0.47,0.469,5275000000.0,85972000000.0,120854000000.0,120854000000.0,0.0,,,,,0.0,25204000000.0,1.0,3116646721.0,3109000000.0,3119000000.0,38.872,181547000000.0,0.0,1710000000.0,8597000000.0,58.394,-9890000000.0
21,WMT,MRQ,2016-03-31,2016-04-30,2016-04-30,2021-09-02,-10995000000.0,198705000000.0,,59097000000.0,139608000000.0,,23.913,-2120000000.0,7597000000.0,7597000000.0,86544000000.0,3216000000.0,0.841,1.609,50022000000.0,6629000000.0,43393000000.0,50022000000.0,0.0,2388000000.0,0.0,0.029,0.5,5162000000.0,7550000000.0,0.065,7550000000.0,5162000000.0,4577000000.0,0.98,0.98,0.98,75183000000.0,,75183000000.0,251590688404.0,11.0,7.687,4073000000.0,1.295,1.0,29360000000.0,0.253,16751000000.0,585000000.0,154097000000.0,,44513000000.0,0.0,0.0,0.0,120947000000.0,70282000000.0,50665000000.0,210261688404.0,-1108000000.0,0.0,-2735000000.0,-821000000.0,-1573000000.0,-5432000000.0,-2119000000.0,0.0,6193000000.0,250000000.0,3079000000.0,3079000000.0,3079000000.0,0.0,137000000.0,0.027,24085000000.0,5275000000.0,37997000000.0,0.51,2.797,14.569,14.762,116494000000.0,0.0,66.87,0.435,0.435,5187000000.0,84145000000.0,115904000000.0,115904000000.0,0.0,,,,,0.0,24085000000.0,1.0,3144335104.0,3144000000.0,3154000000.0,36.865,181954000000.0,0.0,1498000000.0,8600000000.0,57.873,-11185000000.0
22,WMT,MRQ,2015-12-31,2016-01-31,2016-01-31,2021-09-02,-11597000000.0,199581000000.0,,60239000000.0,139342000000.0,,25.449,-2981000000.0,8705000000.0,8705000000.0,96999000000.0,4748000000.0,0.932,1.44,50034000000.0,6004000000.0,44030000000.0,50034000000.0,0.0,2431000000.0,0.0,0.03,0.49,6485000000.0,8916000000.0,0.069,8916000000.0,6485000000.0,5920000000.0,1.44,1.44,1.44,80546000000.0,,80546000000.0,257949635008.0,11.0,7.757,9566000000.0,3.022,1.0,32668000000.0,0.252,16695000000.0,565000000.0,159596000000.0,,44469000000.0,0.0,0.0,0.0,115970000000.0,64619000000.0,51351000000.0,212477635008.0,1715000000.0,0.0,-2392000000.0,-2314000000.0,-1566000000.0,-7026000000.0,-3108000000.0,0.0,12547000000.0,-698000000.0,4574000000.0,4574000000.0,4574000000.0,0.0,174000000.0,0.035,26026000000.0,6642000000.0,38487000000.0,0.34,2.638,14.46,14.489,116516000000.0,0.0,66.36,0.441,0.441,5624000000.0,90021000000.0,129667000000.0,129667000000.0,0.0,,,,,0.0,26026000000.0,1.0,3201893234.0,3165000000.0,3175000000.0,40.969,182886000000.0,0.0,1346000000.0,7842000000.0,57.784,-4380000000.0
23,WMT,MRQ,2015-09-30,2015-10-31,2015-10-31,2021-09-02,-10659000000.0,205144000000.0,,65112000000.0,140032000000.0,,24.788,-3104000000.0,6990000000.0,6990000000.0,87446000000.0,3414000000.0,0.924,1.54,52462000000.0,8264000000.0,44198000000.0,52462000000.0,0.0,2365000000.0,0.0,0.034,0.49,5625000000.0,7990000000.0,0.068,7990000000.0,5625000000.0,5052000000.0,1.03,1.03,1.03,79571000000.0,,79571000000.0,226812108804.0,9.0,6.595,1799000000.0,0.56,1.0,29962000000.0,0.255,17051000000.0,573000000.0,163073000000.0,,50706000000.0,0.0,0.0,0.0,122514000000.0,70492000000.0,52022000000.0,183508108804.0,1239000000.0,0.0,-437000000.0,1999000000.0,-1571000000.0,-485000000.0,-2965000000.0,0.0,4903000000.0,-214000000.0,3304000000.0,3304000000.0,3304000000.0,0.0,110000000.0,0.028,24248000000.0,5714000000.0,40553000000.0,0.476,2.306,12.164,12.231,116956000000.0,0.0,57.24,0.379,0.38,5012000000.0,87903000000.0,117408000000.0,117408000000.0,0.0,,,,,0.0,24248000000.0,1.0,3205941803.0,3210000000.0,3219000000.0,36.576,188093000000.0,0.0,1748000000.0,8411000000.0,58.596,-5380000000.0
24,WMT,MRQ,2015-06-30,2015-07-31,2015-07-31,2021-09-02,-8388000000.0,198620000000.0,,58132000000.0,140488000000.0,,24.486,-2622000000.0,5751000000.0,5751000000.0,90056000000.0,3635000000.0,0.891,1.477,49055000000.0,6212000000.0,42843000000.0,49055000000.0,0.0,2339000000.0,0.0,0.027,0.49,5933000000.0,8272000000.0,0.069,8272000000.0,5933000000.0,5366000000.0,1.08,1.08,1.08,78871000000.0,,78871000000.0,274287091899.0,11.0,7.853,3034000000.0,0.942,1.0,30173000000.0,0.251,17799000000.0,567000000.0,158863000000.0,,45007000000.0,0.0,0.0,0.0,116496000000.0,65262000000.0,51234000000.0,231815091899.0,-2008000000.0,246000000.0,-1003000000.0,-1230000000.0,-1578000000.0,-5079000000.0,-2489000000.0,0.0,5656000000.0,-96000000.0,3475000000.0,3475000000.0,3475000000.0,0.0,160000000.0,0.029,24104000000.0,6069000000.0,37225000000.0,0.454,2.939,14.963,14.996,116511000000.0,0.0,71.98,0.477,0.477,5275000000.0,84959000000.0,120229000000.0,120229000000.0,0.0,,,,,0.0,24104000000.0,1.0,3220548651.0,3221000000.0,3231000000.0,37.327,180821000000.0,0.0,1891000000.0,8764000000.0,56.138,-7130000000.0
25,WMT,MRQ,2015-03-31,2015-04-30,2015-04-30,2021-09-02,-8595000000.0,200747000000.0,,62133000000.0,138614000000.0,,23.7,-2135000000.0,7759000000.0,7759000000.0,86483000000.0,3283000000.0,0.892,1.577,50231000000.0,7267000000.0,42964000000.0,50231000000.0,0.0,2319000000.0,0.0,0.025,0.49,5757000000.0,8076000000.0,0.07,8076000000.0,5757000000.0,4914000000.0,1.03,1.03,1.03,76574000000.0,,76574000000.0,293040189989.0,11.0,8.206,2311000000.0,0.715,1.0,28343000000.0,0.247,17531000000.0,843000000.0,156064000000.0,,46310000000.0,0.0,0.0,0.0,120757000000.0,69624000000.0,51133000000.0,251794189989.0,-1376000000.0,0.0,-280000000.0,-1613000000.0,-1579000000.0,-3695000000.0,-2113000000.0,0.0,4446000000.0,-14000000.0,3341000000.0,3341000000.0,3341000000.0,0.0,-58000000.0,0.029,22663000000.0,5680000000.0,37224000000.0,0.476,3.288,15.629,15.641,115685000000.0,0.0,78.05,0.519,0.519,5813000000.0,82492000000.0,114826000000.0,114826000000.0,0.0,,,,,0.0,22663000000.0,1.0,3226062652.0,3231000000.0,3243000000.0,35.539,183216000000.0,0.0,1573000000.0,9876000000.0,56.706,-7491000000.0
26,WMT,MRQ,2014-12-31,2015-01-31,2015-01-31,2021-09-02,-7168000000.0,203490000000.0,,63278000000.0,140212000000.0,,25.223,-3820000000.0,9135000000.0,9135000000.0,99115000000.0,5188000000.0,0.97,1.444,50165000000.0,6670000000.0,43495000000.0,50165000000.0,0.0,2292000000.0,0.0,0.023,0.48,7764000000.0,10056000000.0,0.076,10056000000.0,7764000000.0,7141000000.0,1.54,1.54,1.54,81394000000.0,,81394000000.0,322870677277.0,12.0,8.973,9274000000.0,2.874,1.0,32450000000.0,0.247,18102000000.0,623000000.0,161165000000.0,,45141000000.0,0.0,0.0,0.0,117553000000.0,65253000000.0,52300000000.0,273906677277.0,2417000000.0,0.0,0.0,-4412000000.0,-1546000000.0,-6213000000.0,-3968000000.0,0.0,13094000000.0,-496000000.0,4966000000.0,4966000000.0,4966000000.0,0.0,222000000.0,0.038,24501000000.0,7949000000.0,38410000000.0,0.312,3.365,16.739,16.761,116655000000.0,0.0,84.98,0.564,0.565,6778000000.0,85777000000.0,131565000000.0,131565000000.0,0.0,,,,,0.0,24501000000.0,1.0,3223189895.0,3227000000.0,3243000000.0,40.77,185388000000.0,0.0,2175000000.0,9826000000.0,57.449,-1975000000.0
27,WMT,MRQ,2014-09-30,2014-10-31,2014-10-31,2021-09-02,-4251000000.0,207668000000.0,,65841000000.0,141827000000.0,,24.5,-2761000000.0,6718000000.0,6718000000.0,89247000000.0,3826000000.0,0.92,1.563,55461000000.0,11175000000.0,44286000000.0,55461000000.0,0.0,2354000000.0,0.0,0.025,0.48,6170000000.0,8524000000.0,0.072,8524000000.0,6170000000.0,5494000000.0,1.15,1.15,1.15,79109000000.0,,79109000000.0,293772083213.0,11.0,8.285,809000000.0,0.251,1.0,29754000000.0,0.25,18888000000.0,676000000.0,165983000000.0,,51501000000.0,0.0,0.0,0.0,123615000000.0,71540000000.0,52075000000.0,245781083213.0,534000000.0,0.0,-82000000.0,1827000000.0,-1545000000.0,-103000000.0,-2817000000.0,0.0,3570000000.0,-116000000.0,3711000000.0,3711000000.0,3711000000.0,0.0,115000000.0,0.031,23489000000.0,6265000000.0,39656000000.0,0.417,3.107,15.528,15.565,117492000000.0,0.0,76.27,0.508,0.509,6091000000.0,80814000000.0,119001000000.0,119001000000.0,0.0,,,,,0.0,23489000000.0,1.0,3222513219.0,3229000000.0,3240000000.0,36.854,188780000000.0,0.0,1783000000.0,8172000000.0,58.464,-5699000000.0
28,WMT,MRQ,2014-06-30,2014-07-31,2014-07-31,2021-09-02,-1957000000.0,203762000000.0,,59632000000.0,144130000000.0,,24.07,-2914000000.0,6184000000.0,6184000000.0,90010000000.0,4359000000.0,0.888,1.556,53952000000.0,8456000000.0,45496000000.0,53952000000.0,0.0,2277000000.0,0.0,0.026,0.48,6776000000.0,9053000000.0,0.075,9053000000.0,6776000000.0,6206000000.0,1.27,1.26,1.27,77746000000.0,,77746000000.0,286725832281.0,11.0,8.118,3047000000.0,0.943,1.0,30115000000.0,0.251,19758000000.0,570000000.0,164640000000.0,,45451000000.0,0.0,0.0,0.0,120939000000.0,67132000000.0,53807000000.0,237192832281.0,172000000.0,671000000.0,-307000000.0,-1249000000.0,-1547000000.0,-3578000000.0,-2219000000.0,0.0,5961000000.0,8000000.0,4093000000.0,4093000000.0,4093000000.0,-270000000.0,266000000.0,0.034,23375000000.0,6740000000.0,36828000000.0,0.378,3.051,14.96,15.016,118723000000.0,0.0,73.58,0.494,0.495,6146000000.0,77172000000.0,120125000000.0,120125000000.0,0.0,,,,,0.0,23375000000.0,1.0,3223604679.0,3230000000.0,3241000000.0,37.19,184004000000.0,0.0,2113000000.0,8822000000.0,56.967,-7500000000.0
29,WMT,MRQ,2014-03-31,2014-04-30,2014-04-30,2021-09-02,-2712000000.0,202517000000.0,,59687000000.0,142830000000.0,,22.607,-2109000000.0,6012000000.0,6012000000.0,86714000000.0,3726000000.0,0.879,1.701,55316000000.0,7083000000.0,48233000000.0,55316000000.0,0.0,2250000000.0,0.0,0.024,0.48,6099000000.0,8349000000.0,0.073,8349000000.0,6099000000.0,5507000000.0,1.11,1.11,1.11,73088000000.0,,73088000000.0,306757571214.0,12.0,8.724,3830000000.0,1.185,1.0,28246000000.0,0.246,19515000000.0,592000000.0,164385000000.0,,45315000000.0,0.0,0.0,0.0,124318000000.0,67921000000.0,56397000000.0,257397571214.0,-1269000000.0,0.0,-626000000.0,-1184000000.0,-1547000000.0,-5177000000.0,-2121000000.0,0.0,5939000000.0,90000000.0,3593000000.0,3593000000.0,3593000000.0,-15000000.0,133000000.0,0.031,22053000000.0,6193000000.0,36347000000.0,0.432,3.522,16.259,16.334,117643000000.0,0.0,79.71,0.539,0.54,6096000000.0,73366000000.0,114960000000.0,114960000000.0,0.0,,,,,0.0,22053000000.0,1.0,3229175401.0,3233000000.0,3248000000.0,35.558,183002000000.0,0.0,1914000000.0,10130000000.0,56.604,-8234000000.0
30,WMT,MRQ,2013-12-31,2014-01-31,2014-01-31,2021-09-02,-2996000000.0,204751000000.0,,61185000000.0,143566000000.0,,23.543,-3403000000.0,7281000000.0,7281000000.0,97971000000.0,4650000000.0,0.882,1.618,56641000000.0,12082000000.0,44559000000.0,56641000000.0,0.0,2270000000.0,0.0,0.025,0.47,7261000000.0,9531000000.0,0.073,9531000000.0,7261000000.0,6680000000.0,1.37,1.36,1.37,76255000000.0,,76255000000.0,294733485072.0,11.0,8.342,6534000000.0,2.017,1.0,31735000000.0,0.245,19510000000.0,581000000.0,165256000000.0,,44858000000.0,0.0,0.0,0.0,123412000000.0,69345000000.0,54067000000.0,241647485072.0,-1455000000.0,0.0,-877000000.0,-5141000000.0,-1514000000.0,-7753000000.0,-3385000000.0,0.0,9937000000.0,-254000000.0,4431000000.0,4431000000.0,4431000000.0,-106000000.0,219000000.0,0.034,24388000000.0,7347000000.0,37415000000.0,0.343,3.169,15.082,15.241,117907000000.0,0.0,74.68,0.507,0.513,6677000000.0,76566000000.0,129706000000.0,129706000000.0,0.0,,,,,0.0,24388000000.0,1.0,3235772430.0,3239000000.0,3253000000.0,40.045,185241000000.0,0.0,2249000000.0,8983000000.0,57.191,-8160000000.0
31,WMT,MRQ,2013-09-30,2013-10-31,2013-10-31,2021-09-02,-2183000000.0,209876000000.0,,67142000000.0,142734000000.0,,22.534,-3031000000.0,8736000000.0,8736000000.0,86687000000.0,3885000000.0,0.872,1.79,61822000000.0,17279000000.0,44543000000.0,61822000000.0,0.0,2198000000.0,0.0,0.024,0.47,6190000000.0,8388000000.0,0.073,8388000000.0,6190000000.0,5598000000.0,1.15,1.14,1.15,73393000000.0,,73393000000.0,297191078164.0,11.0,8.175,-962000000.0,-0.295,1.0,29001000000.0,0.251,19729000000.0,592000000.0,166212000000.0,,49673000000.0,0.0,0.0,0.0,131354000000.0,77021000000.0,54333000000.0,248982078164.0,-280000000.0,0.0,-1710000000.0,4347000000.0,-1533000000.0,840000000.0,-3104000000.0,0.0,2069000000.0,-85000000.0,3738000000.0,3738000000.0,3738000000.0,-15000000.0,147000000.0,0.032,22691000000.0,6310000000.0,39221000000.0,0.409,3.392,14.478,14.703,117227000000.0,0.0,76.75,0.525,0.527,6206000000.0,72888000000.0,115688000000.0,115688000000.0,0.0,,,,,0.0,22691000000.0,1.0,3244066165.0,3257000000.0,3271000000.0,35.52,190147000000.0,0.0,1860000000.0,8553000000.0,58.381,-9879000000.0
32,WMT,MRQ,2013-06-30,2013-07-31,2013-07-31,2021-09-02,-2889000000.0,200969000000.0,,60002000000.0,140967000000.0,,21.861,-3021000000.0,9016000000.0,9016000000.0,87420000000.0,4215000000.0,0.831,1.734,57225000000.0,13640000000.0,43585000000.0,57225000000.0,0.0,2215000000.0,0.0,0.022,0.47,6678000000.0,8893000000.0,0.076,8893000000.0,6678000000.0,6089000000.0,1.25,1.24,1.25,71661000000.0,,71661000000.0,303613259237.0,11.0,8.434,3336000000.0,1.018,1.0,29410000000.0,0.252,19280000000.0,589000000.0,157684000000.0,,42793000000.0,0.0,0.0,0.0,124283000000.0,72214000000.0,52069000000.0,255384259237.0,161000000.0,0.0,-1850000000.0,471000000.0,-1543000000.0,-3121000000.0,-3055000000.0,0.0,6357000000.0,-20000000.0,4069000000.0,4069000000.0,4069000000.0,-10000000.0,146000000.0,0.035,22633000000.0,6777000000.0,36701000000.0,0.376,3.564,14.94,15.134,115994000000.0,0.0,77.94,0.541,0.541,5996000000.0,70791000000.0,116830000000.0,116830000000.0,0.0,,,,,0.0,22633000000.0,1.0,3276677691.0,3278000000.0,3291000000.0,35.641,181689000000.0,0.0,2020000000.0,8105000000.0,55.427,-12212000000.0
33,WMT,MRQ,2013-03-31,2013-04-30,2013-04-30,2021-09-02,-1968000000.0,202187000000.0,,60176000000.0,142011000000.0,,21.281,-2933000000.0,8855000000.0,8855000000.0,85991000000.0,3945000000.0,0.818,1.799,57084000000.0,12533000000.0,44551000000.0,57084000000.0,0.0,2187000000.0,0.0,0.021,0.47,6333000000.0,8520000000.0,0.075,8520000000.0,6333000000.0,5760000000.0,1.15,1.14,1.15,70249000000.0,,70249000000.0,302243698406.0,11.0,8.434,1961000000.0,0.594,1.0,28079000000.0,0.246,19734000000.0,573000000.0,157130000000.0,,43138000000.0,0.0,0.0,0.0,126346000000.0,73552000000.0,52794000000.0,255888698406.0,1074000000.0,0.0,-2246000000.0,3338000000.0,-1549000000.0,-755000000.0,-2982000000.0,0.0,4894000000.0,-83000000.0,3784000000.0,3784000000.0,3784000000.0,-13000000.0,161000000.0,0.033,21641000000.0,6438000000.0,36770000000.0,0.409,3.643,15.016,15.269,116431000000.0,0.0,77.72,0.545,0.546,6191000000.0,68489000000.0,114070000000.0,114070000000.0,0.0,,,,,0.0,21641000000.0,1.0,3292443366.0,3301000000.0,3318000000.0,34.556,182453000000.0,0.0,1976000000.0,10012000000.0,55.272,-13376000000.0
34,WMT,MRQ,2012-12-31,2013-01-31,2013-01-31,2021-09-02,-587000000.0,203105000000.0,,59940000000.0,143165000000.0,,22.85,-3788000000.0,7781000000.0,7781000000.0,96071000000.0,5876000000.0,0.835,1.59,54136000000.0,12719000000.0,41417000000.0,54136000000.0,0.0,2174000000.0,0.0,0.023,0.398,8378000000.0,10552000000.0,0.083,10552000000.0,8378000000.0,7846000000.0,1.67,1.67,1.67,76343000000.0,,76343000000.0,282813387258.0,10.0,7.925,5896000000.0,1.765,1.0,31705000000.0,0.248,20497000000.0,532000000.0,157145000000.0,,43803000000.0,0.0,0.0,0.0,121367000000.0,71818000000.0,49549000000.0,233999387258.0,-862000000.0,716000000.0,-2943000000.0,-2773000000.0,-1327000000.0,-7252000000.0,-3285000000.0,0.0,9684000000.0,-9000000.0,5606000000.0,5606000000.0,5606000000.0,-13000000.0,270000000.0,0.044,23125000000.0,8580000000.0,38080000000.0,0.238,3.065,13.765,13.879,116681000000.0,0.0,69.95,0.499,0.504,6768000000.0,72978000000.0,127776000000.0,127776000000.0,0.0,,,,,0.0,23125000000.0,1.0,3345237845.0,3341000000.0,3356000000.0,38.245,182608000000.0,0.0,2240000000.0,9824000000.0,54.657,-11878000000.0
35,WMT,MRQ,2012-09-30,2012-10-31,2012-10-31,2021-09-02,-562000000.0,205818000000.0,,63431000000.0,142387000000.0,,21.965,-3214000000.0,8643000000.0,8643000000.0,85470000000.0,3825000000.0,0.825,1.722,57457000000.0,15621000000.0,41836000000.0,57457000000.0,0.0,2071000000.0,0.0,0.021,0.398,5963000000.0,8034000000.0,0.071,8034000000.0,5963000000.0,5373000000.0,1.08,1.08,1.08,73891000000.0,,73891000000.0,298863551911.0,11.0,8.462,1098000000.0,0.326,1.0,28330000000.0,0.249,20572000000.0,590000000.0,157215000000.0,,47487000000.0,0.0,0.0,0.0,127217000000.0,76845000000.0,50372000000.0,252175551911.0,708000000.0,-716000000.0,-1228000000.0,2638000000.0,-1336000000.0,84000000.0,-3654000000.0,0.0,4312000000.0,-34000000.0,3635000000.0,3635000000.0,3635000000.0,-16000000.0,190000000.0,0.032,22237000000.0,6093000000.0,40272000000.0,0.369,3.413,15.232,15.373,115253000000.0,0.0,75.02,0.544,0.544,5567000000.0,70256000000.0,113800000000.0,113800000000.0,0.0,,,,,0.0,22237000000.0,1.0,3361444307.0,3364000000.0,3379000000.0,33.829,185246000000.0,0.0,1738000000.0,9054000000.0,55.067,-13414000000.0
36,WMT,MRQ,2012-06-30,2012-07-31,2012-07-31,2021-09-02,-1531000000.0,195661000000.0,,56259000000.0,139402000000.0,,20.768,-3039000000.0,7935000000.0,7935000000.0,85643000000.0,4161000000.0,0.824,1.721,54623000000.0,10446000000.0,44177000000.0,54623000000.0,0.0,2127000000.0,0.0,0.02,0.398,6603000000.0,8730000000.0,0.076,8730000000.0,6603000000.0,6048000000.0,1.19,1.18,1.19,70278000000.0,,70278000000.0,298345949038.0,11.0,8.5,3122000000.0,0.923,1.0,28639000000.0,0.251,20081000000.0,555000000.0,153953000000.0,,40558000000.0,0.0,0.0,0.0,120960000000.0,68315000000.0,52645000000.0,251836949038.0,-182000000.0,0.0,-1840000000.0,399000000.0,-1346000000.0,-2971000000.0,-3262000000.0,0.0,6161000000.0,-110000000.0,4016000000.0,4016000000.0,4016000000.0,0.0,145000000.0,0.035,21941000000.0,6698000000.0,36067000000.0,0.334,3.583,15.491,15.604,113647000000.0,0.0,74.43,0.547,0.547,5365000000.0,67732000000.0,114282000000.0,114282000000.0,0.0,,,,,0.0,21941000000.0,1.0,3383540898.0,3384000000.0,3398000000.0,33.771,175580000000.0,0.0,2032000000.0,9336000000.0,51.885,-12056000000.0
37,WMT,MRQ,2012-03-31,2012-04-30,2012-04-30,2021-09-02,-463000000.0,197100000000.0,,57276000000.0,139824000000.0,,20.23,-2325000000.0,8117000000.0,8117000000.0,85178000000.0,3894000000.0,0.83,1.786,54626000000.0,8630000000.0,45996000000.0,54626000000.0,0.0,2106000000.0,0.0,0.025,0.398,6273000000.0,8379000000.0,0.074,8379000000.0,6273000000.0,5700000000.0,1.1,1.09,1.1,68964000000.0,,68964000000.0,247438361150.0,9.0,7.134,3109000000.0,0.912,1.0,27832000000.0,0.246,21003000000.0,573000000.0,153628000000.0,,41284000000.0,0.0,0.0,0.0,123165000000.0,68978000000.0,54187000000.0,200561361150.0,1567000000.0,0.0,-1589000000.0,1223000000.0,-1352000000.0,-1807000000.0,-2436000000.0,0.0,5434000000.0,376000000.0,3742000000.0,3742000000.0,3742000000.0,0.0,152000000.0,0.033,21445000000.0,6387000000.0,37068000000.0,0.362,2.908,12.502,12.615,113472000000.0,0.0,58.91,0.44,0.441,5574000000.0,65463000000.0,113010000000.0,113010000000.0,0.0,,,,,0.0,21445000000.0,1.0,3404538468.0,3409000000.0,3425000000.0,33.15,176097000000.0,0.0,1958000000.0,10295000000.0,51.656,-11702000000.0
38,WMT,MRQ,2011-12-31,2012-01-31,2012-01-31,2021-09-02,-1410000000.0,193406000000.0,,54975000000.0,138431000000.0,,20.846,-3741000000.0,6550000000.0,6550000000.0,92455000000.0,5407000000.0,0.882,1.65,53427000000.0,6348000000.0,47079000000.0,53427000000.0,0.0,2039000000.0,0.0,0.024,0.365,8135000000.0,10174000000.0,0.083,10174000000.0,8135000000.0,7577000000.0,1.51,1.5,1.51,71315000000.0,,71315000000.0,262312430378.0,10.0,7.704,7600000000.0,2.222,1.0,30273000000.0,0.247,20651000000.0,558000000.0,157332000000.0,,40714000000.0,0.0,0.0,0.0,117645000000.0,62300000000.0,55345000000.0,210139430378.0,-513000000.0,-11000000.0,-1341000000.0,-5816000000.0,-1248000000.0,-8174000000.0,-3795000000.0,0.0,11341000000.0,115000000.0,5163000000.0,5163000000.0,5163000000.0,-15000000.0,244000000.0,0.042,21939000000.0,8334000000.0,36608000000.0,0.242,2.947,13.386,13.515,112324000000.0,0.0,61.36,0.471,0.475,5937000000.0,68691000000.0,122728000000.0,122728000000.0,0.0,,,,,0.0,21939000000.0,1.0,3424697366.0,3421000000.0,3435000000.0,35.875,172755000000.0,0.0,2414000000.0,9026000000.0,50.498,-7325000000.0
39,WMT,MRQ,2011-09-30,2011-10-31,2011-10-31,2021-09-02,-1375000000.0,195244000000.0,,59476000000.0,135768000000.0,,19.496,-3630000000.0,7063000000.0,7063000000.0,82591000000.0,3493000000.0,0.881,1.844,59236000000.0,11385000000.0,47851000000.0,59236000000.0,0.0,2040000000.0,0.0,0.025,0.365,5778000000.0,7818000000.0,0.071,7818000000.0,5778000000.0,5178000000.0,0.97,0.96,0.97,67163000000.0,,67163000000.0,244469239296.0,9.0,7.024,-424000000.0,-0.123,1.0,27635000000.0,0.251,20409000000.0,600000000.0,159464000000.0,,44340000000.0,0.0,0.0,0.0,123853000000.0,67544000000.0,56309000000.0,195493239296.0,-1039000000.0,-36000000.0,-1417000000.0,2911000000.0,-1259000000.0,-78000000.0,-3922000000.0,0.0,3206000000.0,-245000000.0,3336000000.0,3336000000.0,3336000000.0,8000000.0,157000000.0,0.03,21757000000.0,5878000000.0,37555000000.0,0.376,2.911,11.782,12.042,110392000000.0,0.0,56.72,0.444,0.444,4757000000.0,64769000000.0,110226000000.0,110226000000.0,0.0,,,,,0.0,21757000000.0,1.0,3446636800.0,3445000000.0,3458000000.0,31.996,174835000000.0,0.0,1842000000.0,8467000000.0,50.75,-8068000000.0
40,WMT,MRQ,2011-06-30,2011-07-31,2011-07-31,2021-09-02,1286000000.0,193872000000.0,,55630000000.0,138242000000.0,,19.568,-3264000000.0,8102000000.0,8102000000.0,81770000000.0,3937000000.0,0.858,1.781,57078000000.0,8626000000.0,48452000000.0,57078000000.0,0.0,2042000000.0,0.0,0.025,0.365,6269000000.0,8311000000.0,0.076,8311000000.0,6269000000.0,5669000000.0,1.09,1.09,1.09,67941000000.0,,67941000000.0,229304662216.0,9.0,6.669,4470000000.0,1.287,1.0,27596000000.0,0.252,21532000000.0,600000000.0,156476000000.0,,38867000000.0,0.0,0.0,0.0,121024000000.0,64840000000.0,56184000000.0,183038662216.0,-1298000000.0,-3501000000.0,-1411000000.0,1098000000.0,-1267000000.0,-1872000000.0,-7023000000.0,0.0,7734000000.0,-137000000.0,3801000000.0,3801000000.0,3801000000.0,0.0,136000000.0,0.035,21213000000.0,6383000000.0,34917000000.0,0.335,2.694,10.966,11.239,111590000000.0,0.0,52.71,0.424,0.424,5265000000.0,62779000000.0,109366000000.0,109366000000.0,0.0,,,,,0.0,21213000000.0,1.0,3472560467.0,3472000000.0,3485000000.0,31.499,172340000000.0,0.0,1868000000.0,8202000000.0,49.637,-9210000000.0
41,WMT,MRQ,2011-03-31,2011-04-30,2011-04-30,2021-09-02,878000000.0,186225000000.0,,56118000000.0,130107000000.0,,18.589,-2295000000.0,9400000000.0,9400000000.0,78177000000.0,3550000000.0,0.902,1.819,55666000000.0,6969000000.0,48697000000.0,55666000000.0,0.0,1985000000.0,0.0,0.023,0.365,5761000000.0,7746000000.0,0.074,7746000000.0,5761000000.0,5199000000.0,0.97,0.97,0.97,65006000000.0,,65006000000.0,234415094630.0,9.0,6.884,-321000000.0,-0.092,1.0,26012000000.0,0.25,16895000000.0,562000000.0,153385000000.0,,38495000000.0,0.0,0.0,0.0,118233000000.0,62211000000.0,56022000000.0,191946094630.0,2005000000.0,0.0,-2129000000.0,5292000000.0,-1274000000.0,1666000000.0,-1869000000.0,0.0,1974000000.0,234000000.0,3399000000.0,3399000000.0,3399000000.0,28000000.0,151000000.0,0.033,20116000000.0,5896000000.0,34481000000.0,0.376,2.953,11.642,12.031,109144000000.0,0.0,54.98,0.45,0.451,4785000000.0,60330000000.0,104189000000.0,104189000000.0,0.0,,,,,0.0,20116000000.0,1.0,3491198520.0,3497000000.0,3513000000.0,29.794,169330000000.0,0.0,1800000000.0,7829000000.0,48.422,-6093000000.0
42,WMT,MRQ,2010-12-31,2011-01-31,2011-01-31,2021-09-02,646000000.0,180782000000.0,,52012000000.0,128770000000.0,,19.318,-3133000000.0,7395000000.0,7395000000.0,87071000000.0,6212000000.0,0.888,1.598,49864000000.0,6022000000.0,43842000000.0,49864000000.0,0.0,2006000000.0,0.0,0.022,0.302,8922000000.0,10928000000.0,0.094,10928000000.0,8922000000.0,8350000000.0,1.68,1.68,1.68,68542000000.0,,68542000000.0,245899020065.0,9.0,7.272,8245000000.0,2.324,1.0,29289000000.0,0.252,16763000000.0,572000000.0,147885000000.0,,36437000000.0,0.0,0.0,0.0,109535000000.0,58603000000.0,50932000000.0,199721020065.0,-3221000000.0,-70000000.0,-3804000000.0,-6807000000.0,-1076000000.0,-11698000000.0,-2904000000.0,0.0,11378000000.0,3000000.0,6056000000.0,6056000000.0,6056000000.0,-1034000000.0,156000000.0,0.052,21285000000.0,8004000000.0,33676000000.0,0.18,2.914,12.186,12.516,107878000000.0,0.0,56.07,0.473,0.486,5089000000.0,63967000000.0,116360000000.0,116360000000.0,0.0,,,,,0.0,21285000000.0,1.0,3561994294.0,3548000000.0,3562000000.0,32.796,164019000000.0,0.0,2294000000.0,6839000000.0,46.229,-6591000000.0
43,WMT,MRQ,2010-09-30,2010-10-31,2010-10-31,2021-09-02,105000000.0,186890000000.0,,59568000000.0,127322000000.0,,18.116,-3649000000.0,10616000000.0,10616000000.0,75819000000.0,3590000000.0,0.871,1.814,56794000000.0,12895000000.0,43899000000.0,56794000000.0,0.0,1887000000.0,0.0,0.022,0.302,5510000000.0,7397000000.0,0.073,7397000000.0,5510000000.0,4941000000.0,0.95,0.95,0.95,65525000000.0,,65525000000.0,236029761391.0,10.0,7.361,-1403000000.0,-0.388,1.0,26133000000.0,0.256,16586000000.0,569000000.0,148075000000.0,,41059000000.0,0.0,0.0,0.0,118870000000.0,68407000000.0,50463000000.0,196991761391.0,421000000.0,-24000000.0,-3860000000.0,6712000000.0,-1101000000.0,1715000000.0,-3708000000.0,0.0,2246000000.0,168000000.0,3436000000.0,3436000000.0,3436000000.0,0.0,154000000.0,0.034,20522000000.0,5611000000.0,36208000000.0,0.318,3.006,13.054,13.375,106542000000.0,0.0,54.17,0.47,0.467,4374000000.0,61451000000.0,101952000000.0,101952000000.0,0.0,,,,,0.0,20522000000.0,1.0,3636547192.0,3617000000.0,3631000000.0,28.187,170304000000.0,0.0,1505000000.0,6715000000.0,47.084,-8839000000.0
44,WMT,MRQ,2010-06-30,2010-07-31,2010-07-31,2021-09-02,-1099000000.0,176944000000.0,,53045000000.0,123899000000.0,,17.491,-2988000000.0,10195000000.0,10195000000.0,77438000000.0,3747000000.0,0.808,1.702,49233000000.0,10531000000.0,38702000000.0,49233000000.0,0.0,1884000000.0,0.0,0.022,0.302,6096000000.0,7980000000.0,0.077,7980000000.0,6096000000.0,5554000000.0,0.97,0.97,0.97,64646000000.0,,64646000000.0,228337910349.0,9.0,7.175,6058000000.0,1.639,1.0,26288000000.0,0.253,15993000000.0,542000000.0,134334000000.0,,34793000000.0,0.0,0.0,0.0,110048000000.0,65655000000.0,44393000000.0,189896910349.0,1679000000.0,-108000000.0,-4145000000.0,1681000000.0,-1124000000.0,-3881000000.0,-3345000000.0,0.0,9046000000.0,-141000000.0,3596000000.0,3596000000.0,3596000000.0,0.0,151000000.0,0.035,20098000000.0,6190000000.0,33953000000.0,0.311,2.937,12.832,13.059,103814000000.0,0.0,51.19,0.456,0.454,4531000000.0,61746000000.0,103726000000.0,103726000000.0,0.0,,,,,0.0,20098000000.0,1.0,3709648571.0,3696000000.0,3707000000.0,28.064,160951000000.0,0.0,1958000000.0,6625000000.0,43.547,-12610000000.0
45,WMT,MRQ,2010-03-31,2010-04-30,2010-04-30,2021-09-02,-216000000.0,174043000000.0,,51346000000.0,122697000000.0,,17.536,-2440000000.0,8516000000.0,8516000000.0,74618000000.0,3444000000.0,0.796,1.602,46957000000.0,11177000000.0,35780000000.0,46957000000.0,0.0,1864000000.0,0.0,0.021,0.302,5645000000.0,7509000000.0,0.075,7509000000.0,5645000000.0,5123000000.0,0.88,0.87,0.88,66023000000.0,,66023000000.0,235046163051.0,10.0,7.472,-1467000000.0,-0.39,1.0,25193000000.0,0.252,15859000000.0,522000000.0,132135000000.0,,35021000000.0,0.0,0.0,0.0,105747000000.0,64490000000.0,41257000000.0,201633163051.0,609000000.0,0.0,-2967000000.0,6233000000.0,-1136000000.0,1836000000.0,-2236000000.0,0.0,973000000.0,36000000.0,3301000000.0,3301000000.0,3301000000.0,0.0,143000000.0,0.033,19456000000.0,5737000000.0,31372000000.0,0.343,3.054,13.74,13.969,102928000000.0,0.0,53.64,0.487,0.488,4235000000.0,62180000000.0,99811000000.0,99811000000.0,0.0,,,,,0.0,19456000000.0,1.0,3759007514.0,3765000000.0,3781000000.0,26.51,158184000000.0,0.0,1822000000.0,7856000000.0,42.014,-13144000000.0
46,WMT,MRQ,2009-12-31,2010-01-31,2010-01-31,2021-09-02,-70000000.0,170407000000.0,,48032000000.0,122375000000.0,,18.53,-2297000000.0,7907000000.0,7907000000.0,84740000000.0,4933000000.0,0.865,1.387,41320000000.0,4919000000.0,36401000000.0,41320000000.0,0.0,1902000000.0,0.0,0.02,0.273,7279000000.0,9181000000.0,0.081,9181000000.0,7279000000.0,6757000000.0,1.25,1.24,1.25,70468000000.0,,70468000000.0,244927488197.0,10.0,7.966,11512000000.0,3.027,1.0,28882000000.0,0.254,16126000000.0,522000000.0,132151000000.0,,32713000000.0,0.0,0.0,0.0,97759000000.0,55543000000.0,42216000000.0,203577488197.0,1904000000.0,0.0,-2171000000.0,-6007000000.0,-1038000000.0,-9265000000.0,-2959000000.0,0.0,13809000000.0,319000000.0,4758000000.0,4758000000.0,4758000000.0,57000000.0,175000000.0,0.042,21424000000.0,7458000000.0,30451000000.0,0.218,2.889,14.167,14.363,102307000000.0,0.0,53.43,0.499,0.506,4144000000.0,66357000000.0,113622000000.0,113622000000.0,0.0,,,,,0.0,21424000000.0,1.0,3810171967.0,3803000000.0,3817000000.0,29.877,154281000000.0,0.0,1999000000.0,6855000000.0,40.568,-7511000000.0
47,WMT,MRQ,2009-09-30,2009-10-31,2009-10-31,2021-09-02,-551000000.0,172502000000.0,,51516000000.0,120986000000.0,,17.471,-3141000000.0,6003000000.0,6003000000.0,73915000000.0,3258000000.0,0.871,1.535,47353000000.0,9752000000.0,37601000000.0,47353000000.0,0.0,1798000000.0,0.0,0.021,0.273,5356000000.0,7154000000.0,0.072,7154000000.0,5356000000.0,4846000000.0,0.82,0.81,0.82,67280000000.0,,67280000000.0,228852145339.0,10.0,7.738,-596000000.0,-0.155,1.0,25458000000.0,0.256,16162000000.0,510000000.0,138535000000.0,,38129000000.0,0.0,0.0,0.0,103268000000.0,59155000000.0,44113000000.0,191607145339.0,-1994000000.0,0.0,-2313000000.0,1934000000.0,-1050000000.0,-1492000000.0,-2913000000.0,0.0,2545000000.0,-134000000.0,3144000000.0,3144000000.0,3144000000.0,7000000.0,114000000.0,0.032,20016000000.0,5442000000.0,30920000000.0,0.333,2.848,14.287,14.442,101221000000.0,0.0,49.68,0.475,0.475,3776000000.0,63697000000.0,99373000000.0,99373000000.0,0.0,,,,,0.0,20016000000.0,1.0,3856826597.0,3851000000.0,3861000000.0,25.804,156340000000.0,0.0,1702000000.0,6988000000.0,40.597,-7639000000.0
48,WMT,MRQ,2009-06-30,2009-07-31,2009-07-31,2021-09-02,-318000000.0,168609000000.0,,48692000000.0,119917000000.0,,17.141,-3269000000.0,7997000000.0,7997000000.0,75056000000.0,3579000000.0,0.852,1.501,45242000000.0,8417000000.0,36825000000.0,45242000000.0,0.0,1757000000.0,0.0,0.02,0.273,5857000000.0,7614000000.0,0.075,7614000000.0,5857000000.0,5342000000.0,0.89,0.89,0.89,66695000000.0,,66695000000.0,230956293170.0,10.0,7.836,3055000000.0,0.785,1.0,25820000000.0,0.256,16149000000.0,515000000.0,132529000000.0,,33365000000.0,0.0,0.0,0.0,100100000000.0,57176000000.0,42924000000.0,194363293170.0,1419000000.0,0.0,-1906000000.0,1083000000.0,-1062000000.0,-1931000000.0,-3065000000.0,0.0,6324000000.0,91000000.0,3472000000.0,3472000000.0,3472000000.0,7000000.0,107000000.0,0.034,19891000000.0,5929000000.0,28797000000.0,0.307,2.914,14.499,14.585,100187000000.0,0.0,49.88,0.483,0.483,3684000000.0,62840000000.0,100876000000.0,100876000000.0,0.0,,,,,0.0,19891000000.0,1.0,3896617746.0,3891000000.0,3900000000.0,25.925,152460000000.0,0.0,1870000000.0,6915000000.0,39.183,-8484000000.0
49,WMT,MRQ,2009-03-31,2009-04-30,2009-04-30,2021-09-02,-3373000000.0,162090000000.0,,47746000000.0,114344000000.0,,15.875,-2475000000.0,6578000000.0,6578000000.0,70388000000.0,3139000000.0,0.847,1.578,43171000000.0,7506000000.0,35665000000.0,43171000000.0,0.0,1700000000.0,0.0,0.02,0.273,5143000000.0,6843000000.0,0.073,6843000000.0,5143000000.0,4625000000.0,0.77,0.77,0.77,62231000000.0,,62231000000.0,232264991098.0,10.0,7.9,1096000000.0,0.28,1.0,23854000000.0,0.253,14882000000.0,518000000.0,127402000000.0,,34391000000.0,0.0,0.0,0.0,98176000000.0,56399000000.0,41777000000.0,197321991098.0,-697000000.0,0.0,-886000000.0,1124000000.0,-1067000000.0,-1503000000.0,-2683000000.0,0.0,3571000000.0,-82000000.0,3022000000.0,3022000000.0,3022000000.0,8000000.0,117000000.0,0.032,18637000000.0,5217000000.0,28541000000.0,0.355,3.171,14.745,14.824,96104000000.0,0.0,50.4,0.489,0.49,3356000000.0,61556000000.0,94242000000.0,94242000000.0,0.0,,,,,0.0,18637000000.0,1.0,3915118871.0,3920000000.0,3930000000.0,24.041,147208000000.0,0.0,1603000000.0,7645000000.0,37.553,-8653000000.0
50,WMT,MRQ,2008-12-31,2009-01-31,2009-01-31,2021-09-02,-2688000000.0,163429000000.0,,48949000000.0,114480000000.0,,16.637,-3390000000.0,7275000000.0,7275000000.0,81830000000.0,3907000000.0,0.884,1.476,42218000000.0,7669000000.0,34549000000.0,42218000000.0,0.0,1685000000.0,0.0,0.02,0.237,6280000000.0,7965000000.0,0.073,7965000000.0,6280000000.0,5720000000.0,0.96,0.96,0.96,65285000000.0,,65285000000.0,225980666119.0,10.0,7.677,9331000000.0,2.378,1.0,26797000000.0,0.247,15260000000.0,560000000.0,127722000000.0,,34511000000.0,0.0,0.0,0.0,96350000000.0,55390000000.0,40960000000.0,184830666119.0,1355000000.0,-1502000000.0,0.0,-6371000000.0,-932000000.0,-6871000000.0,-3945000000.0,0.0,12721000000.0,-550000000.0,3773000000.0,3773000000.0,3773000000.0,0.0,134000000.0,0.035,20451000000.0,6346000000.0,28849000000.0,0.247,2.831,13.813,13.859,95653000000.0,0.0,47.12,0.457,0.459,3905000000.0,63660000000.0,108627000000.0,108627000000.0,0.0,,,,,0.0,20451000000.0,1.0,3922552337.0,3924000000.0,3936000000.0,27.683,148169000000.0,0.0,1947000000.0,6691000000.0,37.76,-6441000000.0
51,WMT,MRQ,2008-09-30,2008-10-31,2008-10-31,2021-09-02,1511000000.0,167843000000.0,,53093000000.0,114750000000.0,,16.672,-2813000000.0,5920000000.0,5920000000.0,73621000000.0,3251000000.0,0.876,1.53,47070000000.0,12999000000.0,34071000000.0,47070000000.0,0.0,1688000000.0,0.0,0.017,0.237,5365000000.0,7053000000.0,0.072,7053000000.0,5365000000.0,4828000000.0,0.8,0.8,0.8,65539000000.0,,65539000000.0,257211221656.0,11.0,8.586,-2551000000.0,-0.649,1.0,24724000000.0,0.251,15416000000.0,537000000.0,132953000000.0,,40416000000.0,0.0,0.0,0.0,100270000000.0,60624000000.0,39646000000.0,219555221656.0,-1021000000.0,838000000.0,-1337000000.0,3505000000.0,-936000000.0,1333000000.0,-2270000000.0,0.0,262000000.0,-346000000.0,3138000000.0,3138000000.0,3138000000.0,-105000000.0,113000000.0,0.032,19432000000.0,5292000000.0,30782000000.0,0.296,3.35,16.02,16.177,96545000000.0,0.0,55.81,0.547,0.546,3250000000.0,59809000000.0,98345000000.0,98345000000.0,0.0,,,,,0.0,19432000000.0,1.0,3933976378.0,3931000000.0,3944000000.0,25.018,152427000000.0,0.0,1690000000.0,5930000000.0,38.776,-7531000000.0
52,WMT,MRQ,2008-06-30,2008-07-31,2008-07-31,2021-09-02,4924000000.0,166895000000.0,,49774000000.0,117121000000.0,,16.931,-2261000000.0,6903000000.0,6903000000.0,77118000000.0,3579000000.0,0.906,1.468,44563000000.0,6851000000.0,37712000000.0,44563000000.0,0.0,1738000000.0,0.0,0.016,0.237,5802000000.0,7540000000.0,0.074,7540000000.0,5802000000.0,5275000000.0,0.87,0.87,0.87,66793000000.0,,66793000000.0,271180987216.0,12.0,9.208,4124000000.0,1.045,1.0,25224000000.0,0.246,16400000000.0,527000000.0,133226000000.0,,35365000000.0,0.0,0.0,0.0,98027000000.0,54929000000.0,43098000000.0,231180987216.0,-1131000000.0,-74000000.0,-809000000.0,-3104000000.0,-938000000.0,-5171000000.0,-2294000000.0,0.0,6385000000.0,-51000000.0,3449000000.0,3449000000.0,3449000000.0,-48000000.0,130000000.0,0.034,19411000000.0,5813000000.0,29912000000.0,0.272,3.461,17.221,17.446,98049000000.0,0.0,58.62,0.585,0.585,3221000000.0,57883000000.0,102342000000.0,102342000000.0,0.0,,,,,0.0,19411000000.0,1.0,3943722061.0,3945000000.0,3958000000.0,25.942,150495000000.0,0.0,1826000000.0,5941000000.0,38.148,-5155000000.0
53,WMT,MRQ,2008-03-31,2008-04-30,2008-04-30,2021-09-02,4345000000.0,167483000000.0,,50757000000.0,116726000000.0,,15.979,-2321000000.0,8042000000.0,8042000000.0,71372000000.0,3144000000.0,0.83,1.619,48072000000.0,12109000000.0,35963000000.0,48072000000.0,0.0,1628000000.0,0.0,0.015,0.237,5252000000.0,6880000000.0,0.072,6880000000.0,5252000000.0,4692000000.0,0.76,0.76,0.76,63230000000.0,,63230000000.0,268381478145.0,12.0,9.384,1458000000.0,0.368,1.0,23568000000.0,0.248,16428000000.0,560000000.0,129956000000.0,,35521000000.0,0.0,0.0,0.0,102376000000.0,61129000000.0,41247000000.0,229279478145.0,2503000000.0,0.0,-1375000000.0,3052000000.0,-940000000.0,791000000.0,-2233000000.0,0.0,3779000000.0,166000000.0,3022000000.0,3022000000.0,3022000000.0,7000000.0,122000000.0,0.032,18251000000.0,5317000000.0,29027000000.0,0.312,3.626,17.736,18.062,97458000000.0,0.0,57.98,0.594,0.595,3249000000.0,55257000000.0,94940000000.0,94940000000.0,0.0,,,,,0.0,18251000000.0,1.0,3954458057.0,3957000000.0,3967000000.0,23.993,151055000000.0,0.0,1670000000.0,6983000000.0,38.174,-10372000000.0
54,WMT,MRQ,2007-12-31,2008-01-31,2008-01-31,2021-09-02,3864000000.0,163514000000.0,,48020000000.0,115494000000.0,,16.201,-3562000000.0,5492000000.0,5492000000.0,79064000000.0,4502000000.0,0.821,1.531,44671000000.0,11269000000.0,33402000000.0,44671000000.0,0.0,1661000000.0,0.0,0.017,0.22,6824000000.0,8485000000.0,0.08,8485000000.0,6824000000.0,6221000000.0,1.02,1.02,1.02,64608000000.0,,64608000000.0,245691017692.0,11.0,8.762,7457000000.0,1.87,1.0,26826000000.0,0.253,15879000000.0,603000000.0,128336000000.0,,35159000000.0,0.0,0.0,0.0,98906000000.0,58478000000.0,40428000000.0,203204017692.0,22000000.0,-877000000.0,-2412000000.0,-3300000000.0,-879000000.0,-6544000000.0,-4447000000.0,0.0,11019000000.0,-6000000.0,4096000000.0,4096000000.0,4096000000.0,14000000.0,406000000.0,0.039,19950000000.0,6876000000.0,30344000000.0,0.216,3.145,15.961,16.211,96867000000.0,0.0,50.74,0.539,0.547,3642000000.0,57319000000.0,105890000000.0,105890000000.0,0.0,,,,,0.0,19950000000.0,1.0,4004809178.0,3988000000.0,3997000000.0,26.552,147635000000.0,0.0,2125000000.0,6087000000.0,37.02,-10458000000.0
55,WMT,MRQ,2007-09-30,2007-10-31,2007-10-31,2021-09-02,4139000000.0,165659000000.0,,51506000000.0,114153000000.0,,15.572,-3766000000.0,5518000000.0,5518000000.0,69251000000.0,2857000000.0,0.845,1.626,47437000000.0,13847000000.0,33590000000.0,47437000000.0,0.0,1596000000.0,0.0,0.018,0.22,4950000000.0,6546000000.0,0.071,6546000000.0,4950000000.0,4413000000.0,0.71,0.7,0.71,63082000000.0,,63082000000.0,220872520336.0,10.0,8.08,-341000000.0,-0.084,1.0,22614000000.0,0.246,14898000000.0,537000000.0,131738000000.0,,39535000000.0,0.0,0.0,0.0,102577000000.0,60942000000.0,41635000000.0,183924520336.0,-547000000.0,-251000000.0,-2795000000.0,3907000000.0,-896000000.0,-18000000.0,-4043000000.0,0.0,3425000000.0,89000000.0,2857000000.0,2857000000.0,2857000000.0,-11000000.0,0.0,0.031,17653000000.0,4961000000.0,31376000000.0,0.31,2.916,14.627,14.726,95986000000.0,0.0,45.21,0.497,0.495,3062000000.0,55522000000.0,91865000000.0,91865000000.0,0.0,,,,,0.0,17653000000.0,1.0,4068226506.0,4051000000.0,4056000000.0,22.677,150761000000.0,0.0,1556000000.0,5590000000.0,37.216,-9436000000.0
56,WMT,MRQ,2007-06-30,2007-07-31,2007-07-31,2021-09-02,3460000000.0,156949000000.0,,46387000000.0,110562000000.0,,15.184,-3665000000.0,6073000000.0,6073000000.0,70589000000.0,2952000000.0,0.84,1.52,43042000000.0,11482000000.0,31560000000.0,43042000000.0,0.0,1572000000.0,0.0,0.017,0.22,5116000000.0,6688000000.0,0.072,6688000000.0,5116000000.0,4628000000.0,0.72,0.72,0.72,62286000000.0,,62286000000.0,224435335085.0,11.0,8.419,686000000.0,0.167,1.0,22410000000.0,0.241,14655000000.0,488000000.0,124013000000.0,,34184000000.0,0.0,0.0,0.0,94663000000.0,55250000000.0,39413000000.0,188798335085.0,-863000000.0,-1000000.0,-1541000000.0,944000000.0,-903000000.0,-1659000000.0,-3738000000.0,0.0,4351000000.0,183000000.0,2952000000.0,2952000000.0,2952000000.0,145000000.0,0.0,0.032,17127000000.0,5283000000.0,27748000000.0,0.306,3.031,15.27,15.368,92944000000.0,0.0,45.95,0.521,0.52,2767000000.0,55414000000.0,92999000000.0,92999000000.0,0.0,,,,,0.0,17127000000.0,1.0,4108777695.0,4102000000.0,4108000000.0,22.672,142294000000.0,0.0,1676000000.0,5617000000.0,34.689,-8863000000.0
57,WMT,MRQ,2007-03-31,2007-04-30,2007-04-30,2021-09-02,2671000000.0,155422000000.0,,47579000000.0,107843000000.0,,14.534,-2987000000.0,6563000000.0,6563000000.0,65311000000.0,2826000000.0,0.87,1.594,42200000000.0,9085000000.0,33115000000.0,42200000000.0,0.0,1488000000.0,0.0,0.015,0.22,4833000000.0,6321000000.0,0.073,6321000000.0,4833000000.0,4358000000.0,0.69,0.68,0.69,59911000000.0,,59911000000.0,229288708261.0,12.0,8.994,-1140000000.0,-0.277,1.0,21099000000.0,0.244,14585000000.0,475000000.0,121774000000.0,,35200000000.0,0.0,0.0,0.0,95511000000.0,54700000000.0,40811000000.0,197643708261.0,-810000000.0,-466000000.0,-943000000.0,2926000000.0,-908000000.0,799000000.0,-3442000000.0,0.0,1847000000.0,-14000000.0,2826000000.0,2826000000.0,2826000000.0,0.0,0.0,0.033,16249000000.0,4850000000.0,27562000000.0,0.319,3.299,17.194,17.3,90284000000.0,0.0,47.92,0.557,0.556,2924000000.0,53956000000.0,86410000000.0,86410000000.0,0.0,,,,,0.0,16249000000.0,1.0,4124451341.0,4122000000.0,4128000000.0,20.963,140837000000.0,0.0,1532000000.0,6984000000.0,34.167,-7121000000.0
58,WMT,MRQ,2006-12-31,2007-01-31,2007-01-31,2021-09-02,2508000000.0,151587000000.0,,46982000000.0,104605000000.0,,14.83,-4117000000.0,7767000000.0,7767000000.0,75392000000.0,3939000000.0,0.901,1.462,39018000000.0,8283000000.0,30735000000.0,39018000000.0,0.0,1446000000.0,0.0,0.014,0.168,6334000000.0,7780000000.0,0.079,7780000000.0,6334000000.0,5905000000.0,0.95,0.95,0.95,61573000000.0,,61573000000.0,234399135809.0,12.0,9.411,6053000000.0,1.458,1.0,23404000000.0,0.237,13759000000.0,429000000.0,116931000000.0,,33685000000.0,0.0,0.0,0.0,90014000000.0,52148000000.0,37866000000.0,198773135809.0,1253000000.0,0.0,-1718000000.0,-2727000000.0,-684000000.0,-5215000000.0,-3752000000.0,0.0,10170000000.0,50000000.0,3939000000.0,3939000000.0,3939000000.0,11000000.0,0.0,0.04,16972000000.0,6432000000.0,28484000000.0,0.177,3.228,17.615,17.598,88440000000.0,0.0,47.69,0.571,0.57,2840000000.0,55818000000.0,98796000000.0,98796000000.0,0.0,,,,,0.0,16972000000.0,1.0,4168025494.0,4152000000.0,4156000000.0,23.795,137828000000.0,0.0,1966000000.0,5677000000.0,33.196,-5166000000.0
59,WMT,MRQ,2006-09-30,2006-10-31,2006-10-31,2021-09-02,1788000000.0,151119000000.0,,49623000000.0,101496000000.0,,14.095,-4437000000.0,5908000000.0,5908000000.0,63765000000.0,2647000000.0,0.853,1.572,41534000000.0,13758000000.0,27776000000.0,41534000000.0,0.0,1371000000.0,0.0,0.013,0.168,4499000000.0,5870000000.0,0.069,5870000000.0,4499000000.0,4010000000.0,0.63,0.63,0.63,58763000000.0,,58763000000.0,239548889962.0,13.0,9.925,-1632000000.0,-0.391,1.0,20702000000.0,0.245,13257000000.0,489000000.0,115325000000.0,,38531000000.0,0.0,0.0,0.0,92356000000.0,58163000000.0,34193000000.0,205449889962.0,-709000000.0,610000000.0,0.0,1203000000.0,-710000000.0,462000000.0,-3952000000.0,0.0,2805000000.0,-24000000.0,2647000000.0,2647000000.0,2647000000.0,-53000000.0,0.0,0.031,16237000000.0,4465000000.0,29263000000.0,0.267,3.496,18.787,18.809,86022000000.0,0.0,49.28,0.606,0.606,2477000000.0,53738000000.0,84467000000.0,84467000000.0,0.0,,,,,0.0,16237000000.0,1.0,4169031858.0,4169000000.0,4173000000.0,20.261,137862000000.0,0.0,1363000000.0,5037000000.0,33.068,-8540000000.0
60,WMT,MRQ,2006-06-30,2006-07-31,2006-07-31,2021-09-02,2116000000.0,144788000000.0,,46172000000.0,98616000000.0,,13.525,-3765000000.0,6386000000.0,6386000000.0,64585000000.0,2083000000.0,0.853,1.568,40485000000.0,12503000000.0,27982000000.0,40485000000.0,0.0,1348000000.0,0.0,0.014,0.168,4175000000.0,5523000000.0,0.065,5523000000.0,4175000000.0,3719000000.0,0.5,0.5,0.5,56372000000.0,,56372000000.0,218073008726.0,12.0,9.29,-245000000.0,-0.059,1.0,20845000000.0,0.244,13269000000.0,456000000.0,111479000000.0,,32087000000.0,0.0,0.0,0.0,88416000000.0,54139000000.0,34277000000.0,185466008726.0,759000000.0,0.0,0.0,2017000000.0,-710000000.0,1001000000.0,-3796000000.0,0.0,3520000000.0,34000000.0,2083000000.0,2083000000.0,2083000000.0,901000000.0,0.0,0.024,15741000000.0,5104000000.0,26023000000.0,0.336,3.29,17.393,17.383,83182000000.0,0.0,44.5,0.562,0.562,2522000000.0,51091000000.0,85430000000.0,85430000000.0,0.0,,,,,0.0,15741000000.0,1.0,4167775477.0,4168000000.0,4172000000.0,20.497,131519000000.0,0.0,1636000000.0,5441000000.0,31.554,-7967000000.0
61,WMT,MRQ,2006-03-31,2006-04-30,2006-04-30,2021-09-02,1224000000.0,140485000000.0,,45462000000.0,95023000000.0,,12.794,-2953000000.0,5690000000.0,5690000000.0,60237000000.0,2615000000.0,0.874,1.635,38376000000.0,9420000000.0,28956000000.0,38376000000.0,0.0,1294000000.0,0.0,0.014,0.168,4439000000.0,5733000000.0,0.072,5733000000.0,4439000000.0,4003000000.0,0.63,0.63,0.63,53314000000.0,,53314000000.0,220055525631.0,12.0,9.255,787000000.0,0.189,1.0,19439000000.0,0.244,12807000000.0,436000000.0,108367000000.0,,31900000000.0,0.0,0.0,0.0,87171000000.0,51997000000.0,35174000000.0,187650525631.0,-556000000.0,-68000000.0,0.0,-585000000.0,-698000000.0,-1370000000.0,-2963000000.0,0.0,3740000000.0,37000000.0,2615000000.0,2615000000.0,2615000000.0,45000000.0,0.0,0.033,14944000000.0,4495000000.0,25115000000.0,0.267,3.52,16.482,16.495,80000000000.0,0.0,45.03,0.585,0.585,2430000000.0,49020000000.0,79676000000.0,79676000000.0,0.0,,,,,0.0,14944000000.0,1.0,4167233525.0,4167000000.0,4170000000.0,19.121,127678000000.0,0.0,1388000000.0,6647000000.0,30.64,-6535000000.0
62,WMT,MRQ,2005-12-31,2006-01-31,2006-01-31,2021-09-02,1053000000.0,138187000000.0,,43825000000.0,94362000000.0,,12.766,-3844000000.0,6193000000.0,6193000000.0,68382000000.0,3591000000.0,0.898,1.599,38729000000.0,8633000000.0,30096000000.0,38729000000.0,0.0,1186000000.0,0.0,0.013,0.15,5825000000.0,7011000000.0,0.079,7011000000.0,5825000000.0,5425000000.0,0.86,0.86,0.86,53171000000.0,,53171000000.0,225442532938.0,12.0,9.76,6283000000.0,1.509,1.0,20870000000.0,0.234,12097000000.0,400000000.0,109801000000.0,,31910000000.0,0.0,0.0,0.0,85016000000.0,48825000000.0,36191000000.0,191978532938.0,2485000000.0,-294000000.0,0.0,-3162000000.0,-624000000.0,-3520000000.0,-4091000000.0,0.0,10127000000.0,-31000000.0,3591000000.0,3591000000.0,3591000000.0,30000000.0,0.0,0.04,14977000000.0,5893000000.0,25101000000.0,0.174,3.611,17.094,17.205,77865000000.0,0.0,46.11,0.615,0.618,2575000000.0,49105000000.0,89252000000.0,89252000000.0,0.0,,,,,0.0,14977000000.0,1.0,4163490196.0,4165000000.0,4170000000.0,21.429,126090000000.0,0.0,1834000000.0,5841000000.0,30.274,-5000000000.0
63,WMT,MRQ,2005-09-30,2005-10-31,2005-10-31,2021-09-02,1498000000.0,131799000000.0,,44924000000.0,86875000000.0,,11.985,-3561000000.0,4334000000.0,4334000000.0,57325000000.0,2374000000.0,0.893,1.64,37909000000.0,11193000000.0,26716000000.0,37909000000.0,0.0,1174000000.0,0.0,0.012,0.15,4034000000.0,5208000000.0,0.069,5208000000.0,4034000000.0,3627000000.0,0.57,0.57,0.57,49918000000.0,,49918000000.0,227339202782.0,13.0,10.167,-1915000000.0,-0.46,1.0,18072000000.0,0.24,10379000000.0,407000000.0,104678000000.0,,36272000000.0,0.0,0.0,0.0,81881000000.0,50317000000.0,31564000000.0,196937202782.0,-1138000000.0,-307000000.0,0.0,1979000000.0,-625000000.0,1161000000.0,-3964000000.0,0.0,1646000000.0,19000000.0,2374000000.0,2374000000.0,2374000000.0,48000000.0,0.0,0.031,13974000000.0,4098000000.0,24835000000.0,0.263,3.945,18.228,18.48,72558000000.0,0.0,47.31,0.65,0.651,1770000000.0,45495000000.0,75397000000.0,75397000000.0,0.0,,,,,0.0,13974000000.0,1.0,4162697163.0,4165000000.0,4169000000.0,18.103,121420000000.0,0.0,1253000000.0,3986000000.0,29.152,-5393000000.0
64,WMT,MRQ,2005-06-30,2005-07-31,2005-07-31,2021-09-02,1725000000.0,124765000000.0,,40393000000.0,84372000000.0,,11.43,-3612000000.0,5452000000.0,5452000000.0,58089000000.0,2805000000.0,0.822,1.614,35983000000.0,12357000000.0,23626000000.0,35983000000.0,0.0,1153000000.0,0.0,0.011,0.15,4672000000.0,5825000000.0,0.076,5825000000.0,4672000000.0,4308000000.0,0.67,0.67,0.67,47721000000.0,,47721000000.0,234340766009.0,13.0,10.631,343000000.0,0.082,1.0,18608000000.0,0.243,10324000000.0,364000000.0,95808000000.0,,30611000000.0,0.0,0.0,0.0,77044000000.0,49164000000.0,27880000000.0,206382766009.0,718000000.0,0.0,-2165000000.0,3504000000.0,-627000000.0,446000000.0,-3635000000.0,0.0,3955000000.0,-48000000.0,2805000000.0,2805000000.0,2805000000.0,48000000.0,0.0,0.037,13878000000.0,4730000000.0,22360000000.0,0.224,4.325,19.259,19.506,70192000000.0,0.0,49.35,0.696,0.694,1596000000.0,43122000000.0,76697000000.0,76697000000.0,0.0,,,,,0.0,13878000000.0,1.0,4182021601.0,4175000000.0,4180000000.0,18.371,114441000000.0,0.0,1503000000.0,3760000000.0,27.411,-8771000000.0
65,WMT,MRQ,2005-03-31,2005-04-30,2005-04-30,2021-09-02,2211000000.0,122215000000.0,,39641000000.0,82574000000.0,,11.162,-2471000000.0,4955000000.0,4955000000.0,54571000000.0,2461000000.0,0.806,1.59,32913000000.0,11285000000.0,21628000000.0,32913000000.0,0.0,1132000000.0,0.0,0.011,0.15,3925000000.0,5057000000.0,0.071,5057000000.0,3925000000.0,3673000000.0,0.58,0.58,0.58,47191000000.0,,47191000000.0,225505718758.0,13.0,10.42,42000000.0,0.01,1.0,17109000000.0,0.239,10786000000.0,252000000.0,90219000000.0,,31349000000.0,0.0,0.0,0.0,75024000000.0,49168000000.0,25856000000.0,199543718758.0,-533000000.0,0.0,-1415000000.0,1697000000.0,-635000000.0,-509000000.0,-2496000000.0,0.0,2513000000.0,-41000000.0,2461000000.0,2461000000.0,2461000000.0,0.0,0.0,0.034,13168000000.0,3941000000.0,22910000000.0,0.259,4.228,18.893,19.008,69303000000.0,0.0,47.14,0.687,0.686,1520000000.0,42153000000.0,71680000000.0,71680000000.0,0.0,,,,,0.0,13168000000.0,1.0,4233002095.0,4228000000.0,4234000000.0,16.954,111429000000.0,0.0,1212000000.0,4838000000.0,26.355,-9527000000.0
66,WMT,MRQ,2004-12-31,2005-01-31,2005-01-31,2021-09-02,2694000000.0,120154000000.0,,38854000000.0,81300000000.0,,11.655,-3360000000.0,5488000000.0,5488000000.0,60762000000.0,3164000000.0,0.9,1.432,31052000000.0,7794000000.0,23258000000.0,31052000000.0,0.0,1024000000.0,0.0,0.01,0.13,5246000000.0,6270000000.0,0.079,6270000000.0,5246000000.0,4900000000.0,0.74,0.75,0.74,49396000000.0,,49396000000.0,250911034258.0,15.0,11.821,4236000000.0,1.0,1.0,18316000000.0,0.232,10803000000.0,346000000.0,91733000000.0,,29762000000.0,0.0,0.0,0.0,70758000000.0,43182000000.0,27576000000.0,221907034258.0,849000000.0,0.0,-151000000.0,-3011000000.0,-550000000.0,-3494000000.0,-3419000000.0,0.0,7596000000.0,166000000.0,3164000000.0,3164000000.0,3164000000.0,215000000.0,0.0,0.04,12809000000.0,5507000000.0,21987000000.0,0.176,4.492,21.614,21.743,68118000000.0,0.0,52.4,0.781,0.785,1715000000.0,43854000000.0,79078000000.0,79078000000.0,0.0,,,,,0.0,12809000000.0,1.0,4234867066.0,4238000000.0,4242000000.0,18.659,109351000000.0,0.0,1736000000.0,4259000000.0,25.803,-4328000000.0
67,WMT,MRQ,2004-09-30,2004-10-31,2004-10-31,2021-09-02,1521000000.0,119057000000.0,,41311000000.0,77746000000.0,,10.63,-3331000000.0,4639000000.0,4639000000.0,52567000000.0,2286000000.0,0.862,1.64,33643000000.0,11496000000.0,22147000000.0,33643000000.0,0.0,1093000000.0,0.0,0.009,0.13,3798000000.0,4891000000.0,0.071,4891000000.0,3798000000.0,3493000000.0,0.54,0.54,0.54,45094000000.0,,45094000000.0,255635309479.0,15.0,12.326,-756000000.0,-0.178,1.0,16715000000.0,0.241,10191000000.0,305000000.0,89941000000.0,,33680000000.0,0.0,0.0,0.0,73963000000.0,47929000000.0,26034000000.0,228756309479.0,-70000000.0,0.0,-890000000.0,2037000000.0,-552000000.0,525000000.0,-3198000000.0,0.0,2575000000.0,28000000.0,2286000000.0,2286000000.0,2286000000.0,0.0,0.0,0.033,12931000000.0,3784000000.0,23113000000.0,0.241,5.073,23.285,23.546,65070000000.0,0.0,53.92,0.816,0.816,1418000000.0,40850000000.0,69282000000.0,69282000000.0,0.0,,,,,0.0,12931000000.0,1.0,4242513158.0,4242000000.0,4249000000.0,16.332,108866000000.0,0.0,1207000000.0,3151000000.0,25.664,-6618000000.0
68,WMT,MRQ,2004-06-30,2004-07-31,2004-07-31,2021-09-02,1297000000.0,110782000000.0,,35840000000.0,74942000000.0,,10.17,-2784000000.0,4709000000.0,4709000000.0,53533000000.0,2651000000.0,0.819,1.555,31588000000.0,11444000000.0,20144000000.0,31588000000.0,0.0,1031000000.0,0.0,0.008,0.13,4392000000.0,5423000000.0,0.077,5423000000.0,4392000000.0,4109000000.0,0.62,0.62,0.62,43367000000.0,,43367000000.0,251892629706.0,16.0,12.472,1222000000.0,0.287,1.0,16926000000.0,0.24,10124000000.0,283000000.0,83772000000.0,,28266000000.0,0.0,0.0,0.0,67415000000.0,43765000000.0,23650000000.0,226322629706.0,881000000.0,0.0,-1565000000.0,2143000000.0,-554000000.0,-117000000.0,-2952000000.0,0.0,4006000000.0,-56000000.0,2651000000.0,2651000000.0,2651000000.0,0.0,0.0,0.038,12522000000.0,4404000000.0,19771000000.0,0.21,5.219,23.659,23.986,62515000000.0,0.0,53.01,0.826,0.825,1280000000.0,39427000000.0,70459000000.0,70459000000.0,0.0,,,,,0.0,12522000000.0,1.0,4269432743.0,4264000000.0,4272000000.0,16.524,100658000000.0,0.0,1458000000.0,2914000000.0,23.606,-7925000000.0
69,WMT,MRQ,2004-03-31,2004-04-30,2004-04-30,2021-09-02,1667000000.0,108020000000.0,,34753000000.0,73267000000.0,,9.914,-2403000000.0,3828000000.0,3828000000.0,49969000000.0,2166000000.0,0.838,1.537,29348000000.0,8848000000.0,20500000000.0,29348000000.0,0.0,1037000000.0,0.0,0.007,0.13,3605000000.0,4642000000.0,0.071,4642000000.0,3605000000.0,3355000000.0,0.5,0.5,0.5,42572000000.0,,42572000000.0,266179502262.0,17.0,13.541,-1536000000.0,-0.358,1.0,15474000000.0,0.236,10134000000.0,250000000.0,81944000000.0,,28320000000.0,0.0,0.0,0.0,65448000000.0,41462000000.0,23986000000.0,244912502262.0,-1371000000.0,-315000000.0,-1943000000.0,2872000000.0,-558000000.0,477000000.0,-2782000000.0,0.0,867000000.0,67000000.0,2166000000.0,2166000000.0,2166000000.0,0.0,0.0,0.033,11869000000.0,3605000000.0,19489000000.0,0.26,5.753,26.169,26.512,60864000000.0,0.0,57.0,0.918,0.917,1230000000.0,38292000000.0,65443000000.0,65443000000.0,0.0,,,,,0.0,11869000000.0,1.0,4296710566.0,4294000000.0,4302000000.0,15.241,97886000000.0,0.0,1189000000.0,3803000000.0,22.796,-6709000000.0
70,WMT,MRQ,2003-12-31,2004-01-31,2004-01-31,2021-09-02,851000000.0,105405000000.0,,34421000000.0,70984000000.0,,10.082,-2615000000.0,5199000000.0,5199000000.0,58239000000.0,2721000000.0,0.91,1.416,26466000000.0,6367000000.0,20099000000.0,26466000000.0,0.0,1039000000.0,0.0,0.007,0.09,4744000000.0,5783000000.0,0.077,5783000000.0,4744000000.0,4462000000.0,0.63,0.63,0.63,43623000000.0,,43623000000.0,257490013150.0,17.0,13.538,5571000000.0,1.287,1.0,16951000000.0,0.225,9882000000.0,282000000.0,78950000000.0,,26612000000.0,0.0,0.0,0.0,61782000000.0,37840000000.0,23942000000.0,233051013150.0,1887000000.0,-38000000.0,-1941000000.0,-1804000000.0,-389000000.0,-3953000000.0,-2596000000.0,0.0,8186000000.0,250000000.0,2721000000.0,2721000000.0,2721000000.0,0.0,0.0,0.036,12205000000.0,4746000000.0,19425000000.0,0.143,5.342,25.74,25.889,59023000000.0,0.0,53.85,0.901,0.908,1254000000.0,40206000000.0,75190000000.0,75190000000.0,0.0,,,,,0.0,12205000000.0,1.0,4327781117.0,4327000000.0,4337000000.0,17.377,95523000000.0,0.0,1741000000.0,3736000000.0,22.076,-3419000000.0
71,WMT,MRQ,2003-09-30,2003-10-31,2003-10-31,2021-09-02,-92000000.0,104825000000.0,,36792000000.0,68033000000.0,,9.668,-2807000000.0,3312000000.0,3312000000.0,48292000000.0,2028000000.0,0.944,1.486,27751000000.0,7803000000.0,19948000000.0,27751000000.0,0.0,971000000.0,0.0,0.006,0.09,3377000000.0,4348000000.0,0.069,4348000000.0,3377000000.0,3145000000.0,0.46,0.46,0.46,42171000000.0,,42171000000.0,278699341474.0,19.0,15.204,-1315000000.0,-0.301,1.0,14743000000.0,0.234,9446000000.0,232000000.0,80851000000.0,,31285000000.0,0.0,0.0,0.0,62654000000.0,38967000000.0,23687000000.0,257564341474.0,-1160000000.0,0.0,-1658000000.0,1952000000.0,-392000000.0,-55000000.0,-2760000000.0,0.0,1492000000.0,163000000.0,2028000000.0,2028000000.0,2028000000.0,0.0,0.0,0.032,11344000000.0,3399000000.0,20300000000.0,0.196,6.108,29.133,29.328,56204000000.0,0.0,58.95,1.029,1.027,1112000000.0,39750000000.0,63035000000.0,63035000000.0,0.0,,,,,0.0,11344000000.0,1.0,4369200025.0,4362000000.0,4372000000.0,14.451,95379000000.0,0.0,1117000000.0,2996000000.0,21.866,-2175000000.0
72,WMT,MRQ,2003-06-30,2003-07-31,2003-07-31,2021-09-02,265000000.0,98919000000.0,,32403000000.0,66516000000.0,,9.729,-2488000000.0,4472000000.0,4472000000.0,48298000000.0,2444000000.0,0.991,1.322,25607000000.0,5400000000.0,20207000000.0,25607000000.0,0.0,954000000.0,0.0,0.006,0.09,3931000000.0,4885000000.0,0.077,4885000000.0,3931000000.0,3697000000.0,0.56,0.56,0.56,42594000000.0,,42594000000.0,267858340603.0,19.0,14.988,1177000000.0,0.269,1.0,14934000000.0,0.236,9573000000.0,234000000.0,77784000000.0,,25779000000.0,0.0,0.0,0.0,56325000000.0,32697000000.0,23628000000.0,244825340603.0,1984000000.0,1500000000.0,-631000000.0,473000000.0,-393000000.0,-595000000.0,-1102000000.0,0.0,3665000000.0,16000000.0,2444000000.0,2444000000.0,2444000000.0,-161000000.0,0.0,0.039,11142000000.0,3792000000.0,16780000000.0,0.161,5.748,28.435,28.526,54517000000.0,0.0,55.91,1.007,1.007,1099000000.0,39837000000.0,63232000000.0,63232000000.0,0.0,,,,,0.0,11142000000.0,1.0,4378918630.0,4378000000.0,4388000000.0,14.443,89346000000.0,0.0,1253000000.0,2792000000.0,20.408,-294000000.0
73,WMT,MRQ,2003-03-31,2003-04-30,2003-04-30,2021-09-02,-605000000.0,96576000000.0,,31566000000.0,65010000000.0,,9.166,-1917000000.0,2468000000.0,2468000000.0,43918000000.0,1861000000.0,0.984,1.402,25501000000.0,4562000000.0,20939000000.0,25501000000.0,0.0,888000000.0,0.0,0.006,0.09,3117000000.0,4005000000.0,0.07,4005000000.0,3117000000.0,2867000000.0,0.42,0.42,0.42,40200000000.0,,40200000000.0,269645261581.0,20.0,15.726,736000000.0,0.168,1.0,13306000000.0,0.233,9317000000.0,250000000.0,78211000000.0,,26004000000.0,0.0,0.0,0.0,56376000000.0,32081000000.0,24295000000.0,247002261581.0,-270000000.0,0.0,-816000000.0,320000000.0,-395000000.0,-960000000.0,-1854000000.0,0.0,2653000000.0,-109000000.0,1861000000.0,1861000000.0,1861000000.0,-31000000.0,0.0,0.033,10216000000.0,3090000000.0,17408000000.0,0.214,6.144,30.177,30.443,52266000000.0,0.0,56.32,1.044,1.044,989000000.0,38400000000.0,57224000000.0,57224000000.0,0.0,,,,,0.0,10216000000.0,1.0,4385693565.0,4386000000.0,4395000000.0,13.047,87259000000.0,0.0,1006000000.0,3114000000.0,19.895,-515000000.0
74,WMT,MRQ,2002-12-31,2003-01-31,2003-01-31,2021-09-02,-509000000.0,94808000000.0,,30722000000.0,64086000000.0,,8.95,-2251000000.0,2736000000.0,2736000000.0,52001000000.0,2508000000.0,0.945,1.403,25388000000.0,5791000000.0,19597000000.0,25388000000.0,0.0,963000000.0,0.0,0.006,0.075,4130000000.0,5093000000.0,0.076,5093000000.0,4130000000.0,3877000000.0,0.57,0.57,0.57,39461000000.0,,39461000000.0,235638448751.0,18.0,14.081,5068000000.0,1.149,1.0,14904000000.0,0.223,9389000000.0,253000000.0,75552000000.0,,24401000000.0,0.0,0.0,0.0,55347000000.0,32519000000.0,22828000000.0,210987448751.0,664000000.0,-749000000.0,-1090000000.0,-2020000000.0,-330000000.0,-3319000000.0,-2995000000.0,0.0,7319000000.0,-341000000.0,2508000000.0,2508000000.0,2508000000.0,-55000000.0,0.0,0.037,10797000000.0,4107000000.0,16829000000.0,0.132,5.347,26.523,26.556,51374000000.0,0.0,47.8,0.911,0.914,1569000000.0,37576000000.0,66905000000.0,66905000000.0,0.0,,,,,0.0,10797000000.0,1.0,4413963363.0,4409000000.0,4428000000.0,15.175,85419000000.0,0.0,1369000000.0,2607000000.0,19.374,-1797000000.0
75,WMT,MRQ,2002-09-30,2002-10-31,2002-10-31,2021-09-02,-598000000.0,95660000000.0,,34778000000.0,60882000000.0,,8.605,-2420000000.0,2095000000.0,2095000000.0,42646000000.0,1797000000.0,0.935,1.514,26746000000.0,9016000000.0,17730000000.0,26746000000.0,0.0,832000000.0,0.0,0.006,0.075,3056000000.0,3888000000.0,0.07,3888000000.0,3056000000.0,2792000000.0,0.41,0.41,0.41,38044000000.0,,38044000000.0,258262624595.0,20.0,16.014,-1816000000.0,-0.411,1.0,13119000000.0,0.235,9173000000.0,264000000.0,73929000000.0,,29508000000.0,0.0,0.0,0.0,57616000000.0,37209000000.0,20407000000.0,236832624595.0,-194000000.0,0.0,-621000000.0,2833000000.0,-332000000.0,1822000000.0,-2640000000.0,0.0,604000000.0,20000000.0,1797000000.0,1797000000.0,1797000000.0,-17000000.0,0.0,0.032,10071000000.0,3048000000.0,18614000000.0,0.183,6.225,31.34,31.316,50072000000.0,0.0,53.55,1.099,1.098,1937000000.0,36771000000.0,55765000000.0,55765000000.0,0.0,,,,,0.0,10071000000.0,1.0,4422644717.0,4421000000.0,4434000000.0,12.614,86487000000.0,0.0,995000000.0,2023000000.0,19.563,-2431000000.0
76,WMT,MRQ,2002-06-30,2002-07-31,2002-07-31,2021-09-02,-777000000.0,88585000000.0,,29796000000.0,58789000000.0,,8.329,-2293000000.0,2288000000.0,2288000000.0,43516000000.0,2019000000.0,0.992,1.396,23718000000.0,4639000000.0,19079000000.0,23718000000.0,0.0,795000000.0,0.0,0.006,0.075,3365000000.0,4160000000.0,0.073,4160000000.0,3365000000.0,3111000000.0,0.45,0.45,0.45,36966000000.0,,36966000000.0,238762617479.0,19.0,15.18,615000000.0,0.139,1.0,13265000000.0,0.234,9031000000.0,254000000.0,70950000000.0,,24270000000.0,0.0,0.0,0.0,51619000000.0,30034000000.0,21585000000.0,218754617479.0,-130000000.0,0.0,-1298000000.0,977000000.0,-332000000.0,-782000000.0,-2225000000.0,0.0,2908000000.0,-31000000.0,2019000000.0,2019000000.0,2019000000.0,-29000000.0,0.0,0.036,9914000000.0,3351000000.0,16983000000.0,0.167,5.918,30.211,30.172,48468000000.0,0.0,49.18,1.027,1.025,1934000000.0,35874000000.0,56781000000.0,56781000000.0,0.0,,,,,0.0,9914000000.0,1.0,4448040209.0,4438000000.0,4452000000.0,12.794,79554000000.0,0.0,1092000000.0,1879000000.0,17.926,-238000000.0
77,WMT,MRQ,2002-03-31,2002-04-30,2002-04-30,2021-09-02,-1477000000.0,85141000000.0,,28895000000.0,56246000000.0,,8.052,-1970000000.0,2418000000.0,2418000000.0,40136000000.0,1631000000.0,1.009,1.375,22426000000.0,4176000000.0,18250000000.0,22426000000.0,0.0,774000000.0,0.0,0.005,0.075,2819000000.0,3593000000.0,0.069,3593000000.0,2819000000.0,2531000000.0,0.37,0.37,0.37,35848000000.0,,35848000000.0,268364477433.0,22.0,17.625,204000000.0,0.046,1.0,11990000000.0,0.23,8477000000.0,288000000.0,68046000000.0,,23532000000.0,0.0,0.0,0.0,49293000000.0,28626000000.0,20667000000.0,248645477433.0,257000000.0,0.0,-374000000.0,613000000.0,-334000000.0,-91000000.0,-1979000000.0,0.0,2174000000.0,153000000.0,1631000000.0,1631000000.0,1631000000.0,-35000000.0,0.0,0.031,9201000000.0,2789000000.0,16214000000.0,0.203,6.936,36.33,36.273,46815000000.0,0.0,55.86,1.187,1.187,1679000000.0,35404000000.0,52126000000.0,52126000000.0,0.0,,,,,0.0,9201000000.0,1.0,4451225876.0,4452000000.0,4468000000.0,11.708,76664000000.0,0.0,900000000.0,2563000000.0,17.22,269000000.0
78,WMT,MRQ,2001-12-31,2002-01-31,2002-01-31,2021-09-02,-1268000000.0,83527000000.0,,27878000000.0,55649000000.0,,7.893,-2189000000.0,2161000000.0,2161000000.0,38447000000.0,2110000000.0,1.022,1.38,21880000000.0,3148000000.0,18732000000.0,21880000000.0,0.0,940000000.0,0.0,0.005,0.07,3546000000.0,4486000000.0,0.088,4486000000.0,3546000000.0,3239000000.0,0.48,0.47,0.48,35102000000.0,,35102000000.0,288186142079.0,25.0,19.291,4387000000.0,0.987,1.0,12439000000.0,0.244,8566000000.0,307000000.0,67398000000.0,,22614000000.0,0.0,0.0,0.0,48425000000.0,27282000000.0,21143000000.0,267336142079.0,128000000.0,0.0,-380000000.0,-4511000000.0,-312000000.0,-5004000000.0,-1204000000.0,1134000000.0,6576000000.0,-240000000.0,2110000000.0,2110000000.0,2110000000.0,-144000000.0,0.0,0.041,8998000000.0,3441000000.0,15617000000.0,0.146,7.616,40.555,40.527,45750000000.0,0.0,59.98,1.299,1.301,2000000000.0,34441000000.0,50886000000.0,50886000000.0,0.0,,,,,0.0,8998000000.0,1.0,4457088064.0,4447000000.0,4463000000.0,11.443,74961000000.0,0.0,1129000000.0,2547000000.0,16.857,596000000.0
79,WMT,MRQ,2001-09-30,2001-10-31,2001-10-31,2021-09-02,-485000000.0,88345000000.0,,32620000000.0,55725000000.0,,7.675,-1974000000.0,2033000000.0,2033000000.0,41388000000.0,1481000000.0,0.992,1.577,22883000000.0,4072000000.0,18811000000.0,22883000000.0,0.0,807000000.0,0.0,0.005,0.07,2683000000.0,3490000000.0,0.066,3490000000.0,2683000000.0,2353000000.0,0.33,0.33,0.33,34277000000.0,,34277000000.0,247591745131.0,21.0,16.746,-977000000.0,-0.219,1.0,11798000000.0,0.222,8777000000.0,330000000.0,67549000000.0,,27582000000.0,0.0,0.0,0.0,54068000000.0,32869000000.0,21199000000.0,229601745131.0,199000000.0,0.0,-580000000.0,2161000000.0,-312000000.0,1298000000.0,-2092000000.0,0.0,997000000.0,-4000000.0,1481000000.0,1481000000.0,1481000000.0,0.0,0.0,0.028,9113000000.0,2685000000.0,17880000000.0,0.212,6.698,35.394,35.448,44448000000.0,0.0,51.4,1.083,1.083,1669000000.0,32923000000.0,53186000000.0,53186000000.0,0.0,,,,,0.0,9113000000.0,1.0,4466960022.0,4466000000.0,4481000000.0,11.909,79568000000.0,0.0,872000000.0,1254000000.0,17.816,-249000000.0
80,WMT,MRQ,2001-06-30,2001-07-31,2001-07-31,2021-09-02,-1017000000.0,81576000000.0,,27996000000.0,53580000000.0,,7.4,-1988000000.0,1834000000.0,1834000000.0,41412000000.0,1622000000.0,1.021,1.466,19824000000.0,1088000000.0,18736000000.0,19824000000.0,0.0,730000000.0,0.0,0.005,0.07,2927000000.0,3657000000.0,0.069,3657000000.0,2927000000.0,2576000000.0,0.36,0.36,0.36,33078000000.0,,33078000000.0,268632526206.0,23.0,18.489,730000000.0,0.163,1.0,11857000000.0,0.223,8543000000.0,351000000.0,63600000000.0,,23034000000.0,0.0,0.0,0.0,48498000000.0,27423000000.0,21075000000.0,249926526206.0,357000000.0,0.0,-254000000.0,203000000.0,-312000000.0,-427000000.0,-2001000000.0,0.0,2718000000.0,67000000.0,1622000000.0,1622000000.0,1622000000.0,0.0,0.0,0.03,8893000000.0,2964000000.0,15422000000.0,0.194,7.556,39.204,39.091,43003000000.0,0.0,55.9,1.22,1.219,1751000000.0,32303000000.0,53269000000.0,53269000000.0,0.0,,,,,0.0,8893000000.0,1.0,4470957535.0,4470000000.0,4486000000.0,11.917,73033000000.0,0.0,954000000.0,1233000000.0,16.338,573000000.0
81,WMT,MRQ,2001-03-31,2001-04-30,2001-04-30,2021-09-02,-1132000000.0,79428000000.0,,27281000000.0,52147000000.0,,7.149,-1886000000.0,1477000000.0,1477000000.0,37850000000.0,1380000000.0,0.953,1.485,20183000000.0,3554000000.0,16629000000.0,20183000000.0,0.0,751000000.0,0.0,0.005,0.07,2542000000.0,3293000000.0,0.068,3293000000.0,2542000000.0,2190000000.0,0.31,0.31,0.31,31964000000.0,,31964000000.0,251563754896.0,22.0,17.427,-1658000000.0,-0.371,1.0,10715000000.0,0.221,8606000000.0,352000000.0,60888000000.0,,22748000000.0,0.0,0.0,0.0,47464000000.0,28640000000.0,18824000000.0,231301754896.0,-577000000.0,0.0,0.0,1519000000.0,-313000000.0,1155000000.0,-1926000000.0,0.0,228000000.0,-34000000.0,1380000000.0,1380000000.0,1380000000.0,0.0,0.0,0.028,8143000000.0,2572000000.0,14765000000.0,0.226,7.236,36.431,36.182,41651000000.0,0.0,51.74,1.167,1.167,1761000000.0,31236000000.0,48565000000.0,48565000000.0,0.0,,,,,0.0,8143000000.0,1.0,4470462986.0,4471000000.0,4487000000.0,10.862,70822000000.0,0.0,810000000.0,1110000000.0,15.84,-1359000000.0
82,WMT,MRQ,2000-12-31,2001-01-31,2001-01-31,2021-09-02,-684000000.0,78130000000.0,,26555000000.0,51575000000.0,,7.01,-1912000000.0,2054000000.0,2054000000.0,44852000000.0,2004000000.0,0.917,1.493,22316000000.0,6661000000.0,15655000000.0,22316000000.0,0.0,854000000.0,0.0,0.004,0.06,3491000000.0,4345000000.0,0.076,4345000000.0,3491000000.0,3156000000.0,0.45,0.44,0.45,31343000000.0,,31343000000.0,274531535875.0,24.0,19.282,3879000000.0,0.868,1.0,12048000000.0,0.212,9059000000.0,335000000.0,60384000000.0,,21442000000.0,0.0,0.0,0.0,46787000000.0,28949000000.0,17838000000.0,253706535875.0,743000000.0,-10000000.0,-1000000.0,-2608000000.0,-268000000.0,-2606000000.0,-2304000000.0,0.0,5791000000.0,-138000000.0,2004000000.0,2004000000.0,2004000000.0,0.0,0.0,0.035,8688000000.0,3360000000.0,15092000000.0,0.133,8.095,40.303,40.284,40934000000.0,0.0,56.8,1.314,1.313,1768000000.0,30169000000.0,56900000000.0,56900000000.0,0.0,,,,,0.0,8688000000.0,1.0,4466664364.0,4471000000.0,4484000000.0,12.726,69071000000.0,0.0,1152000000.0,1884000000.0,15.449,-2394000000.0
83,WMT,MRQ,2000-09-30,2000-10-31,2000-10-31,2021-09-02,-935000000.0,79051000000.0,,29429000000.0,49622000000.0,,6.543,-2122000000.0,1311000000.0,1311000000.0,35694000000.0,1369000000.0,0.935,1.704,22136000000.0,5751000000.0,16385000000.0,22136000000.0,0.0,683000000.0,0.0,0.005,0.06,2551000000.0,3234000000.0,0.07,3234000000.0,2551000000.0,2176000000.0,0.31,0.31,0.31,29234000000.0,,29234000000.0,223996312342.0,20.0,15.917,-352000000.0,-0.079,1.0,10487000000.0,0.227,8994000000.0,375000000.0,59416000000.0,,24975000000.0,0.0,0.0,0.0,49817000000.0,31466000000.0,18351000000.0,202682312342.0,1000000.0,0.0,0.0,822000000.0,-268000000.0,507000000.0,-2170000000.0,0.0,1770000000.0,-106000000.0,1369000000.0,1369000000.0,1369000000.0,0.0,0.0,0.03,7918000000.0,2569000000.0,15872000000.0,0.194,6.933,32.654,32.414,39326000000.0,0.0,45.38,1.078,1.078,1468000000.0,28433000000.0,46181000000.0,46181000000.0,0.0,,,,,0.0,7918000000.0,1.0,4466335662.0,4468000000.0,4487000000.0,10.336,70057000000.0,0.0,807000000.0,884000000.0,15.68,-2037000000.0
84,WMT,MRQ,2000-06-30,2000-07-31,2000-07-31,2021-09-02,-954000000.0,73407000000.0,,25245000000.0,48162000000.0,,6.292,-1994000000.0,1310000000.0,1310000000.0,36044000000.0,1596000000.0,0.944,1.613,22624000000.0,5940000000.0,16684000000.0,22624000000.0,0.0,675000000.0,0.0,0.004,0.06,2888000000.0,3563000000.0,0.076,3563000000.0,2888000000.0,2544000000.0,0.36,0.36,0.36,28096000000.0,,28096000000.0,265789437288.0,24.0,19.312,-832000000.0,-0.186,1.0,10544000000.0,0.226,9265000000.0,344000000.0,58720000000.0,,21093000000.0,0.0,0.0,0.0,45311000000.0,26736000000.0,18575000000.0,246684437288.0,-50000000.0,0.0,0.0,1136000000.0,-267000000.0,715000000.0,-1944000000.0,0.0,1162000000.0,17000000.0,1596000000.0,1596000000.0,1596000000.0,0.0,0.0,0.034,7625000000.0,2919000000.0,12634000000.0,0.167,8.78,40.229,40.036,38004000000.0,0.0,55.25,1.349,1.35,1249000000.0,27333000000.0,46588000000.0,46588000000.0,0.0,,,,,0.0,7625000000.0,1.0,4464876693.0,4465000000.0,4487000000.0,10.434,64142000000.0,0.0,948000000.0,811000000.0,14.366,-1491000000.0
85,WMT,MRQ,2000-03-31,2000-04-30,2000-04-30,2021-09-02,-581000000.0,72363000000.0,,25101000000.0,47262000000.0,,6.09,-1730000000.0,1360000000.0,1360000000.0,33665000000.0,1326000000.0,0.909,1.666,20465000000.0,4759000000.0,15706000000.0,20465000000.0,0.0,656000000.0,0.0,0.004,0.06,2441000000.0,3097000000.0,0.071,3097000000.0,2441000000.0,2111000000.0,0.3,0.3,0.3,27141000000.0,,27141000000.0,266890412390.0,26.0,20.675,-849000000.0,-0.19,1.0,9782000000.0,0.225,9604000000.0,330000000.0,54240000000.0,,20971000000.0,0.0,0.0,0.0,45222000000.0,27624000000.0,17598000000.0,246664412390.0,-496000000.0,-617000000.0,389000000.0,714000000.0,-267000000.0,942000000.0,-2296000000.0,0.0,881000000.0,-23000000.0,1326000000.0,1326000000.0,1326000000.0,0.0,0.0,0.031,7318000000.0,2464000000.0,13160000000.0,0.2,9.088,42.624,42.6,36994000000.0,0.0,55.38,1.408,1.409,1265000000.0,26004000000.0,43447000000.0,43447000000.0,0.0,,,,,0.0,7318000000.0,1.0,4454034171.0,4457000000.0,4478000000.0,9.748,62759000000.0,0.0,785000000.0,817000000.0,14.081,-2523000000.0
86,WMT,MRQ,1999-12-31,2000-01-31,2000-01-31,2021-09-02,-455000000.0,70349000000.0,,24356000000.0,45993000000.0,,5.804,-2170000000.0,1856000000.0,1856000000.0,40694000000.0,1916000000.0,0.944,1.723,22082000000.0,5408000000.0,16674000000.0,22082000000.0,0.0,763000000.0,0.0,0.004,0.05,3416000000.0,4179000000.0,0.081,4179000000.0,3416000000.0,3093000000.0,0.43,0.43,0.43,25834000000.0,,25834000000.0,265425449288.0,27.0,21.914,2263000000.0,0.508,1.0,11174000000.0,0.215,9392000000.0,323000000.0,55380000000.0,,19793000000.0,0.0,0.0,0.0,44515000000.0,25803000000.0,18712000000.0,243842449288.0,421000000.0,234000000.0,0.0,-2306000000.0,-222000000.0,-2087000000.0,-2001000000.0,0.0,4433000000.0,76000000.0,1916000000.0,1916000000.0,1916000000.0,0.0,0.0,0.037,7672000000.0,3502000000.0,13105000000.0,0.116,9.439,45.349,45.248,35969000000.0,0.0,54.75,1.462,1.461,1341000000.0,25129000000.0,51868000000.0,51868000000.0,0.0,,,,,0.0,7672000000.0,1.0,4453743366.0,4451000000.0,4477000000.0,11.653,60957000000.0,0.0,1177000000.0,1888000000.0,13.695,-1447000000.0
87,WMT,MRQ,1999-09-30,1999-10-31,1999-10-31,2021-09-02,-403000000.0,72369000000.0,,26955000000.0,45414000000.0,,5.451,-1662000000.0,1435000000.0,1435000000.0,31606000000.0,1294000000.0,0.93,1.981,23018000000.0,6459000000.0,16559000000.0,23018000000.0,0.0,556000000.0,0.0,0.003,0.05,2368000000.0,2924000000.0,0.071,2924000000.0,2368000000.0,2051000000.0,0.29,0.29,0.29,24279000000.0,,24279000000.0,270163065641.0,30.0,24.174,-619000000.0,-0.139,1.0,9292000000.0,0.227,9837000000.0,317000000.0,55123000000.0,,22373000000.0,0.0,0.0,0.0,48090000000.0,28992000000.0,19098000000.0,250508065641.0,-73000000.0,-7805000000.0,0.0,8956000000.0,-223000000.0,8649000000.0,-9765000000.0,0.0,1043000000.0,0.0,1294000000.0,1294000000.0,1294000000.0,0.0,0.0,0.032,6907000000.0,2385000000.0,14081000000.0,0.172,10.318,49.902,49.832,34757000000.0,0.0,56.31,1.604,1.606,1630000000.0,23630000000.0,40898000000.0,40898000000.0,0.0,,,,,0.0,6907000000.0,1.0,4448731409.0,4454000000.0,4475000000.0,9.182,62532000000.0,0.0,757000000.0,793000000.0,14.04,-2037000000.0
88,WMT,MRQ,1999-06-30,1999-07-31,1999-07-31,2021-09-02,-485000000.0,66265000000.0,,22833000000.0,43432000000.0,,5.157,-1241000000.0,1508000000.0,1508000000.0,30123000000.0,1251000000.0,0.926,1.888,21163000000.0,5121000000.0,16042000000.0,21163000000.0,0.0,526000000.0,0.0,0.004,0.05,2183000000.0,2709000000.0,0.07,2709000000.0,2183000000.0,1992000000.0,0.28,0.28,0.28,22948000000.0,,22948000000.0,195830159261.0,23.0,18.494,-69000000.0,-0.016,1.0,8790000000.0,0.226,9317000000.0,191000000.0,51936000000.0,,18793000000.0,0.0,0.0,0.0,43317000000.0,24667000000.0,18650000000.0,188018159261.0,-459000000.0,-2848000000.0,-92000000.0,2709000000.0,-223000000.0,2367000000.0,-3998000000.0,0.0,1172000000.0,0.0,1251000000.0,1251000000.0,1251000000.0,0.0,0.0,0.032,6573000000.0,2217000000.0,12326000000.0,0.179,8.193,39.708,39.486,33314000000.0,0.0,42.25,1.26,1.26,1276000000.0,22557000000.0,38913000000.0,38913000000.0,0.0,,,,,0.0,6573000000.0,1.0,4450133947.0,4450000000.0,4473000000.0,8.744,56948000000.0,0.0,741000000.0,834000000.0,12.797,-1834000000.0
89,WMT,MRQ,1999-03-31,1999-04-30,1999-04-30,2021-09-02,-481000000.0,52023000000.0,,22346000000.0,29677000000.0,,4.949,-1110000000.0,1967000000.0,1967000000.0,27241000000.0,916000000.0,1.259,1.363,9779000000.0,0.0,9779000000.0,9779000000.0,0.0,530000000.0,0.0,0.004,0.05,1769000000.0,2299000000.0,0.065,2299000000.0,1769000000.0,1578000000.0,0.21,0.2,0.21,22017000000.0,,22017000000.0,213425667284.0,26.0,20.986,436000000.0,0.098,1.0,7888000000.0,0.225,0.0,191000000.0,42090000000.0,,18149000000.0,0.0,0.0,0.0,30006000000.0,17745000000.0,12261000000.0,204691667284.0,88000000.0,0.0,-9000000.0,-39000000.0,-222000000.0,-376000000.0,-1082000000.0,0.0,1546000000.0,0.0,916000000.0,916000000.0,916000000.0,0.0,0.0,0.026,5888000000.0,2000000000.0,11235000000.0,0.238,9.297,45.306,45.098,26750000000.0,0.0,46.0,1.42,1.419,1154000000.0,21620000000.0,35129000000.0,35129000000.0,0.0,,,,,0.0,5888000000.0,1.0,4449818854.0,4449000000.0,4472000000.0,7.896,52023000000.0,0.0,662000000.0,714000000.0,11.693,4601000000.0
90,WMT,MRQ,1998-12-31,1999-01-31,1999-01-31,2021-09-02,-509000000.0,49996000000.0,,21132000000.0,28864000000.0,,4.749,-1082000000.0,1879000000.0,1879000000.0,32397000000.0,1559000000.0,1.261,1.368,10613000000.0,1006000000.0,9607000000.0,10613000000.0,0.0,472000000.0,0.0,0.004,0.039,2772000000.0,3244000000.0,0.079,3244000000.0,2772000000.0,2556000000.0,0.35,0.35,0.35,21112000000.0,,21112000000.0,201774001516.0,25.0,20.508,3822000000.0,0.86,1.0,8850000000.0,0.215,2538000000.0,216000000.0,39430000000.0,,17076000000.0,0.0,0.0,0.0,28884000000.0,16762000000.0,12122000000.0,191217001516.0,870000000.0,-808000000.0,-85000000.0,-2005000000.0,-173000000.0,-2272000000.0,-1788000000.0,0.0,4904000000.0,26000000.0,1559000000.0,1559000000.0,1559000000.0,0.0,0.0,0.038,6022000000.0,2828000000.0,10257000000.0,0.111,9.057,43.164,43.434,25973000000.0,0.0,43.0,1.374,1.379,1118000000.0,20741000000.0,41247000000.0,41247000000.0,0.0,,,,,0.0,6022000000.0,1.0,4446907012.0,4446000000.0,4434000000.0,9.277,47458000000.0,0.0,997000000.0,1217000000.0,10.674,4370000000.0
91,WMT,MRQ,1998-09-30,1998-10-31,1998-10-31,2021-09-02,-528000000.0,51239000000.0,,23518000000.0,27721000000.0,,4.417,-1026000000.0,1009000000.0,1009000000.0,26380000000.0,1009000000.0,1.215,1.599,11566000000.0,1976000000.0,9590000000.0,11566000000.0,0.0,515000000.0,0.0,0.004,0.039,1822000000.0,2337000000.0,0.069,2337000000.0,1822000000.0,1620000000.0,0.23,0.22,0.23,19714000000.0,,19714000000.0,165356903803.0,22.0,17.733,-555000000.0,-0.124,1.0,7544000000.0,0.222,0.0,202000000.0,42443000000.0,,20620000000.0,0.0,0.0,0.0,31525000000.0,19353000000.0,12172000000.0,155581903803.0,125000000.0,132000000.0,-645000000.0,1468000000.0,-173000000.0,529000000.0,-875000000.0,0.0,471000000.0,0.0,1009000000.0,1009000000.0,1009000000.0,0.0,0.0,0.03,5691000000.0,1853000000.0,11424000000.0,0.17,7.892,37.417,37.33,25291000000.0,0.0,34.53,1.163,1.152,1401000000.0,19437000000.0,33924000000.0,33924000000.0,0.0,,,,,0.0,5691000000.0,1.0,4505702398.0,4463000000.0,4493000000.0,7.601,51239000000.0,0.0,611000000.0,771000000.0,11.481,4165000000.0
92,WMT,MRQ,1998-06-30,1998-07-31,1998-07-31,2021-09-02,-505000000.0,46874000000.0,,19937000000.0,26937000000.0,,4.37,-866000000.0,884000000.0,884000000.0,26422000000.0,1034000000.0,1.347,1.399,10659000000.0,725000000.0,9934000000.0,10659000000.0,0.0,444000000.0,0.0,0.005,0.039,1846000000.0,2290000000.0,0.068,2290000000.0,1846000000.0,1661000000.0,0.23,0.23,0.23,19543000000.0,,19543000000.0,150925409357.0,21.0,17.017,481000000.0,0.108,1.0,7458000000.0,0.22,0.0,185000000.0,41853000000.0,,17617000000.0,0.0,0.0,0.0,27331000000.0,14796000000.0,12535000000.0,141140409357.0,113000000.0,-179000000.0,-100000000.0,135000000.0,-173000000.0,-205000000.0,-1029000000.0,0.0,1347000000.0,0.0,1034000000.0,1034000000.0,1034000000.0,0.0,0.0,0.031,5577000000.0,1881000000.0,9844000000.0,0.17,7.222,35.813,36.282,24398000000.0,0.0,31.565,1.095,1.095,1008000000.0,19225000000.0,33880000000.0,33880000000.0,0.0,,,,,0.0,5577000000.0,1.0,4471421174.0,4472000000.0,4505000000.0,7.576,46874000000.0,0.0,627000000.0,799000000.0,10.482,5141000000.0
93,WMT,MRQ,1998-03-31,1998-04-30,1998-04-30,2021-09-02,-461000000.0,46044000000.0,,19690000000.0,26354000000.0,,4.199,-760000000.0,771000000.0,771000000.0,23526000000.0,828000000.0,1.327,1.447,10556000000.0,808000000.0,9748000000.0,10556000000.0,0.0,441000000.0,0.0,0.006,0.039,1527000000.0,1968000000.0,0.065,1968000000.0,1527000000.0,1333000000.0,0.18,0.18,0.18,18819000000.0,,18819000000.0,122613633654.0,18.0,14.533,98000000.0,0.022,1.0,6631000000.0,0.22,0.0,194000000.0,40996000000.0,,17512000000.0,0.0,0.0,0.0,27225000000.0,14833000000.0,12392000000.0,113245633654.0,-676000000.0,0.0,-372000000.0,-238000000.0,-174000000.0,-808000000.0,-726000000.0,0.0,858000000.0,0.0,828000000.0,828000000.0,828000000.0,0.0,0.0,0.027,5073000000.0,1558000000.0,9765000000.0,0.217,6.018,30.59,31.018,24004000000.0,0.0,25.28,0.915,0.916,1009000000.0,18462000000.0,30157000000.0,30157000000.0,0.0,,,,,0.0,5073000000.0,1.0,4479653230.0,4482000000.0,4510000000.0,6.728,46044000000.0,0.0,505000000.0,802000000.0,10.273,4857000000.0
94,WMT,MRQ,1997-12-31,1998-01-31,1998-01-31,2021-09-02,-473000000.0,45384000000.0,,19352000000.0,26032000000.0,,4.119,-742000000.0,1447000000.0,1447000000.0,28153000000.0,1287000000.0,1.338,1.453,10815000000.0,1141000000.0,9674000000.0,10815000000.0,0.0,456000000.0,0.0,0.007,0.034,2274000000.0,2730000000.0,0.076,2730000000.0,2274000000.0,2069000000.0,0.285,0.285,0.285,18503000000.0,,18503000000.0,100319564438.0,16.0,12.448,3133000000.0,0.697,1.0,7620000000.0,0.213,0.0,205000000.0,40292000000.0,,16497000000.0,0.0,0.0,0.0,26881000000.0,14460000000.0,12421000000.0,89409564438.0,719000000.0,-1095000000.0,-202000000.0,-1101000000.0,-152000000.0,-1327000000.0,-1829000000.0,0.0,3875000000.0,0.0,1287000000.0,1287000000.0,1287000000.0,0.0,0.0,0.036,5300000000.0,2320000000.0,9126000000.0,0.119,4.832,25.357,25.519,23606000000.0,0.0,19.905,0.749,0.753,976000000.0,18167000000.0,35773000000.0,35773000000.0,0.0,,,,,0.0,5300000000.0,1.0,4491814340.0,4492000000.0,4536000000.0,7.964,45384000000.0,0.0,782000000.0,1374000000.0,10.103,4892000000.0
95,WMT,MRQ,1997-09-30,1997-10-31,1997-10-31,2021-09-02,-446000000.0,46172000000.0,,21634000000.0,24538000000.0,,3.896,-716000000.0,728000000.0,728000000.0,22680000000.0,792000000.0,1.283,1.63,11638000000.0,2553000000.0,9085000000.0,11638000000.0,0.0,408000000.0,0.0,0.007,0.034,1473000000.0,1881000000.0,0.065,1881000000.0,1473000000.0,1275000000.0,0.175,0.175,0.175,17555000000.0,,17555000000.0,88464122155.0,15.0,11.544,22000000.0,0.005,1.0,6447000000.0,0.221,0.0,198000000.0,40217000000.0,,19303000000.0,0.0,0.0,0.0,28617000000.0,16865000000.0,11752000000.0,78871122155.0,-202000000.0,-770000000.0,-330000000.0,1019000000.0,-152000000.0,433000000.0,-1373000000.0,0.0,738000000.0,0.0,792000000.0,792000000.0,792000000.0,0.0,0.0,0.027,4958000000.0,1489000000.0,10518000000.0,0.194,4.493,23.657,23.81,22760000000.0,0.0,17.5,0.687,0.687,1310000000.0,17226000000.0,29127000000.0,29127000000.0,0.0,,,,,0.0,4958000000.0,1.0,4506921266.0,4506000000.0,4526000000.0,6.464,46172000000.0,0.0,483000000.0,758000000.0,10.247,4769000000.0
96,WMT,MRQ,1997-06-30,1997-07-31,1997-07-31,2021-09-02,-420000000.0,40673000000.0,,18534000000.0,22139000000.0,,3.819,-666000000.0,930000000.0,930000000.0,22478000000.0,795000000.0,1.479,1.356,10523000000.0,1274000000.0,9249000000.0,10523000000.0,0.0,404000000.0,0.0,0.006,0.034,1454000000.0,1858000000.0,0.065,1858000000.0,1454000000.0,1262000000.0,0.175,0.175,0.175,17263000000.0,,17263000000.0,93462986962.0,16.0,12.572,561000000.0,0.124,1.0,6226000000.0,0.217,0.0,192000000.0,37731000000.0,,16397000000.0,0.0,0.0,0.0,23410000000.0,12535000000.0,10875000000.0,84924986962.0,204000000.0,0.0,-399000000.0,-13000000.0,-157000000.0,-485000000.0,-538000000.0,0.0,1227000000.0,0.0,795000000.0,795000000.0,795000000.0,0.0,0.0,0.028,4767000000.0,1459000000.0,7885000000.0,0.194,4.919,26.325,26.408,20747000000.0,0.0,18.75,0.76,0.759,919000000.0,16907000000.0,28704000000.0,28704000000.0,0.0,,,,,0.0,4767000000.0,1.0,4529332638.0,4520000000.0,4538000000.0,6.35,40673000000.0,0.0,467000000.0,467000000.0,8.998,5999000000.0
97,WMT,MRQ,1997-03-31,1997-04-30,1997-04-30,2021-09-02,-433000000.0,39777000000.0,,17833000000.0,21944000000.0,,3.731,-512000000.0,726000000.0,726000000.0,20127000000.0,652000000.0,1.486,1.342,9264000000.0,0.0,9264000000.0,9264000000.0,0.0,366000000.0,0.0,0.008,0.034,1224000000.0,1590000000.0,0.062,1590000000.0,1224000000.0,1035000000.0,0.145,0.145,0.145,16982000000.0,,16982000000.0,73480520366.0,13.0,10.103,771000000.0,0.169,1.0,5568000000.0,0.217,0.0,189000000.0,36317000000.0,,15919000000.0,0.0,0.0,0.0,22795000000.0,11998000000.0,10797000000.0,63729520366.0,-157000000.0,0.0,-638000000.0,-6000000.0,-150000000.0,-759000000.0,-681000000.0,0.0,1283000000.0,0.0,652000000.0,652000000.0,652000000.0,0.0,0.0,0.025,4333000000.0,1235000000.0,7747000000.0,0.234,3.753,20.315,20.384,20479000000.0,0.0,14.065,0.585,0.588,854000000.0,16653000000.0,25695000000.0,25695000000.0,0.0,,,,,0.0,4333000000.0,1.0,4531071480.0,4552000000.0,4562000000.0,5.645,39777000000.0,0.0,383000000.0,473000000.0,8.738,5835000000.0
98,WMT,MRQ,1996-12-31,1997-01-31,1997-01-31,2021-09-02,-400000000.0,39604000000.0,,17993000000.0,21611000000.0,,3.741,-426000000.0,883000000.0,883000000.0,24726000000.0,1095000000.0,1.642,1.31,10634000000.0,618000000.0,10016000000.0,10634000000.0,0.0,402000000.0,0.0,0.009,0.026,1932000000.0,2334000000.0,0.075,2334000000.0,1932000000.0,1737000000.0,0.24,0.24,0.24,17143000000.0,,17143000000.0,65622064634.0,12.0,9.168,2541000000.0,0.555,1.0,6523000000.0,0.209,0.0,195000000.0,38398000000.0,,15897000000.0,0.0,0.0,0.0,22461000000.0,10957000000.0,11504000000.0,54479064634.0,807000000.0,0.0,-206000000.0,-1356000000.0,-120000000.0,-1574000000.0,-586000000.0,0.0,2967000000.0,0.0,1095000000.0,1095000000.0,1095000000.0,0.0,0.0,0.035,4553000000.0,1970000000.0,7628000000.0,0.108,3.178,17.827,17.724,20324000000.0,0.0,11.875,0.513,0.513,845000000.0,16768000000.0,31249000000.0,31249000000.0,0.0,,,,,0.0,4553000000.0,1.0,4587710706.0,4582000000.0,4610000000.0,6.82,39604000000.0,0.0,642000000.0,761000000.0,8.643,7036000000.0
99,WMT,MRQ,1996-09-30,1996-10-31,1996-10-31,2021-09-02,-386000000.0,42207000000.0,,21024000000.0,21183000000.0,,3.57,-358000000.0,76000000.0,76000000.0,20416000000.0,684000000.0,1.483,1.577,11219000000.0,1112000000.0,10107000000.0,11219000000.0,0.0,354000000.0,0.0,0.008,0.026,1298000000.0,1652000000.0,0.063,1652000000.0,1298000000.0,1086000000.0,0.15,0.15,0.15,16381000000.0,,16381000000.0,75289583850.0,14.0,10.877,160000000.0,0.035,1.0,5662000000.0,0.217,0.0,212000000.0,39173000000.0,,19044000000.0,0.0,0.0,0.0,25826000000.0,14177000000.0,11649000000.0,62790583850.0,52000000.0,0.0,0.0,-844000000.0,-120000000.0,-339000000.0,-127000000.0,0.0,518000000.0,0.0,684000000.0,684000000.0,684000000.0,0.0,0.0,0.026,4365000000.0,1297000000.0,9367000000.0,0.173,3.833,21.63,21.555,20049000000.0,0.0,13.688,0.61,0.61,1171000000.0,15992000000.0,26078000000.0,26078000000.0,0.0,,,,,0.0,4365000000.0,1.0,4587439916.0,4588000000.0,4588000000.0,5.684,42207000000.0,0.0,402000000.0,1542000000.0,9.199,6847000000.0
100,WMT,MRQ,1996-06-30,1996-07-31,1996-07-31,2021-09-02,-411000000.0,38898000000.0,,17958000000.0,20940000000.0,,3.442,-662000000.0,24000000.0,24000000.0,20336000000.0,706000000.0,1.539,1.463,12523000000.0,1823000000.0,10700000000.0,12523000000.0,0.0,359000000.0,0.0,0.009,0.026,1338000000.0,1697000000.0,0.066,1697000000.0,1338000000.0,1120000000.0,0.155,0.155,0.155,15791000000.0,,15791000000.0,66633379822.0,12.0,9.788,143000000.0,0.031,1.0,5518000000.0,0.213,0.0,218000000.0,39729000000.0,,16375000000.0,0.0,0.0,0.0,23107000000.0,11668000000.0,11439000000.0,54471379822.0,-8000000.0,0.0,0.0,11000000.0,-121000000.0,-128000000.0,-685000000.0,0.0,805000000.0,0.0,706000000.0,706000000.0,706000000.0,0.0,0.0,0.027,4180000000.0,1338000000.0,7204000000.0,0.168,3.45,19.241,19.153,19771000000.0,0.0,11.875,0.545,0.545,879000000.0,15428000000.0,25854000000.0,25854000000.0,0.0,,,,,0.0,4180000000.0,1.0,4587063564.0,4588000000.0,4588000000.0,5.635,38898000000.0,0.0,414000000.0,739000000.0,8.478,6290000000.0
101,WMT,MRQ,1996-03-31,1996-04-30,1996-04-30,2021-09-02,-402000000.0,38249000000.0,,17779000000.0,20470000000.0,,3.318,-733000000.0,32000000.0,32000000.0,18032000000.0,571000000.0,1.523,1.514,12194000000.0,1575000000.0,10619000000.0,12194000000.0,0.0,348000000.0,0.0,0.009,0.026,1127000000.0,1475000000.0,0.064,1475000000.0,1127000000.0,907000000.0,0.125,0.125,0.125,15216000000.0,,15216000000.0,66926696000.0,13.0,10.052,907000000.0,0.198,1.0,4975000000.0,0.216,0.0,220000000.0,38741000000.0,,16213000000.0,0.0,0.0,0.0,23033000000.0,11670000000.0,11363000000.0,53611696000.0,-51000000.0,0.0,-2000000.0,-884000000.0,-120000000.0,-1021000000.0,-670000000.0,0.0,1640000000.0,0.0,571000000.0,571000000.0,571000000.0,0.0,0.0,0.025,3848000000.0,1127000000.0,7375000000.0,0.208,3.523,19.439,19.318,19339000000.0,0.0,11.688,0.552,0.552,908000000.0,14843000000.0,23007000000.0,23007000000.0,0.0,,,,,0.0,3848000000.0,1.0,4587096984.0,4586000000.0,4586000000.0,5.017,38249000000.0,0.0,336000000.0,744000000.0,8.34,6109000000.0
102,WMT,MRQ,1995-12-31,1996-01-31,1996-01-31,2021-09-02,-412000000.0,37541000000.0,,17331000000.0,20210000000.0,,3.215,-734000000.0,83000000.0,83000000.0,22038000000.0,942000000.0,1.513,1.544,13398000000.0,2798000000.0,10600000000.0,13398000000.0,0.0,366000000.0,0.0,0.01,0.025,1732000000.0,2098000000.0,0.075,2098000000.0,1732000000.0,1487000000.0,0.205,0.205,0.205,14756000000.0,,14756000000.0,59779896640.0,11.0,9.143,1105000000.0,0.241,1.0,5895000000.0,0.211,0.0,245000000.0,39402000000.0,,15989000000.0,0.0,0.0,0.0,22785000000.0,11454000000.0,11331000000.0,45890896640.0,70000000.0,0.0,-105000000.0,-1120000000.0,-114000000.0,-1115000000.0,-654000000.0,0.0,1839000000.0,0.0,942000000.0,942000000.0,942000000.0,0.0,0.0,0.034,4150000000.0,1745000000.0,6442000000.0,0.122,3.11,16.749,16.807,18894000000.0,0.0,10.0,0.484,0.484,853000000.0,14394000000.0,27933000000.0,27933000000.0,0.0,,,,,0.0,4150000000.0,1.0,4589089664.0,4589089664.0,,6.087,37541000000.0,0.0,545000000.0,523000000.0,8.18,5877000000.0
103,WMT,MRQ,1995-09-30,1995-10-31,1995-10-31,2021-09-02,-275000000.0,40018000000.0,,20213000000.0,19805000000.0,,3.069,-1122000000.0,13000000.0,13000000.0,18176000000.0,612000000.0,1.363,1.84,13902000000.0,3686000000.0,10216000000.0,13902000000.0,0.0,334000000.0,0.0,0.009,0.025,1204000000.0,1538000000.0,0.066,1538000000.0,1204000000.0,973000000.0,0.135,0.135,0.135,14091000000.0,,14091000000.0,61966225316.0,12.0,9.386,-1431000000.0,-0.312,1.0,5005000000.0,0.216,0.0,231000000.0,39082000000.0,,18322000000.0,0.0,0.0,0.0,25927000000.0,14825000000.0,11102000000.0,49657225316.0,7000000.0,0.0,0.0,1480000000.0,-114000000.0,1285000000.0,-969000000.0,0.0,-309000000.0,0.0,612000000.0,612000000.0,612000000.0,0.0,0.0,0.026,3801000000.0,1204000000.0,8530000000.0,0.185,3.524,17.559,17.444,18275000000.0,0.0,10.815,0.539,0.539,1212000000.0,13597000000.0,23181000000.0,23181000000.0,0.0,,,,,0.0,3801000000.0,1.0,4591514130.0,4592000000.0,4592000000.0,5.048,40018000000.0,0.0,361000000.0,886000000.0,8.715,5388000000.0
104,WMT,MRQ,1995-06-30,1995-07-31,1995-07-31,2021-09-02,-518000000.0,35318000000.0,,16509000000.0,18809000000.0,,2.914,-951000000.0,6000000.0,6000000.0,18095000000.0,633000000.0,1.511,1.64,12315000000.0,2123000000.0,10192000000.0,12315000000.0,0.0,328000000.0,0.0,0.007,0.025,1219000000.0,1547000000.0,0.067,1547000000.0,1219000000.0,1007000000.0,0.14,0.14,0.14,13380000000.0,,13380000000.0,73528307043.0,14.0,11.414,-115000000.0,-0.025,1.0,4912000000.0,0.214,0.0,212000000.0,36704000000.0,,15077000000.0,0.0,0.0,0.0,21938000000.0,10923000000.0,11015000000.0,61178307043.0,-8000000.0,0.0,0.0,274000000.0,-115000000.0,127000000.0,-971000000.0,0.0,836000000.0,0.0,633000000.0,633000000.0,633000000.0,0.0,0.0,0.028,3693000000.0,1219000000.0,6438000000.0,0.179,4.572,21.818,21.65,17591000000.0,0.0,13.315,0.684,0.684,858000000.0,13129000000.0,23007000000.0,23007000000.0,0.0,,,,,0.0,3693000000.0,1.0,4594690728.0,4592000000.0,4592000000.0,5.01,35318000000.0,0.0,374000000.0,823000000.0,7.691,5586000000.0
105,WMT,MRQ,1995-03-31,1995-04-30,1995-04-30,2021-09-02,-305000000.0,34382000000.0,,16161000000.0,18221000000.0,,2.855,-759000000.0,14000000.0,14000000.0,16196000000.0,553000000.0,1.54,1.621,12364000000.0,2372000000.0,9992000000.0,12364000000.0,0.0,276000000.0,0.0,0.007,0.025,1079000000.0,1355000000.0,0.066,1355000000.0,1079000000.0,879000000.0,0.12,0.12,0.12,13116000000.0,,13116000000.0,66113530510.0,13.0,10.627,-742000000.0,-0.162,1.0,4456000000.0,0.216,0.0,200000000.0,36237000000.0,,14682000000.0,0.0,0.0,0.0,21266000000.0,10495000000.0,10771000000.0,54567530510.0,-31000000.0,0.0,0.0,823000000.0,-115000000.0,690000000.0,-738000000.0,0.0,17000000.0,0.0,553000000.0,553000000.0,553000000.0,0.0,0.0,0.027,3377000000.0,1079000000.0,5954000000.0,0.208,4.16,19.944,19.792,16827000000.0,0.0,11.875,0.632,0.632,823000000.0,12651000000.0,20652000000.0,20652000000.0,0.0,,,,,0.0,3377000000.0,1.0,4595160464.0,4594000000.0,4594000000.0,4.495,34382000000.0,0.0,326000000.0,779000000.0,7.484,5666000000.0
106,WMT,MRQ,1994-12-31,1995-01-31,1995-01-31,2021-09-02,-256000000.0,32819000000.0,,15338000000.0,17481000000.0,,2.769,-1560000000.0,45000000.0,45000000.0,19361000000.0,1030000000.0,1.538,1.579,11591000000.0,1882000000.0,9709000000.0,11591000000.0,0.0,313000000.0,0.0,0.007,0.021,1849000000.0,2162000000.0,0.085,2162000000.0,1849000000.0,1658000000.0,0.225,0.225,0.225,12726000000.0,,12726000000.0,,,,209000000.0,0.045,1.0,6005000000.0,0.237,0.0,191000000.0,34392000000.0,,14064000000.0,0.0,0.0,0.0,20093000000.0,9973000000.0,10120000000.0,52844345336.0,28000000.0,426000000.0,-68000000.0,-1245000000.0,-98000000.0,-1330000000.0,-411000000.0,0.0,1769000000.0,0.0,1030000000.0,1030000000.0,1030000000.0,0.0,0.0,0.041,3502000000.0,2503000000.0,5907000000.0,0.093,4.152,19.711,19.658,15874000000.0,0.0,11.5,0.634,0.634,900000000.0,12213000000.0,25366000000.0,25366000000.0,0.0,,,,,0.0,3502000000.0,1.0,4595160464.0,4595160464.0,,5.52,32819000000.0,0.0,628000000.0,776000000.0,7.142,5365000000.0
107,WMT,MRQ,1994-09-30,1994-10-31,1994-10-31,2021-09-02,,,,,,,,-780000000.0,,,16201000000.0,588000000.0,,,,,,,,266000000.0,,0.007,0.021,1112000000.0,1378000000.0,0.067,1378000000.0,1112000000.0,928000000.0,0.13,0.13,0.13,,,,,,,-643000000.0,-0.14,1.0,4217000000.0,0.207,,184000000.0,,,,,,,,,,,7000000.0,-231000000.0,0.0,1342000000.0,-98000000.0,1298000000.0,-1428000000.0,0.0,137000000.0,0.0,588000000.0,588000000.0,588000000.0,0.0,0.0,0.029,3340000000.0,877000000.0,,0.162,,,,,0.0,11.75,,,,,20418000000.0,20418000000.0,0.0,,,,,0.0,3340000000.0,1.0,,4598000000.0,4598000000.0,4.441,,,340000000.0,,,
108,WMT,MRQ,1994-06-30,1994-07-31,1994-07-31,2021-09-02,,,,,,,,-721000000.0,,,15960000000.0,565000000.0,,,,,,,,260000000.0,,0.006,0.021,1066000000.0,1326000000.0,0.066,1326000000.0,1066000000.0,891000000.0,0.125,0.125,0.125,,,,,,,-644000000.0,-0.14,1.0,3982000000.0,0.2,,175000000.0,,,,,,,,,,,-66000000.0,-189000000.0,0.0,899000000.0,-97000000.0,712000000.0,-855000000.0,0.0,77000000.0,0.0,565000000.0,565000000.0,565000000.0,0.0,0.0,0.028,3169000000.0,813000000.0,,0.168,,,,,0.0,12.5,,,,,19942000000.0,19942000000.0,0.0,,,,,0.0,3169000000.0,1.0,,4598000000.0,4598000000.0,4.337,,,326000000.0,,,
109,WMT,MRQ,1994-03-31,1994-04-30,1994-04-30,2021-09-02,,,,,,,,-673000000.0,,,14064000000.0,498000000.0,,,,,,,,231000000.0,,0.006,0.021,943000000.0,1174000000.0,0.066,1174000000.0,943000000.0,786000000.0,0.11,0.11,0.11,,,,,,,250000000.0,0.054,1.0,3622000000.0,0.205,,157000000.0,,,,,,,,,,,56000000.0,-358000000.0,0.0,367000000.0,-98000000.0,231000000.0,-1098000000.0,0.0,923000000.0,0.0,498000000.0,498000000.0,498000000.0,0.0,0.0,0.028,2846000000.0,776000000.0,,0.191,,,,,0.0,12.625,,,,,17686000000.0,17686000000.0,0.0,,,,,0.0,2846000000.0,1.0,,4598000000.0,4598000000.0,3.846,,,288000000.0,,,
110,WMT,MRQ,1993-12-31,1994-01-31,1994-01-31,2021-09-02,0.0,26441000000.0,,12114000000.0,14327000000.0,,,,20000000.0,20000000.0,,,1.636,1.459,9606000000.0,1646000000.0,7960000000.0,9606000000.0,0.0,,0.0,0.005,0.017,,,,,,,,,,10753000000.0,,10753000000.0,,,,,,1.0,,,0.0,,28621000000.0,,11014000000.0,0.0,0.0,0.0,15688000000.0,7406000000.0,8282000000.0,,,,,,,,,,,,,,,,,,,,4104000000.0,,,,25.98,13176000000.0,,13.25,,,690000000.0,9987000000.0,,,,,,,,,,1.0,,,,,26441000000.0,0.0,,505000000.0,,4708000000.0
0,WMT,MRT,2021-06-30,2021-07-31,2021-07-31,2021-09-02,-7976000000.0,238552000000.0,244623000000.0,78243000000.0,160309000000.0,2.314,28.771,-11406000000.0,22831000000.0,22831000000.0,424055000000.0,10368000000.0,0.965,1.88,60879000000.0,4230000000.0,56649000000.0,60879000000.0,0.0,10892000000.0,0.0,0.015,2.18,18117000000.0,29009000000.0,0.051,29009000000.0,18117000000.0,15971000000.0,3.57,3.56,3.57,80529000000.0,80305000000.0,80529000000.0,439421901894.0,24.0,15.148,18135000000.0,6.479,1.0,142090000000.0,0.251,29159000000.0,2146000000.0,166319000000.0,174048750000.0,47754000000.0,0.0,0.0,0.0,151425000000.0,81122000000.0,70303000000.0,399445901894.0,5927000000.0,7738000000.0,-7102000000.0,-5160000000.0,-6149000000.0,-19862000000.0,-4035000000.0,0.0,29541000000.0,283000000.0,10050000000.0,10050000000.0,10050000000.0,0.0,318000000.0,0.018,116562000000.0,25528000000.0,49601000000.0,0.611,4.96,39.746,39.93,109598000000.0,0.0,142.55,0.706,0.705,6103000000.0,84572000000.0,566145000000.0,566145000000.0,0.0,0.041,0.125,0.104,0.032,0.0,116562000000.0,1.0,2802145927.0,2799000000.0,2812000000.0,202.267,209393000000.0,0.0,5921000000.0,13921000000.0,74.81,-2879000000.0
1,WMT,MRT,2021-03-31,2021-04-30,2021-04-30,2021-09-02,-7946000000.0,236581000000.0,244330500000.0,76591000000.0,159990000000.0,2.304,27.828,-10499000000.0,22846000000.0,22846000000.0,421561000000.0,12443000000.0,0.947,1.94,62822000000.0,5817000000.0,57005000000.0,62822000000.0,0.0,11022000000.0,0.0,0.016,2.17,21108000000.0,32130000000.0,0.057,32130000000.0,21108000000.0,18819000000.0,4.33,4.31,4.33,78335000000.0,79000250000.0,78335000000.0,439641500847.0,21.0,13.683,21416000000.0,7.608,1.0,141278000000.0,0.251,28872000000.0,2289000000.0,166844000000.0,177086750000.0,46383000000.0,0.0,0.0,0.0,151989000000.0,80841000000.0,71148000000.0,394136500847.0,7908000000.0,7821000000.0,-4711000000.0,-9620000000.0,-6136000000.0,-22081000000.0,-2525000000.0,0.0,31915000000.0,599000000.0,12250000000.0,12250000000.0,12250000000.0,0.0,193000000.0,0.022,117045000000.0,24233000000.0,48151000000.0,0.501,5.031,32.174,32.312,108625000000.0,0.0,139.91,0.7,0.7,5797000000.0,82577000000.0,562839000000.0,562839000000.0,0.0,0.05,0.155,0.119,0.038,0.0,117045000000.0,1.0,2817071695.0,2815000000.0,2829000000.0,199.943,207709000000.0,0.0,6569000000.0,14994000000.0,73.787,-4250000000.0
2,WMT,MRT,2020-12-31,2021-01-31,2021-01-31,2021-09-02,-11766000000.0,252496000000.0,243408250000.0,90067000000.0,162429000000.0,2.297,28.585,-10049000000.0,17741000000.0,17741000000.0,420315000000.0,13706000000.0,0.972,2.038,63246000000.0,5296000000.0,57950000000.0,63246000000.0,0.0,11152000000.0,0.0,0.015,2.16,22683000000.0,33835000000.0,0.061,33835000000.0,22683000000.0,20368000000.0,4.77,4.75,4.77,80925000000.0,76476500000.0,80925000000.0,451639379744.0,20.0,13.348,26025000000.0,9.193,1.0,138836000000.0,0.248,28983000000.0,2315000000.0,176373000000.0,180708500000.0,44949000000.0,0.0,0.0,0.0,164965000000.0,92645000000.0,72320000000.0,397486379744.0,10121000000.0,-124000000.0,-2625000000.0,-5706000000.0,-6116000000.0,-16117000000.0,-10071000000.0,0.0,36074000000.0,235000000.0,13510000000.0,13510000000.0,13510000000.0,0.0,196000000.0,0.024,116288000000.0,22548000000.0,49141000000.0,0.453,4.912,29.422,29.453,109848000000.0,0.0,140.49,0.711,0.711,6516000000.0,88763000000.0,559151000000.0,559151000000.0,0.0,0.056,0.177,0.126,0.041,0.0,116288000000.0,1.0,2829285926.0,2831000000.0,2847000000.0,197.51,223513000000.0,0.0,6858000000.0,14612000000.0,78.952,-2578000000.0
3,WMT,MRT,2020-09-30,2020-10-31,2020-10-31,2021-09-02,-14616000000.0,250863000000.0,239408000000.0,73602000000.0,177261000000.0,2.292,28.744,-9176000000.0,14325000000.0,14325000000.0,412802000000.0,20008000000.0,0.835,2.006,68478000000.0,6897000000.0,61581000000.0,68478000000.0,0.0,11161000000.0,0.0,0.015,2.15,29007000000.0,40168000000.0,0.073,40168000000.0,29007000000.0,26564000000.0,6.97,6.92,6.97,81431000000.0,74912500000.0,81431000000.0,445771220148.0,15.0,11.098,24420000000.0,8.62,1.0,135941000000.0,0.248,30236000000.0,2443000000.0,186659000000.0,184265250000.0,51842000000.0,0.0,0.0,0.0,163359000000.0,88121000000.0,75238000000.0,393183220148.0,5747000000.0,-168000000.0,-2074000000.0,-8807000000.0,-6085000000.0,-18426000000.0,-9350000000.0,0.0,33596000000.0,-73000000.0,19742000000.0,19742000000.0,19742000000.0,0.0,266000000.0,0.036,113558000000.0,22383000000.0,54152000000.0,0.308,4.828,19.916,19.907,124289000000.0,0.0,138.75,0.717,0.716,5770000000.0,92279000000.0,548743000000.0,548743000000.0,0.0,0.082,0.264,0.157,0.053,0.0,113558000000.0,1.0,2833752938.0,2833000000.0,2849000000.0,193.697,220627000000.0,0.0,6822000000.0,14205000000.0,77.878,-14519000000.0
4,WMT,MRT,2020-06-30,2020-07-31,2020-07-31,2021-09-02,-15784000000.0,237382000000.0,236649750000.0,64996000000.0,172386000000.0,2.29,26.593,-9127000000.0,16906000000.0,16906000000.0,408363000000.0,18128000000.0,0.793,2.074,69494000000.0,8193000000.0,61301000000.0,69494000000.0,0.0,11113000000.0,0.0,0.017,2.14,26390000000.0,37503000000.0,0.069,37503000000.0,26390000000.0,23855000000.0,6.32,6.27,6.32,75310000000.0,72467000000.0,75310000000.0,426956776430.0,16.0,11.385,23899000000.0,8.439,1.0,133663000000.0,0.247,29542000000.0,2535000000.0,178471000000.0,185768500000.0,41084000000.0,0.0,0.0,0.0,156185000000.0,81957000000.0,74228000000.0,366454776430.0,7634000000.0,-175000000.0,-2733000000.0,-6235000000.0,-6070000000.0,-16582000000.0,-8938000000.0,0.0,33026000000.0,128000000.0,17895000000.0,17895000000.0,17895000000.0,0.0,233000000.0,0.033,112340000000.0,21323000000.0,46326000000.0,0.339,4.866,20.478,20.475,122894000000.0,0.0,129.4,0.676,0.676,5111000000.0,87614000000.0,542026000000.0,542026000000.0,0.0,0.076,0.247,0.142,0.049,0.0,112340000000.0,1.0,2831953450.0,2832000000.0,2848000000.0,191.393,207840000000.0,0.0,5960000000.0,13537000000.0,73.39,-16961000000.0
5,WMT,MRT,2020-03-31,2020-04-30,2020-04-30,2021-09-02,-16168000000.0,232892000000.0,236019500000.0,63328000000.0,169564000000.0,2.265,24.105,-9913000000.0,14930000000.0,14930000000.0,403597000000.0,15369000000.0,0.766,2.327,75432000000.0,12283000000.0,63149000000.0,75432000000.0,0.0,11064000000.0,0.0,0.018,2.13,22533000000.0,33597000000.0,0.063,33597000000.0,22533000000.0,20015000000.0,5.3,5.26,5.3,68240000000.0,71221250000.0,68240000000.0,407231296091.0,18.0,12.121,18796000000.0,6.639,1.0,131064000000.0,0.245,29416000000.0,2518000000.0,181331000000.0,188288250000.0,41217000000.0,0.0,0.0,0.0,158782000000.0,82647000000.0,76135000000.0,344263296091.0,5694000000.0,-10000000.0,-4305000000.0,-744000000.0,-6057000000.0,-12888000000.0,-9689000000.0,0.0,28709000000.0,-438000000.0,15029000000.0,15029000000.0,15029000000.0,0.0,340000000.0,0.028,110217000000.0,20847000000.0,44096000000.0,0.402,5.045,22.907,22.934,123378000000.0,0.0,121.55,0.644,0.644,5029000000.0,81141000000.0,534661000000.0,534661000000.0,0.0,0.064,0.211,0.12,0.042,0.0,110217000000.0,1.0,2832277220.0,2831000000.0,2849000000.0,188.859,203476000000.0,0.0,4986000000.0,14289000000.0,71.874,-19319000000.0
6,WMT,MRT,2019-12-31,2020-01-31,2020-01-31,2021-09-02,-12805000000.0,236495000000.0,236432500000.0,61806000000.0,174689000000.0,2.216,26.2,-10384000000.0,9465000000.0,9465000000.0,394605000000.0,15201000000.0,0.795,2.075,72433000000.0,8241000000.0,64192000000.0,72433000000.0,0.0,10987000000.0,0.0,0.019,2.12,22395000000.0,33382000000.0,0.064,33382000000.0,22395000000.0,19796000000.0,5.22,5.19,5.22,74669000000.0,71212500000.0,74669000000.0,392170158423.0,18.0,11.748,14871000000.0,5.218,1.0,129359000000.0,0.247,31073000000.0,2599000000.0,190600000000.0,190309000000.0,44435000000.0,0.0,0.0,0.0,154943000000.0,77790000000.0,77153000000.0,324828158423.0,1759000000.0,777000000.0,-5717000000.0,-1071000000.0,-6048000000.0,-14299000000.0,-9128000000.0,0.0,25255000000.0,-69000000.0,14881000000.0,14881000000.0,14881000000.0,0.0,320000000.0,0.028,108791000000.0,20568000000.0,46973000000.0,0.406,4.35,21.828,21.933,127049000000.0,0.0,114.49,0.62,0.623,6284000000.0,83943000000.0,523964000000.0,523964000000.0,0.0,0.063,0.209,0.118,0.043,0.0,108791000000.0,1.0,2837174936.0,2850000000.0,2868000000.0,183.847,205422000000.0,0.0,4915000000.0,13241000000.0,72.078,-15984000000.0
7,WMT,MRT,2019-09-30,2019-10-31,2019-10-31,2021-09-02,-12382000000.0,239830000000.0,232132500000.0,67912000000.0,171918000000.0,2.245,25.202,-10666000000.0,8606000000.0,8606000000.0,391764000000.0,14720000000.0,0.811,2.254,75948000000.0,11227000000.0,64721000000.0,75948000000.0,0.0,10890000000.0,0.0,0.018,2.11,22430000000.0,33320000000.0,0.064,33320000000.0,22430000000.0,19814000000.0,5.04,4.99,5.04,71649000000.0,70669250000.0,71649000000.0,398946751221.0,18.0,11.973,14318000000.0,5.036,1.0,129322000000.0,0.248,30716000000.0,2616000000.0,192672000000.0,182896000000.0,51546000000.0,0.0,0.0,0.0,161523000000.0,83784000000.0,77739000000.0,333520751221.0,-573000000.0,266000000.0,-8078000000.0,-74000000.0,-6050000000.0,-15671000000.0,-9767000000.0,0.0,24984000000.0,-119000000.0,14427000000.0,14427000000.0,14427000000.0,0.0,293000000.0,0.028,108009000000.0,21313000000.0,49750000000.0,0.419,4.655,23.118,23.266,125425000000.0,0.0,117.26,0.64,0.64,5612000000.0,80656000000.0,521086000000.0,521086000000.0,0.0,0.062,0.204,0.123,0.043,0.0,108009000000.0,1.0,2844284080.0,2843000000.0,2861000000.0,183.287,209114000000.0,0.0,5387000000.0,13345000000.0,73.554,-15872000000.0
8,WMT,MRT,2019-06-30,2019-07-31,2019-07-31,2021-09-02,-11270000000.0,234861000000.0,228820750000.0,61371000000.0,173490000000.0,2.264,24.65,-10491000000.0,9283000000.0,9283000000.0,388980000000.0,13216000000.0,0.764,2.243,74709000000.0,10311000000.0,64398000000.0,74709000000.0,0.0,10782000000.0,0.0,0.019,2.1,20519000000.0,31301000000.0,0.06,31301000000.0,20519000000.0,17943000000.0,4.46,4.42,4.46,70327000000.0,70756000000.0,70327000000.0,381278229482.0,19.0,12.181,17352000000.0,6.082,1.0,129009000000.0,0.249,31454000000.0,2576000000.0,188550000000.0,175129250000.0,44134000000.0,0.0,0.0,0.0,157730000000.0,80283000000.0,77447000000.0,315104229482.0,-6542000000.0,-13003000000.0,-9273000000.0,6044000000.0,-6071000000.0,-10548000000.0,-23432000000.0,0.0,27843000000.0,-405000000.0,12849000000.0,12849000000.0,12849000000.0,0.0,367000000.0,0.025,107428000000.0,21581000000.0,45871000000.0,0.471,4.481,24.524,24.749,125862000000.0,0.0,110.38,0.608,0.608,5382000000.0,78432000000.0,517989000000.0,517989000000.0,0.0,0.056,0.182,0.117,0.04,0.0,107428000000.0,1.0,2854722137.0,2853000000.0,2869000000.0,181.559,203407000000.0,0.0,5094000000.0,13436000000.0,71.296,-18912000000.0
9,WMT,MRT,2019-03-31,2019-04-30,2019-04-30,2021-09-02,-11091000000.0,234544000000.0,221621000000.0,61739000000.0,172805000000.0,2.327,23.773,-10368000000.0,9255000000.0,9255000000.0,386628000000.0,8809000000.0,0.773,2.341,75429000000.0,8475000000.0,66954000000.0,75429000000.0,0.0,10714000000.0,0.0,0.02,2.09,15853000000.0,26567000000.0,0.052,26567000000.0,15853000000.0,13364000000.0,2.9,2.87,2.9,68205000000.0,70970500000.0,68205000000.0,345429326213.0,22.0,13.002,15787000000.0,5.503,1.0,129012000000.0,0.25,31416000000.0,2489000000.0,189414000000.0,166615500000.0,44751000000.0,0.0,0.0,0.0,159634000000.0,79888000000.0,79746000000.0,295118326213.0,1142000000.0,-13003000000.0,-9006000000.0,15270000000.0,-6089000000.0,-897000000.0,-23489000000.0,0.0,26155000000.0,-627000000.0,8378000000.0,8378000000.0,8378000000.0,0.0,431000000.0,0.016,107264000000.0,21748000000.0,45110000000.0,0.721,4.327,35.225,35.462,125241000000.0,0.0,102.84,0.572,0.572,5342000000.0,76276000000.0,515640000000.0,515640000000.0,0.0,0.038,0.118,0.095,0.031,0.0,107264000000.0,1.0,2869684230.0,2869000000.0,2886000000.0,179.728,203128000000.0,0.0,4986000000.0,13521000000.0,70.801,-18149000000.0
10,WMT,MRT,2018-12-31,2019-01-31,2019-01-31,2021-09-02,-11542000000.0,219295000000.0,214216750000.0,61897000000.0,157398000000.0,2.401,24.751,-9825000000.0,7722000000.0,7722000000.0,385301000000.0,7179000000.0,0.799,1.926,58033000000.0,7830000000.0,50203000000.0,58033000000.0,0.0,10678000000.0,0.0,0.022,2.08,13297000000.0,23975000000.0,0.047,23975000000.0,13297000000.0,10951000000.0,2.28,2.26,2.28,72496000000.0,72807250000.0,72496000000.0,330228071454.0,25.0,13.774,17928000000.0,6.121,1.0,129104000000.0,0.251,31181000000.0,2346000000.0,160948000000.0,155206500000.0,44269000000.0,0.0,0.0,0.0,139661000000.0,77477000000.0,62184000000.0,278411071454.0,742000000.0,-13780000000.0,-7410000000.0,12035000000.0,-6102000000.0,-2537000000.0,-24036000000.0,0.0,27753000000.0,-438000000.0,6670000000.0,6670000000.0,6670000000.0,0.0,509000000.0,0.013,107147000000.0,21957000000.0,47060000000.0,0.912,3.84,41.741,42.031,111395000000.0,0.0,95.83,0.541,0.546,6283000000.0,80785000000.0,514405000000.0,514405000000.0,0.0,0.031,0.092,0.086,0.026,0.0,107147000000.0,1.0,2905260059.0,2929000000.0,2945000000.0,175.625,188114000000.0,0.0,4281000000.0,12409000000.0,64.225,-15580000000.0
11,WMT,MRT,2018-09-30,2018-10-31,2018-10-31,2021-09-02,-11469000000.0,226583000000.0,210523500000.0,69446000000.0,157137000000.0,2.431,24.622,-9772000000.0,9174000000.0,9174000000.0,383034000000.0,5729000000.0,0.81,2.043,60991000000.0,11095000000.0,49896000000.0,60991000000.0,0.0,10649000000.0,0.0,0.021,2.07,10402000000.0,21051000000.0,0.041,21051000000.0,10402000000.0,8189000000.0,1.74,1.75,1.74,71996000000.0,74150500000.0,71996000000.0,331649503281.0,32.0,15.755,18813000000.0,6.434,1.0,128845000000.0,0.252,31044000000.0,2213000000.0,161605000000.0,151842000000.0,50380000000.0,0.0,0.0,0.0,147114000000.0,85751000000.0,61363000000.0,293693503281.0,1884000000.0,-13272000000.0,-5801000000.0,10362000000.0,-6107000000.0,-2538000000.0,-23779000000.0,0.0,28585000000.0,-384000000.0,5158000000.0,5158000000.0,5158000000.0,0.0,571000000.0,0.01,108488000000.0,20357000000.0,49729000000.0,1.19,4.079,56.939,57.632,111349000000.0,0.0,100.28,0.574,0.573,5785000000.0,80287000000.0,511879000000.0,511879000000.0,0.0,0.025,0.07,0.069,0.02,0.0,108488000000.0,1.0,2928734576.0,2924000000.0,2941000000.0,175.061,195539000000.0,0.0,3031000000.0,12083000000.0,66.874,-16305000000.0
12,WMT,MRT,2018-06-30,2018-07-31,2018-07-31,2021-09-02,-12629000000.0,206062000000.0,206231250000.0,66370000000.0,139692000000.0,2.474,24.163,-9539000000.0,15840000000.0,15840000000.0,381465000000.0,5816000000.0,0.926,1.858,53796000000.0,2228000000.0,51568000000.0,53796000000.0,0.0,10692000000.0,0.0,0.023,2.06,10647000000.0,21339000000.0,0.042,21339000000.0,10647000000.0,8444000000.0,1.75,1.75,1.75,71185000000.0,75187750000.0,71185000000.0,301761845187.0,28.0,14.141,18533000000.0,6.291,1.0,128699000000.0,0.252,17840000000.0,2203000000.0,154495000000.0,149859750000.0,41985000000.0,0.0,0.0,0.0,132250000000.0,71683000000.0,60567000000.0,263303845187.0,9099000000.0,22000000.0,-5693000000.0,4074000000.0,-6103000000.0,-8764000000.0,-9965000000.0,0.0,28072000000.0,-244000000.0,5197000000.0,5197000000.0,5197000000.0,0.0,619000000.0,0.01,108564000000.0,20135000000.0,43128000000.0,1.177,3.699,50.665,50.989,111017000000.0,0.0,89.23,0.516,0.515,5002000000.0,80810000000.0,510164000000.0,510164000000.0,0.0,0.025,0.069,0.071,0.021,0.0,108564000000.0,1.0,2950844393.0,2946000000.0,2946000000.0,173.172,188222000000.0,0.0,3247000000.0,9423000000.0,63.891,-5313000000.0
13,WMT,MRT,2018-03-31,2018-04-30,2018-04-30,2021-09-02,-10281000000.0,204927000000.0,205107250000.0,59242000000.0,145685000000.0,2.465,25.611,-9499000000.0,7885000000.0,7885000000.0,377415000000.0,9647000000.0,0.734,1.676,46343000000.0,10038000000.0,36305000000.0,46343000000.0,0.0,10656000000.0,0.0,0.023,2.05,14843000000.0,25499000000.0,0.05,25499000000.0,14843000000.0,12581000000.0,3.0,3.0,3.0,75552000000.0,76488750000.0,75552000000.0,300749640520.0,20.0,11.795,18614000000.0,6.31,1.0,128076000000.0,0.253,18850000000.0,2262000000.0,143778000000.0,149209000000.0,43303000000.0,0.0,0.0,0.0,126603000000.0,80757000000.0,45846000000.0,261018640520.0,1315000000.0,759000000.0,-6650000000.0,-4485000000.0,-6108000000.0,-18389000000.0,-8900000000.0,0.0,28113000000.0,491000000.0,8957000000.0,8957000000.0,8957000000.0,0.0,690000000.0,0.018,107722000000.0,20354000000.0,44612000000.0,0.683,3.455,29.141,29.487,114800000000.0,0.0,88.46,0.516,0.516,4568000000.0,82982000000.0,505491000000.0,505491000000.0,0.0,0.044,0.117,0.099,0.029,0.0,107722000000.0,1.0,2950696818.0,2950000000.0,2967000000.0,171.353,186077000000.0,0.0,3624000000.0,10259000000.0,63.077,-21515000000.0
14,WMT,MRT,2017-12-31,2018-01-31,2018-01-31,2021-09-02,-10181000000.0,204522000000.0,203805000000.0,59664000000.0,144858000000.0,2.455,26.0,-9673000000.0,6756000000.0,6756000000.0,373396000000.0,10523000000.0,0.76,1.589,46487000000.0,9662000000.0,36825000000.0,46487000000.0,0.0,10529000000.0,0.0,0.019,2.04,16792000000.0,27321000000.0,0.055,27321000000.0,16792000000.0,14462000000.0,3.29,3.28,3.29,77869000000.0,76023500000.0,77869000000.0,358690862037.0,21.0,13.129,18664000000.0,6.232,1.0,126947000000.0,0.254,18242000000.0,2330000000.0,147490000000.0,150240000000.0,43783000000.0,0.0,0.0,0.0,123700000000.0,78521000000.0,45179000000.0,315789862037.0,-130000000.0,671000000.0,-8296000000.0,-4496000000.0,-6124000000.0,-19875000000.0,-9079000000.0,0.0,28337000000.0,487000000.0,9862000000.0,9862000000.0,9862000000.0,0.0,661000000.0,0.02,106510000000.0,20437000000.0,46092000000.0,0.62,4.055,32.021,32.401,114818000000.0,0.0,106.6,0.631,0.638,5614000000.0,85107000000.0,500343000000.0,500343000000.0,0.0,0.048,0.13,0.112,0.034,0.0,106510000000.0,1.0,2962381445.0,2995000000.0,3010000000.0,167.059,186280000000.0,0.0,4600000000.0,8999000000.0,62.197,-18857000000.0
15,WMT,MRT,2017-09-30,2017-10-31,2017-10-31,2021-09-02,-11133000000.0,209414000000.0,202380750000.0,65368000000.0,144046000000.0,2.446,25.543,-10094000000.0,7026000000.0,7026000000.0,368499000000.0,12146000000.0,0.813,1.714,49927000000.0,9021000000.0,40906000000.0,49927000000.0,0.0,10533000000.0,0.0,0.023,2.03,19486000000.0,30019000000.0,0.061,30019000000.0,19486000000.0,17107000000.0,3.78,3.76,3.78,76145000000.0,76005750000.0,76145000000.0,301986575450.0,15.0,10.06,18858000000.0,6.326,1.0,126513000000.0,0.256,18204000000.0,2379000000.0,153676000000.0,151850250000.0,50147000000.0,0.0,0.0,0.0,130508000000.0,80435000000.0,50073000000.0,260812575450.0,1195000000.0,1279000000.0,-8700000000.0,-3433000000.0,-6148000000.0,-19216000000.0,-8700000000.0,0.0,28952000000.0,159000000.0,11444000000.0,11444000000.0,11444000000.0,0.0,702000000.0,0.023,104338000000.0,22175000000.0,47587000000.0,0.537,3.425,22.79,23.098,115299000000.0,0.0,87.31,0.527,0.526,5865000000.0,84480000000.0,495012000000.0,495012000000.0,0.0,0.057,0.151,0.128,0.039,0.0,104338000000.0,1.0,2987201643.0,2981000000.0,2996000000.0,166.056,191210000000.0,0.0,5663000000.0,9707000000.0,64.143,-15067000000.0
16,WMT,MRT,2017-06-30,2017-07-31,2017-07-31,2021-09-02,-11100000000.0,201566000000.0,201741500000.0,56763000000.0,144803000000.0,2.429,25.395,-10015000000.0,6469000000.0,6469000000.0,364436000000.0,13444000000.0,0.78,1.604,47643000000.0,7174000000.0,40469000000.0,47643000000.0,0.0,10344000000.0,0.0,0.025,2.02,21154000000.0,31498000000.0,0.064,31498000000.0,21154000000.0,18749000000.0,4.17,4.16,4.17,76389000000.0,76392750000.0,76389000000.0,281081785569.0,13.0,8.924,18087000000.0,6.013,1.0,125576000000.0,0.256,18037000000.0,2405000000.0,151892000000.0,153181500000.0,43442000000.0,0.0,0.0,0.0,122520000000.0,72811000000.0,49709000000.0,241129785569.0,-1099000000.0,-1152000000.0,-7893000000.0,-1368000000.0,-6171000000.0,-16489000000.0,-13022000000.0,-1901000000.0,28102000000.0,310000000.0,12729000000.0,12729000000.0,12729000000.0,0.0,715000000.0,0.026,103046000000.0,22530000000.0,42389000000.0,0.484,3.157,18.943,19.182,115353000000.0,0.0,79.99,0.492,0.491,5395000000.0,84838000000.0,490012000000.0,490012000000.0,0.0,0.063,0.167,0.138,0.043,0.0,103046000000.0,1.0,3014499132.0,3008000000.0,3021000000.0,162.903,183529000000.0,0.0,6020000000.0,9745000000.0,61.014,-16048000000.0
17,WMT,MRT,2017-03-31,2017-04-30,2017-04-30,2021-09-02,-12954000000.0,199718000000.0,200821500000.0,57336000000.0,142382000000.0,2.428,24.28,-9837000000.0,6545000000.0,6545000000.0,362400000000.0,14229000000.0,0.773,1.677,46497000000.0,6472000000.0,40025000000.0,46497000000.0,0.0,10243000000.0,0.0,0.027,2.01,22211000000.0,32454000000.0,0.067,32454000000.0,22211000000.0,19831000000.0,4.42,4.41,4.42,73691000000.0,76426750000.0,73691000000.0,267092622559.0,12.0,8.23,21028000000.0,6.929,1.0,125111000000.0,0.257,17575000000.0,2380000000.0,147902000000.0,153518500000.0,43361000000.0,0.0,0.0,0.0,123604000000.0,74193000000.0,49411000000.0,228021622559.0,-948000000.0,-1889000000.0,-7748000000.0,-2801000000.0,-6192000000.0,-17612000000.0,-13638000000.0,-1901000000.0,30865000000.0,-563000000.0,13603000000.0,13603000000.0,13603000000.0,0.0,626000000.0,0.028,102385000000.0,22726000000.0,41367000000.0,0.455,3.094,16.763,17.009,114169000000.0,0.0,75.18,0.468,0.468,5252000000.0,84120000000.0,487511000000.0,487511000000.0,0.0,0.068,0.178,0.145,0.046,0.0,102385000000.0,1.0,3033009079.0,3035000000.0,3047000000.0,160.63,182143000000.0,0.0,6228000000.0,11404000000.0,60.014,-16857000000.0
18,WMT,MRT,2016-12-31,2017-01-31,2017-01-31,2021-09-02,-14232000000.0,198825000000.0,200568250000.0,57689000000.0,141136000000.0,2.422,25.088,-10163000000.0,6867000000.0,6867000000.0,361256000000.0,14293000000.0,0.862,1.52,45938000000.0,3920000000.0,42018000000.0,45938000000.0,0.0,10080000000.0,0.0,0.03,2.0,22214000000.0,32294000000.0,0.066,32294000000.0,22214000000.0,19847000000.0,4.4,4.38,4.4,77798000000.0,76799750000.0,77798000000.0,249170721022.0,11.0,7.716,21510000000.0,6.936,1.0,124617000000.0,0.256,17037000000.0,2367000000.0,153931000000.0,155067250000.0,43046000000.0,0.0,0.0,0.0,118290000000.0,66928000000.0,51362000000.0,205104721022.0,-1747000000.0,-1801000000.0,-8298000000.0,-3591000000.0,-6216000000.0,-19072000000.0,-13896000000.0,-1901000000.0,31673000000.0,-452000000.0,13643000000.0,13643000000.0,13643000000.0,0.0,650000000.0,0.028,101853000000.0,22764000000.0,41433000000.0,0.455,2.636,15.034,15.168,114178000000.0,0.0,66.74,0.422,0.426,5835000000.0,89354000000.0,485873000000.0,485873000000.0,0.0,0.068,0.178,0.143,0.046,0.0,101853000000.0,1.0,3073190306.0,3101000000.0,3112000000.0,156.683,181788000000.0,0.0,6204000000.0,10265000000.0,58.622,-9239000000.0
19,WMT,MRT,2016-09-30,2016-10-31,2016-10-31,2021-09-02,-12335000000.0,206857000000.0,200757250000.0,63401000000.0,143456000000.0,2.414,25.152,-9657000000.0,5939000000.0,5939000000.0,360512000000.0,15055000000.0,0.855,1.627,50005000000.0,7897000000.0,42108000000.0,50005000000.0,0.0,9805000000.0,0.0,0.028,1.99,22693000000.0,32498000000.0,0.067,32498000000.0,22693000000.0,20346000000.0,4.61,4.61,4.61,77693000000.0,77486750000.0,77693000000.0,256404892321.0,11.0,7.89,22671000000.0,7.339,1.0,124092000000.0,0.256,17792000000.0,2347000000.0,159001000000.0,156483500000.0,49822000000.0,0.0,0.0,0.0,126382000000.0,74130000000.0,52252000000.0,216589892321.0,-1051000000.0,-2406000000.0,-8646000000.0,-1918000000.0,-6248000000.0,-18298000000.0,-14158000000.0,-1901000000.0,32328000000.0,-923000000.0,14460000000.0,14460000000.0,14460000000.0,0.0,595000000.0,0.03,100891000000.0,23201000000.0,42990000000.0,0.432,2.788,14.979,15.189,115088000000.0,0.0,70.02,0.447,0.446,5344000000.0,87636000000.0,484604000000.0,484604000000.0,0.0,0.072,0.187,0.145,0.047,0.0,100891000000.0,1.0,3093257531.0,3089000000.0,3100000000.0,156.881,189065000000.0,0.0,5886000000.0,10603000000.0,61.206,-10729000000.0
20,WMT,MRT,2016-06-30,2016-07-31,2016-07-31,2021-09-02,-11672000000.0,197886000000.0,200329000000.0,58232000000.0,139654000000.0,2.415,24.614,-10444000000.0,7676000000.0,7676000000.0,360474000000.0,15267000000.0,0.855,1.552,47491000000.0,4748000000.0,42743000000.0,47491000000.0,0.0,9701000000.0,0.0,0.027,1.98,23343000000.0,33044000000.0,0.068,33044000000.0,23343000000.0,21032000000.0,4.66,4.66,4.66,76525000000.0,77956250000.0,76525000000.0,269846711231.0,12.0,8.166,21937000000.0,7.056,1.0,123359000000.0,0.255,16339000000.0,2311000000.0,153240000000.0,157501500000.0,43453000000.0,0.0,0.0,0.0,118742000000.0,68122000000.0,50620000000.0,227421711231.0,1925000000.0,0.0,-7681000000.0,-3068000000.0,-6270000000.0,-18725000000.0,-10489000000.0,0.0,32381000000.0,-1242000000.0,14730000000.0,14730000000.0,14730000000.0,0.0,537000000.0,0.03,99563000000.0,23796000000.0,39902000000.0,0.425,2.972,15.439,15.659,115410000000.0,0.0,72.97,0.47,0.469,5275000000.0,85972000000.0,483833000000.0,483833000000.0,0.0,0.074,0.189,0.148,0.048,0.0,99563000000.0,1.0,3116646721.0,3109000000.0,3119000000.0,155.623,181547000000.0,0.0,6302000000.0,8597000000.0,58.394,-9890000000.0
21,WMT,MRT,2016-03-31,2016-04-30,2016-04-30,2021-09-02,-10995000000.0,198705000000.0,200512500000.0,59097000000.0,139608000000.0,2.41,23.913,-10827000000.0,7597000000.0,7597000000.0,361045000000.0,15013000000.0,0.841,1.609,50022000000.0,6629000000.0,43393000000.0,50022000000.0,0.0,9523000000.0,0.0,0.029,1.97,23205000000.0,32728000000.0,0.068,32728000000.0,23205000000.0,20915000000.0,4.53,4.53,4.53,75183000000.0,78542750000.0,75183000000.0,251590688404.0,11.0,7.687,18472000000.0,5.875,1.0,122163000000.0,0.253,16751000000.0,2290000000.0,154097000000.0,158907250000.0,44513000000.0,0.0,0.0,0.0,120947000000.0,70282000000.0,50665000000.0,210261688404.0,-162000000.0,246000000.0,-6567000000.0,-2366000000.0,-6288000000.0,-18022000000.0,-10681000000.0,0.0,29299000000.0,-758000000.0,14432000000.0,14432000000.0,14432000000.0,0.0,581000000.0,0.03,98463000000.0,23700000000.0,37997000000.0,0.435,2.797,14.569,14.762,116494000000.0,0.0,66.87,0.435,0.435,5187000000.0,84145000000.0,483208000000.0,483208000000.0,0.0,0.072,0.184,0.146,0.048,0.0,98463000000.0,1.0,3144335104.0,3144000000.0,3154000000.0,153.692,181954000000.0,0.0,6483000000.0,8600000000.0,57.873,-11185000000.0
22,WMT,MRT,2015-12-31,2016-01-31,2016-01-31,2021-09-02,-11597000000.0,199581000000.0,201023000000.0,60239000000.0,139342000000.0,2.398,25.116,-10842000000.0,8705000000.0,8705000000.0,360984000000.0,15080000000.0,0.932,1.44,50034000000.0,6004000000.0,44030000000.0,50034000000.0,0.0,9454000000.0,0.0,0.03,1.96,23800000000.0,33254000000.0,0.069,33254000000.0,23800000000.0,21252000000.0,4.58,4.57,4.58,80546000000.0,78890500000.0,80546000000.0,257949635008.0,11.0,7.757,16710000000.0,5.21,1.0,121146000000.0,0.251,16695000000.0,2548000000.0,159596000000.0,159399000000.0,44469000000.0,0.0,0.0,0.0,115970000000.0,64619000000.0,51351000000.0,212477635008.0,-430000000.0,246000000.0,-4112000000.0,-3158000000.0,-6294000000.0,-16285000000.0,-10675000000.0,0.0,27552000000.0,-1022000000.0,14694000000.0,14694000000.0,14694000000.0,0.0,386000000.0,0.03,97041000000.0,24105000000.0,38487000000.0,0.428,2.638,14.46,14.489,116516000000.0,0.0,66.36,0.441,0.441,5624000000.0,90021000000.0,482130000000.0,482130000000.0,0.0,0.073,0.186,0.149,0.049,0.0,97041000000.0,1.0,3201893234.0,3207000000.0,3217000000.0,150.337,182886000000.0,0.0,6558000000.0,7842000000.0,57.027,-4380000000.0
23,WMT,MRT,2015-09-30,2015-10-31,2015-10-31,2021-09-02,-10659000000.0,205144000000.0,202000250000.0,65112000000.0,140032000000.0,2.396,24.788,-11681000000.0,6990000000.0,6990000000.0,363100000000.0,15520000000.0,0.924,1.54,52462000000.0,8264000000.0,44198000000.0,52462000000.0,0.0,9315000000.0,0.0,0.034,1.95,25079000000.0,34394000000.0,0.071,34394000000.0,25079000000.0,22473000000.0,4.68,4.68,4.68,79571000000.0,79102500000.0,79571000000.0,226812108804.0,9.0,6.595,16418000000.0,5.115,1.0,120928000000.0,0.25,17051000000.0,2606000000.0,163073000000.0,159791250000.0,50706000000.0,0.0,0.0,0.0,122514000000.0,70492000000.0,52022000000.0,183508108804.0,272000000.0,246000000.0,-1720000000.0,-5256000000.0,-6274000000.0,-15472000000.0,-11535000000.0,0.0,28099000000.0,-820000000.0,15086000000.0,15086000000.0,15086000000.0,0.0,434000000.0,0.031,95516000000.0,25412000000.0,40553000000.0,0.417,2.306,12.164,12.231,116956000000.0,0.0,57.24,0.379,0.38,5012000000.0,87903000000.0,484028000000.0,484028000000.0,0.0,0.075,0.191,0.157,0.052,0.0,95516000000.0,1.0,3205941803.0,3210000000.0,3219000000.0,150.788,188093000000.0,0.0,7387000000.0,8411000000.0,58.596,-5380000000.0
24,WMT,MRT,2015-06-30,2015-07-31,2015-07-31,2021-09-02,-8388000000.0,198620000000.0,202631250000.0,58132000000.0,140488000000.0,2.397,24.486,-11338000000.0,5751000000.0,5751000000.0,364901000000.0,15932000000.0,0.891,1.477,49055000000.0,6212000000.0,42843000000.0,49055000000.0,0.0,9304000000.0,0.0,0.027,1.94,25624000000.0,34928000000.0,0.072,34928000000.0,25624000000.0,22915000000.0,4.8,4.8,4.8,78871000000.0,78987000000.0,78871000000.0,274287091899.0,11.0,7.853,15428000000.0,4.79,1.0,120720000000.0,0.249,17799000000.0,2709000000.0,158863000000.0,160518750000.0,45007000000.0,0.0,0.0,0.0,116496000000.0,65262000000.0,51234000000.0,231815091899.0,-433000000.0,246000000.0,-1365000000.0,-5428000000.0,-6248000000.0,-15090000000.0,-11387000000.0,0.0,26766000000.0,-722000000.0,15493000000.0,15493000000.0,15493000000.0,0.0,439000000.0,0.032,94757000000.0,25963000000.0,37225000000.0,0.404,2.939,14.963,14.996,116511000000.0,0.0,71.98,0.477,0.477,5275000000.0,84959000000.0,485621000000.0,485621000000.0,0.0,0.076,0.196,0.16,0.053,0.0,94757000000.0,1.0,3220548651.0,3221000000.0,3231000000.0,150.767,180821000000.0,0.0,7422000000.0,8764000000.0,56.138,-7130000000.0
25,WMT,MRT,2015-03-31,2015-04-30,2015-04-30,2021-09-02,-8595000000.0,200747000000.0,203916750000.0,62133000000.0,138614000000.0,2.381,23.7,-11630000000.0,7759000000.0,7759000000.0,364855000000.0,16656000000.0,0.892,1.577,50231000000.0,7267000000.0,42964000000.0,50231000000.0,0.0,9242000000.0,0.0,0.025,1.93,26467000000.0,35709000000.0,0.074,35709000000.0,26467000000.0,23755000000.0,4.99,4.98,4.99,76574000000.0,78705750000.0,76574000000.0,293040189989.0,11.0,8.206,15441000000.0,4.779,1.0,120662000000.0,0.249,17531000000.0,2712000000.0,156064000000.0,161963000000.0,46310000000.0,0.0,0.0,0.0,120757000000.0,69624000000.0,51133000000.0,251794189989.0,1747000000.0,671000000.0,-669000000.0,-5447000000.0,-6217000000.0,-13589000000.0,-11117000000.0,0.0,27071000000.0,-618000000.0,16111000000.0,16111000000.0,16111000000.0,-270000000.0,545000000.0,0.033,94028000000.0,26634000000.0,37224000000.0,0.387,3.288,15.629,15.641,115685000000.0,0.0,78.05,0.519,0.519,5813000000.0,82492000000.0,485517000000.0,485517000000.0,0.0,0.079,0.205,0.163,0.055,0.0,94028000000.0,1.0,3226062652.0,3231000000.0,3243000000.0,150.268,183216000000.0,0.0,7644000000.0,9876000000.0,56.706,-7491000000.0
26,WMT,MRT,2014-12-31,2015-01-31,2015-01-31,2021-09-02,-7168000000.0,203490000000.0,204359250000.0,63278000000.0,140212000000.0,2.376,25.199,-11604000000.0,9135000000.0,9135000000.0,365086000000.0,17099000000.0,0.97,1.444,50165000000.0,6670000000.0,43495000000.0,50165000000.0,0.0,9173000000.0,0.0,0.023,1.92,26809000000.0,35982000000.0,0.074,35982000000.0,26809000000.0,24348000000.0,5.07,5.05,5.07,81394000000.0,77834250000.0,81394000000.0,322870677277.0,12.0,8.973,16960000000.0,5.251,1.0,120565000000.0,0.248,18102000000.0,2461000000.0,161165000000.0,164043250000.0,45141000000.0,0.0,0.0,0.0,117553000000.0,65253000000.0,52300000000.0,273906677277.0,1854000000.0,671000000.0,-1015000000.0,-5018000000.0,-6185000000.0,-15071000000.0,-11125000000.0,0.0,28564000000.0,-514000000.0,16363000000.0,16363000000.0,16363000000.0,-285000000.0,736000000.0,0.034,93418000000.0,27147000000.0,38410000000.0,0.379,3.365,16.739,16.761,116655000000.0,0.0,84.98,0.564,0.565,6778000000.0,85777000000.0,485651000000.0,485651000000.0,0.0,0.08,0.21,0.163,0.055,0.0,93418000000.0,1.0,3223189895.0,3230000000.0,3243000000.0,150.356,185388000000.0,0.0,7985000000.0,9826000000.0,57.396,-1975000000.0
27,WMT,MRT,2014-09-30,2014-10-31,2014-10-31,2021-09-02,-4251000000.0,207668000000.0,204674500000.0,65841000000.0,141827000000.0,2.364,24.5,-11187000000.0,6718000000.0,6718000000.0,363942000000.0,16561000000.0,0.92,1.563,55461000000.0,11175000000.0,44286000000.0,55461000000.0,0.0,9151000000.0,0.0,0.025,1.91,26306000000.0,35457000000.0,0.073,35457000000.0,26306000000.0,23887000000.0,4.9,4.88,4.9,79109000000.0,76549500000.0,79109000000.0,293772083213.0,11.0,8.285,14220000000.0,4.404,1.0,119850000000.0,0.248,18888000000.0,2419000000.0,165983000000.0,165066000000.0,51501000000.0,0.0,0.0,0.0,123615000000.0,71540000000.0,52075000000.0,245781083213.0,-2018000000.0,671000000.0,-1892000000.0,-5747000000.0,-6153000000.0,-16611000000.0,-10542000000.0,0.0,25407000000.0,-272000000.0,15828000000.0,15828000000.0,15828000000.0,-391000000.0,733000000.0,0.033,93305000000.0,26545000000.0,39656000000.0,0.39,3.107,15.528,15.565,117492000000.0,0.0,76.27,0.508,0.509,6091000000.0,80814000000.0,483792000000.0,483792000000.0,0.0,0.077,0.207,0.159,0.054,0.0,93305000000.0,1.0,3222513219.0,3229000000.0,3240000000.0,149.827,188780000000.0,0.0,8059000000.0,8172000000.0,58.464,-5699000000.0
28,WMT,MRT,2014-06-30,2014-07-31,2014-07-31,2021-09-02,-1957000000.0,203762000000.0,205226500000.0,59632000000.0,144130000000.0,2.341,24.07,-11457000000.0,6184000000.0,6184000000.0,361382000000.0,16620000000.0,0.888,1.556,53952000000.0,8456000000.0,45496000000.0,53952000000.0,0.0,8995000000.0,0.0,0.026,1.9,26326000000.0,35321000000.0,0.074,35321000000.0,26326000000.0,23991000000.0,4.9,4.87,4.9,77746000000.0,75120500000.0,77746000000.0,286725832281.0,11.0,8.118,12449000000.0,3.854,1.0,119097000000.0,0.248,19758000000.0,2335000000.0,164640000000.0,165123250000.0,45451000000.0,0.0,0.0,0.0,120939000000.0,67132000000.0,53807000000.0,237192832281.0,-2832000000.0,671000000.0,-3520000000.0,-3227000000.0,-6141000000.0,-15668000000.0,-10829000000.0,0.0,23906000000.0,-241000000.0,15855000000.0,15855000000.0,15855000000.0,-406000000.0,765000000.0,0.033,92507000000.0,26590000000.0,36828000000.0,0.388,3.051,14.96,15.016,118723000000.0,0.0,73.58,0.494,0.495,6146000000.0,77172000000.0,480479000000.0,480479000000.0,0.0,0.077,0.211,0.159,0.055,0.0,92507000000.0,1.0,3223604679.0,3230000000.0,3241000000.0,148.755,184004000000.0,0.0,8136000000.0,8822000000.0,56.967,-7500000000.0
29,WMT,MRT,2014-03-31,2014-04-30,2014-04-30,2021-09-02,-2712000000.0,202517000000.0,204528250000.0,59687000000.0,142830000000.0,2.333,22.607,-11564000000.0,6012000000.0,6012000000.0,358792000000.0,16476000000.0,0.879,1.701,55316000000.0,7083000000.0,48233000000.0,55316000000.0,0.0,8933000000.0,0.0,0.024,1.89,26228000000.0,35161000000.0,0.074,35161000000.0,26228000000.0,23874000000.0,4.88,4.85,4.88,73088000000.0,73599250000.0,73088000000.0,306757571214.0,12.0,8.724,12738000000.0,3.94,1.0,118392000000.0,0.248,19515000000.0,2354000000.0,164385000000.0,163384250000.0,45315000000.0,0.0,0.0,0.0,124318000000.0,67921000000.0,56397000000.0,257397571214.0,-2843000000.0,0.0,-5063000000.0,-1507000000.0,-6137000000.0,-15211000000.0,-11665000000.0,0.0,24302000000.0,-269000000.0,15831000000.0,15831000000.0,15831000000.0,-146000000.0,645000000.0,0.033,91765000000.0,26627000000.0,36347000000.0,0.387,3.522,16.259,16.334,117643000000.0,0.0,79.71,0.539,0.54,6096000000.0,73366000000.0,477184000000.0,477184000000.0,0.0,0.077,0.215,0.161,0.055,0.0,91765000000.0,1.0,3229175401.0,3233000000.0,3248000000.0,147.598,183002000000.0,0.0,8043000000.0,10130000000.0,56.604,-8234000000.0
30,WMT,MRT,2013-12-31,2014-01-31,2014-01-31,2021-09-02,-2996000000.0,204751000000.0,204445750000.0,61185000000.0,143566000000.0,2.33,23.327,-12388000000.0,7281000000.0,7281000000.0,358069000000.0,16695000000.0,0.882,1.618,56641000000.0,12082000000.0,44559000000.0,56641000000.0,0.0,8870000000.0,0.0,0.025,1.88,26462000000.0,35332000000.0,0.074,35332000000.0,26462000000.0,24127000000.0,4.9,4.88,4.9,76255000000.0,72889500000.0,76255000000.0,294733485072.0,11.0,8.342,10869000000.0,3.325,1.0,118225000000.0,0.248,19510000000.0,2335000000.0,165256000000.0,161570500000.0,44858000000.0,0.0,0.0,0.0,123412000000.0,69345000000.0,54067000000.0,241647485072.0,-500000000.0,0.0,-6683000000.0,3015000000.0,-6139000000.0,-10789000000.0,-12526000000.0,0.0,23257000000.0,-442000000.0,16022000000.0,16022000000.0,16022000000.0,-144000000.0,673000000.0,0.034,91353000000.0,26872000000.0,37415000000.0,0.384,3.169,15.082,15.241,117907000000.0,0.0,74.68,0.507,0.513,6677000000.0,76566000000.0,476294000000.0,476294000000.0,0.0,0.078,0.22,0.164,0.056,0.0,91353000000.0,1.0,3235772430.0,3269000000.0,3283000000.0,145.7,185241000000.0,0.0,8105000000.0,8983000000.0,56.666,-8160000000.0
31,WMT,MRT,2013-09-30,2013-10-31,2013-10-31,2021-09-02,-2183000000.0,209876000000.0,204034250000.0,67142000000.0,142734000000.0,2.325,22.534,-12773000000.0,8736000000.0,8736000000.0,356169000000.0,17921000000.0,0.872,1.79,61822000000.0,17279000000.0,44543000000.0,61822000000.0,0.0,8774000000.0,0.0,0.024,1.807,27579000000.0,36353000000.0,0.077,36353000000.0,27579000000.0,25293000000.0,5.22,5.19,5.22,73393000000.0,72911500000.0,73393000000.0,297191078164.0,11.0,8.175,10231000000.0,3.141,1.0,118195000000.0,0.249,19729000000.0,2286000000.0,166212000000.0,159542750000.0,49673000000.0,0.0,0.0,0.0,131354000000.0,77021000000.0,54333000000.0,248982078164.0,93000000.0,716000000.0,-8749000000.0,5383000000.0,-5952000000.0,-10288000000.0,-12426000000.0,0.0,23004000000.0,-197000000.0,17197000000.0,17197000000.0,17197000000.0,-51000000.0,724000000.0,0.036,90090000000.0,28105000000.0,39221000000.0,0.346,3.392,14.478,14.703,117227000000.0,0.0,76.75,0.525,0.527,6206000000.0,72888000000.0,474364000000.0,474364000000.0,0.0,0.084,0.236,0.173,0.058,0.0,90090000000.0,1.0,3244066165.0,3257000000.0,3271000000.0,145.644,190147000000.0,0.0,8096000000.0,8553000000.0,58.381,-9879000000.0
32,WMT,MRT,2013-06-30,2013-07-31,2013-07-31,2021-09-02,-2889000000.0,200969000000.0,203019750000.0,60002000000.0,140967000000.0,2.327,21.861,-12956000000.0,9016000000.0,9016000000.0,354952000000.0,17861000000.0,0.831,1.734,57225000000.0,13640000000.0,43585000000.0,57225000000.0,0.0,8647000000.0,0.0,0.022,1.735,27352000000.0,35999000000.0,0.076,35999000000.0,27352000000.0,25068000000.0,5.15,5.13,5.15,71661000000.0,73036000000.0,71661000000.0,303613259237.0,11.0,8.434,12291000000.0,3.75,1.0,117524000000.0,0.249,19280000000.0,2284000000.0,157684000000.0,157293500000.0,42793000000.0,0.0,0.0,0.0,124283000000.0,72214000000.0,52069000000.0,255384259237.0,1081000000.0,0.0,-8267000000.0,3674000000.0,-5755000000.0,-11044000000.0,-12976000000.0,0.0,25247000000.0,-146000000.0,17094000000.0,17094000000.0,17094000000.0,-52000000.0,767000000.0,0.036,89636000000.0,27888000000.0,36701000000.0,0.337,3.564,14.94,15.134,115994000000.0,0.0,77.94,0.541,0.541,5996000000.0,70791000000.0,472476000000.0,472476000000.0,0.0,0.084,0.234,0.174,0.058,0.0,89636000000.0,1.0,3276677691.0,3278000000.0,3291000000.0,144.135,181689000000.0,0.0,7974000000.0,8105000000.0,55.427,-12212000000.0
33,WMT,MRT,2013-03-31,2013-04-30,2013-04-30,2021-09-02,-1968000000.0,202187000000.0,201692750000.0,60176000000.0,142011000000.0,2.33,21.281,-12974000000.0,8855000000.0,8855000000.0,353175000000.0,17807000000.0,0.818,1.799,57084000000.0,12533000000.0,44551000000.0,57084000000.0,0.0,8559000000.0,0.0,0.021,1.662,27277000000.0,35836000000.0,0.076,35836000000.0,27277000000.0,25027000000.0,5.09,5.07,5.09,70249000000.0,72690250000.0,70249000000.0,302243698406.0,11.0,8.434,12077000000.0,3.659,1.0,116753000000.0,0.248,19734000000.0,2250000000.0,157130000000.0,156360750000.0,43138000000.0,0.0,0.0,0.0,126346000000.0,73552000000.0,52794000000.0,255888698406.0,738000000.0,0.0,-8257000000.0,3602000000.0,-5558000000.0,-10894000000.0,-13183000000.0,0.0,25051000000.0,-236000000.0,17041000000.0,17041000000.0,17041000000.0,-42000000.0,766000000.0,0.036,88944000000.0,27809000000.0,36770000000.0,0.327,3.643,15.016,15.269,116431000000.0,0.0,77.72,0.545,0.546,6191000000.0,68489000000.0,469928000000.0,469928000000.0,0.0,0.084,0.234,0.174,0.058,0.0,88944000000.0,1.0,3292443366.0,3301000000.0,3318000000.0,142.359,182453000000.0,0.0,7986000000.0,10012000000.0,55.272,-13376000000.0
34,WMT,MRT,2012-12-31,2013-01-31,2013-01-31,2021-09-02,-587000000.0,203105000000.0,200421000000.0,59940000000.0,143165000000.0,2.338,22.627,-12366000000.0,7781000000.0,7781000000.0,352297000000.0,17756000000.0,0.835,1.59,54136000000.0,12719000000.0,41417000000.0,54136000000.0,0.0,8478000000.0,0.0,0.023,1.59,27206000000.0,35684000000.0,0.076,35684000000.0,27206000000.0,24957000000.0,5.04,5.02,5.04,76343000000.0,72369000000.0,76343000000.0,282813387258.0,10.0,7.925,13225000000.0,3.92,1.0,116354000000.0,0.248,20497000000.0,2249000000.0,157145000000.0,155485250000.0,43803000000.0,0.0,0.0,0.0,121367000000.0,71818000000.0,49549000000.0,233999387258.0,1231000000.0,0.0,-7600000000.0,1487000000.0,-5361000000.0,-11946000000.0,-12637000000.0,0.0,25591000000.0,223000000.0,16999000000.0,16999000000.0,16999000000.0,-52000000.0,757000000.0,0.036,88629000000.0,27725000000.0,38080000000.0,0.315,3.065,13.765,13.879,116681000000.0,0.0,69.95,0.499,0.504,6768000000.0,72978000000.0,468651000000.0,468651000000.0,0.0,0.085,0.235,0.175,0.058,0.0,88629000000.0,1.0,3345237845.0,3374000000.0,3389000000.0,138.901,182608000000.0,0.0,7958000000.0,9824000000.0,54.122,-11878000000.0
35,WMT,MRT,2012-09-30,2012-10-31,2012-10-31,2021-09-02,-562000000.0,205818000000.0,197996250000.0,63431000000.0,142387000000.0,2.343,21.965,-12319000000.0,8643000000.0,8643000000.0,348746000000.0,17287000000.0,0.825,1.722,57457000000.0,15621000000.0,41836000000.0,57457000000.0,0.0,8343000000.0,0.0,0.021,1.558,26974000000.0,35317000000.0,0.076,35317000000.0,26974000000.0,24698000000.0,4.88,4.85,4.88,73891000000.0,71112000000.0,73891000000.0,298863551911.0,11.0,8.462,14929000000.0,4.438,1.0,115074000000.0,0.248,20572000000.0,2276000000.0,157215000000.0,155532000000.0,47487000000.0,0.0,0.0,0.0,127217000000.0,76845000000.0,50372000000.0,252175551911.0,1580000000.0,-727000000.0,-5998000000.0,-1556000000.0,-5282000000.0,-12868000000.0,-13147000000.0,0.0,27248000000.0,347000000.0,16556000000.0,16556000000.0,16556000000.0,-31000000.0,731000000.0,0.036,87562000000.0,27512000000.0,40272000000.0,0.319,3.413,15.232,15.373,115253000000.0,0.0,75.02,0.544,0.544,5567000000.0,70256000000.0,463820000000.0,463820000000.0,0.0,0.084,0.233,0.173,0.058,0.0,87562000000.0,1.0,3361444307.0,3364000000.0,3379000000.0,137.878,185246000000.0,0.0,8142000000.0,9054000000.0,55.067,-13414000000.0
36,WMT,MRT,2012-06-30,2012-07-31,2012-07-31,2021-09-02,-1531000000.0,195661000000.0,195352750000.0,56259000000.0,139402000000.0,2.356,20.768,-12735000000.0,7935000000.0,7935000000.0,345867000000.0,16955000000.0,0.824,1.721,54623000000.0,10446000000.0,44177000000.0,54623000000.0,0.0,8312000000.0,0.0,0.02,1.525,26789000000.0,35101000000.0,0.076,35101000000.0,26789000000.0,24503000000.0,4.77,4.73,4.77,70278000000.0,69430000000.0,70278000000.0,298345949038.0,11.0,8.5,13407000000.0,3.962,1.0,114379000000.0,0.249,20081000000.0,2286000000.0,153953000000.0,156094250000.0,40558000000.0,0.0,0.0,0.0,120960000000.0,68315000000.0,52645000000.0,251836949038.0,-167000000.0,-47000000.0,-6187000000.0,-1283000000.0,-5205000000.0,-13030000000.0,-13415000000.0,0.0,26142000000.0,136000000.0,16257000000.0,16257000000.0,16257000000.0,-7000000.0,698000000.0,0.035,87082000000.0,27297000000.0,36067000000.0,0.32,3.583,15.491,15.604,113647000000.0,0.0,74.43,0.547,0.547,5365000000.0,67732000000.0,460246000000.0,460246000000.0,0.0,0.083,0.234,0.172,0.058,0.0,87082000000.0,1.0,3383540898.0,3384000000.0,3398000000.0,136.007,175580000000.0,0.0,8246000000.0,9336000000.0,51.885,-12056000000.0
37,WMT,MRT,2012-03-31,2012-04-30,2012-04-30,2021-09-02,-463000000.0,197100000000.0,194905500000.0,57276000000.0,139824000000.0,2.336,20.23,-12960000000.0,8117000000.0,8117000000.0,341994000000.0,16731000000.0,0.83,1.786,54626000000.0,8630000000.0,45996000000.0,54626000000.0,0.0,8227000000.0,0.0,0.025,1.492,26455000000.0,34682000000.0,0.076,34682000000.0,26455000000.0,24124000000.0,4.67,4.64,4.67,68964000000.0,68845750000.0,68964000000.0,247438361150.0,9.0,7.134,14755000000.0,4.328,1.0,113336000000.0,0.249,21003000000.0,2331000000.0,153628000000.0,156725000000.0,41284000000.0,0.0,0.0,0.0,123165000000.0,68978000000.0,54187000000.0,200561361150.0,-1283000000.0,-3548000000.0,-5758000000.0,-584000000.0,-5126000000.0,-11931000000.0,-17176000000.0,0.0,27715000000.0,109000000.0,16042000000.0,16042000000.0,16042000000.0,-7000000.0,689000000.0,0.035,86354000000.0,26982000000.0,37068000000.0,0.319,2.908,12.502,12.615,113472000000.0,0.0,58.91,0.44,0.441,5574000000.0,65463000000.0,455330000000.0,455330000000.0,0.0,0.082,0.233,0.169,0.058,0.0,86354000000.0,1.0,3404538468.0,3409000000.0,3425000000.0,133.567,176097000000.0,0.0,8082000000.0,10295000000.0,51.656,-11702000000.0
38,WMT,MRT,2011-12-31,2012-01-31,2012-01-31,2021-09-02,-1410000000.0,193406000000.0,192186750000.0,54975000000.0,138431000000.0,2.323,20.611,-12930000000.0,6550000000.0,6550000000.0,334993000000.0,16387000000.0,0.882,1.65,53427000000.0,6348000000.0,47079000000.0,53427000000.0,0.0,8106000000.0,0.0,0.024,1.46,25943000000.0,34049000000.0,0.076,34049000000.0,25943000000.0,23623000000.0,4.54,4.52,4.54,71315000000.0,67856250000.0,71315000000.0,262312430378.0,10.0,7.704,11325000000.0,3.273,1.0,111516000000.0,0.25,20651000000.0,2320000000.0,157332000000.0,156664250000.0,40714000000.0,0.0,0.0,0.0,117645000000.0,62300000000.0,55345000000.0,210139430378.0,-845000000.0,-3548000000.0,-6298000000.0,3485000000.0,-5048000000.0,-8458000000.0,-16609000000.0,0.0,24255000000.0,-33000000.0,15699000000.0,15699000000.0,15699000000.0,21000000.0,688000000.0,0.035,85025000000.0,26491000000.0,36608000000.0,0.322,2.947,13.386,13.515,112324000000.0,0.0,61.36,0.471,0.475,5937000000.0,68691000000.0,446509000000.0,446509000000.0,0.0,0.082,0.231,0.166,0.058,0.0,85025000000.0,1.0,3424697366.0,3460000000.0,3474000000.0,129.049,172755000000.0,0.0,7924000000.0,9026000000.0,49.929,-7325000000.0
39,WMT,MRT,2011-09-30,2011-10-31,2011-10-31,2021-09-02,-1375000000.0,195244000000.0,189030750000.0,59476000000.0,135768000000.0,2.328,19.496,-12322000000.0,7063000000.0,7063000000.0,329609000000.0,17192000000.0,0.881,1.844,59236000000.0,11385000000.0,47851000000.0,59236000000.0,0.0,8073000000.0,0.0,0.025,1.397,26730000000.0,34803000000.0,0.079,34803000000.0,26730000000.0,24396000000.0,4.71,4.7,4.71,67163000000.0,67163000000.0,67163000000.0,244469239296.0,9.0,7.024,11970000000.0,3.475,1.0,110532000000.0,0.251,20409000000.0,2334000000.0,159464000000.0,154302500000.0,44340000000.0,0.0,0.0,0.0,123853000000.0,67544000000.0,56309000000.0,195493239296.0,-3553000000.0,-3607000000.0,-8761000000.0,2494000000.0,-4876000000.0,-11982000000.0,-15718000000.0,0.0,24292000000.0,-145000000.0,16592000000.0,16592000000.0,16592000000.0,-998000000.0,600000000.0,0.038,84371000000.0,26161000000.0,37555000000.0,0.297,2.911,11.782,12.042,110392000000.0,0.0,56.72,0.444,0.444,4757000000.0,64769000000.0,440141000000.0,440141000000.0,0.0,0.088,0.247,0.173,0.061,0.0,84371000000.0,1.0,3446636800.0,3445000000.0,3458000000.0,127.762,174835000000.0,0.0,7804000000.0,8467000000.0,50.75,-8068000000.0
40,WMT,MRT,2011-06-30,2011-07-31,2011-07-31,2021-09-02,1286000000.0,193872000000.0,186942250000.0,55630000000.0,138242000000.0,2.31,19.568,-12341000000.0,8102000000.0,8102000000.0,322837000000.0,17289000000.0,0.858,1.781,57078000000.0,8626000000.0,48452000000.0,57078000000.0,0.0,7920000000.0,0.0,0.025,1.335,26462000000.0,34382000000.0,0.08,34382000000.0,26462000000.0,24159000000.0,4.69,4.69,4.69,67941000000.0,66753500000.0,67941000000.0,229304662216.0,9.0,6.669,10991000000.0,3.166,1.0,109030000000.0,0.252,21532000000.0,2303000000.0,156476000000.0,151455250000.0,38867000000.0,0.0,0.0,0.0,121024000000.0,64840000000.0,56184000000.0,183038662216.0,-2093000000.0,-3595000000.0,-11204000000.0,6295000000.0,-4718000000.0,-10189000000.0,-15504000000.0,0.0,23332000000.0,268000000.0,16692000000.0,16692000000.0,16692000000.0,-1006000000.0,597000000.0,0.039,83136000000.0,25894000000.0,34917000000.0,0.285,2.694,10.966,11.239,111590000000.0,0.0,52.71,0.424,0.424,5265000000.0,62779000000.0,431867000000.0,431867000000.0,0.0,0.089,0.25,0.175,0.061,0.0,83136000000.0,1.0,3472560467.0,3472000000.0,3485000000.0,124.386,172340000000.0,0.0,7467000000.0,8202000000.0,49.637,-9210000000.0
41,WMT,MRT,2011-03-31,2011-04-30,2011-04-30,2021-09-02,878000000.0,186225000000.0,182710250000.0,56118000000.0,130107000000.0,2.333,18.589,-12065000000.0,9400000000.0,9400000000.0,318505000000.0,17099000000.0,0.902,1.819,55666000000.0,6969000000.0,48697000000.0,55666000000.0,0.0,7762000000.0,0.0,0.023,1.272,26289000000.0,34051000000.0,0.08,34051000000.0,26289000000.0,24044000000.0,4.57,4.57,4.57,65006000000.0,65929750000.0,65006000000.0,234415094630.0,9.0,6.884,12579000000.0,3.597,1.0,107722000000.0,0.253,16895000000.0,2245000000.0,153385000000.0,145919750000.0,38495000000.0,0.0,0.0,0.0,118233000000.0,62211000000.0,56022000000.0,191946094630.0,884000000.0,-202000000.0,-13938000000.0,6878000000.0,-4575000000.0,-12198000000.0,-11826000000.0,0.0,24644000000.0,264000000.0,16487000000.0,16487000000.0,16487000000.0,-1006000000.0,612000000.0,0.039,82021000000.0,25701000000.0,34481000000.0,0.278,2.953,11.642,12.031,109144000000.0,0.0,54.98,0.45,0.451,4785000000.0,60330000000.0,426227000000.0,426227000000.0,0.0,0.09,0.25,0.18,0.062,0.0,82021000000.0,1.0,3491198520.0,3497000000.0,3513000000.0,121.884,169330000000.0,0.0,7557000000.0,7829000000.0,48.422,-6093000000.0
42,WMT,MRT,2010-12-31,2011-01-31,2011-01-31,2021-09-02,646000000.0,180782000000.0,179664750000.0,52012000000.0,128770000000.0,2.348,18.748,-12210000000.0,7395000000.0,7395000000.0,314946000000.0,16993000000.0,0.888,1.598,49864000000.0,6022000000.0,43842000000.0,49864000000.0,0.0,7641000000.0,0.0,0.022,1.21,26173000000.0,33814000000.0,0.08,33814000000.0,26173000000.0,23968000000.0,4.48,4.47,4.48,68542000000.0,66184000000.0,68542000000.0,245899020065.0,9.0,7.272,11433000000.0,3.127,1.0,106903000000.0,0.253,16763000000.0,2205000000.0,147885000000.0,140607250000.0,36437000000.0,0.0,0.0,0.0,109535000000.0,58603000000.0,50932000000.0,199721020065.0,-512000000.0,-202000000.0,-14776000000.0,7819000000.0,-4437000000.0,-12028000000.0,-12193000000.0,0.0,23643000000.0,66000000.0,16389000000.0,16389000000.0,16389000000.0,-1034000000.0,604000000.0,0.039,81361000000.0,25542000000.0,33676000000.0,0.27,2.914,12.186,12.516,107878000000.0,0.0,56.07,0.473,0.486,5089000000.0,63967000000.0,421849000000.0,421849000000.0,0.0,0.091,0.248,0.186,0.062,0.0,81361000000.0,1.0,3561994294.0,3656000000.0,3670000000.0,115.385,164019000000.0,0.0,7579000000.0,6839000000.0,44.863,-6591000000.0
43,WMT,MRT,2010-09-30,2010-10-31,2010-10-31,2021-09-02,105000000.0,186890000000.0,177071000000.0,59568000000.0,127322000000.0,2.367,18.116,-11374000000.0,10616000000.0,10616000000.0,312615000000.0,15714000000.0,0.871,1.814,56794000000.0,12895000000.0,43899000000.0,56794000000.0,0.0,7537000000.0,0.0,0.022,1.18,24530000000.0,32067000000.0,0.077,32067000000.0,24530000000.0,22375000000.0,4.05,4.03,4.05,65525000000.0,66665500000.0,65525000000.0,236029761391.0,10.0,7.361,14700000000.0,4.064,1.0,106496000000.0,0.254,16586000000.0,2155000000.0,148075000000.0,136673750000.0,41059000000.0,0.0,0.0,0.0,118870000000.0,68407000000.0,50463000000.0,196991761391.0,4613000000.0,-132000000.0,-13143000000.0,8619000000.0,-4399000000.0,-9595000000.0,-12248000000.0,0.0,26074000000.0,382000000.0,15091000000.0,15091000000.0,15091000000.0,57000000.0,623000000.0,0.036,81500000000.0,24996000000.0,36208000000.0,0.291,3.006,13.054,13.375,106542000000.0,0.0,54.17,0.47,0.467,4374000000.0,61451000000.0,419111000000.0,419111000000.0,0.0,0.085,0.226,0.179,0.059,0.0,81500000000.0,1.0,3636547192.0,3617000000.0,3631000000.0,115.873,170304000000.0,0.0,7284000000.0,6715000000.0,47.084,-8839000000.0
44,WMT,MRT,2010-06-30,2010-07-31,2010-07-31,2021-09-02,-1099000000.0,176944000000.0,173474000000.0,53045000000.0,123899000000.0,2.401,17.491,-10866000000.0,10195000000.0,10195000000.0,310711000000.0,15382000000.0,0.808,1.702,49233000000.0,10531000000.0,38702000000.0,49233000000.0,0.0,7448000000.0,0.0,0.022,1.15,24376000000.0,31824000000.0,0.076,31824000000.0,24376000000.0,22280000000.0,3.92,3.89,3.92,64646000000.0,67104250000.0,64646000000.0,228337910349.0,9.0,7.175,15507000000.0,4.196,1.0,105821000000.0,0.254,15993000000.0,2096000000.0,134334000000.0,134288750000.0,34793000000.0,0.0,0.0,0.0,110048000000.0,65655000000.0,44393000000.0,189896910349.0,2198000000.0,-108000000.0,-11596000000.0,3841000000.0,-4348000000.0,-12802000000.0,-11453000000.0,0.0,26373000000.0,80000000.0,14799000000.0,14799000000.0,14799000000.0,64000000.0,583000000.0,0.036,80994000000.0,24827000000.0,33953000000.0,0.293,2.937,12.832,13.059,103814000000.0,0.0,51.19,0.456,0.454,4531000000.0,61746000000.0,416532000000.0,416532000000.0,0.0,0.085,0.221,0.182,0.059,0.0,80994000000.0,1.0,3709648571.0,3696000000.0,3707000000.0,112.698,160951000000.0,0.0,7481000000.0,6625000000.0,43.547,-12610000000.0
45,WMT,MRT,2010-03-31,2010-04-30,2010-04-30,2021-09-02,-216000000.0,174043000000.0,171390250000.0,51346000000.0,122697000000.0,2.414,17.536,-11147000000.0,8516000000.0,8516000000.0,308329000000.0,15214000000.0,0.796,1.602,46957000000.0,11177000000.0,35780000000.0,46957000000.0,0.0,7321000000.0,0.0,0.021,1.12,24137000000.0,31458000000.0,0.076,31458000000.0,24137000000.0,22068000000.0,3.84,3.81,3.84,66023000000.0,67616500000.0,66023000000.0,235046163051.0,10.0,7.472,12504000000.0,3.321,1.0,105353000000.0,0.255,15859000000.0,2069000000.0,132135000000.0,133837500000.0,35021000000.0,0.0,0.0,0.0,105747000000.0,64490000000.0,41257000000.0,201633163051.0,1938000000.0,0.0,-9357000000.0,3243000000.0,-4286000000.0,-10852000000.0,-11173000000.0,0.0,23651000000.0,312000000.0,14675000000.0,14675000000.0,14675000000.0,71000000.0,539000000.0,0.035,80787000000.0,24566000000.0,31372000000.0,0.292,3.054,13.74,13.969,102928000000.0,0.0,53.64,0.487,0.488,4235000000.0,62180000000.0,413682000000.0,413682000000.0,0.0,0.086,0.217,0.18,0.058,0.0,80787000000.0,1.0,3759007514.0,3765000000.0,3781000000.0,109.876,158184000000.0,0.0,7393000000.0,7856000000.0,42.014,-13144000000.0
46,WMT,MRT,2009-12-31,2010-01-31,2010-01-31,2021-09-02,-70000000.0,170407000000.0,168402000000.0,48032000000.0,122375000000.0,2.423,18.228,-11182000000.0,7907000000.0,7907000000.0,304106000000.0,14883000000.0,0.865,1.387,41320000000.0,4919000000.0,36401000000.0,41320000000.0,0.0,7157000000.0,0.0,0.02,1.09,23591000000.0,30748000000.0,0.075,30748000000.0,23591000000.0,21526000000.0,3.72,3.71,3.72,70468000000.0,66668500000.0,70468000000.0,244927488197.0,10.0,7.966,15067000000.0,3.897,1.0,103979000000.0,0.255,16126000000.0,2065000000.0,132151000000.0,132654250000.0,32713000000.0,0.0,0.0,0.0,97759000000.0,55543000000.0,42216000000.0,203577488197.0,632000000.0,0.0,-7276000000.0,-1866000000.0,-4217000000.0,-14191000000.0,-11620000000.0,0.0,26249000000.0,194000000.0,14370000000.0,14370000000.0,14370000000.0,79000000.0,513000000.0,0.035,79977000000.0,24002000000.0,30451000000.0,0.293,2.889,14.167,14.363,102307000000.0,0.0,53.43,0.499,0.506,4144000000.0,66357000000.0,408085000000.0,408085000000.0,0.0,0.085,0.216,0.178,0.058,0.0,79977000000.0,1.0,3810171967.0,3866000000.0,3877000000.0,105.557,154281000000.0,0.0,7156000000.0,6855000000.0,39.907,-7511000000.0
47,WMT,MRT,2009-09-30,2009-10-31,2009-10-31,2021-09-02,-551000000.0,172502000000.0,166657500000.0,51516000000.0,120986000000.0,2.419,17.471,-12275000000.0,6003000000.0,6003000000.0,301189000000.0,13883000000.0,0.871,1.535,47353000000.0,9752000000.0,37601000000.0,47353000000.0,0.0,6940000000.0,0.0,0.021,1.055,22636000000.0,29576000000.0,0.073,29576000000.0,22636000000.0,20533000000.0,3.44,3.43,3.44,67280000000.0,65372750000.0,67280000000.0,228852145339.0,10.0,7.738,12886000000.0,3.346,1.0,101929000000.0,0.253,16162000000.0,2103000000.0,138535000000.0,131547000000.0,38129000000.0,0.0,0.0,0.0,103268000000.0,59155000000.0,44113000000.0,191607145339.0,83000000.0,-1502000000.0,-5105000000.0,-2230000000.0,-4111000000.0,-11797000000.0,-12606000000.0,0.0,25161000000.0,-675000000.0,13411000000.0,13411000000.0,13411000000.0,22000000.0,472000000.0,0.033,78995000000.0,22934000000.0,30920000000.0,0.307,2.848,14.287,14.442,101221000000.0,0.0,49.68,0.475,0.475,3776000000.0,63697000000.0,403118000000.0,403118000000.0,0.0,0.08,0.205,0.172,0.056,0.0,78995000000.0,1.0,3856826597.0,3851000000.0,3861000000.0,104.679,156340000000.0,0.0,7122000000.0,6988000000.0,40.597,-7639000000.0
48,WMT,MRT,2009-06-30,2009-07-31,2009-07-31,2021-09-02,-318000000.0,168609000000.0,165492750000.0,48692000000.0,119917000000.0,2.43,17.141,-11947000000.0,7997000000.0,7997000000.0,300895000000.0,13876000000.0,0.852,1.501,45242000000.0,8417000000.0,36825000000.0,45242000000.0,0.0,6830000000.0,0.0,0.02,1.02,22645000000.0,29475000000.0,0.073,29475000000.0,22645000000.0,20515000000.0,3.42,3.42,3.42,66695000000.0,64937500000.0,66695000000.0,230956293170.0,10.0,7.836,10931000000.0,2.809,1.0,101195000000.0,0.252,16149000000.0,2130000000.0,132529000000.0,130151500000.0,33365000000.0,0.0,0.0,0.0,100100000000.0,57176000000.0,42924000000.0,194363293170.0,1056000000.0,-664000000.0,-4129000000.0,-659000000.0,-3997000000.0,-8972000000.0,-11963000000.0,0.0,22878000000.0,-887000000.0,13405000000.0,13405000000.0,13405000000.0,-90000000.0,471000000.0,0.033,78411000000.0,22784000000.0,28797000000.0,0.298,2.914,14.499,14.585,100187000000.0,0.0,49.88,0.483,0.483,3684000000.0,62840000000.0,402090000000.0,402090000000.0,0.0,0.081,0.206,0.174,0.056,0.0,78411000000.0,1.0,3896617746.0,3891000000.0,3900000000.0,103.338,152460000000.0,0.0,7110000000.0,6915000000.0,39.183,-8484000000.0
49,WMT,MRT,2009-03-31,2009-04-30,2009-04-30,2021-09-02,-3373000000.0,162090000000.0,165064250000.0,47746000000.0,114344000000.0,2.445,15.875,-10939000000.0,6578000000.0,6578000000.0,302957000000.0,13876000000.0,0.847,1.578,43171000000.0,7506000000.0,35665000000.0,43171000000.0,0.0,6811000000.0,0.0,0.02,0.985,22590000000.0,29401000000.0,0.073,29401000000.0,22590000000.0,20448000000.0,3.4,3.4,3.4,62231000000.0,64962000000.0,62231000000.0,232264991098.0,10.0,7.9,12000000000.0,3.061,1.0,100599000000.0,0.249,14882000000.0,2142000000.0,127402000000.0,130325750000.0,34391000000.0,0.0,0.0,0.0,98176000000.0,56399000000.0,41777000000.0,197321991098.0,-1494000000.0,-738000000.0,-3032000000.0,-4846000000.0,-3873000000.0,-12212000000.0,-11192000000.0,0.0,22939000000.0,-1029000000.0,13382000000.0,13382000000.0,13382000000.0,-145000000.0,494000000.0,0.033,77931000000.0,22668000000.0,28541000000.0,0.29,3.171,14.745,14.824,96104000000.0,0.0,50.4,0.489,0.49,3356000000.0,61556000000.0,403556000000.0,403556000000.0,0.0,0.081,0.206,0.173,0.056,0.0,77931000000.0,1.0,3915118871.0,3920000000.0,3930000000.0,102.948,147208000000.0,0.0,7066000000.0,7645000000.0,37.553,-8653000000.0
50,WMT,MRT,2008-12-31,2009-01-31,2009-01-31,2021-09-02,-2688000000.0,163429000000.0,166412500000.0,48949000000.0,114480000000.0,2.429,16.574,-10785000000.0,7275000000.0,7275000000.0,303941000000.0,13880000000.0,0.884,1.476,42218000000.0,7669000000.0,34549000000.0,42218000000.0,0.0,6739000000.0,0.0,0.02,0.95,22698000000.0,29437000000.0,0.073,29437000000.0,22698000000.0,20514000000.0,3.4,3.39,3.4,65285000000.0,65211750000.0,65285000000.0,225980666119.0,10.0,7.677,12362000000.0,3.138,1.0,100313000000.0,0.248,15260000000.0,2184000000.0,127722000000.0,130964250000.0,34511000000.0,0.0,0.0,0.0,96350000000.0,55390000000.0,40960000000.0,184830666119.0,1706000000.0,-738000000.0,-3521000000.0,-2918000000.0,-3746000000.0,-9918000000.0,-10742000000.0,0.0,23147000000.0,-781000000.0,13381000000.0,13381000000.0,13381000000.0,-146000000.0,499000000.0,0.033,77546000000.0,22767000000.0,28849000000.0,0.279,2.831,13.813,13.859,95653000000.0,0.0,47.12,0.457,0.459,3905000000.0,63660000000.0,404254000000.0,404254000000.0,0.0,0.08,0.205,0.173,0.056,0.0,77546000000.0,1.0,3922552337.0,3939000000.0,3951000000.0,102.629,148169000000.0,0.0,7133000000.0,6691000000.0,37.616,-6441000000.0
51,WMT,MRT,2008-09-30,2008-10-31,2008-10-31,2021-09-02,1511000000.0,167843000000.0,166433750000.0,53093000000.0,114750000000.0,2.412,16.672,-10957000000.0,5920000000.0,5920000000.0,301175000000.0,14476000000.0,0.876,1.53,47070000000.0,12999000000.0,34071000000.0,47070000000.0,0.0,6715000000.0,0.0,0.017,0.932,23243000000.0,29958000000.0,0.075,29958000000.0,23243000000.0,21016000000.0,3.45,3.45,3.45,65539000000.0,65042500000.0,65539000000.0,257211221656.0,11.0,8.586,10488000000.0,2.668,1.0,100342000000.0,0.25,15416000000.0,2227000000.0,132953000000.0,131117750000.0,40416000000.0,0.0,0.0,0.0,100270000000.0,60624000000.0,39646000000.0,219555221656.0,373000000.0,-113000000.0,-5933000000.0,153000000.0,-3693000000.0,-9591000000.0,-11244000000.0,0.0,21445000000.0,-237000000.0,13705000000.0,13705000000.0,13705000000.0,-132000000.0,771000000.0,0.034,77044000000.0,23298000000.0,30782000000.0,0.27,3.35,16.02,16.177,96545000000.0,0.0,55.81,0.547,0.546,3250000000.0,59809000000.0,401517000000.0,401517000000.0,0.0,0.082,0.211,0.177,0.058,0.0,77044000000.0,1.0,3933976378.0,3931000000.0,3944000000.0,102.141,152427000000.0,0.0,7311000000.0,5930000000.0,38.776,-7531000000.0
52,WMT,MRT,2008-06-30,2008-07-31,2008-07-31,2021-09-02,4924000000.0,166895000000.0,165887750000.0,49774000000.0,117121000000.0,2.381,16.931,-11910000000.0,6903000000.0,6903000000.0,296805000000.0,14082000000.0,0.906,1.468,44563000000.0,6851000000.0,37712000000.0,44563000000.0,0.0,6623000000.0,0.0,0.016,0.915,22828000000.0,29451000000.0,0.075,29451000000.0,22828000000.0,20601000000.0,3.36,3.35,3.36,66793000000.0,64428250000.0,66793000000.0,271180987216.0,12.0,9.208,12698000000.0,3.219,1.0,98232000000.0,0.249,16400000000.0,2227000000.0,133226000000.0,130814000000.0,35365000000.0,0.0,0.0,0.0,98027000000.0,54929000000.0,43098000000.0,231180987216.0,847000000.0,-1202000000.0,-7391000000.0,555000000.0,-3653000000.0,-10942000000.0,-13017000000.0,0.0,24608000000.0,198000000.0,13424000000.0,13424000000.0,13424000000.0,-38000000.0,658000000.0,0.034,75265000000.0,22967000000.0,29912000000.0,0.272,3.461,17.221,17.446,98049000000.0,0.0,58.62,0.585,0.585,3221000000.0,57883000000.0,395037000000.0,395037000000.0,0.0,0.081,0.208,0.175,0.058,0.0,75265000000.0,1.0,3943722061.0,3945000000.0,3958000000.0,100.136,150495000000.0,0.0,7177000000.0,5941000000.0,38.148,-5155000000.0
53,WMT,MRT,2008-03-31,2008-04-30,2008-04-30,2021-09-02,4345000000.0,167483000000.0,163401250000.0,50757000000.0,116726000000.0,2.36,15.979,-13314000000.0,8042000000.0,8042000000.0,290276000000.0,13455000000.0,0.83,1.619,48072000000.0,12109000000.0,35963000000.0,48072000000.0,0.0,6457000000.0,0.0,0.015,0.897,22142000000.0,28599000000.0,0.074,28599000000.0,22142000000.0,19954000000.0,3.21,3.2,3.21,63230000000.0,63301500000.0,63230000000.0,268381478145.0,12.0,9.384,9260000000.0,2.34,1.0,95418000000.0,0.247,16428000000.0,2188000000.0,129956000000.0,128510750000.0,35521000000.0,0.0,0.0,0.0,102376000000.0,61129000000.0,41247000000.0,229279478145.0,1115000000.0,-1129000000.0,-8123000000.0,4603000000.0,-3618000000.0,-7430000000.0,-14461000000.0,0.0,22574000000.0,432000000.0,12927000000.0,12927000000.0,12927000000.0,155000000.0,528000000.0,0.034,72981000000.0,22437000000.0,29027000000.0,0.279,3.626,17.736,18.062,97458000000.0,0.0,57.98,0.594,0.595,3249000000.0,55257000000.0,385694000000.0,385694000000.0,0.0,0.079,0.204,0.172,0.057,0.0,72981000000.0,1.0,3954458057.0,3957000000.0,3967000000.0,97.471,151055000000.0,0.0,7027000000.0,6983000000.0,38.174,-10372000000.0
54,WMT,MRT,2007-12-31,2008-01-31,2008-01-31,2021-09-02,3864000000.0,163514000000.0,160386000000.0,48020000000.0,115494000000.0,2.351,15.89,-13980000000.0,5492000000.0,5492000000.0,284137000000.0,13137000000.0,0.821,1.531,44671000000.0,11269000000.0,33402000000.0,44671000000.0,0.0,6317000000.0,0.0,0.017,0.88,21723000000.0,28040000000.0,0.074,28040000000.0,21723000000.0,19620000000.0,3.13,3.13,3.13,64608000000.0,62471750000.0,64608000000.0,245691017692.0,11.0,8.762,6662000000.0,1.638,1.0,92886000000.0,0.246,15879000000.0,2103000000.0,128336000000.0,126465250000.0,35159000000.0,0.0,0.0,0.0,98906000000.0,58478000000.0,40428000000.0,203204017692.0,-2198000000.0,-1595000000.0,-7691000000.0,4477000000.0,-3586000000.0,-7422000000.0,-15670000000.0,0.0,20642000000.0,252000000.0,12731000000.0,12731000000.0,12731000000.0,132000000.0,406000000.0,0.034,70934000000.0,21952000000.0,30344000000.0,0.281,3.145,15.961,16.211,96867000000.0,0.0,50.74,0.539,0.547,3642000000.0,57319000000.0,377023000000.0,377023000000.0,0.0,0.079,0.204,0.172,0.058,0.0,70934000000.0,1.0,4004809178.0,4066000000.0,4072000000.0,92.726,147635000000.0,0.0,6889000000.0,6087000000.0,36.31,-10458000000.0
55,WMT,MRT,2007-09-30,2007-10-31,2007-10-31,2021-09-02,4139000000.0,165659000000.0,157404250000.0,51506000000.0,114153000000.0,2.351,15.572,-14535000000.0,5518000000.0,5518000000.0,280543000000.0,12574000000.0,0.845,1.626,47437000000.0,13847000000.0,33590000000.0,47437000000.0,0.0,6102000000.0,0.0,0.018,0.828,21233000000.0,27335000000.0,0.074,27335000000.0,21233000000.0,19304000000.0,3.07,3.05,3.07,63082000000.0,61713000000.0,63082000000.0,220872520336.0,10.0,8.08,5258000000.0,1.298,1.0,89527000000.0,0.242,14898000000.0,1929000000.0,131738000000.0,123614000000.0,39535000000.0,0.0,0.0,0.0,102577000000.0,60942000000.0,41635000000.0,183924520336.0,-967000000.0,-718000000.0,-6997000000.0,5050000000.0,-3391000000.0,-6093000000.0,-14975000000.0,0.0,19793000000.0,308000000.0,12574000000.0,12574000000.0,12574000000.0,145000000.0,0.0,0.034,68001000000.0,21526000000.0,31376000000.0,0.27,2.916,14.627,14.726,95986000000.0,0.0,45.21,0.497,0.495,3062000000.0,55522000000.0,370070000000.0,370070000000.0,0.0,0.08,0.204,0.172,0.057,0.0,68001000000.0,1.0,4068226506.0,4051000000.0,4056000000.0,91.353,150761000000.0,0.0,6730000000.0,5590000000.0,37.216,-9436000000.0
56,WMT,MRT,2007-06-30,2007-07-31,2007-07-31,2021-09-02,3460000000.0,156949000000.0,153769250000.0,46387000000.0,110562000000.0,2.359,15.184,-15206000000.0,6073000000.0,6073000000.0,275057000000.0,12364000000.0,0.84,1.52,43042000000.0,11482000000.0,31560000000.0,43042000000.0,0.0,5877000000.0,0.0,0.017,0.775,20782000000.0,26659000000.0,0.074,26659000000.0,20782000000.0,18901000000.0,2.99,2.98,2.99,62286000000.0,60633250000.0,62286000000.0,224435335085.0,11.0,8.419,3967000000.0,0.967,1.0,87615000000.0,0.242,14655000000.0,1881000000.0,124013000000.0,119510750000.0,34184000000.0,0.0,0.0,0.0,94663000000.0,55250000000.0,39413000000.0,188798335085.0,-1129000000.0,143000000.0,-4202000000.0,2346000000.0,-3205000000.0,-5613000000.0,-14884000000.0,0.0,19173000000.0,195000000.0,12364000000.0,12364000000.0,12364000000.0,103000000.0,0.0,0.034,66585000000.0,21030000000.0,27748000000.0,0.259,3.031,15.27,15.368,92944000000.0,0.0,45.95,0.521,0.52,2767000000.0,55414000000.0,362672000000.0,362672000000.0,0.0,0.08,0.204,0.174,0.057,0.0,66585000000.0,1.0,4108777695.0,4102000000.0,4108000000.0,88.413,142294000000.0,0.0,6537000000.0,5617000000.0,34.689,-8863000000.0
57,WMT,MRT,2007-03-31,2007-04-30,2007-04-30,2021-09-02,2671000000.0,155422000000.0,150729000000.0,47579000000.0,107843000000.0,2.356,14.534,-15306000000.0,6563000000.0,6563000000.0,269053000000.0,11495000000.0,0.87,1.594,42200000000.0,9085000000.0,33115000000.0,42200000000.0,0.0,5653000000.0,0.0,0.015,0.723,19841000000.0,25494000000.0,0.072,25494000000.0,19841000000.0,17992000000.0,2.77,2.76,2.77,59911000000.0,59154750000.0,59911000000.0,229288708261.0,12.0,8.994,3036000000.0,0.737,1.0,86050000000.0,0.242,14585000000.0,1849000000.0,121774000000.0,116377250000.0,35200000000.0,0.0,0.0,0.0,95511000000.0,54700000000.0,40811000000.0,197643708261.0,493000000.0,144000000.0,-2661000000.0,3419000000.0,-3012000000.0,-2953000000.0,-14942000000.0,0.0,18342000000.0,46000000.0,11495000000.0,11495000000.0,11495000000.0,859000000.0,0.0,0.032,65199000000.0,20851000000.0,27562000000.0,0.261,3.299,17.194,17.3,90284000000.0,0.0,47.92,0.557,0.556,2924000000.0,53956000000.0,355103000000.0,355103000000.0,0.0,0.076,0.194,0.17,0.056,0.0,65199000000.0,1.0,4124451341.0,4122000000.0,4128000000.0,86.148,140837000000.0,0.0,6497000000.0,6984000000.0,34.167,-7121000000.0
58,WMT,MRT,2006-12-31,2007-01-31,2007-01-31,2021-09-02,2508000000.0,151587000000.0,146994750000.0,46982000000.0,104605000000.0,2.37,14.787,-15272000000.0,7767000000.0,7767000000.0,263979000000.0,11284000000.0,0.901,1.462,39018000000.0,8283000000.0,30735000000.0,39018000000.0,0.0,5459000000.0,0.0,0.014,0.67,19447000000.0,24906000000.0,0.071,24906000000.0,19447000000.0,17638000000.0,2.71,2.71,2.71,61573000000.0,57505500000.0,61573000000.0,234399135809.0,12.0,9.411,4963000000.0,1.192,1.0,84389000000.0,0.242,13759000000.0,1809000000.0,116931000000.0,113025500000.0,33685000000.0,0.0,0.0,0.0,90014000000.0,52148000000.0,37866000000.0,198773135809.0,747000000.0,542000000.0,-1718000000.0,-92000000.0,-2802000000.0,-5122000000.0,-14463000000.0,0.0,20235000000.0,97000000.0,11284000000.0,11284000000.0,11284000000.0,905000000.0,0.0,0.032,63892000000.0,20497000000.0,28484000000.0,0.247,3.228,17.615,17.598,88440000000.0,0.0,47.69,0.571,0.57,2840000000.0,55818000000.0,348368000000.0,348368000000.0,0.0,0.077,0.196,0.172,0.056,0.0,63892000000.0,1.0,4168025494.0,4164000000.0,4168000000.0,83.662,137828000000.0,0.0,6354000000.0,5677000000.0,33.1,-5166000000.0
59,WMT,MRT,2006-09-30,2006-10-31,2006-10-31,2021-09-02,1788000000.0,151119000000.0,143644750000.0,49623000000.0,101496000000.0,2.359,14.095,-14999000000.0,5908000000.0,5908000000.0,256969000000.0,10936000000.0,0.853,1.572,41534000000.0,13758000000.0,27776000000.0,41534000000.0,0.0,5199000000.0,0.0,0.013,0.653,18938000000.0,24137000000.0,0.071,24137000000.0,18938000000.0,17157000000.0,2.62,2.62,2.62,58763000000.0,55405000000.0,58763000000.0,239548889962.0,13.0,9.925,5193000000.0,1.246,1.0,81856000000.0,0.242,13257000000.0,1781000000.0,115325000000.0,111243000000.0,38531000000.0,0.0,0.0,0.0,92356000000.0,58163000000.0,34193000000.0,205449889962.0,1979000000.0,248000000.0,0.0,-527000000.0,-2742000000.0,-3427000000.0,-14802000000.0,0.0,20192000000.0,16000000.0,10936000000.0,10936000000.0,10936000000.0,923000000.0,0.0,0.032,61899000000.0,19957000000.0,29263000000.0,0.249,3.496,18.787,18.809,86022000000.0,0.0,49.28,0.606,0.606,2477000000.0,53738000000.0,338825000000.0,338825000000.0,0.0,0.076,0.197,0.17,0.056,0.0,61899000000.0,1.0,4169031858.0,4169000000.0,4173000000.0,81.272,137862000000.0,0.0,6221000000.0,5037000000.0,33.068,-8540000000.0
60,WMT,MRT,2006-06-30,2006-07-31,2006-07-31,2021-09-02,2116000000.0,144788000000.0,138814750000.0,46172000000.0,98616000000.0,2.376,13.525,-14123000000.0,6386000000.0,6386000000.0,250529000000.0,10663000000.0,0.853,1.568,40485000000.0,12503000000.0,27982000000.0,40485000000.0,0.0,5002000000.0,0.0,0.014,0.635,18473000000.0,23475000000.0,0.071,23475000000.0,18473000000.0,16774000000.0,2.56,2.56,2.56,56372000000.0,53193750000.0,56372000000.0,218073008726.0,12.0,9.29,4910000000.0,1.178,1.0,79226000000.0,0.24,13269000000.0,1699000000.0,111479000000.0,108581250000.0,32087000000.0,0.0,0.0,0.0,88416000000.0,54139000000.0,34277000000.0,185466008726.0,1550000000.0,-669000000.0,0.0,249000000.0,-2657000000.0,-2728000000.0,-14814000000.0,0.0,19033000000.0,59000000.0,10663000000.0,10663000000.0,10663000000.0,1024000000.0,0.0,0.032,59636000000.0,19590000000.0,26023000000.0,0.248,3.29,17.393,17.383,83182000000.0,0.0,44.5,0.562,0.562,2522000000.0,51091000000.0,329755000000.0,329755000000.0,0.0,0.077,0.2,0.17,0.056,0.0,59636000000.0,1.0,4167775477.0,4168000000.0,4172000000.0,79.116,131519000000.0,0.0,6111000000.0,5441000000.0,31.554,-7967000000.0
61,WMT,MRT,2006-03-31,2006-04-30,2006-04-30,2021-09-02,1224000000.0,140485000000.0,133809000000.0,45462000000.0,95023000000.0,2.399,12.794,-13970000000.0,5690000000.0,5690000000.0,244033000000.0,11385000000.0,0.874,1.635,38376000000.0,9420000000.0,28956000000.0,38376000000.0,0.0,4807000000.0,0.0,0.014,0.618,18970000000.0,23777000000.0,0.074,23777000000.0,18970000000.0,17363000000.0,2.73,2.73,2.73,53314000000.0,51031000000.0,53314000000.0,220055525631.0,12.0,9.255,5498000000.0,1.319,1.0,76989000000.0,0.24,12807000000.0,1607000000.0,108367000000.0,104663500000.0,31900000000.0,0.0,0.0,0.0,87171000000.0,51997000000.0,35174000000.0,187650525631.0,1509000000.0,-669000000.0,-2165000000.0,1736000000.0,-2574000000.0,-3283000000.0,-14653000000.0,0.0,19468000000.0,-23000000.0,11385000000.0,11385000000.0,11385000000.0,171000000.0,0.0,0.035,57773000000.0,19216000000.0,25115000000.0,0.226,3.52,16.482,16.495,80000000000.0,0.0,45.03,0.585,0.585,2430000000.0,49020000000.0,321022000000.0,321022000000.0,0.0,0.085,0.223,0.181,0.059,0.0,57773000000.0,1.0,4167233525.0,4167000000.0,4170000000.0,77.039,127678000000.0,0.0,5978000000.0,6647000000.0,30.64,-6535000000.0
62,WMT,MRT,2005-12-31,2006-01-31,2006-01-31,2021-09-02,1053000000.0,138187000000.0,129241500000.0,43825000000.0,94362000000.0,2.415,12.711,-13488000000.0,6193000000.0,6193000000.0,237649000000.0,11231000000.0,0.898,1.599,38729000000.0,8633000000.0,30096000000.0,38729000000.0,0.0,4645000000.0,0.0,0.013,0.6,18454000000.0,23099000000.0,0.074,23099000000.0,18454000000.0,17034000000.0,2.68,2.68,2.68,53171000000.0,49500250000.0,53171000000.0,225442532938.0,12.0,9.76,4753000000.0,1.136,1.0,74452000000.0,0.239,12097000000.0,1420000000.0,109801000000.0,100126500000.0,31910000000.0,0.0,0.0,0.0,85016000000.0,48825000000.0,36191000000.0,191978532938.0,1532000000.0,-601000000.0,-3580000000.0,4018000000.0,-2511000000.0,-2422000000.0,-14186000000.0,0.0,18241000000.0,-101000000.0,11231000000.0,11231000000.0,11231000000.0,177000000.0,0.0,0.036,55739000000.0,18713000000.0,25101000000.0,0.224,3.611,17.094,17.205,77865000000.0,0.0,46.11,0.615,0.618,2575000000.0,49105000000.0,312101000000.0,312101000000.0,0.0,0.087,0.227,0.184,0.059,0.0,55739000000.0,1.0,4163490196.0,4183000000.0,4188000000.0,74.612,126090000000.0,0.0,5803000000.0,5841000000.0,30.143,-5000000000.0
63,WMT,MRT,2005-09-30,2005-10-31,2005-10-31,2021-09-02,1498000000.0,131799000000.0,124733250000.0,44924000000.0,86875000000.0,2.428,11.985,-13004000000.0,4334000000.0,4334000000.0,230747000000.0,10804000000.0,0.893,1.64,37909000000.0,11193000000.0,26716000000.0,37909000000.0,0.0,4483000000.0,0.0,0.012,0.58,17877000000.0,22360000000.0,0.074,22360000000.0,17877000000.0,16508000000.0,2.56,2.57,2.56,49918000000.0,48556500000.0,49918000000.0,227339202782.0,13.0,10.167,2706000000.0,0.65,1.0,72105000000.0,0.238,10379000000.0,1369000000.0,104678000000.0,95609500000.0,36272000000.0,0.0,0.0,0.0,81881000000.0,50317000000.0,31564000000.0,196937202782.0,-104000000.0,-307000000.0,-3731000000.0,4169000000.0,-2437000000.0,-2396000000.0,-13514000000.0,0.0,15710000000.0,96000000.0,10804000000.0,10804000000.0,10804000000.0,311000000.0,0.0,0.036,53829000000.0,18276000000.0,24835000000.0,0.227,3.945,18.228,18.48,72558000000.0,0.0,47.31,0.65,0.651,1770000000.0,45495000000.0,302852000000.0,302852000000.0,0.0,0.087,0.223,0.187,0.059,0.0,53829000000.0,1.0,4162697163.0,4165000000.0,4169000000.0,72.714,121420000000.0,0.0,5704000000.0,3986000000.0,29.152,-5393000000.0
64,WMT,MRT,2005-06-30,2005-07-31,2005-07-31,2021-09-02,1725000000.0,124765000000.0,121547750000.0,40393000000.0,84372000000.0,2.441,11.43,-12774000000.0,5452000000.0,5452000000.0,225989000000.0,10716000000.0,0.822,1.614,35983000000.0,12357000000.0,23626000000.0,35983000000.0,0.0,4402000000.0,0.0,0.011,0.56,17641000000.0,22043000000.0,0.074,22043000000.0,17641000000.0,16374000000.0,2.53,2.54,2.53,47721000000.0,47350500000.0,47721000000.0,234340766009.0,13.0,10.631,3865000000.0,0.926,1.0,70748000000.0,0.238,10324000000.0,1267000000.0,95808000000.0,91925250000.0,30611000000.0,0.0,0.0,0.0,77044000000.0,49164000000.0,27880000000.0,206382766009.0,964000000.0,0.0,-4621000000.0,4227000000.0,-2364000000.0,-3032000000.0,-12748000000.0,0.0,16639000000.0,105000000.0,10716000000.0,10716000000.0,10716000000.0,263000000.0,0.0,0.036,52786000000.0,17962000000.0,22360000000.0,0.221,4.325,19.259,19.506,70192000000.0,0.0,49.35,0.696,0.694,1596000000.0,43122000000.0,296737000000.0,296737000000.0,0.0,0.088,0.226,0.192,0.059,0.0,52786000000.0,1.0,4182021601.0,4175000000.0,4180000000.0,71.075,114441000000.0,0.0,5658000000.0,3760000000.0,27.411,-8771000000.0
65,WMT,MRT,2005-03-31,2005-04-30,2005-04-30,2021-09-02,2211000000.0,122215000000.0,118052000000.0,39641000000.0,82574000000.0,2.461,11.162,-11946000000.0,4955000000.0,4955000000.0,221433000000.0,10562000000.0,0.806,1.59,32913000000.0,11285000000.0,21628000000.0,32913000000.0,0.0,4280000000.0,0.0,0.011,0.54,17361000000.0,21641000000.0,0.074,21641000000.0,17361000000.0,16175000000.0,2.48,2.49,2.48,47191000000.0,46262000000.0,47191000000.0,225505718758.0,13.0,10.42,4744000000.0,1.122,1.0,69066000000.0,0.238,10786000000.0,1186000000.0,90219000000.0,88916250000.0,31349000000.0,0.0,0.0,0.0,75024000000.0,49168000000.0,25856000000.0,199543718758.0,1127000000.0,0.0,-4021000000.0,2866000000.0,-2291000000.0,-3595000000.0,-12065000000.0,0.0,16690000000.0,97000000.0,10562000000.0,10562000000.0,10562000000.0,215000000.0,0.0,0.036,51430000000.0,17636000000.0,22910000000.0,0.218,4.228,18.893,19.008,69303000000.0,0.0,47.14,0.687,0.686,1520000000.0,42153000000.0,290499000000.0,290499000000.0,0.0,0.089,0.228,0.195,0.06,0.0,51430000000.0,1.0,4233002095.0,4228000000.0,4234000000.0,68.708,111429000000.0,0.0,5613000000.0,4838000000.0,26.355,-9527000000.0
66,WMT,MRT,2004-12-31,2005-01-31,2005-01-31,2021-09-02,2694000000.0,120154000000.0,114503250000.0,38854000000.0,81300000000.0,2.483,11.598,-11878000000.0,5488000000.0,5488000000.0,216832000000.0,10267000000.0,0.9,1.432,31052000000.0,7794000000.0,23258000000.0,31052000000.0,0.0,4185000000.0,0.0,0.01,0.52,17040000000.0,21225000000.0,0.075,21225000000.0,17040000000.0,15856000000.0,2.41,2.41,2.41,49396000000.0,45107250000.0,49396000000.0,250911034258.0,15.0,11.821,3166000000.0,0.743,1.0,67478000000.0,0.237,10803000000.0,1184000000.0,91733000000.0,86847500000.0,29762000000.0,0.0,0.0,0.0,70758000000.0,43182000000.0,27576000000.0,221907034258.0,289000000.0,-315000000.0,-4549000000.0,4041000000.0,-2214000000.0,-2609000000.0,-12351000000.0,0.0,15044000000.0,205000000.0,10267000000.0,10267000000.0,10267000000.0,215000000.0,0.0,0.036,50178000000.0,17300000000.0,21987000000.0,0.216,4.492,21.614,21.743,68118000000.0,0.0,52.4,0.781,0.785,1715000000.0,43854000000.0,284310000000.0,284310000000.0,0.0,0.09,0.228,0.196,0.06,0.0,50178000000.0,1.0,4234867066.0,4259000000.0,4266000000.0,66.755,109351000000.0,0.0,5589000000.0,4259000000.0,25.675,-4328000000.0
67,WMT,MRT,2004-09-30,2004-10-31,2004-10-31,2021-09-02,1521000000.0,119057000000.0,110816000000.0,41311000000.0,77746000000.0,2.53,10.63,-11133000000.0,4639000000.0,4639000000.0,214308000000.0,9824000000.0,0.862,1.64,33643000000.0,11496000000.0,22147000000.0,33643000000.0,0.0,4200000000.0,0.0,0.009,0.48,16539000000.0,20739000000.0,0.074,20739000000.0,16539000000.0,15419000000.0,2.29,2.29,2.29,45094000000.0,43664000000.0,45094000000.0,255635309479.0,15.0,12.326,4501000000.0,1.061,1.0,66066000000.0,0.236,10191000000.0,1120000000.0,89941000000.0,83651750000.0,33680000000.0,0.0,0.0,0.0,73963000000.0,47929000000.0,26034000000.0,228756309479.0,1327000000.0,-353000000.0,-6339000000.0,5248000000.0,-2053000000.0,-3068000000.0,-11528000000.0,0.0,15634000000.0,289000000.0,9824000000.0,9824000000.0,9824000000.0,0.0,0.0,0.035,49527000000.0,16539000000.0,23113000000.0,0.21,5.073,23.285,23.546,65070000000.0,0.0,53.92,0.816,0.816,1418000000.0,40850000000.0,280374000000.0,280374000000.0,0.0,0.089,0.225,0.198,0.059,0.0,49527000000.0,1.0,4242513158.0,4242000000.0,4249000000.0,66.095,108866000000.0,0.0,5595000000.0,3151000000.0,25.664,-6618000000.0
68,WMT,MRT,2004-06-30,2004-07-31,2004-07-31,2021-09-02,1297000000.0,110782000000.0,107258000000.0,35840000000.0,74942000000.0,2.556,10.17,-10609000000.0,4709000000.0,4709000000.0,210033000000.0,9566000000.0,0.819,1.555,31588000000.0,11444000000.0,20144000000.0,31588000000.0,0.0,4078000000.0,0.0,0.008,0.44,16118000000.0,20196000000.0,0.074,20196000000.0,16118000000.0,15071000000.0,2.21,2.21,2.21,43367000000.0,42933250000.0,43367000000.0,251892629706.0,16.0,12.472,3942000000.0,0.924,1.0,64094000000.0,0.234,10124000000.0,1047000000.0,83772000000.0,81379250000.0,28266000000.0,0.0,0.0,0.0,67415000000.0,43765000000.0,23650000000.0,226322629706.0,237000000.0,-353000000.0,-7107000000.0,5163000000.0,-1893000000.0,-3648000000.0,-11090000000.0,0.0,14551000000.0,424000000.0,9566000000.0,9566000000.0,9566000000.0,0.0,0.0,0.035,47940000000.0,16154000000.0,19771000000.0,0.199,5.219,23.659,23.986,62515000000.0,0.0,53.01,0.826,0.825,1280000000.0,39427000000.0,274127000000.0,274127000000.0,0.0,0.089,0.223,0.198,0.059,0.0,47940000000.0,1.0,4269432743.0,4264000000.0,4272000000.0,64.289,100658000000.0,0.0,5505000000.0,2914000000.0,23.606,-7925000000.0
69,WMT,MRT,2004-03-31,2004-04-30,2004-04-30,2021-09-02,1667000000.0,108020000000.0,104292250000.0,34753000000.0,73267000000.0,2.559,9.914,-10313000000.0,3828000000.0,3828000000.0,204798000000.0,9359000000.0,0.838,1.537,29348000000.0,8848000000.0,20500000000.0,29348000000.0,0.0,4001000000.0,0.0,0.007,0.4,15657000000.0,19658000000.0,0.074,19658000000.0,15657000000.0,14659000000.0,2.15,2.15,2.15,42572000000.0,42740000000.0,42572000000.0,266179502262.0,17.0,13.541,3897000000.0,0.908,1.0,62102000000.0,0.233,10134000000.0,998000000.0,81944000000.0,79882250000.0,28320000000.0,0.0,0.0,0.0,65448000000.0,41462000000.0,23986000000.0,244912502262.0,1340000000.0,1147000000.0,-6173000000.0,3493000000.0,-1732000000.0,-4126000000.0,-9240000000.0,0.0,14210000000.0,496000000.0,9359000000.0,9359000000.0,9359000000.0,-161000000.0,0.0,0.035,46560000000.0,15542000000.0,19489000000.0,0.186,5.753,26.169,26.512,60864000000.0,0.0,57.0,0.918,0.917,1230000000.0,38292000000.0,266900000000.0,266900000000.0,0.0,0.09,0.219,0.196,0.059,0.0,46560000000.0,1.0,4296710566.0,4294000000.0,4302000000.0,62.156,97886000000.0,0.0,5300000000.0,3803000000.0,22.796,-6709000000.0
70,WMT,MRT,2003-12-31,2004-01-31,2004-01-31,2021-09-02,851000000.0,105405000000.0,101431250000.0,34421000000.0,70984000000.0,2.55,9.998,-9827000000.0,5199000000.0,5199000000.0,198747000000.0,9054000000.0,0.91,1.416,26466000000.0,6367000000.0,20099000000.0,26466000000.0,0.0,3852000000.0,0.0,0.007,0.36,15168000000.0,19020000000.0,0.074,19020000000.0,15168000000.0,14172000000.0,2.08,2.07,2.08,43623000000.0,42147000000.0,43623000000.0,257490013150.0,17.0,13.538,6169000000.0,1.414,1.0,59934000000.0,0.232,9882000000.0,996000000.0,78950000000.0,78949000000.0,26612000000.0,0.0,0.0,0.0,61782000000.0,37840000000.0,23942000000.0,233051013150.0,2441000000.0,1462000000.0,-5046000000.0,941000000.0,-1569000000.0,-5563000000.0,-8312000000.0,0.0,15996000000.0,320000000.0,9054000000.0,9054000000.0,9054000000.0,-193000000.0,0.0,0.035,44909000000.0,15025000000.0,19425000000.0,0.173,5.342,25.74,25.889,59023000000.0,0.0,53.85,0.901,0.908,1254000000.0,40206000000.0,258681000000.0,258681000000.0,0.0,0.089,0.215,0.192,0.059,0.0,44909000000.0,1.0,4327781117.0,4363000000.0,4373000000.0,59.29,95523000000.0,0.0,5118000000.0,3736000000.0,21.894,-3419000000.0
71,WMT,MRT,2003-09-30,2003-10-31,2003-10-31,2021-09-02,-92000000.0,104825000000.0,98782000000.0,36792000000.0,68033000000.0,2.535,9.668,-9463000000.0,3312000000.0,3312000000.0,192509000000.0,8841000000.0,0.944,1.486,27751000000.0,7803000000.0,19948000000.0,27751000000.0,0.0,3776000000.0,0.0,0.006,0.345,14555000000.0,18331000000.0,0.073,18331000000.0,14555000000.0,13586000000.0,2.01,2.01,2.01,42171000000.0,41106500000.0,42171000000.0,278699341474.0,19.0,15.204,5666000000.0,1.299,1.0,57887000000.0,0.231,9446000000.0,969000000.0,80851000000.0,78099500000.0,31285000000.0,0.0,0.0,0.0,62654000000.0,38967000000.0,23687000000.0,257564341474.0,1218000000.0,751000000.0,-4195000000.0,725000000.0,-1510000000.0,-4929000000.0,-8711000000.0,0.0,15129000000.0,-271000000.0,8841000000.0,8841000000.0,8841000000.0,-247000000.0,0.0,0.035,43499000000.0,14388000000.0,20300000000.0,0.172,6.108,29.133,29.328,56204000000.0,0.0,58.95,1.029,1.027,1112000000.0,39750000000.0,250396000000.0,250396000000.0,0.0,0.09,0.215,0.186,0.058,0.0,43499000000.0,1.0,4369200025.0,4362000000.0,4372000000.0,57.404,95379000000.0,0.0,4745000000.0,2996000000.0,21.866,-2175000000.0
72,WMT,MRT,2003-06-30,2003-07-31,2003-07-31,2021-09-02,265000000.0,98919000000.0,96490750000.0,32403000000.0,66516000000.0,2.52,9.729,-9076000000.0,4472000000.0,4472000000.0,186863000000.0,8610000000.0,0.991,1.322,25607000000.0,5400000000.0,20207000000.0,25607000000.0,0.0,3637000000.0,0.0,0.006,0.33,14234000000.0,17871000000.0,0.074,17871000000.0,14234000000.0,13233000000.0,1.96,1.96,1.96,42594000000.0,40074750000.0,42594000000.0,267858340603.0,19.0,14.988,5165000000.0,1.18,1.0,56263000000.0,0.231,9573000000.0,1001000000.0,77784000000.0,76369000000.0,25779000000.0,0.0,0.0,0.0,56325000000.0,32697000000.0,23628000000.0,244825340603.0,2184000000.0,751000000.0,-3158000000.0,1606000000.0,-1450000000.0,-3052000000.0,-8591000000.0,0.0,14241000000.0,-414000000.0,8610000000.0,8610000000.0,8610000000.0,-264000000.0,0.0,0.035,42226000000.0,14037000000.0,16780000000.0,0.168,5.748,28.435,28.526,54517000000.0,0.0,55.91,1.007,1.007,1099000000.0,39837000000.0,243126000000.0,243126000000.0,0.0,0.089,0.215,0.186,0.059,0.0,42226000000.0,1.0,4378918630.0,4378000000.0,4388000000.0,55.534,89346000000.0,0.0,4623000000.0,2792000000.0,20.408,-294000000.0
73,WMT,MRT,2003-03-31,2003-04-30,2003-04-30,2021-09-02,-605000000.0,96576000000.0,93907250000.0,31566000000.0,65010000000.0,2.52,9.166,-8881000000.0,2468000000.0,2468000000.0,182081000000.0,8185000000.0,0.984,1.402,25501000000.0,4562000000.0,20939000000.0,25501000000.0,0.0,3478000000.0,0.0,0.006,0.315,13668000000.0,17146000000.0,0.072,17146000000.0,13668000000.0,12647000000.0,1.85,1.85,1.85,40200000000.0,38667750000.0,40200000000.0,269645261581.0,20.0,15.726,4603000000.0,1.049,1.0,54594000000.0,0.231,9317000000.0,1021000000.0,78211000000.0,74660500000.0,26004000000.0,0.0,0.0,0.0,56376000000.0,32081000000.0,24295000000.0,247002261581.0,70000000.0,-749000000.0,-3825000000.0,2110000000.0,-1389000000.0,-3239000000.0,-9714000000.0,0.0,13484000000.0,-461000000.0,8185000000.0,8185000000.0,8185000000.0,-132000000.0,0.0,0.035,40998000000.0,13596000000.0,17408000000.0,0.17,6.144,30.177,30.443,52266000000.0,0.0,56.32,1.044,1.044,989000000.0,38400000000.0,236675000000.0,236675000000.0,0.0,0.087,0.212,0.183,0.058,0.0,40998000000.0,1.0,4385693565.0,4386000000.0,4395000000.0,53.961,87259000000.0,0.0,4462000000.0,3114000000.0,19.895,-515000000.0
74,WMT,MRT,2002-12-31,2003-01-31,2003-01-31,2021-09-02,-509000000.0,94808000000.0,91048500000.0,30722000000.0,64086000000.0,2.543,8.908,-8934000000.0,2736000000.0,2736000000.0,178299000000.0,7955000000.0,0.945,1.403,25388000000.0,5791000000.0,19597000000.0,25388000000.0,0.0,3364000000.0,0.0,0.006,0.3,13371000000.0,16735000000.0,0.072,16735000000.0,13371000000.0,12312000000.0,1.8,1.79,1.8,39461000000.0,37579750000.0,39461000000.0,235638448751.0,18.0,14.081,4071000000.0,0.919,1.0,53278000000.0,0.23,9389000000.0,1059000000.0,75552000000.0,72119250000.0,24401000000.0,0.0,0.0,0.0,55347000000.0,32519000000.0,22828000000.0,210987448751.0,597000000.0,-749000000.0,-3383000000.0,2403000000.0,-1328000000.0,-2370000000.0,-9839000000.0,0.0,13005000000.0,-199000000.0,7955000000.0,7955000000.0,7955000000.0,-137000000.0,0.0,0.034,39983000000.0,13295000000.0,16829000000.0,0.167,5.347,26.523,26.556,51374000000.0,0.0,47.8,0.911,0.914,1569000000.0,37576000000.0,231577000000.0,231577000000.0,0.0,0.087,0.212,0.185,0.058,0.0,39983000000.0,1.0,4413963363.0,4430000000.0,4446000000.0,52.275,85419000000.0,0.0,4357000000.0,2607000000.0,19.282,-1797000000.0
75,WMT,MRT,2002-09-30,2002-10-31,2002-10-31,2021-09-02,-598000000.0,95660000000.0,88228250000.0,34778000000.0,60882000000.0,2.443,8.605,-8872000000.0,2095000000.0,2095000000.0,164745000000.0,7557000000.0,0.935,1.514,26746000000.0,9016000000.0,17730000000.0,26746000000.0,0.0,3341000000.0,0.0,0.006,0.295,12786000000.0,16127000000.0,0.075,16127000000.0,12786000000.0,11673000000.0,1.71,1.7,1.71,38044000000.0,36490000000.0,38044000000.0,258262624595.0,20.0,16.014,3390000000.0,0.767,1.0,50813000000.0,0.236,9173000000.0,1113000000.0,73929000000.0,70080750000.0,29508000000.0,0.0,0.0,0.0,57616000000.0,37209000000.0,20407000000.0,236832624595.0,61000000.0,0.0,-2673000000.0,-88000000.0,-1310000000.0,-4055000000.0,-8048000000.0,1134000000.0,12262000000.0,-98000000.0,7557000000.0,7557000000.0,7557000000.0,-225000000.0,0.0,0.035,38184000000.0,12629000000.0,18614000000.0,0.173,6.225,31.34,31.316,50072000000.0,0.0,53.55,1.099,1.098,1937000000.0,36771000000.0,215558000000.0,215558000000.0,0.0,0.086,0.207,0.182,0.059,0.0,38184000000.0,1.0,4422644717.0,4421000000.0,4434000000.0,48.758,86487000000.0,0.0,4116000000.0,2023000000.0,19.563,-2431000000.0
76,WMT,MRT,2002-06-30,2002-07-31,2002-07-31,2021-09-02,-777000000.0,88585000000.0,86399500000.0,29796000000.0,58789000000.0,2.465,8.329,-8426000000.0,2288000000.0,2288000000.0,163487000000.0,7241000000.0,0.992,1.396,23718000000.0,4639000000.0,19079000000.0,23718000000.0,0.0,3316000000.0,0.0,0.006,0.29,12413000000.0,15729000000.0,0.074,15729000000.0,12413000000.0,11234000000.0,1.63,1.62,1.63,36966000000.0,35548250000.0,36966000000.0,238762617479.0,19.0,15.18,4229000000.0,0.953,1.0,49492000000.0,0.232,9031000000.0,1179000000.0,70950000000.0,68485750000.0,24270000000.0,0.0,0.0,0.0,51619000000.0,30034000000.0,21585000000.0,218754617479.0,454000000.0,0.0,-2632000000.0,-760000000.0,-1290000000.0,-4579000000.0,-7500000000.0,1134000000.0,12655000000.0,-122000000.0,7241000000.0,7241000000.0,7241000000.0,-208000000.0,0.0,0.034,37226000000.0,12266000000.0,16983000000.0,0.178,5.918,30.211,30.172,48468000000.0,0.0,49.18,1.027,1.025,1934000000.0,35874000000.0,212979000000.0,212979000000.0,0.0,0.084,0.204,0.181,0.058,0.0,37226000000.0,1.0,4448040209.0,4438000000.0,4452000000.0,47.99,79554000000.0,0.0,3993000000.0,1879000000.0,17.926,-238000000.0
77,WMT,MRT,2002-03-31,2002-04-30,2002-04-30,2021-09-02,-1477000000.0,85141000000.0,84647250000.0,28895000000.0,56246000000.0,2.475,8.052,-8121000000.0,2418000000.0,2418000000.0,161383000000.0,6844000000.0,1.009,1.375,22426000000.0,4176000000.0,18250000000.0,22426000000.0,0.0,3251000000.0,0.0,0.005,0.285,11975000000.0,15226000000.0,0.073,15226000000.0,11975000000.0,10699000000.0,1.54,1.53,1.54,35848000000.0,34576250000.0,35848000000.0,268364477433.0,22.0,17.625,4344000000.0,0.976,1.0,48084000000.0,0.23,8477000000.0,1276000000.0,68046000000.0,66648250000.0,23532000000.0,0.0,0.0,0.0,49293000000.0,28626000000.0,20667000000.0,248645477433.0,941000000.0,0.0,-1588000000.0,-1534000000.0,-1270000000.0,-4224000000.0,-7276000000.0,1134000000.0,12465000000.0,-24000000.0,6844000000.0,6844000000.0,6844000000.0,-179000000.0,0.0,0.033,36205000000.0,11879000000.0,16214000000.0,0.185,6.936,36.33,36.273,46815000000.0,0.0,55.86,1.187,1.187,1679000000.0,35404000000.0,209467000000.0,209467000000.0,0.0,0.081,0.198,0.18,0.057,0.0,36205000000.0,1.0,4451225876.0,4452000000.0,4468000000.0,47.05,76664000000.0,0.0,3855000000.0,2563000000.0,17.22,269000000.0
78,WMT,MRT,2001-12-31,2002-01-31,2002-01-31,2021-09-02,-1268000000.0,83527000000.0,83219000000.0,27878000000.0,55649000000.0,2.473,7.862,-8037000000.0,2161000000.0,2161000000.0,159097000000.0,6592000000.0,1.022,1.38,21880000000.0,3148000000.0,18732000000.0,21880000000.0,0.0,3228000000.0,0.0,0.005,0.28,11711000000.0,14939000000.0,0.073,14939000000.0,11711000000.0,10357000000.0,1.48,1.47,1.48,35102000000.0,33605250000.0,35102000000.0,288186142079.0,25.0,19.291,2482000000.0,0.556,1.0,46726000000.0,0.227,8566000000.0,1354000000.0,67398000000.0,64858750000.0,22614000000.0,0.0,0.0,0.0,48425000000.0,27282000000.0,21143000000.0,267336142079.0,107000000.0,0.0,-1214000000.0,-628000000.0,-1249000000.0,-2978000000.0,-7223000000.0,1134000000.0,10519000000.0,-211000000.0,6592000000.0,6592000000.0,6592000000.0,-144000000.0,0.0,0.032,35147000000.0,11579000000.0,15617000000.0,0.189,7.616,40.555,40.527,45750000000.0,0.0,59.98,1.299,1.301,2000000000.0,34441000000.0,205823000000.0,205823000000.0,0.0,0.079,0.196,0.181,0.057,0.0,35147000000.0,1.0,4457088064.0,4465000000.0,4481000000.0,46.097,74961000000.0,0.0,3765000000.0,2547000000.0,16.789,596000000.0
79,WMT,MRT,2001-09-30,2001-10-31,2001-10-31,2021-09-02,-485000000.0,88345000000.0,81869750000.0,32620000000.0,55725000000.0,2.589,7.675,-7760000000.0,2033000000.0,2033000000.0,165502000000.0,6487000000.0,0.992,1.577,22883000000.0,4072000000.0,18811000000.0,22883000000.0,0.0,3142000000.0,0.0,0.005,0.27,11643000000.0,14785000000.0,0.07,14785000000.0,11643000000.0,10275000000.0,1.45,1.44,1.45,34277000000.0,32665500000.0,34277000000.0,247591745131.0,21.0,16.746,1974000000.0,0.442,1.0,46418000000.0,0.219,8777000000.0,1368000000.0,67549000000.0,63105250000.0,27582000000.0,0.0,0.0,0.0,54068000000.0,32869000000.0,21199000000.0,229601745131.0,722000000.0,-10000000.0,-835000000.0,1275000000.0,-1205000000.0,-580000000.0,-8323000000.0,0.0,9734000000.0,-109000000.0,6487000000.0,6487000000.0,6487000000.0,0.0,0.0,0.031,34837000000.0,11581000000.0,17880000000.0,0.186,6.698,35.394,35.448,44448000000.0,0.0,51.4,1.083,1.083,1669000000.0,32923000000.0,211920000000.0,211920000000.0,0.0,0.079,0.199,0.185,0.055,0.0,34837000000.0,1.0,4466960022.0,4466000000.0,4481000000.0,47.452,79568000000.0,0.0,3788000000.0,1254000000.0,17.816,-249000000.0
80,WMT,MRT,2001-06-30,2001-07-31,2001-07-31,2021-09-02,-1017000000.0,81576000000.0,79546250000.0,27996000000.0,53580000000.0,2.576,7.4,-7908000000.0,1834000000.0,1834000000.0,159808000000.0,6375000000.0,1.021,1.466,19824000000.0,1088000000.0,18736000000.0,19824000000.0,0.0,3018000000.0,0.0,0.005,0.26,11511000000.0,14529000000.0,0.071,14529000000.0,11511000000.0,10098000000.0,1.43,1.42,1.43,33078000000.0,31404750000.0,33078000000.0,268632526206.0,23.0,18.489,2599000000.0,0.581,1.0,45107000000.0,0.22,8543000000.0,1413000000.0,63600000000.0,61072000000.0,23034000000.0,0.0,0.0,0.0,48498000000.0,27423000000.0,21075000000.0,249926526206.0,524000000.0,-10000000.0,-255000000.0,-64000000.0,-1161000000.0,-1371000000.0,-8401000000.0,0.0,10507000000.0,-211000000.0,6375000000.0,6375000000.0,6375000000.0,0.0,0.0,0.031,33642000000.0,11465000000.0,15422000000.0,0.182,7.556,39.204,39.091,43003000000.0,0.0,55.9,1.22,1.219,1751000000.0,32303000000.0,204915000000.0,204915000000.0,0.0,0.08,0.203,0.188,0.056,0.0,33642000000.0,1.0,4470957535.0,4470000000.0,4486000000.0,45.842,73033000000.0,0.0,3723000000.0,1233000000.0,16.338,573000000.0
81,WMT,MRT,2001-03-31,2001-04-30,2001-04-30,2021-09-02,-1132000000.0,79428000000.0,77504000000.0,27281000000.0,52147000000.0,2.558,7.149,-7914000000.0,1477000000.0,1477000000.0,154440000000.0,6349000000.0,0.953,1.485,20183000000.0,3554000000.0,16629000000.0,20183000000.0,0.0,2963000000.0,0.0,0.005,0.25,11472000000.0,14435000000.0,0.073,14435000000.0,11472000000.0,10066000000.0,1.43,1.42,1.43,31964000000.0,30159250000.0,31964000000.0,251563754896.0,22.0,17.427,1037000000.0,0.232,1.0,43794000000.0,0.221,8606000000.0,1406000000.0,60888000000.0,59852000000.0,22748000000.0,0.0,0.0,0.0,47464000000.0,28640000000.0,18824000000.0,231301754896.0,117000000.0,-10000000.0,-1000000.0,869000000.0,-1116000000.0,-229000000.0,-8344000000.0,0.0,8951000000.0,-261000000.0,6349000000.0,6349000000.0,6349000000.0,0.0,0.0,0.032,32374000000.0,11420000000.0,14765000000.0,0.175,7.236,36.431,36.182,41651000000.0,0.0,51.74,1.167,1.167,1761000000.0,31236000000.0,198234000000.0,198234000000.0,0.0,0.082,0.211,0.192,0.058,0.0,32374000000.0,1.0,4470462986.0,4471000000.0,4487000000.0,44.338,70822000000.0,0.0,3717000000.0,1110000000.0,15.84,-1359000000.0
82,WMT,MRT,2000-12-31,2001-01-31,2001-01-31,2021-09-02,-684000000.0,78130000000.0,75737750000.0,26555000000.0,51575000000.0,2.55,7.02,-7758000000.0,2054000000.0,2054000000.0,150255000000.0,6295000000.0,0.917,1.493,22316000000.0,6661000000.0,15655000000.0,22316000000.0,0.0,2868000000.0,0.0,0.004,0.24,11370000000.0,14238000000.0,0.074,14238000000.0,11370000000.0,9987000000.0,1.41,1.4,1.41,31343000000.0,28953500000.0,31343000000.0,274531535875.0,24.0,19.282,1846000000.0,0.413,1.0,42861000000.0,0.222,9059000000.0,1383000000.0,60384000000.0,58190000000.0,21442000000.0,0.0,0.0,0.0,46787000000.0,28949000000.0,17838000000.0,253706535875.0,198000000.0,-627000000.0,388000000.0,64000000.0,-1070000000.0,-442000000.0,-8714000000.0,0.0,9604000000.0,-250000000.0,6295000000.0,6295000000.0,6295000000.0,0.0,0.0,0.033,31550000000.0,11311000000.0,15092000000.0,0.17,8.095,40.303,40.284,40934000000.0,0.0,56.8,1.314,1.313,1768000000.0,30169000000.0,193116000000.0,193116000000.0,0.0,0.083,0.217,0.195,0.059,0.0,31550000000.0,1.0,4466664364.0,4465000000.0,4484000000.0,43.251,69071000000.0,0.0,3692000000.0,1884000000.0,15.469,-2394000000.0
83,WMT,MRT,2000-09-30,2000-10-31,2000-10-31,2021-09-02,-935000000.0,79051000000.0,73792500000.0,29429000000.0,49622000000.0,2.549,6.543,-8016000000.0,1311000000.0,1311000000.0,146097000000.0,6207000000.0,0.935,1.704,22136000000.0,5751000000.0,16385000000.0,22136000000.0,0.0,2777000000.0,0.0,0.005,0.23,11296000000.0,14073000000.0,0.075,14073000000.0,11296000000.0,9924000000.0,1.4,1.4,1.4,29234000000.0,27576250000.0,29234000000.0,223996312342.0,20.0,15.917,230000000.0,0.051,1.0,41987000000.0,0.223,8994000000.0,1372000000.0,59416000000.0,56939000000.0,24975000000.0,0.0,0.0,0.0,49817000000.0,31466000000.0,18351000000.0,202682312342.0,-124000000.0,-383000000.0,389000000.0,366000000.0,-1024000000.0,77000000.0,-8411000000.0,0.0,8246000000.0,-36000000.0,6207000000.0,6207000000.0,6207000000.0,0.0,0.0,0.033,30533000000.0,11454000000.0,15872000000.0,0.164,6.933,32.654,32.414,39326000000.0,0.0,45.38,1.078,1.078,1468000000.0,28433000000.0,188084000000.0,188084000000.0,0.0,0.084,0.225,0.198,0.06,0.0,30533000000.0,1.0,4466335662.0,4468000000.0,4487000000.0,42.096,70057000000.0,0.0,3717000000.0,884000000.0,15.68,-2037000000.0
84,WMT,MRT,2000-06-30,2000-07-31,2000-07-31,2021-09-02,-954000000.0,73407000000.0,72122000000.0,25245000000.0,48162000000.0,2.535,6.292,-7556000000.0,1310000000.0,1310000000.0,142009000000.0,6132000000.0,0.944,1.613,22624000000.0,5940000000.0,16684000000.0,22624000000.0,0.0,2650000000.0,0.0,0.004,0.22,11113000000.0,13763000000.0,0.075,13763000000.0,11113000000.0,9799000000.0,1.38,1.38,1.38,28096000000.0,26337500000.0,28096000000.0,265789437288.0,24.0,19.312,-37000000.0,-0.008,1.0,40792000000.0,0.223,9265000000.0,1314000000.0,58720000000.0,55865750000.0,21093000000.0,0.0,0.0,0.0,45311000000.0,26736000000.0,18575000000.0,246684437288.0,-198000000.0,-8188000000.0,389000000.0,8500000000.0,-979000000.0,8219000000.0,-16006000000.0,0.0,7519000000.0,70000000.0,6132000000.0,6132000000.0,6132000000.0,0.0,0.0,0.034,29522000000.0,11270000000.0,12634000000.0,0.159,8.78,40.229,40.036,38004000000.0,0.0,55.25,1.349,1.35,1249000000.0,27333000000.0,182801000000.0,182801000000.0,0.0,0.085,0.233,0.199,0.061,0.0,29522000000.0,1.0,4464876693.0,4465000000.0,4487000000.0,40.941,64142000000.0,0.0,3667000000.0,811000000.0,14.366,-1491000000.0
85,WMT,MRT,2000-03-31,2000-04-30,2000-04-30,2021-09-02,-581000000.0,72363000000.0,70336500000.0,25101000000.0,47262000000.0,2.49,6.09,-6803000000.0,1360000000.0,1360000000.0,136088000000.0,5787000000.0,0.909,1.666,20465000000.0,4759000000.0,15706000000.0,20465000000.0,0.0,2501000000.0,0.0,0.004,0.21,10408000000.0,12909000000.0,0.074,12909000000.0,10408000000.0,9247000000.0,1.3,1.3,1.3,27141000000.0,25050500000.0,27141000000.0,266890412390.0,26.0,20.675,726000000.0,0.163,1.0,39038000000.0,0.223,9604000000.0,1161000000.0,54240000000.0,54169750000.0,20971000000.0,0.0,0.0,0.0,45222000000.0,27624000000.0,17598000000.0,246664412390.0,-607000000.0,-11036000000.0,297000000.0,10073000000.0,-935000000.0,9871000000.0,-18060000000.0,0.0,7529000000.0,53000000.0,5787000000.0,5787000000.0,5787000000.0,0.0,0.0,0.033,28470000000.0,10568000000.0,13160000000.0,0.162,9.088,42.624,42.6,36994000000.0,0.0,55.38,1.408,1.409,1265000000.0,26004000000.0,175126000000.0,175126000000.0,0.0,0.082,0.231,0.192,0.059,0.0,28470000000.0,1.0,4454034171.0,4457000000.0,4478000000.0,39.292,62759000000.0,0.0,3460000000.0,817000000.0,14.081,-2523000000.0
86,WMT,MRT,1999-12-31,2000-01-31,2000-01-31,2021-09-02,-455000000.0,70349000000.0,65251500000.0,24356000000.0,45993000000.0,2.556,5.804,-6183000000.0,1856000000.0,1856000000.0,129664000000.0,5377000000.0,0.944,1.723,22082000000.0,5408000000.0,16674000000.0,22082000000.0,0.0,2375000000.0,0.0,0.004,0.2,9737000000.0,12112000000.0,0.073,12112000000.0,9737000000.0,8715000000.0,1.21,1.2,1.21,25834000000.0,23769500000.0,25834000000.0,265425449288.0,27.0,21.914,2011000000.0,0.452,1.0,37145000000.0,0.223,9392000000.0,1022000000.0,55380000000.0,51132250000.0,19793000000.0,0.0,0.0,0.0,44515000000.0,25803000000.0,18712000000.0,243842449288.0,-23000000.0,-10419000000.0,-101000000.0,9320000000.0,-890000000.0,8553000000.0,-16846000000.0,0.0,8194000000.0,76000000.0,5377000000.0,5377000000.0,5377000000.0,0.0,0.0,0.032,27040000000.0,10105000000.0,13105000000.0,0.165,9.439,45.349,45.248,35969000000.0,0.0,54.75,1.462,1.461,1341000000.0,25129000000.0,166809000000.0,166809000000.0,0.0,0.082,0.226,0.19,0.058,0.0,27040000000.0,1.0,4453743366.0,4451000000.0,4474000000.0,37.477,60957000000.0,0.0,3338000000.0,1888000000.0,13.695,-1447000000.0
87,WMT,MRT,1999-09-30,1999-10-31,1999-10-31,2021-09-02,-403000000.0,72369000000.0,60163250000.0,26955000000.0,45414000000.0,2.596,5.451,-5095000000.0,1435000000.0,1435000000.0,121367000000.0,5020000000.0,0.93,1.981,23018000000.0,6459000000.0,16559000000.0,23018000000.0,0.0,2084000000.0,0.0,0.003,0.189,9092000000.0,11176000000.0,0.072,11176000000.0,9092000000.0,8177000000.0,1.13,1.12,1.13,24279000000.0,22589000000.0,24279000000.0,270163065641.0,30.0,24.174,3570000000.0,0.802,1.0,34820000000.0,0.223,9837000000.0,915000000.0,55123000000.0,47144750000.0,22373000000.0,0.0,0.0,0.0,48090000000.0,28992000000.0,19098000000.0,250508065641.0,426000000.0,-11461000000.0,-186000000.0,9621000000.0,-841000000.0,8368000000.0,-16633000000.0,0.0,8665000000.0,26000000.0,5020000000.0,5020000000.0,5020000000.0,0.0,0.0,0.032,25390000000.0,9430000000.0,14081000000.0,0.167,10.318,49.902,49.832,34757000000.0,0.0,56.31,1.604,1.606,1630000000.0,23630000000.0,156187000000.0,156187000000.0,0.0,0.083,0.222,0.193,0.058,0.0,25390000000.0,1.0,4448731409.0,4454000000.0,4475000000.0,35.067,62532000000.0,0.0,3157000000.0,793000000.0,14.04,-2037000000.0
88,WMT,MRT,1999-06-30,1999-07-31,1999-07-31,2021-09-02,-485000000.0,66265000000.0,54880750000.0,22833000000.0,43432000000.0,2.719,5.157,-4459000000.0,1508000000.0,1508000000.0,116141000000.0,4735000000.0,0.926,1.888,21163000000.0,5121000000.0,16042000000.0,21163000000.0,0.0,2043000000.0,0.0,0.004,0.178,8546000000.0,10589000000.0,0.071,10589000000.0,8546000000.0,7746000000.0,1.07,1.05,1.07,22948000000.0,21447750000.0,22948000000.0,195830159261.0,23.0,18.494,3634000000.0,0.817,1.0,33072000000.0,0.222,9317000000.0,800000000.0,51936000000.0,43974750000.0,18793000000.0,0.0,0.0,0.0,43317000000.0,24667000000.0,18650000000.0,188018159261.0,624000000.0,-3524000000.0,-831000000.0,2133000000.0,-791000000.0,248000000.0,-7743000000.0,0.0,8093000000.0,26000000.0,4735000000.0,4735000000.0,4735000000.0,0.0,0.0,0.032,24174000000.0,8898000000.0,12326000000.0,0.166,8.193,39.708,39.486,33314000000.0,0.0,42.25,1.26,1.26,1276000000.0,22557000000.0,149213000000.0,149213000000.0,0.0,0.086,0.221,0.194,0.057,0.0,24174000000.0,1.0,4450133947.0,4450000000.0,4473000000.0,33.531,56948000000.0,0.0,3011000000.0,834000000.0,12.797,-1834000000.0
89,WMT,MRT,1999-03-31,1999-04-30,1999-04-30,2021-09-02,-481000000.0,52023000000.0,50033000000.0,22346000000.0,29677000000.0,2.882,4.949,-4084000000.0,1967000000.0,1967000000.0,112440000000.0,4518000000.0,1.259,1.363,9779000000.0,0.0,9779000000.0,9779000000.0,0.0,1961000000.0,0.0,0.004,0.167,8209000000.0,10170000000.0,0.071,10170000000.0,8209000000.0,7415000000.0,1.02,1.0,1.02,22017000000.0,20596500000.0,22017000000.0,213425667284.0,26.0,20.986,4184000000.0,0.94,1.0,31740000000.0,0.22,0.0,794000000.0,42090000000.0,41454000000.0,18149000000.0,0.0,0.0,0.0,30006000000.0,17745000000.0,12261000000.0,204691667284.0,1196000000.0,-855000000.0,-839000000.0,-441000000.0,-741000000.0,-2324000000.0,-4774000000.0,0.0,8268000000.0,26000000.0,4518000000.0,4518000000.0,4518000000.0,0.0,0.0,0.031,23178000000.0,8562000000.0,11235000000.0,0.164,9.297,45.306,45.098,26750000000.0,0.0,46.0,1.42,1.419,1154000000.0,21620000000.0,144180000000.0,144180000000.0,0.0,0.09,0.219,0.198,0.057,0.0,23178000000.0,1.0,4449818854.0,4449000000.0,4472000000.0,32.407,52023000000.0,0.0,2897000000.0,714000000.0,11.693,4601000000.0
90,WMT,MRT,1998-12-31,1999-01-31,1999-01-31,2021-09-02,-509000000.0,49996000000.0,48538250000.0,21132000000.0,28864000000.0,2.868,4.729,-3734000000.0,1879000000.0,1879000000.0,108725000000.0,4430000000.0,1.261,1.368,10613000000.0,1006000000.0,9607000000.0,10613000000.0,0.0,1872000000.0,0.0,0.004,0.156,7967000000.0,9839000000.0,0.071,9839000000.0,7967000000.0,7170000000.0,0.99,0.99,0.99,21112000000.0,19797000000.0,21112000000.0,201774001516.0,25.0,20.508,3846000000.0,0.862,1.0,30483000000.0,0.219,2538000000.0,797000000.0,39430000000.0,41180500000.0,17076000000.0,0.0,0.0,0.0,28884000000.0,16762000000.0,12122000000.0,191217001516.0,432000000.0,-855000000.0,-1202000000.0,-640000000.0,-693000000.0,-2756000000.0,-4418000000.0,0.0,7580000000.0,26000000.0,4430000000.0,4430000000.0,4430000000.0,0.0,0.0,0.032,22363000000.0,8120000000.0,10257000000.0,0.158,9.057,43.164,43.434,25973000000.0,0.0,43.0,1.374,1.379,1118000000.0,20741000000.0,139208000000.0,139208000000.0,0.0,0.091,0.224,0.193,0.057,0.0,22363000000.0,1.0,4446907012.0,4464000000.0,4485000000.0,31.185,47458000000.0,0.0,2740000000.0,1217000000.0,10.631,4370000000.0
91,WMT,MRT,1998-09-30,1998-10-31,1998-10-31,2021-09-02,-528000000.0,51239000000.0,47385250000.0,23518000000.0,27721000000.0,2.822,4.417,-3394000000.0,1009000000.0,1009000000.0,104481000000.0,4158000000.0,1.215,1.599,11566000000.0,1976000000.0,9590000000.0,11566000000.0,0.0,1856000000.0,0.0,0.004,0.151,7469000000.0,9325000000.0,0.07,9325000000.0,7469000000.0,6683000000.0,0.925,0.915,0.925,19714000000.0,19144750000.0,19714000000.0,165356903803.0,22.0,17.733,3157000000.0,0.707,1.0,29253000000.0,0.219,0.0,786000000.0,42443000000.0,41396000000.0,20620000000.0,0.0,0.0,0.0,31525000000.0,19353000000.0,12172000000.0,155581903803.0,281000000.0,-1142000000.0,-1319000000.0,264000000.0,-672000000.0,-1811000000.0,-4459000000.0,0.0,6551000000.0,0.0,4158000000.0,4158000000.0,4158000000.0,0.0,0.0,0.031,21641000000.0,7612000000.0,11424000000.0,0.163,7.892,37.417,37.33,25291000000.0,0.0,34.53,1.163,1.152,1401000000.0,19437000000.0,133734000000.0,133734000000.0,0.0,0.088,0.217,0.18,0.056,0.0,21641000000.0,1.0,4505702398.0,4463000000.0,4493000000.0,29.965,51239000000.0,0.0,2525000000.0,771000000.0,11.481,4165000000.0
92,WMT,MRT,1998-06-30,1998-07-31,1998-07-31,2021-09-02,-505000000.0,46874000000.0,46118500000.0,19937000000.0,26937000000.0,2.796,4.37,-3084000000.0,884000000.0,884000000.0,100781000000.0,3941000000.0,1.347,1.399,10659000000.0,725000000.0,9934000000.0,10659000000.0,0.0,1749000000.0,0.0,0.005,0.146,7120000000.0,8869000000.0,0.069,8869000000.0,7120000000.0,6338000000.0,0.87,0.87,0.87,19543000000.0,18605000000.0,19543000000.0,150925409357.0,21.0,17.017,3734000000.0,0.835,1.0,28156000000.0,0.218,0.0,782000000.0,41853000000.0,40839500000.0,17617000000.0,0.0,0.0,0.0,27331000000.0,14796000000.0,12535000000.0,141140409357.0,-46000000.0,-2044000000.0,-1004000000.0,-185000000.0,-651000000.0,-1907000000.0,-4957000000.0,0.0,6818000000.0,0.0,3941000000.0,3941000000.0,3941000000.0,0.0,0.0,0.031,20908000000.0,7248000000.0,9844000000.0,0.168,7.222,35.813,36.282,24398000000.0,0.0,31.565,1.095,1.095,1008000000.0,19225000000.0,128937000000.0,128937000000.0,0.0,0.085,0.212,0.174,0.055,0.0,20908000000.0,1.0,4471421174.0,4472000000.0,4505000000.0,28.832,46874000000.0,0.0,2397000000.0,799000000.0,10.482,5141000000.0
93,WMT,MRT,1998-03-31,1998-04-30,1998-04-30,2021-09-02,-461000000.0,46044000000.0,44568250000.0,19690000000.0,26354000000.0,2.777,4.199,-2884000000.0,771000000.0,771000000.0,96837000000.0,3702000000.0,1.327,1.447,10556000000.0,808000000.0,9748000000.0,10556000000.0,0.0,1709000000.0,0.0,0.006,0.141,6728000000.0,8437000000.0,0.068,8437000000.0,6728000000.0,5939000000.0,0.815,0.815,0.815,18819000000.0,18035000000.0,18819000000.0,122613633654.0,18.0,14.533,3814000000.0,0.851,1.0,26924000000.0,0.218,0.0,789000000.0,40996000000.0,39809000000.0,17512000000.0,0.0,0.0,0.0,27225000000.0,14833000000.0,12392000000.0,113245633654.0,45000000.0,-1865000000.0,-1303000000.0,-333000000.0,-635000000.0,-2187000000.0,-4466000000.0,0.0,6698000000.0,0.0,3702000000.0,3702000000.0,3702000000.0,0.0,0.0,0.03,20098000000.0,6826000000.0,9765000000.0,0.173,6.018,30.59,31.018,24004000000.0,0.0,25.28,0.915,0.916,1009000000.0,18462000000.0,123761000000.0,123761000000.0,0.0,0.083,0.205,0.169,0.054,0.0,20098000000.0,1.0,4479653230.0,4482000000.0,4510000000.0,27.613,46044000000.0,0.0,2237000000.0,802000000.0,10.273,4857000000.0
94,WMT,MRT,1997-12-31,1998-01-31,1998-01-31,2021-09-02,-473000000.0,45384000000.0,43001500000.0,19352000000.0,26032000000.0,2.774,4.097,-2636000000.0,1447000000.0,1447000000.0,93438000000.0,3526000000.0,1.338,1.453,10815000000.0,1141000000.0,9674000000.0,10815000000.0,0.0,1634000000.0,0.0,0.007,0.136,6425000000.0,8059000000.0,0.068,8059000000.0,6425000000.0,5641000000.0,0.78,0.78,0.78,18503000000.0,17575750000.0,18503000000.0,100319564438.0,16.0,12.448,4487000000.0,0.994,1.0,25861000000.0,0.217,0.0,784000000.0,40292000000.0,38639250000.0,16497000000.0,0.0,0.0,0.0,26881000000.0,14460000000.0,12421000000.0,89409564438.0,564000000.0,-1865000000.0,-1569000000.0,-101000000.0,-611000000.0,-2138000000.0,-4421000000.0,0.0,7123000000.0,0.0,3526000000.0,3526000000.0,3526000000.0,0.0,0.0,0.03,19358000000.0,6503000000.0,9126000000.0,0.174,4.832,25.357,25.519,23606000000.0,0.0,19.905,0.749,0.753,976000000.0,18167000000.0,119299000000.0,119299000000.0,0.0,0.082,0.201,0.166,0.054,0.0,19358000000.0,1.0,4491814340.0,4516000000.0,4533000000.0,26.417,45384000000.0,0.0,2115000000.0,1374000000.0,10.05,4892000000.0
95,WMT,MRT,1997-09-30,1997-10-31,1997-10-31,2021-09-02,-446000000.0,46172000000.0,41556500000.0,21634000000.0,24538000000.0,2.762,3.896,-2320000000.0,728000000.0,728000000.0,90011000000.0,3334000000.0,1.283,1.63,11638000000.0,2553000000.0,9085000000.0,11638000000.0,0.0,1580000000.0,0.0,0.007,0.129,6083000000.0,7663000000.0,0.067,7663000000.0,6083000000.0,5309000000.0,0.735,0.735,0.735,17555000000.0,17235750000.0,17555000000.0,88464122155.0,15.0,11.544,3895000000.0,0.864,1.0,24764000000.0,0.216,0.0,774000000.0,40217000000.0,38165750000.0,19303000000.0,0.0,0.0,0.0,28617000000.0,16865000000.0,11752000000.0,78871122155.0,652000000.0,-770000000.0,-1573000000.0,-356000000.0,-579000000.0,-2385000000.0,-3178000000.0,0.0,6215000000.0,0.0,3334000000.0,3334000000.0,3334000000.0,0.0,0.0,0.029,18611000000.0,6153000000.0,10518000000.0,0.176,4.493,23.657,23.81,22760000000.0,0.0,17.5,0.687,0.687,1310000000.0,17226000000.0,114775000000.0,114775000000.0,0.0,0.08,0.193,0.159,0.053,0.0,18611000000.0,1.0,4506921266.0,4506000000.0,4526000000.0,25.472,46172000000.0,0.0,1975000000.0,758000000.0,10.247,4769000000.0
96,WMT,MRT,1997-06-30,1997-07-31,1997-07-31,2021-09-02,-420000000.0,40673000000.0,40565250000.0,18534000000.0,22139000000.0,2.754,3.819,-1962000000.0,930000000.0,930000000.0,87747000000.0,3226000000.0,1.479,1.356,10523000000.0,1274000000.0,9249000000.0,10523000000.0,0.0,1526000000.0,0.0,0.006,0.121,5908000000.0,7434000000.0,0.067,7434000000.0,5908000000.0,5120000000.0,0.71,0.71,0.71,17263000000.0,16942250000.0,17263000000.0,93462986962.0,16.0,12.572,4033000000.0,0.892,1.0,23979000000.0,0.215,0.0,788000000.0,37731000000.0,37904750000.0,16397000000.0,0.0,0.0,0.0,23410000000.0,12535000000.0,10875000000.0,84924986962.0,906000000.0,0.0,-1243000000.0,-2219000000.0,-547000000.0,-3157000000.0,-1932000000.0,0.0,5995000000.0,0.0,3226000000.0,3226000000.0,3226000000.0,0.0,0.0,0.029,18018000000.0,5961000000.0,7885000000.0,0.17,4.919,26.325,26.408,20747000000.0,0.0,18.75,0.76,0.759,919000000.0,16907000000.0,111726000000.0,111726000000.0,0.0,0.08,0.19,0.156,0.053,0.0,18018000000.0,1.0,4529332638.0,4520000000.0,4538000000.0,24.718,40673000000.0,0.0,1894000000.0,467000000.0,8.998,5999000000.0
97,WMT,MRT,1997-03-31,1997-04-30,1997-04-30,2021-09-02,-433000000.0,39777000000.0,40121500000.0,17833000000.0,21944000000.0,2.714,3.731,-1958000000.0,726000000.0,726000000.0,85605000000.0,3137000000.0,1.486,1.342,9264000000.0,0.0,9264000000.0,9264000000.0,0.0,1481000000.0,0.0,0.008,0.113,5792000000.0,7273000000.0,0.067,7273000000.0,5792000000.0,4978000000.0,0.69,0.69,0.69,16982000000.0,16574250000.0,16982000000.0,73480520366.0,13.0,10.103,3615000000.0,0.794,1.0,23271000000.0,0.214,0.0,814000000.0,36317000000.0,38404250000.0,15919000000.0,0.0,0.0,0.0,22795000000.0,11998000000.0,10797000000.0,63729520366.0,694000000.0,0.0,-844000000.0,-2195000000.0,-511000000.0,-2800000000.0,-2079000000.0,0.0,5573000000.0,0.0,3137000000.0,3137000000.0,3137000000.0,0.0,0.0,0.029,17431000000.0,5840000000.0,7747000000.0,0.164,3.753,20.315,20.384,20479000000.0,0.0,14.065,0.585,0.588,854000000.0,16653000000.0,108876000000.0,108876000000.0,0.0,0.078,0.189,0.151,0.053,0.0,17431000000.0,1.0,4531071480.0,4552000000.0,4562000000.0,23.918,39777000000.0,0.0,1841000000.0,473000000.0,8.738,5835000000.0
98,WMT,MRT,1996-12-31,1997-01-31,1997-01-31,2021-09-02,-400000000.0,39604000000.0,39739500000.0,17993000000.0,21611000000.0,2.672,3.739,-2179000000.0,883000000.0,883000000.0,83510000000.0,3056000000.0,1.642,1.31,10634000000.0,618000000.0,10016000000.0,10634000000.0,0.0,1463000000.0,0.0,0.009,0.106,5695000000.0,7158000000.0,0.067,7158000000.0,5695000000.0,4850000000.0,0.67,0.67,0.67,17143000000.0,16132750000.0,17143000000.0,65622064634.0,12.0,9.168,3751000000.0,0.818,1.0,22668000000.0,0.213,0.0,845000000.0,38398000000.0,39010250000.0,15897000000.0,0.0,0.0,0.0,22461000000.0,10957000000.0,11504000000.0,54479064634.0,800000000.0,0.0,-208000000.0,-3073000000.0,-481000000.0,-3062000000.0,-2068000000.0,0.0,5930000000.0,0.0,3056000000.0,3056000000.0,3056000000.0,0.0,0.0,0.029,16946000000.0,5722000000.0,7628000000.0,0.158,3.178,17.827,17.724,20324000000.0,0.0,11.875,0.513,0.513,845000000.0,16768000000.0,106178000000.0,106178000000.0,0.0,0.077,0.189,0.146,0.054,0.0,16946000000.0,1.0,4587710706.0,4585000000.0,4592000000.0,23.158,39604000000.0,0.0,1794000000.0,761000000.0,8.638,7036000000.0
99,WMT,MRT,1996-09-30,1996-10-31,1996-10-31,2021-09-02,-386000000.0,42207000000.0,39223750000.0,21024000000.0,21183000000.0,2.623,3.57,-2487000000.0,76000000.0,76000000.0,80822000000.0,2903000000.0,1.483,1.577,11219000000.0,1112000000.0,10107000000.0,11219000000.0,0.0,1427000000.0,0.0,0.008,0.105,5495000000.0,6922000000.0,0.067,6922000000.0,5495000000.0,4600000000.0,0.635,0.635,0.635,16381000000.0,15536000000.0,16381000000.0,75289583850.0,14.0,10.877,2315000000.0,0.505,1.0,22050000000.0,0.214,0.0,895000000.0,39173000000.0,39261250000.0,19044000000.0,0.0,0.0,0.0,25826000000.0,14177000000.0,11649000000.0,62790583850.0,63000000.0,0.0,-107000000.0,-2837000000.0,-475000000.0,-2603000000.0,-2136000000.0,0.0,4802000000.0,0.0,2903000000.0,2903000000.0,2903000000.0,0.0,0.0,0.028,16543000000.0,5507000000.0,9367000000.0,0.165,3.833,21.63,21.555,20049000000.0,0.0,13.688,0.61,0.61,1171000000.0,15992000000.0,102872000000.0,102872000000.0,0.0,0.074,0.187,0.14,0.053,0.0,16543000000.0,1.0,4587439916.0,4588000000.0,,22.422,42207000000.0,0.0,1697000000.0,1542000000.0,9.199,6847000000.0
100,WMT,MRT,1996-06-30,1996-07-31,1996-07-31,2021-09-02,-411000000.0,38898000000.0,38676500000.0,17958000000.0,20940000000.0,2.585,3.442,-3251000000.0,24000000.0,24000000.0,78582000000.0,2831000000.0,1.539,1.463,12523000000.0,1823000000.0,10700000000.0,12523000000.0,0.0,1407000000.0,0.0,0.009,0.103,5401000000.0,6808000000.0,0.068,6808000000.0,5401000000.0,4487000000.0,0.62,0.62,0.62,15791000000.0,14963500000.0,15791000000.0,66633379822.0,12.0,9.788,724000000.0,0.158,1.0,21393000000.0,0.214,0.0,914000000.0,39729000000.0,39238500000.0,16375000000.0,0.0,0.0,0.0,23107000000.0,11668000000.0,11439000000.0,54471379822.0,18000000.0,0.0,-107000000.0,-513000000.0,-469000000.0,-979000000.0,-2978000000.0,0.0,3975000000.0,0.0,2831000000.0,2831000000.0,2831000000.0,0.0,0.0,0.028,15979000000.0,5414000000.0,7204000000.0,0.166,3.45,19.241,19.153,19771000000.0,0.0,11.875,0.545,0.545,879000000.0,15428000000.0,99975000000.0,99975000000.0,0.0,0.073,0.189,0.138,0.054,0.0,15979000000.0,1.0,4587063564.0,4588000000.0,,21.791,38898000000.0,0.0,1656000000.0,739000000.0,8.478,6290000000.0
101,WMT,MRT,1996-03-31,1996-04-30,1996-04-30,2021-09-02,-402000000.0,38249000000.0,37781500000.0,17779000000.0,20470000000.0,2.571,3.318,-3540000000.0,32000000.0,32000000.0,76341000000.0,2758000000.0,1.523,1.514,12194000000.0,1575000000.0,10619000000.0,12194000000.0,0.0,1376000000.0,0.0,0.009,0.102,5282000000.0,6658000000.0,0.069,6658000000.0,5282000000.0,4374000000.0,0.605,0.605,0.605,15216000000.0,14360750000.0,15216000000.0,66926696000.0,13.0,10.052,466000000.0,0.102,1.0,20787000000.0,0.214,0.0,908000000.0,38741000000.0,38482250000.0,16213000000.0,0.0,0.0,0.0,23033000000.0,11670000000.0,11363000000.0,53611696000.0,18000000.0,0.0,-107000000.0,-250000000.0,-463000000.0,-724000000.0,-3264000000.0,0.0,4006000000.0,0.0,2758000000.0,2758000000.0,2758000000.0,0.0,0.0,0.028,15492000000.0,5295000000.0,7375000000.0,0.169,3.523,19.439,19.318,19339000000.0,0.0,11.688,0.552,0.552,908000000.0,14843000000.0,97128000000.0,97128000000.0,0.0,0.073,0.192,0.137,0.054,0.0,15492000000.0,1.0,4587096984.0,4586000000.0,,21.179,38249000000.0,0.0,1616000000.0,744000000.0,8.34,6109000000.0
102,WMT,MRT,1995-12-31,1996-01-31,1996-01-31,2021-09-02,-412000000.0,37541000000.0,36814750000.0,17331000000.0,20210000000.0,2.574,3.215,-3566000000.0,83000000.0,83000000.0,74505000000.0,2740000000.0,1.513,1.544,13398000000.0,2798000000.0,10600000000.0,13398000000.0,0.0,1304000000.0,0.0,0.01,0.1,5234000000.0,6538000000.0,0.069,6538000000.0,5234000000.0,4346000000.0,0.595,0.595,0.595,14756000000.0,13835750000.0,14756000000.0,59779896640.0,11.0,9.143,-1183000000.0,-0.258,1.0,20268000000.0,0.214,0.0,888000000.0,39402000000.0,37856250000.0,15989000000.0,0.0,0.0,0.0,22785000000.0,11454000000.0,11331000000.0,45890896640.0,38000000.0,0.0,-105000000.0,1457000000.0,-458000000.0,987000000.0,-3332000000.0,0.0,2383000000.0,0.0,2740000000.0,2740000000.0,2740000000.0,0.0,0.0,0.029,15021000000.0,5247000000.0,6442000000.0,0.168,3.11,16.749,16.807,18894000000.0,0.0,10.0,0.484,0.484,853000000.0,14394000000.0,94773000000.0,94773000000.0,0.0,0.074,0.198,0.138,0.055,0.0,15021000000.0,1.0,4589089664.0,4589089664.0,,20.652,37541000000.0,0.0,1606000000.0,523000000.0,8.18,5877000000.0
103,WMT,MRT,1995-09-30,1995-10-31,1995-10-31,2021-09-02,-275000000.0,40018000000.0,35634250000.0,20213000000.0,19805000000.0,2.588,3.069,-4392000000.0,13000000.0,13000000.0,71828000000.0,2828000000.0,1.363,1.84,13902000000.0,3686000000.0,10216000000.0,13902000000.0,0.0,1251000000.0,0.0,0.009,0.097,5351000000.0,6602000000.0,0.072,6602000000.0,5351000000.0,4517000000.0,0.62,0.62,0.62,14091000000.0,13328250000.0,14091000000.0,61966225316.0,12.0,9.386,-2079000000.0,-0.453,1.0,20378000000.0,0.221,0.0,834000000.0,39082000000.0,36603750000.0,18322000000.0,0.0,0.0,0.0,25927000000.0,14825000000.0,11102000000.0,49657225316.0,-4000000.0,426000000.0,-68000000.0,1332000000.0,-442000000.0,772000000.0,-3089000000.0,0.0,2313000000.0,0.0,2828000000.0,2828000000.0,2828000000.0,0.0,0.0,0.031,14373000000.0,6005000000.0,8530000000.0,0.156,3.524,17.559,17.444,18275000000.0,0.0,10.815,0.539,0.539,1212000000.0,13597000000.0,92206000000.0,92206000000.0,0.0,0.079,0.212,0.146,0.058,0.0,14373000000.0,1.0,4591514130.0,4592000000.0,,20.08,40018000000.0,0.0,1689000000.0,886000000.0,8.715,5388000000.0
104,WMT,MRT,1995-06-30,1995-07-31,1995-07-31,2021-09-02,-518000000.0,35318000000.0,,16509000000.0,18809000000.0,,2.914,-4050000000.0,6000000.0,6000000.0,69853000000.0,2804000000.0,1.511,1.64,12315000000.0,2123000000.0,10192000000.0,12315000000.0,0.0,1183000000.0,0.0,0.007,0.093,5259000000.0,6442000000.0,0.072,6442000000.0,5259000000.0,4472000000.0,0.615,0.615,0.615,13380000000.0,,13380000000.0,73528307043.0,14.0,11.414,-1291000000.0,-0.281,1.0,19590000000.0,0.219,0.0,787000000.0,36704000000.0,,15077000000.0,0.0,0.0,0.0,21938000000.0,10923000000.0,11015000000.0,61178307043.0,-4000000.0,195000000.0,-68000000.0,1194000000.0,-426000000.0,785000000.0,-3548000000.0,0.0,2759000000.0,0.0,2804000000.0,2804000000.0,2804000000.0,0.0,0.0,0.031,13912000000.0,5678000000.0,6438000000.0,0.151,4.572,21.818,21.65,17591000000.0,0.0,13.315,0.684,0.684,858000000.0,13129000000.0,89443000000.0,89443000000.0,0.0,,,,0.059,0.0,13912000000.0,1.0,4594690728.0,4592000000.0,,19.478,35318000000.0,0.0,1668000000.0,823000000.0,7.691,5586000000.0
105,WMT,MRT,1995-03-31,1995-04-30,1995-04-30,2021-09-02,-305000000.0,34382000000.0,,16161000000.0,18221000000.0,,2.855,-3820000000.0,14000000.0,14000000.0,67718000000.0,2736000000.0,1.54,1.621,12364000000.0,2372000000.0,9992000000.0,12364000000.0,0.0,1115000000.0,0.0,0.007,0.089,5106000000.0,6221000000.0,0.072,6221000000.0,5106000000.0,4356000000.0,0.6,0.6,0.6,13116000000.0,,13116000000.0,66113530510.0,13.0,10.627,-1820000000.0,-0.396,1.0,18660000000.0,0.216,0.0,750000000.0,36237000000.0,,14682000000.0,0.0,0.0,0.0,21266000000.0,10495000000.0,10771000000.0,54567530510.0,-62000000.0,6000000.0,-68000000.0,1819000000.0,-408000000.0,1370000000.0,-3432000000.0,0.0,2000000000.0,0.0,2736000000.0,2736000000.0,2736000000.0,0.0,0.0,0.032,13388000000.0,5272000000.0,5954000000.0,0.148,4.16,19.944,19.792,16827000000.0,0.0,11.875,0.632,0.632,823000000.0,12651000000.0,86378000000.0,86378000000.0,0.0,,,,0.059,0.0,13388000000.0,1.0,4595160464.0,4594000000.0,,18.802,34382000000.0,0.0,1620000000.0,779000000.0,7.484,5666000000.0
106,WMT,MRT,1994-12-31,1995-01-31,1995-01-31,2021-09-02,-256000000.0,32819000000.0,29630000000.0,15338000000.0,17481000000.0,2.815,2.769,-3734000000.0,45000000.0,45000000.0,65586000000.0,2681000000.0,1.538,1.579,11591000000.0,1882000000.0,9709000000.0,11591000000.0,0.0,1070000000.0,0.0,0.007,0.086,4968000000.0,6038000000.0,0.072,6038000000.0,4968000000.0,4262000000.0,0.585,0.585,0.585,12726000000.0,11739500000.0,12726000000.0,,,,-828000000.0,-0.18,1.0,17826000000.0,0.214,0.0,706000000.0,34392000000.0,31506500000.0,14064000000.0,0.0,0.0,0.0,20093000000.0,9973000000.0,10120000000.0,52844345336.0,25000000.0,-352000000.0,-68000000.0,1363000000.0,-391000000.0,911000000.0,-3792000000.0,0.0,2906000000.0,0.0,2681000000.0,2681000000.0,2681000000.0,0.0,0.0,0.032,12858000000.0,4968000000.0,5907000000.0,0.147,4.152,19.711,19.658,15874000000.0,0.0,11.5,0.634,0.634,900000000.0,12213000000.0,83412000000.0,83412000000.0,0.0,0.09,0.228,0.158,0.06,0.0,12858000000.0,1.0,4595160464.0,4595160464.0,,18.152,32819000000.0,0.0,1581000000.0,776000000.0,7.142,5365000000.0
107,WMT,MRT,1994-09-30,1994-10-31,1994-10-31,2021-09-02,,,,,,,,,,,,,,,,,,,,,,0.007,0.081,,,,,,,,,,,,,,,,,,1.0,,,,,,,,,,,,,,,,,,,,,,,,,,,,,,,,,,,,,,,,11.75,,,,,,,,,,,,,,1.0,,4598000000.0,,,,,,,,
108,WMT,MRT,1994-06-30,1994-07-31,1994-07-31,2021-09-02,,,,,,,,,,,,,,,,,,,,,,0.006,0.076,,,,,,,,,,,,,,,,,,1.0,,,,,,,,,,,,,,,,,,,,,,,,,,,,,,,,,,,,,,,,12.5,,,,,,,,,,,,,,1.0,,4598000000.0,,,,,,,,
109,WMT,MRT,1994-03-31,1994-04-30,1994-04-30,2021-09-02,,,,,,,,,,,,,,,,,,,,,,0.006,0.071,,,,,,,,,,,,,,,,,,1.0,,,,,,,,,,,,,,,,,,,,,,,,,,,,,,,,,,,,,,,,12.625,,,,,,,,,,,,,,1.0,,4598000000.0,,,,,,,,
110,WMT,MRT,1993-12-31,1994-01-31,1994-01-31,2021-09-02,0.0,26441000000.0,,12114000000.0,14327000000.0,,,-3644000000.0,20000000.0,20000000.0,53444000000.0,2333000000.0,1.636,1.459,9606000000.0,1646000000.0,7960000000.0,9606000000.0,0.0,849000000.0,0.0,0.005,0.066,4208000000.0,5057000000.0,0.074,5057000000.0,4208000000.0,3691000000.0,0.51,0.51,0.51,10753000000.0,,10753000000.0,,,,-1449000000.0,,1.0,14541000000.0,0.214,0.0,517000000.0,28621000000.0,,11014000000.0,0.0,0.0,0.0,15688000000.0,7406000000.0,8282000000.0,,8000000.0,-1028000000.0,0.0,2638000000.0,-299000000.0,2299000000.0,-4486000000.0,0.0,2195000000.0,0.0,2333000000.0,2333000000.0,2333000000.0,0.0,0.0,0.034,10333000000.0,4208000000.0,4104000000.0,0.129,,,25.98,13176000000.0,0.0,13.25,,,690000000.0,9987000000.0,67985000000.0,67985000000.0,0.0,,,,0.062,0.0,10333000000.0,1.0,,,,,26441000000.0,0.0,1358000000.0,505000000.0,,4708000000.0
111,WMT,MRT,1992-12-31,1993-01-31,1993-01-31,2021-09-02,,,,,,,,-3756000000.0,,,44175000000.0,1995000000.0,,,,,,,,649000000.0,,0.003,0.053,3489000000.0,4138000000.0,0.074,4138000000.0,3489000000.0,3166000000.0,0.435,0.435,0.435,,,,,,,-2478000000.0,,1.0,11810000000.0,0.211,,323000000.0,,,,,,,,,,,-19000000.0,-106000000.0,0.0,2434000000.0,-241000000.0,2209000000.0,-3506000000.0,0.0,1278000000.0,0.0,1995000000.0,1995000000.0,1995000000.0,0.0,0.0,0.036,8321000000.0,3489000000.0,,0.122,,,37.425,,0.0,16.28,,,,,55985000000.0,55985000000.0,0.0,,,,0.062,0.0,8321000000.0,1.0,,,,,,,1171000000.0,,,
