None,ticker,dimension,calendardate,datekey,reportperiod,lastupdated,accoci,assets,assetsavg,assetsc,assetsnc,assetturnover,bvps,capex,cashneq,cashnequsd,cor,consolinc,currentratio,de,debt,debtc,debtnc,debtusd,deferredrev,depamor,deposits,divyield,dps,ebit,ebitda,ebitdamargin,ebitdausd,ebitusd,ebt,eps,epsdil,epsusd,equity,equityavg,equityusd,ev,evebit,evebitda,fcf,fcfps,fxusd,gp,grossmargin,intangibles,intexp,invcap,invcapavg,inventory,investments,investmentsc,investmentsnc,liabilities,liabilitiesc,liabilitiesnc,marketcap,ncf,ncfbus,ncfcommon,ncfdebt,ncfdiv,ncff,ncfi,ncfinv,ncfo,ncfx,netinc,netinccmn,netinccmnusd,netincdis,netincnci,netmargin,opex,opinc,payables,payoutratio,pb,pe,pe1,ppnenet,prefdivis,price,ps,ps1,receivables,retearn,revenue,revenueusd,rnd,roa,roe,roic,ros,sbcomp,sgna,sharefactor,sharesbas,shareswa,shareswadil,sps,tangibles,taxassets,taxexp,taxliabilities,tbvps,workingcapital
0,IPG,MRY,2020-12-31,2020-12-31,2020-12-31,2021-09-07,-880200000.0,18042700000.0,16360800000.0,9367600000.0,8675100000.0,0.554,7.435,-167500000.0,2509000000.0,2509000000.0,7709400000.0,354200000.0,0.978,5.183,5175800000.0,819000000.0,4356800000.0,5175800000.0,0.0,290600000.0,0.0,0.043,1.02,551300000.0,841900000.0,0.093,841900000.0,551300000.0,359100000.0,0.9,0.89,0.9,2895000000.0,2650125000.0,2895000000.0,13244715979.0,24.0,15.732,1679700000.0,4.314,1.0,1351600000.0,0.149,5879100000.0,192200000.0,5249900000.0,6669950000.0,0.0,0.0,0.0,0.0,15005700000.0,9580500000.0,5425200000.0,9173615979.0,1315800000.0,-4900000.0,6500000.0,144000000.0,-398100000.0,-346200000.0,-216200000.0,0.0,1847200000.0,31000000.0,351100000.0,351100000.0,351100000.0,0.0,3100000.0,0.039,763200000.0,588400000.0,7269700000.0,1.133,3.169,26.128,26.133,2069600000.0,0.0,23.52,1.012,1.011,6467100000.0,2636900000.0,9061000000.0,9061000000.0,0.0,0.021,0.132,0.083,0.061,67000000.0,58800000.0,1.0,390034693.0,389400000,393200000.0,23.269,12163600000.0,302000000.0,8000000.0,0.0,31.237,-212900000.0
1,IPG,MRY,2019-12-31,2019-12-31,2019-12-31,2021-09-07,-930000000.0,17751900000.0,16581600000.0,8770700000.0,8981200000.0,0.616,7.19,-198500000.0,1192200000.0,1192200000.0,8729100000.0,673900000.0,0.931,5.318,5023100000.0,821600000.0,4201500000.0,5023100000.0,0.0,278500000.0,0.0,0.041,0.94,1060100000.0,1338600000.0,0.131,1338600000.0,1060100000.0,860800000.0,1.7,1.68,1.7,2775900000.0,2496025000.0,2775900000.0,13747311510.0,13.0,10.27,1330700000.0,3.447,1.0,1492200000.0,0.146,5908700000.0,199300000.0,6253700000.0,7214075000.0,0.0,0.0,0.0,0.0,14761600000.0,9420400000.0,5341200000.0,8956611510.0,518500000.0,-600000.0,4300000.0,-423100000.0,-363100000.0,-843000000.0,-161700000.0,0.0,1529200000.0,-6000000.0,656000000.0,656000000.0,656000000.0,0.0,17900000.0,0.064,406200000.0,1086000000.0,7205400000.0,0.553,3.227,13.653,13.588,2352500000.0,0.0,23.1,0.876,0.873,7143300000.0,2689900000.0,10221300000.0,10221300000.0,0.0,0.04,0.263,0.147,0.104,80200000.0,93800000.0,1.0,387732100.0,386100000,391200000.0,26.473,11843200000.0,252100000.0,204800000.0,0.0,30.674,-649700000.0
2,IPG,MRY,2018-12-31,2018-12-31,2018-12-31,2021-09-07,-941100000.0,15620300000.0,13432775000.0,8182900000.0,7437400000.0,0.723,6.244,-177100000.0,673400000.0,673400000.0,8336200000.0,637700000.0,1.007,5.44,3734000000.0,73800000.0,3660200000.0,3734000000.0,0.0,202900000.0,0.0,0.041,0.84,941100000.0,1144000000.0,0.118,1144000000.0,941100000.0,818100000.0,1.61,1.59,1.61,2393200000.0,2175325000.0,2393200000.0,9413071445.0,10.0,8.228,388000000.0,1.012,1.0,1378200000.0,0.142,5970600000.0,123000000.0,4586400000.0,3552175000.0,0.0,0.0,0.0,0.0,13019600000.0,8123900000.0,4895700000.0,7929171445.0,-120500000.0,-2309800000.0,-101600000.0,2371900000.0,-322100000.0,1853200000.0,-2491500000.0,0.0,565100000.0,-47300000.0,618900000.0,618900000.0,618900000.0,0.0,18800000.0,0.064,369400000.0,1008800000.0,6698100000.0,0.522,3.313,12.812,12.814,790900000.0,0.0,20.63,0.816,0.814,7027200000.0,2400100000.0,9714400000.0,9714400000.0,0.0,0.046,0.285,0.265,0.097,82200000.0,166500000.0,1.0,384351500.0,383300000,389000000.0,25.344,9649700000.0,247000000.0,199200000.0,0.0,25.175,59000000.0
3,IPG,MRY,2017-12-31,2017-12-31,2017-12-31,2021-09-07,-827800000.0,12704700000.0,11949225000.0,7475500000.0,5229200000.0,0.757,5.676,-155900000.0,790900000.0,790900000.0,7834000000.0,570400000.0,0.974,4.615,1372500000.0,86900000.0,1285600000.0,1372500000.0,0.0,157100000.0,0.0,0.036,0.72,916500000.0,1073600000.0,0.119,1073600000.0,916500000.0,825700000.0,1.42,1.4,1.42,2211500000.0,2042600000.0,2211500000.0,9228149235.0,10.0,8.596,725900000.0,1.863,1.0,1213600000.0,0.134,3961100000.0,90800000.0,1649900000.0,2075725000.0,0.0,0.0,0.0,0.0,10206300000.0,7675300000.0,2531000000.0,7834349235.0,-302500000.0,-30600000.0,-287000000.0,-321600000.0,-280300000.0,-1004900000.0,-196200000.0,0.0,881800000.0,16800000.0,554400000.0,554400000.0,554400000.0,0.0,16000000.0,0.061,275200000.0,938400000.0,6420200000.0,0.507,3.543,14.131,14.197,650400000.0,0.0,20.16,0.866,0.868,6332400000.0,2104500000.0,9047600000.0,9047600000.0,0.0,0.046,0.271,0.442,0.101,82000000.0,118500000.0,1.0,388608593.0,389600000,397300000.0,23.223,8743600000.0,234000000.0,271300000.0,0.0,22.443,-199800000.0
4,IPG,MRY,2016-12-31,2016-12-31,2016-12-31,2021-09-07,-962500000.0,12485200000.0,11868850000.0,7438000000.0,5047200000.0,0.763,5.069,-200700000.0,1097600000.0,1097600000.0,7821000000.0,629000000.0,0.965,5.045,1690300000.0,409600000.0,1280700000.0,1690300000.0,0.0,160200000.0,0.0,0.026,0.6,892500000.0,1052700000.0,0.116,1052700000.0,892500000.0,801900000.0,1.52,1.48,1.52,2017100000.0,1973900000.0,2017100000.0,10143203327.0,11.0,9.635,312100000.0,0.784,1.0,1235200000.0,0.136,3674400000.0,90600000.0,1697500000.0,2164550000.0,0.0,0.0,0.0,0.0,10175700000.0,7706000000.0,2469700000.0,9294003327.0,-405900000.0,-52000000.0,-293100000.0,-58000000.0,-238400000.0,-666400000.0,-263900000.0,0.0,512800000.0,11600000.0,605000000.0,605000000.0,605000000.0,0.0,24000000.0,0.067,298800000.0,936400000.0,6303600000.0,0.395,4.608,15.362,15.401,622000000.0,0.0,23.41,1.026,1.029,5907800000.0,1804300000.0,9056200000.0,9056200000.0,0.0,0.051,0.306,0.412,0.099,85600000.0,138600000.0,1.0,397009967.0,397900000,408000000.0,22.76,8810800000.0,220300000.0,196900000.0,0.0,22.143,-268000000.0
5,IPG,MRY,2015-12-31,2015-12-31,2015-12-31,2021-09-07,-845600000.0,12585100000.0,11689675000.0,7693100000.0,4892000000.0,0.651,4.816,-161100000.0,1502900000.0,1502900000.0,4854800000.0,480500000.0,1.014,5.256,1745100000.0,134800000.0,1610300000.0,1745100000.0,0.0,157000000.0,0.0,0.021,0.48,823200000.0,980200000.0,0.129,980200000.0,823200000.0,737400000.0,1.11,1.09,1.11,1965500000.0,1931475000.0,1965500000.0,10337081836.0,13.0,10.546,527400000.0,1.292,1.0,2759000000.0,0.362,3608500000.0,85800000.0,1634500000.0,2149900000.0,0.0,6800000.0,6800000.0,0.0,10331400000.0,7584300000.0,2747100000.0,9459781836.0,-158300000.0,-28600000.0,-271700000.0,49800000.0,-195500000.0,-490900000.0,-199700000.0,0.0,688500000.0,-156200000.0,454600000.0,454600000.0,454600000.0,0.0,25900000.0,0.06,1884200000.0,874800000.0,6689200000.0,0.432,4.813,20.809,20.973,567200000.0,0.0,23.28,1.242,1.248,5955400000.0,1437600000.0,7613800000.0,7613800000.0,0.0,0.039,0.235,0.383,0.108,70300000.0,1884200000.0,1.0,406348017.0,408100000,415700000.0,18.657,8976600000.0,228400000.0,282800000.0,0.0,21.996,108800000.0
6,IPG,MRY,2014-12-31,2014-12-31,2014-12-31,2021-09-07,-636700000.0,12736600000.0,12153475000.0,7810200000.0,4926400000.0,0.62,5.048,-148700000.0,1660600000.0,1660600000.0,4820400000.0,505400000.0,1.046,4.88,1722200000.0,109300000.0,1612900000.0,1722200000.0,0.0,163000000.0,0.0,0.018,0.38,778500000.0,941500000.0,0.125,941500000.0,778500000.0,693600000.0,1.14,1.12,1.14,2116300000.0,2131925000.0,2116300000.0,9547916995.0,12.0,10.141,547700000.0,1.307,1.0,2716700000.0,0.36,3669200000.0,84900000.0,1665700000.0,2036175000.0,0.0,6600000.0,6600000.0,0.0,10328000000.0,7463300000.0,2864700000.0,8686616995.0,23800000.0,-67800000.0,-255000000.0,81600000.0,-159000000.0,-372700000.0,-198900000.0,0.0,696400000.0,-101000000.0,477100000.0,477100000.0,477100000.0,0.0,28300000.0,0.063,1928300000.0,788400000.0,6558000000.0,0.333,4.105,18.207,18.219,548200000.0,0.0,20.77,1.153,1.155,5800800000.0,1183300000.0,7537100000.0,7537100000.0,0.0,0.039,0.224,0.382,0.103,54300000.0,1928300000.0,1.0,418229032.0,419200000,425400000.0,17.98,9067400000.0,192900000.0,216500000.0,0.0,21.63,346900000.0
7,IPG,MRY,2013-12-31,2013-12-31,2013-12-31,2021-09-07,-411200000.0,12905000000.0,12248000000.0,8084000000.0,4821000000.0,0.582,5.261,-173000000.0,1636800000.0,1636800000.0,4545500000.0,288900000.0,0.99,4.697,1662500000.0,532700000.0,1129800000.0,1662500000.0,0.0,157400000.0,0.0,0.017,0.3,571800000.0,729200000.0,0.102,729200000.0,571800000.0,449100000.0,0.62,0.61,0.62,2215200000.0,2327850000.0,2215200000.0,8037678780.0,14.0,11.023,419900000.0,0.997,1.0,2576800000.0,0.362,3629000000.0,122700000.0,1136400000.0,2067925000.0,0.0,5300000.0,5300000.0,0.0,10405100000.0,8165300000.0,2239800000.0,7367478780.0,-938000000.0,-59000000.0,-434400000.0,-597000000.0,-126000000.0,-1212300000.0,-224500000.0,10800000.0,592900000.0,-94100000.0,267900000.0,259200000.0,259200000.0,0.0,21000000.0,0.036,1978500000.0,598300000.0,6914200000.0,0.484,3.326,28.424,28.548,540000000.0,8700000.0,17.7,1.034,1.046,6101800000.0,864500000.0,7122300000.0,7122300000.0,0.0,0.021,0.111,0.277,0.08,43100000.0,1917900000.0,1.0,416241739.0,421100000,429600000.0,16.914,9276000000.0,144000000.0,181200000.0,0.0,22.028,-81300000.0
8,IPG,MRY,2012-12-31,2012-12-31,2012-12-31,2021-09-07,-288000000.0,13493900000.0,12210025000.0,8738300000.0,4755600000.0,0.57,5.597,-169200000.0,2574800000.0,2574800000.0,4391900000.0,464600000.0,1.135,4.466,2449500000.0,388700000.0,2060800000.0,2449500000.0,0.0,147700000.0,0.0,0.022,0.24,793500000.0,941200000.0,0.135,941200000.0,793500000.0,660000000.0,1.01,0.94,1.01,2420600000.0,2408575000.0,2420600000.0,5247297325.0,7.0,5.575,188000000.0,0.435,1.0,2564300000.0,0.369,3580600000.0,133500000.0,2086300000.0,1672375000.0,0.0,16000000.0,16000000.0,0.0,10810100000.0,7701700000.0,3108400000.0,4753897325.0,272100000.0,-38300000.0,-339700000.0,655700000.0,-103400000.0,131300000.0,-210200000.0,-1200000.0,357200000.0,-6200000.0,446700000.0,435100000.0,435100000.0,0.0,17900000.0,0.063,1886000000.0,678300000.0,6584800000.0,0.238,1.964,10.926,10.911,504800000.0,11600000.0,11.02,0.683,0.685,5815400000.0,738300000.0,6956200000.0,6956200000.0,0.0,0.036,0.181,0.474,0.114,44500000.0,1887200000.0,1.0,431388142.0,432500000,481400000.0,16.084,9913300000.0,160500000.0,213300000.0,0.0,22.921,1036600000.0
9,IPG,MRY,2011-12-31,2011-12-31,2011-12-31,2021-09-07,-225700000.0,12908700000.0,12303350000.0,8352200000.0,4556500000.0,0.57,5.288,-140300000.0,2302700000.0,2302700000.0,4402100000.0,551500000.0,1.039,4.13,1769200000.0,558300000.0,1210900000.0,1769200000.0,0.0,150900000.0,0.0,0.025,0.24,859300000.0,1010200000.0,0.144,1010200000.0,859300000.0,722500000.0,1.12,0.99,1.12,2461700000.0,2450450000.0,2461700000.0,4426809651.0,5.0,4.382,133200000.0,0.286,1.0,2612500000.0,0.372,3444300000.0,136800000.0,895400000.0,1202075000.0,0.0,12900000.0,12900000.0,0.0,10168000000.0,8035500000.0,2132500000.0,4487209651.0,-373000000.0,-63100000.0,-388800000.0,3600000.0,-111100000.0,-541000000.0,-58800000.0,133500000.0,273500000.0,-46700000.0,532300000.0,520700000.0,520700000.0,0.0,19200000.0,0.074,1925300000.0,687200000.0,6647200000.0,0.214,1.823,8.618,8.688,459800000.0,11600000.0,9.73,0.64,0.646,5672600000.0,405100000.0,7014600000.0,7014600000.0,0.0,0.042,0.212,0.715,0.123,51700000.0,1924300000.0,1.0,461172626.0,465500000,540600000.0,15.069,9464400000.0,181200000.0,190200000.0,0.0,20.332,316700000.0
10,IPG,MRY,2010-12-31,2010-12-31,2010-12-31,2021-09-07,-119000000.0,13070800000.0,12028850000.0,8453500000.0,4617300000.0,0.541,5.34,-96300000.0,2675700000.0,2675700000.0,4117000000.0,281200000.0,1.092,4.038,1737000000.0,153700000.0,1583300000.0,1737000000.0,0.0,148400000.0,0.0,0.0,0.0,572100000.0,720500000.0,0.111,720500000.0,572100000.0,432400000.0,0.57,0.47,0.57,2529000000.0,2354675000.0,2529000000.0,5206869746.0,9.0,7.227,721000000.0,1.522,1.0,2390300000.0,0.367,3368500000.0,139700000.0,1022700000.0,1589275000.0,0.0,13700000.0,13700000.0,0.0,10212700000.0,7740900000.0,2471800000.0,5190369746.0,180500000.0,-61900000.0,0.0,-199900000.0,0.0,-547700000.0,-108500000.0,0.0,817300000.0,19400000.0,261100000.0,271200000.0,271200000.0,0.0,20100000.0,0.042,1841600000.0,548700000.0,6806700000.0,0.0,2.052,19.139,18.632,454300000.0,-10100000.0,10.62,0.798,0.773,5534700000.0,-63700000.0,6507300000.0,6507300000.0,0.0,0.023,0.115,0.36,0.088,50000000.0,1841600000.0,1.0,488735381.0,473600000,542100000.0,13.74,9702300000.0,334200000.0,171300000.0,0.0,20.486,712600000.0
11,IPG,MRY,2009-12-31,2009-12-31,2009-12-31,2021-09-07,-176600000.0,12263100000.0,11309050000.0,7637700000.0,4625400000.0,0.531,5.335,-67100000.0,2495200000.0,2495200000.0,3961200000.0,143400000.0,1.106,3.783,1946600000.0,308600000.0,1638000000.0,1946600000.0,0.0,169900000.0,0.0,0.0,0.0,367000000.0,536900000.0,0.089,536900000.0,367000000.0,211400000.0,0.2,0.19,0.2,2497700000.0,2290650000.0,2497700000.0,3781151748.0,10.0,7.043,473700000.0,1.012,1.0,2046200000.0,0.341,3321000000.0,155600000.0,1487900000.0,2108575000.0,0.0,10900000.0,10900000.0,0.0,9449000000.0,6905600000.0,2543400000.0,3587551748.0,388000000.0,-72400000.0,0.0,-195700000.0,0.0,-267000000.0,29400000.0,158500000.0,540800000.0,84800000.0,121300000.0,93600000.0,93600000.0,0.0,22100000.0,0.016,1704900000.0,341300000.0,3828900000.0,0.0,1.436,38.329,36.9,490100000.0,27700000.0,7.38,0.597,0.575,4856600000.0,-324800000.0,6007400000.0,6007400000.0,0.0,0.008,0.041,0.174,0.061,49500000.0,1700300000.0,1.0,486118123.0,468200000,508100000.0,12.831,8942100000.0,398300000.0,90100000.0,0.0,19.099,732100000.0
12,IPG,MRY,2008-12-31,2008-12-31,2008-12-31,2021-09-07,-318500000.0,12125200000.0,12053325000.0,7487600000.0,4637600000.0,0.578,4.781,-138400000.0,2107200000.0,2107200000.0,4342600000.0,318000000.0,1.089,4.348,2119700000.0,332800000.0,1786900000.0,2119700000.0,0.0,173300000.0,0.0,0.0,0.0,663500000.0,836800000.0,0.12,836800000.0,663500000.0,451600000.0,0.57,0.52,0.57,2206300000.0,2341850000.0,2206300000.0,2322298693.0,4.0,2.775,726900000.0,1.575,1.0,2620100000.0,0.376,3220900000.0,211900000.0,2039800000.0,2441300000.0,0.0,167700000.0,167700000.0,0.0,9592600000.0,6877000000.0,2715600000.0,1887098693.0,92300000.0,-78100000.0,0.0,-225500000.0,0.0,-275800000.0,-404300000.0,-189900000.0,865300000.0,-92900000.0,295000000.0,265200000.0,265200000.0,0.0,23000000.0,0.038,2030400000.0,589700000.0,4022600000.0,0.0,0.855,7.116,6.947,561500000.0,29800000.0,3.96,0.271,0.262,4846000000.0,-446100000.0,6962700000.0,6962700000.0,0.0,0.022,0.113,0.272,0.095,80100000.0,2013300000.0,1.0,476540074.0,461500000,518300000.0,15.087,8904300000.0,416800000.0,156600000.0,0.0,19.294,610600000.0
13,IPG,MRY,2007-12-31,2007-12-31,2007-12-31,2021-09-07,-118600000.0,12458100000.0,11696125000.0,7685800000.0,4772300000.0,0.56,5.095,-147600000.0,2014900000.0,2014900000.0,4139200000.0,184300000.0,1.079,4.342,2349200000.0,305100000.0,2044100000.0,2349200000.0,0.0,177200000.0,0.0,0.0,0.0,463200000.0,640400000.0,0.098,640400000.0,463200000.0,226500000.0,0.29,0.26,0.29,2332200000.0,2052825000.0,2332200000.0,4709398556.0,10.0,7.354,150500000.0,0.329,1.0,2415000000.0,0.368,3231600000.0,236700000.0,2440200000.0,2576800000.0,0.0,22500000.0,22500000.0,0.0,10125900000.0,7120600000.0,3005300000.0,3822898556.0,59200000.0,-81800000.0,0.0,10000000.0,0.0,-37300000.0,-267800000.0,-43100000.0,298100000.0,66200000.0,167600000.0,131300000.0,131300000.0,0.0,16700000.0,0.02,2070700000.0,344300000.0,4124300000.0,0.0,1.639,29.116,27.966,620000000.0,36300000.0,8.11,0.583,0.566,5343300000.0,-741100000.0,6554200000.0,6554200000.0,0.0,0.011,0.064,0.18,0.071,79700000.0,2044800000.0,1.0,471380833.0,457700000,503100000.0,14.32,9226500000.0,479900000.0,58900000.0,0.0,20.158,565200000.0
14,IPG,MRY,2006-12-31,2006-12-31,2006-12-31,2021-09-07,-303000000.0,11864100000.0,11275525000.0,7208800000.0,4655300000.0,0.549,4.533,-127800000.0,1955700000.0,1955700000.0,3944100000.0,-31700000.0,1.087,5.114,2331500000.0,82900000.0,2248600000.0,2331500000.0,0.0,173600000.0,0.0,0.0,0.0,205700000.0,379300000.0,0.061,379300000.0,205700000.0,-13000000.0,-0.19,-0.19,-0.19,1940600000.0,1871675000.0,1940600000.0,6384076627.0,31.0,16.831,-118800000.0,-0.278,1.0,2246700000.0,0.363,3067800000.0,218700000.0,2538400000.0,2891000000.0,0.0,1400000.0,1400000.0,0.0,9923500000.0,6633700000.0,3289800000.0,5400076627.0,-120200000.0,61300000.0,0.0,30900000.0,0.0,-129700000.0,11600000.0,76300000.0,9000000.0,-11100000.0,-31700000.0,-79300000.0,-79300000.0,-5000000.0,0.0,-0.013,2140700000.0,106000000.0,4124100000.0,0.0,2.783,-68.097,-64.421,624000000.0,47600000.0,12.24,0.872,0.846,4956300000.0,-899200000.0,6190800000.0,6190800000.0,0.0,-0.007,-0.042,0.071,0.033,55100000.0,2079000000.0,1.0,441182731.0,428100000,428100000.0,14.461,8796300000.0,476500000.0,18700000.0,0.0,20.547,575100000.0
15,IPG,MRY,2005-12-31,2005-12-31,2005-12-31,2021-09-07,-276000000.0,11945200000.0,11712925000.0,7497400000.0,4447800000.0,0.536,4.579,-140700000.0,2075900000.0,2075900000.0,3999100000.0,-262900000.0,1.093,5.141,2239800000.0,56800000.0,2183000000.0,2239800000.0,0.0,168800000.0,0.0,0.0,0.0,900000.0,169700000.0,0.027,169700000.0,900000.0,-181000000.0,-0.68,-0.68,-0.68,1945300000.0,1643350000.0,1945300000.0,5058578284.0,5621.0,29.809,-160900000.0,-0.379,1.0,2275200000.0,0.363,3030900000.0,181900000.0,2221700000.0,2199725000.0,0.0,286200000.0,115600000.0,170600000.0,9999900000.0,6856500000.0,3143400000.0,4154578284.0,525500000.0,37700000.0,0.0,-40600000.0,0.0,410100000.0,166400000.0,266600000.0,-20200000.0,-30800000.0,-262900000.0,-289200000.0,-289200000.0,-9000000.0,0.0,-0.046,2379400000.0,-104200000.0,4438600000.0,0.0,2.136,-14.366,-14.191,650000000.0,26300000.0,9.65,0.662,0.653,4933300000.0,-841100000.0,6274300000.0,6274300000.0,0.0,-0.025,-0.176,0.0,0.0,42300000.0,2288100000.0,1.0,430526247.0,424800000,424800000.0,14.77,8914300000.0,481600000.0,81900000.0,0.0,20.985,640900000.0
16,IPG,MRY,2004-12-31,2004-12-31,2004-12-31,2021-09-07,-248600000.0,12253700000.0,11828175000.0,7618100000.0,4635600000.0,0.54,4.137,-194000000.0,1550400000.0,1550400000.0,3733000000.0,-538400000.0,1.01,6.131,2261900000.0,325900000.0,1936000000.0,2261900000.0,0.0,185100000.0,0.0,0.0,0.0,-104200000.0,80900000.0,0.013,80900000.0,-104200000.0,-276200000.0,-1.34,-1.34,-1.34,1718300000.0,2212400000.0,1718300000.0,6491622020.0,-62.0,80.243,270800000.0,0.652,1.0,2654000000.0,0.416,3141600000.0,172000000.0,2279000000.0,2761725000.0,0.0,588700000.0,420000000.0,168700000.0,10535400000.0,7544600000.0,2990800000.0,5666722020.0,-321500000.0,-135000000.0,25600000.0,-233700000.0,0.0,-259500000.0,-544600000.0,-215600000.0,464800000.0,17800000.0,-538400000.0,-558200000.0,-558200000.0,-6500000.0,0.0,-0.087,2748400000.0,-94400000.0,4733500000.0,0.0,3.298,-10.152,-10.0,722900000.0,19800000.0,13.4,0.887,0.871,5202100000.0,-578200000.0,6387000000.0,6387000000.0,0.0,-0.047,-0.252,-0.038,-0.016,31400000.0,2250400000.0,1.0,422889703.0,415300000,415300000.0,15.379,9112100000.0,535200000.0,262200000.0,0.0,21.941,73500000.0
17,IPG,MRY,2003-12-31,2003-12-31,2003-12-31,2021-09-07,-259100000.0,12445900000.0,11944450000.0,7532700000.0,4913200000.0,0.516,5.496,-159600000.0,1871900000.0,1871900000.0,3501400000.0,-539100000.0,1.048,4.874,2515600000.0,316900000.0,2198700000.0,2515600000.0,0.0,216500000.0,0.0,0.0,0.0,-89800000.0,126700000.0,0.021,126700000.0,-89800000.0,-296400000.0,-1.4,-1.4,-1.4,2118800000.0,2109225000.0,2118800000.0,7941322363.0,-88.0,62.678,343000000.0,0.89,1.0,2660300000.0,0.432,3310900000.0,206600000.0,2590400000.0,3608675000.0,0.0,441900000.0,195100000.0,246800000.0,10327100000.0,7188300000.0,3138800000.0,6118922363.0,918700000.0,178900000.0,335300000.0,-158800000.0,0.0,483000000.0,-85600000.0,-99100000.0,502600000.0,18700000.0,-539100000.0,-539100000.0,-539100000.0,-101000000.0,0.0,-0.087,2692200000.0,-31900000.0,5614700000.0,0.0,2.888,-11.35,-11.143,697900000.0,0.0,15.6,0.993,0.976,4953600000.0,-39800000.0,6161700000.0,6161700000.0,0.0,-0.045,-0.256,-0.025,-0.015,38800000.0,2225300000.0,1.0,392238613.0,385500000,385500000.0,15.984,9135000000.0,658000000.0,242700000.0,0.0,23.696,344400000.0
18,IPG,MRY,2002-12-31,2002-12-31,2002-12-31,2021-09-07,-373600000.0,11793700000.0,11411575000.0,6322300000.0,5471400000.0,0.531,5.584,-171400000.0,933000000.0,933000000.0,3396700000.0,16700000.0,0.892,4.616,2638000000.0,820300000.0,1817700000.0,2638000000.0,0.0,206800000.0,0.0,0.027,0.38,281800000.0,488600000.0,0.081,488600000.0,281800000.0,123100000.0,0.04,0.04,0.04,2100000000.0,2052675000.0,2100000000.0,7717219479.0,27.0,15.795,707500000.0,1.881,1.0,2662400000.0,0.439,3458700000.0,158700000.0,2950200000.0,3806525000.0,0.0,357300000.0,0.0,357300000.0,9693700000.0,7089800000.0,2603900000.0,5429819479.0,15100000.0,-262800000.0,51100000.0,-357200000.0,-145600000.0,-432600000.0,-480900000.0,-46700000.0,878900000.0,40600000.0,16700000.0,16700000.0,16700000.0,-31500000.0,0.0,0.003,2386600000.0,275800000.0,5125500000.0,9.5,2.586,325.139,352.0,825700000.0,0.0,14.08,0.896,0.874,4925200000.0,858000000.0,6059100000.0,6059100000.0,0.0,0.001,0.008,0.074,0.047,50000000.0,2248700000.0,1.0,385640588.0,376100000,376100000.0,16.11,8335000000.0,546900000.0,106400000.0,33200000.0,22.162,-767500000.0
19,IPG,MRY,2001-12-31,2001-12-31,2001-12-31,2021-09-07,-447800000.0,11375300000.0,11060245500.0,6351500000.0,5023800000.0,0.574,4.987,-257500000.0,935200000.0,935200000.0,3620900000.0,-534500000.0,0.988,5.182,2909000000.0,428400000.0,2480600000.0,2909000000.0,0.0,362700000.0,0.0,0.013,0.38,-436000000.0,-73300000.0,-0.012,-73300000.0,-436000000.0,-600600000.0,-1.45,-1.45,-1.45,1840100000.0,1997143500.0,1840100000.0,13595737716.0,-31.0,-185.481,-129400000.0,-0.351,1.0,2731800000.0,0.43,3096500000.0,164600000.0,3822800000.0,3598442500.0,0.0,302800000.0,0.0,302800000.0,9535200000.0,6429800000.0,3105400000.0,11155437716.0,90600000.0,-288600000.0,-32400000.0,827200000.0,-129200000.0,633000000.0,-641600000.0,-95500000.0,128100000.0,-36300000.0,-534500000.0,-534500000.0,-534500000.0,-15600000.0,0.0,-0.084,2998300000.0,-266500000.0,4555500000.0,-0.262,6.062,-20.871,-20.372,847700000.0,0.0,29.54,1.756,1.716,4998700000.0,868300000.0,6352700000.0,6352700000.0,0.0,-0.048,-0.268,-0.121,-0.069,68400000.0,1896100000.0,1.0,377638379.0,369000000,369000000.0,17.216,8278800000.0,575000000.0,-66100000.0,61500000.0,22.436,-78300000.0
20,IPG,MRY,2000-12-31,2000-12-31,2000-12-31,2021-09-07,-410200000.0,12253600000.0,9997742750.0,7202600000.0,5051000000.0,0.718,6.591,-259500000.0,844600000.0,844600000.0,4056400000.0,392800000.0,0.945,4.17,2081100000.0,549300000.0,1531800000.0,2081100000.0,0.0,344600000.0,0.0,0.009,0.37,859300000.0,1203900000.0,0.168,1203900000.0,859300000.0,733000000.0,1.09,1.06,1.09,2370300000.0,1915504250.0,2370300000.0,14617226922.0,17.0,12.142,342600000.0,0.953,1.0,3126300000.0,0.435,3146900000.0,126300000.0,2718900000.0,2501462750.0,0.0,174100000.0,0.0,174100000.0,9883300000.0,7624300000.0,2259000000.0,13097216922.0,-302700000.0,-687100000.0,-188100000.0,597900000.0,-109100000.0,244500000.0,-1075100000.0,-67100000.0,602100000.0,-45100000.0,392800000.0,392800000.0,392800000.0,0.0,0.0,0.055,2308700000.0,817600000.0,5781600000.0,0.339,5.526,33.343,39.046,825000000.0,0.0,42.56,1.823,2.131,6080200000.0,1554000000.0,7182700000.0,7182700000.0,0.0,0.039,0.205,0.344,0.12,53000000.0,1986600000.0,1.0,307735360.0,359600000,370600000.0,19.974,9106700000.0,382500000.0,340200000.0,180100000.0,25.325,-421700000.0
21,IPG,MRY,1999-12-31,1999-12-31,1999-12-31,2021-09-07,-76695000.0,9247044000.0,7875149000.0,5992924000.0,3254120000.0,0.815,5.013,-249700000.0,1029076000.0,1029076000.0,3635900000.0,336600000.0,1.029,4.241,1311090000.0,262483000.0,1048607000.0,1311090000.0,0.0,296600000.0,0.0,0.006,0.33,715700000.0,1012300000.0,0.158,1012300000.0,715700000.0,616200000.0,0.96,0.92,0.96,1764464000.0,1433358750.0,1764464000.0,16538098534.0,23.0,16.337,519700000.0,1.476,1.0,2781300000.0,0.433,1879600000.0,99500000.0,1827510000.0,1577316250.0,0.0,818014000.0,36765000.0,781249000.0,7482580000.0,5821948000.0,1660632000.0,16190810534.0,257400000.0,-329700000.0,-221900000.0,372800000.0,-90400000.0,59200000.0,-525200000.0,108400000.0,769400000.0,-46000000.0,336600000.0,336600000.0,336600000.0,0.0,0.0,0.052,2159600000.0,621700000.0,4629415000.0,0.344,9.176,48.101,60.094,593271000.0,0.0,57.69,2.523,3.164,4779998000.0,1392224000.0,6417200000.0,6417200000.0,0.0,0.043,0.235,0.454,0.112,42900000.0,1871500000.0,1.0,280651942.0,352000000,364600000.0,18.231,7367444000.0,0.0,279600000.0,206372000.0,20.93,170976000.0
22,IPG,MRY,1998-12-31,1998-12-31,1998-12-31,2021-09-07,-160476000.0,6942823000.0,,4728650000.0,2214173000.0,,4.292,-131250000.0,760508000.0,760508000.0,2339894000.0,339907000.0,1.015,4.488,721082000.0,214464000.0,506618000.0,721082000.0,0.0,171482000.0,0.0,0.007,0.29,649839000.0,821321000.0,0.195,821321000.0,649839000.0,585543000.0,1.15,1.12,1.15,1265092000.0,,1265092000.0,,,,420668000.0,1.427,1.0,1878763000.0,0.445,1281399000.0,64296000.0,963646000.0,,0.0,427556000.0,31733000.0,395823000.0,5677731000.0,4658352000.0,1019379000.0,,84760000.0,-272720000.0,-129689000.0,137504000.0,-76894000.0,-78120000.0,-400036000.0,3934000.0,551918000.0,10998000.0,339907000.0,339907000.0,339907000.0,0.0,0.0,0.081,1306167000.0,572596000.0,3613699000.0,0.252,,,34.674,439601000.0,0.0,39.875,,2.786,3799226000.0,1101792000.0,4218657000.0,4218657000.0,0.0,,,,0.154,20272000.0,1244771000.0,1.0,,294756000,305134000.0,14.312,5661424000.0,97350000.0,245636000.0,205672000.0,19.207,70298000.0
23,IPG,MRY,1997-12-31,1997-12-31,1997-12-31,2021-09-07,,,,,,,,6958000.0,,,1913356000.0,200378000.0,,,,,,,,125481000.0,,0.01,0.252,444417000.0,569898000.0,0.164,569898000.0,444417000.0,386624000.0,0.77,0.74,0.77,,,,,,,270867000.0,1.04,1.0,1569028000.0,0.451,,57793000.0,,,,,,,,,,,208577000.0,-98668000.0,-106344000.0,256302000.0,-61242000.0,77946000.0,-91386000.0,324000.0,263909000.0,-41892000.0,200378000.0,200378000.0,200378000.0,0.0,0.0,0.058,1107405000.0,461623000.0,,0.327,,,32.344,,0.0,24.905,,1.863,,,3482384000.0,3482384000.0,0.0,,,,0.128,16222000.0,1075176000.0,1.0,,260500000,277619000.0,13.368,,,186246000.0,,,
0,IPG,MRQ,2021-06-30,2021-06-30,2021-06-30,2021-09-07,-886300000.0,17321700000.0,,8782500000.0,8539200000.0,,7.788,-33800000.0,2340600000.0,2340600000.0,2025900000.0,267800000.0,0.998,4.616,5115100000.0,827700000.0,4287400000.0,5115100000.0,0.0,70100000.0,0.0,0.032,0.27,392600000.0,462700000.0,0.184,462700000.0,392600000.0,350000000.0,0.67,0.66,0.67,3062900000.0,,3062900000.0,15901274804.0,16.0,12.203,434400000.0,1.105,1.0,483700000.0,0.193,5837000000.0,42600000.0,5462500000.0,,0.0,0.0,0.0,0.0,14138200000.0,8796700000.0,5341500000.0,12780774804.0,325600000.0,0.0,0.0,18700000.0,-106100000.0,-101800000.0,-43300000.0,0.0,468200000.0,2500000.0,263300000.0,263300000.0,263300000.0,0.0,4500000.0,0.105,99300000.0,384400000.0,6605900000.0,0.403,4.173,17.109,17.01,1994500000.0,0.0,32.49,1.354,1.353,5937000000.0,2777500000.0,2509600000.0,2509600000.0,0.0,,,,,21900000.0,29400000.0,1.0,393375648.0,393300000,399000000.0,6.381,11484700000.0,296600000.0,86700000.0,0.0,29.201,-14200000.0
1,IPG,MRQ,2021-03-31,2021-03-31,2021-03-31,2021-09-07,-896300000.0,16349700000.0,,7770200000.0,8579500000.0,,7.341,-28300000.0,2015300000.0,2015300000.0,1915300000.0,92400000.0,0.973,4.643,5135800000.0,814700000.0,4321100000.0,5135800000.0,0.0,69200000.0,0.0,0.035,0.27,165100000.0,234300000.0,0.104,234300000.0,165100000.0,115500000.0,0.23,0.23,0.23,2874000000.0,,2874000000.0,14074595527.0,22.0,15.026,-278100000.0,-0.71,1.0,341700000.0,0.151,5847900000.0,49600000.0,5637800000.0,,0.0,0.0,0.0,0.0,13342900000.0,7984500000.0,5358400000.0,11407795527.0,-492700000.0,0.0,8000000.0,-71600000.0,-109100000.0,-212700000.0,200000.0,28800000.0,-249800000.0,-30400000.0,91700000.0,91700000.0,91700000.0,0.0,700000.0,0.041,98700000.0,243000000.0,5862000000.0,1.174,3.969,26.039,26.071,2028200000.0,0.0,29.2,1.273,1.276,5283000000.0,2623100000.0,2257000000.0,2257000000.0,0.0,,,,,20300000.0,28200000.0,1.0,390677929.0,391500000,396000000.0,5.765,10501800000.0,295600000.0,23800000.0,0.0,26.825,-214300000.0
2,IPG,MRQ,2020-12-31,2020-12-31,2020-12-31,2021-09-07,-880200000.0,18042700000.0,,9367600000.0,8675100000.0,,7.406,-55500000.0,2509000000.0,2509000000.0,1976600000.0,117000000.0,0.978,5.183,5175800000.0,819000000.0,4356800000.0,5175800000.0,0.0,73700000.0,0.0,0.043,0.255,217200000.0,290900000.0,0.114,290900000.0,217200000.0,170400000.0,0.29,0.28,0.29,2895000000.0,,2895000000.0,13244715979.0,24.0,15.732,1466600000.0,3.752,1.0,573400000.0,0.225,5879100000.0,46800000.0,5249900000.0,,0.0,0.0,0.0,0.0,15005700000.0,9580500000.0,5425200000.0,9173615979.0,881200000.0,-2400000.0,6500000.0,-503600000.0,-99500000.0,-608500000.0,-83700000.0,0.0,1522100000.0,51300000.0,112300000.0,112300000.0,112300000.0,0.0,4700000.0,0.044,350000000.0,223400000.0,7269700000.0,0.879,3.169,26.128,26.133,2069600000.0,0.0,23.52,1.012,1.011,6467100000.0,2636900000.0,2550000000.0,2550000000.0,0.0,,,,,10600000.0,22400000.0,1.0,390034693.0,390900000,395000000.0,6.523,12163600000.0,302000000.0,58100000.0,0.0,31.117,-212900000.0
3,IPG,MRQ,2020-09-30,2020-09-30,2020-09-30,2021-09-07,-967800000.0,16074700000.0,,7284300000.0,8790400000.0,,6.988,-40100000.0,1628000000.0,1628000000.0,1748700000.0,278500000.0,1.008,4.834,5699100000.0,816500000.0,4882600000.0,5699100000.0,0.0,71000000.0,0.0,0.06,0.255,244200000.0,315200000.0,0.148,315200000.0,244200000.0,193400000.0,0.72,0.71,0.72,2722600000.0,,2722600000.0,10987414676.0,14.0,10.177,649200000.0,1.666,1.0,376800000.0,0.177,5824700000.0,50800000.0,7093200000.0,,0.0,0.0,0.0,0.0,13161300000.0,7227900000.0,5933400000.0,6500014676.0,543300000.0,0.0,0.0,-1000000.0,-99400000.0,-115400000.0,-39200000.0,0.0,689300000.0,8600000.0,279700000.0,279700000.0,279700000.0,0.0,-1200000.0,0.132,128200000.0,248600000.0,5105900000.0,0.354,2.387,11.45,11.418,2260000000.0,0.0,16.67,0.691,0.69,5114600000.0,2623400000.0,2125500000.0,2125500000.0,0.0,,,,,20600000.0,9900000.0,1.0,389922896.0,389600000,393900000.0,5.456,10250000000.0,291400000.0,-86300000.0,0.0,26.309,56400000.0
4,IPG,MRQ,2020-06-30,2020-06-30,2020-06-30,2021-09-07,-1029100000.0,14896900000.0,,6214300000.0,8682600000.0,,6.293,-27300000.0,1085400000.0,1085400000.0,1795400000.0,-43900000.0,0.976,4.999,5572800000.0,813400000.0,4759400000.0,5572800000.0,0.0,73100000.0,0.0,0.057,0.255,23200000.0,96300000.0,0.048,96300000.0,23200000.0,-26600000.0,-0.12,-0.12,-0.12,2450400000.0,,2450400000.0,10999374970.0,13.0,9.88,-114400000.0,-0.294,1.0,230300000.0,0.114,5810500000.0,49800000.0,7207300000.0,,0.0,0.0,0.0,0.0,12250600000.0,6366500000.0,5884100000.0,6685774970.0,-468500000.0,-1200000.0,0.0,-245300000.0,-99200000.0,-366700000.0,-32500000.0,-100000.0,-87100000.0,17800000.0,-45600000.0,-45600000.0,-45600000.0,0.0,1700000.0,-0.023,189800000.0,40500000.0,4328100000.0,-2.125,2.728,14.739,14.667,2153600000.0,0.0,17.16,0.687,0.687,4610300000.0,2444300000.0,2025700000.0,2025700000.0,0.0,,,,,12600000.0,4100000.0,1.0,389613926.0,389400000,389400000.0,5.202,9086400000.0,287700000.0,19000000.0,0.0,23.334,-152200000.0
5,IPG,MRQ,2020-03-31,2020-03-31,2020-03-31,2021-09-07,-1078700000.0,16428900000.0,,7596700000.0,8832200000.0,,6.532,-44600000.0,1554000000.0,1554000000.0,2188700000.0,2600000.0,0.974,5.409,5867600000.0,1070000000.0,4797600000.0,5867600000.0,0.0,72800000.0,0.0,0.059,0.255,66700000.0,139500000.0,0.059,139500000.0,66700000.0,21900000.0,0.01,0.01,0.01,2532500000.0,,2532500000.0,10109777732.0,9.0,7.463,-321700000.0,-0.83,1.0,171100000.0,0.073,5817200000.0,44800000.0,7129400000.0,,0.0,0.0,0.0,0.0,13698900000.0,7795900000.0,5903000000.0,6278877732.0,359800000.0,-1300000.0,0.0,894000000.0,-100000000.0,744400000.0,-60800000.0,1800000.0,-277100000.0,-46700000.0,4700000.0,4700000.0,4700000.0,0.0,-2100000.0,0.002,95200000.0,75900000.0,5559500000.0,25.5,2.479,9.39,9.358,2278200000.0,0.0,16.19,0.614,0.614,5575500000.0,2591100000.0,2359800000.0,2359800000.0,0.0,,,,,23200000.0,22400000.0,1.0,387824443.0,387700000,391700000.0,6.087,10611700000.0,270700000.0,17200000.0,0.0,27.371,-199200000.0
6,IPG,MRQ,2019-12-31,2019-12-31,2019-12-31,2021-09-07,-930000000.0,17751900000.0,,8770700000.0,8981200000.0,,7.173,-64700000.0,1192200000.0,1192200000.0,2320600000.0,342200000.0,0.931,5.318,5023100000.0,821600000.0,4201500000.0,5023100000.0,0.0,65400000.0,0.0,0.041,0.235,463200000.0,528600000.0,0.182,528600000.0,463200000.0,415000000.0,0.85,0.84,0.85,2775900000.0,,2775900000.0,13747311510.0,13.0,10.27,1040900000.0,2.69,1.0,581200000.0,0.2,5908700000.0,48200000.0,6253700000.0,,0.0,0.0,0.0,0.0,14761600000.0,9420400000.0,5341200000.0,8956611510.0,671700000.0,0.0,100000.0,-296000000.0,-90900000.0,-398000000.0,-41000000.0,0.0,1105600000.0,5100000.0,328900000.0,328900000.0,328900000.0,0.0,13300000.0,0.113,89900000.0,491300000.0,7205400000.0,0.276,3.227,13.653,13.588,2352500000.0,0.0,23.1,0.876,0.873,7143300000.0,2689900000.0,2901800000.0,2901800000.0,0.0,,,,,21900000.0,24500000.0,1.0,387732100.0,387000000,393900000.0,7.498,11843200000.0,252100000.0,86100000.0,0.0,30.603,-649700000.0
7,IPG,MRQ,2019-09-30,2019-09-30,2019-09-30,2021-09-07,-966200000.0,15997600000.0,,7050000000.0,8947600000.0,,6.385,-53700000.0,520500000.0,520500000.0,2079000000.0,168400000.0,0.953,5.39,5311200000.0,509700000.0,4801500000.0,5311200000.0,0.0,69000000.0,0.0,0.042,0.235,279900000.0,348900000.0,0.143,348900000.0,279900000.0,230200000.0,0.43,0.42,0.43,2469000000.0,,2469000000.0,13229932364.0,13.0,10.048,170900000.0,0.442,1.0,359100000.0,0.147,5879700000.0,49700000.0,7510200000.0,,0.0,0.0,0.0,0.0,13309100000.0,7398400000.0,5910700000.0,8348532364.0,-92900000.0,0.0,3600000.0,-159300000.0,-90800000.0,-253300000.0,-42800000.0,0.0,224600000.0,-21400000.0,165600000.0,165600000.0,165600000.0,0.0,2800000.0,0.068,78800000.0,280300000.0,5656000000.0,0.547,3.381,12.779,12.682,2331700000.0,0.0,21.56,0.82,0.819,6066500000.0,2455500000.0,2438100000.0,2438100000.0,0.0,,,,,14200000.0,9800000.0,1.0,387223208.0,386700000,391800000.0,6.305,10117900000.0,279100000.0,64600000.0,0.0,26.165,-348400000.0
8,IPG,MRQ,2019-06-30,2019-06-30,2019-06-30,2021-09-07,-917900000.0,16526900000.0,,7475400000.0,9051500000.0,,6.276,-47300000.0,614000000.0,614000000.0,2162800000.0,172800000.0,0.967,5.726,5495400000.0,468400000.0,5027000000.0,5495400000.0,0.0,73000000.0,0.0,0.039,0.235,264700000.0,337700000.0,0.134,337700000.0,264700000.0,213100000.0,0.44,0.43,0.44,2423900000.0,,2423900000.0,13535511258.0,13.0,10.733,245200000.0,0.635,1.0,357400000.0,0.142,5936100000.0,51600000.0,7740900000.0,,0.0,0.0,0.0,0.0,13880200000.0,7731300000.0,6148900000.0,8743211258.0,-16400000.0,-600000.0,0.0,-168800000.0,-90800000.0,-278400000.0,-47200000.0,0.0,292500000.0,16700000.0,169500000.0,169500000.0,169500000.0,0.0,3300000.0,0.067,93200000.0,264200000.0,6022300000.0,0.534,3.607,13.478,13.367,2363600000.0,0.0,22.59,0.871,0.869,6367100000.0,2381800000.0,2520200000.0,2520200000.0,0.0,,,,,15900000.0,18100000.0,1.0,387039011.0,386200000,391200000.0,6.526,10590800000.0,297800000.0,43600000.0,0.0,27.423,-255900000.0
9,IPG,MRQ,2019-03-31,2019-03-31,2019-03-31,2021-09-07,-929700000.0,16050000000.0,,7247000000.0,8803000000.0,,6.022,-32800000.0,630500000.0,630500000.0,2166700000.0,-9500000.0,0.962,5.845,5422800000.0,535500000.0,4887300000.0,5422800000.0,0.0,71100000.0,0.0,0.041,0.235,52300000.0,123400000.0,0.052,123400000.0,52300000.0,2500000.0,-0.02,-0.02,-0.02,2315300000.0,,2315300000.0,11147612192.0,11.0,9.267,-126300000.0,-0.328,1.0,194500000.0,0.082,5959700000.0,49800000.0,7351500000.0,,0.0,0.0,0.0,0.0,13533600000.0,7531100000.0,6002500000.0,8087012192.0,-43900000.0,0.0,600000.0,201000000.0,-90600000.0,86700000.0,-30700000.0,0.0,-93500000.0,-6400000.0,-8000000.0,-8000000.0,-8000000.0,0.0,-1500000.0,-0.003,144300000.0,50200000.0,5733700000.0,-11.75,3.493,12.939,12.89,2122600000.0,0.0,21.01,0.816,0.815,6104900000.0,2303100000.0,2361200000.0,2361200000.0,0.0,,,,,28200000.0,41400000.0,1.0,384912527.0,384500000,384500000.0,6.141,10090300000.0,285600000.0,10500000.0,0.0,26.243,-284100000.0
10,IPG,MRQ,2018-12-31,2018-12-31,2018-12-31,2021-09-07,-941100000.0,15620300000.0,,8182900000.0,7437400000.0,,6.239,-71400000.0,673400000.0,673400000.0,2247000000.0,342500000.0,1.007,5.44,3734000000.0,73800000.0,3660200000.0,3734000000.0,0.0,68900000.0,0.0,0.041,0.21,437800000.0,506700000.0,0.177,506700000.0,437800000.0,388400000.0,0.85,0.84,0.85,2393200000.0,,2393200000.0,9413071445.0,10.0,8.228,820400000.0,2.139,1.0,609000000.0,0.213,5970600000.0,49400000.0,4586400000.0,,0.0,0.0,0.0,0.0,13019600000.0,8123900000.0,4895700000.0,7929171445.0,-1192500000.0,-2297800000.0,6400000.0,387200000.0,-80500000.0,302600000.0,-2374900000.0,0.0,891800000.0,-12000000.0,326200000.0,326200000.0,326200000.0,0.0,16300000.0,0.114,149900000.0,459100000.0,6698100000.0,0.247,3.313,12.812,12.814,790900000.0,0.0,20.63,0.816,0.814,7027200000.0,2400100000.0,2856000000.0,2856000000.0,0.0,,,,,22500000.0,81000000.0,1.0,384351500.0,383600000,390800000.0,7.445,9649700000.0,247000000.0,62200000.0,0.0,25.156,59000000.0
11,IPG,MRQ,2018-09-30,2018-09-30,2018-09-30,2021-09-07,-925300000.0,13513100000.0,,8330500000.0,5182600000.0,,5.588,-44200000.0,1860200000.0,1860200000.0,1970200000.0,163500000.0,1.245,5.231,3344100000.0,82700000.0,3261400000.0,3344100000.0,0.0,44000000.0,0.0,0.035,0.21,249300000.0,293300000.0,0.128,293300000.0,249300000.0,221700000.0,0.42,0.41,0.42,2137900000.0,,2137900000.0,10324372555.0,11.0,9.555,186800000.0,0.488,1.0,327300000.0,0.142,3784700000.0,27600000.0,4520600000.0,,0.0,0.0,0.0,0.0,11183200000.0,6691700000.0,4491500000.0,8777172555.0,1373800000.0,-3500000.0,-500000.0,1320100000.0,-80400000.0,1209600000.0,-59000000.0,0.0,231000000.0,-7800000.0,161000000.0,161000000.0,161000000.0,0.0,2500000.0,0.07,65600000.0,261700000.0,5515100000.0,0.5,4.106,16.105,16.22,602900000.0,0.0,22.87,0.929,0.926,6005000000.0,2158400000.0,2297500000.0,2297500000.0,0.0,,,,,13700000.0,21600000.0,1.0,383785420.0,382600000,388400000.0,6.005,9728400000.0,270200000.0,60700000.0,0.0,25.427,1638800000.0
12,IPG,MRQ,2018-06-30,2018-06-30,2018-06-30,2021-09-07,-903400000.0,12357600000.0,,7145600000.0,5212000000.0,,5.375,-38700000.0,493200000.0,493200000.0,2069800000.0,147800000.0,0.942,4.899,2040400000.0,757700000.0,1282700000.0,2040400000.0,0.0,44000000.0,0.0,0.033,0.21,235500000.0,279500000.0,0.117,279500000.0,235500000.0,209400000.0,0.38,0.37,0.38,2061700000.0,,2061700000.0,10528983010.0,12.0,9.794,133500000.0,0.348,1.0,322000000.0,0.135,3788100000.0,26100000.0,2531400000.0,,0.0,0.0,0.0,0.0,10100200000.0,7585300000.0,2514900000.0,9036583010.0,-104100000.0,-8300000.0,-59500000.0,-54200000.0,-80400000.0,-217200000.0,-34500000.0,0.0,172200000.0,-24600000.0,145800000.0,145800000.0,145800000.0,0.0,2000000.0,0.061,72800000.0,249200000.0,5738800000.0,0.553,4.383,16.32,16.392,602000000.0,0.0,23.44,0.966,0.961,6193500000.0,2076700000.0,2391800000.0,2391800000.0,0.0,,,,,16000000.0,28800000.0,1.0,385519753.0,383600000,389500000.0,6.235,8569500000.0,261000000.0,63600000.0,0.0,22.34,-439700000.0
13,IPG,MRQ,2018-03-31,2018-03-31,2018-03-31,2021-09-07,-790800000.0,12240100000.0,,6963500000.0,5276600000.0,,5.499,-22800000.0,597300000.0,597300000.0,2049200000.0,-16100000.0,0.951,4.673,2089700000.0,801500000.0,1288200000.0,2089700000.0,0.0,46000000.0,0.0,0.033,0.21,18500000.0,64500000.0,0.03,64500000.0,18500000.0,-1400000.0,-0.04,-0.04,-0.04,2108500000.0,,2108500000.0,9435935625.0,11.0,8.971,-752700000.0,-1.963,1.0,119900000.0,0.055,3839700000.0,19900000.0,2570300000.0,,0.0,0.0,0.0,0.0,9852900000.0,7322500000.0,2530400000.0,8854335625.0,-197700000.0,-200000.0,-48000000.0,718800000.0,-80800000.0,558200000.0,-23100000.0,0.0,-729900000.0,-2900000.0,-14100000.0,-14100000.0,-14100000.0,0.0,-2000000.0,-0.007,81100000.0,38800000.0,5467100000.0,-5.25,4.199,17.173,17.447,634200000.0,0.0,23.03,0.967,0.965,5923600000.0,2010500000.0,2169100000.0,2169100000.0,0.0,,,,,30000000.0,35100000.0,1.0,384469632.0,383400000,383400000.0,5.658,8400400000.0,273100000.0,12700000.0,0.0,21.91,-359000000.0
14,IPG,MRQ,2017-12-31,2017-12-31,2017-12-31,2021-09-07,-827800000.0,12704700000.0,,7475500000.0,5229200000.0,,5.747,-47200000.0,790900000.0,790900000.0,2085200000.0,269200000.0,0.974,4.615,1372500000.0,86900000.0,1285600000.0,1372500000.0,0.0,32600000.0,0.0,0.036,0.18,410600000.0,443200000.0,0.171,443200000.0,410600000.0,387400000.0,0.65,0.64,0.65,2211500000.0,,2211500000.0,9228149235.0,10.0,8.596,973600000.0,2.53,1.0,504600000.0,0.195,3961100000.0,23200000.0,1649900000.0,,0.0,0.0,0.0,0.0,10206300000.0,7675300000.0,2531000000.0,7834349235.0,89700000.0,-8000000.0,-83100000.0,-727900000.0,-69100000.0,-891800000.0,-55700000.0,0.0,1020800000.0,16400000.0,252300000.0,252300000.0,252300000.0,0.0,16900000.0,0.097,81600000.0,423000000.0,6420200000.0,0.277,3.543,14.131,14.197,650400000.0,0.0,20.16,0.866,0.868,6332400000.0,2104500000.0,2589800000.0,2589800000.0,0.0,,,,,22200000.0,49400000.0,1.0,388608593.0,384800000,393400000.0,6.73,8743600000.0,234000000.0,135100000.0,0.0,22.722,-199800000.0
15,IPG,MRQ,2017-09-30,2017-09-30,2017-09-30,2021-09-07,-832700000.0,11716100000.0,,6463800000.0,5252300000.0,,5.169,-39800000.0,704900000.0,704900000.0,1897400000.0,172300000.0,0.931,4.688,2098700000.0,813700000.0,1285000000.0,2098700000.0,0.0,42200000.0,0.0,0.033,0.18,245600000.0,287800000.0,0.13,287800000.0,245600000.0,224600000.0,0.44,0.43,0.44,2013400000.0,,2013400000.0,9340955774.0,10.0,8.385,-25700000.0,-0.066,1.0,310800000.0,0.141,3799900000.0,21000000.0,2363700000.0,,0.0,0.0,0.0,0.0,9437900000.0,6946300000.0,2491600000.0,8176055774.0,48100000.0,-10000000.0,-100700000.0,276400000.0,-69800000.0,86300000.0,-44500000.0,0.0,14100000.0,-7800000.0,169700000.0,169700000.0,169700000.0,0.0,2600000.0,0.077,55800000.0,255000000.0,5561100000.0,0.409,4.061,13.269,13.327,637500000.0,0.0,20.79,0.823,0.815,5438400000.0,1849800000.0,2208200000.0,2208200000.0,0.0,,,,,13800000.0,13600000.0,1.0,393268676.0,389500000,397200000.0,5.669,7916200000.0,270900000.0,54900000.0,0.0,20.324,-482500000.0
16,IPG,MRQ,2017-06-30,2017-06-30,2017-06-30,2021-09-07,-874200000.0,11678200000.0,,6486500000.0,5191700000.0,,5.054,-44100000.0,657600000.0,657600000.0,1898500000.0,107600000.0,0.934,4.753,1822500000.0,539400000.0,1283100000.0,1822500000.0,0.0,41300000.0,0.0,0.027,0.18,215000000.0,256300000.0,0.117,256300000.0,215000000.0,189300000.0,0.27,0.27,0.27,1982500000.0,,1982500000.0,10861509223.0,12.0,10.057,174600000.0,0.445,1.0,287300000.0,0.131,3753100000.0,25700000.0,2143800000.0,,0.0,3200000.0,3200000.0,0.0,9422500000.0,6946200000.0,2476300000.0,9719709223.0,-119700000.0,-9300000.0,-56400000.0,-94900000.0,-70500000.0,-263800000.0,-62800000.0,0.0,218700000.0,-11800000.0,107700000.0,107700000.0,107700000.0,0.0,-100000.0,0.049,61600000.0,225700000.0,5872000000.0,0.667,4.903,16.901,17.083,635000000.0,0.0,24.6,1.008,1.0,5482900000.0,1774900000.0,2185800000.0,2185800000.0,0.0,,,,,16300000.0,20300000.0,1.0,395110131.0,392300000,400300000.0,5.572,7925100000.0,260900000.0,81600000.0,0.0,20.202,-459700000.0
17,IPG,MRQ,2017-03-31,2017-03-31,2017-03-31,2021-09-07,-909400000.0,11697900000.0,,6589500000.0,5108400000.0,,5.011,-24800000.0,775000000.0,775000000.0,1952900000.0,21300000.0,0.943,4.819,1916800000.0,634900000.0,1281900000.0,1916800000.0,0.0,41000000.0,0.0,0.026,0.18,45300000.0,86300000.0,0.042,86300000.0,45300000.0,24400000.0,0.06,0.06,0.06,1963000000.0,,1963000000.0,10241023251.0,11.0,9.408,-396600000.0,-1.013,1.0,110900000.0,0.054,3703500000.0,20900000.0,2145500000.0,,0.0,3100000.0,3100000.0,0.0,9460300000.0,6990700000.0,2469600000.0,9648323251.0,-320600000.0,-3300000.0,-46800000.0,224800000.0,-70900000.0,64400000.0,-33200000.0,0.0,-371800000.0,20000000.0,24700000.0,24700000.0,24700000.0,0.0,-3400000.0,0.012,76200000.0,34700000.0,5672600000.0,3.0,4.915,15.455,15.75,616300000.0,0.0,24.57,1.029,1.026,5384200000.0,1751200000.0,2063800000.0,2063800000.0,0.0,,,,,29700000.0,35200000.0,1.0,392687149.0,391700000,399300000.0,5.269,7994400000.0,243600000.0,-300000.0,0.0,20.409,-401200000.0
18,IPG,MRQ,2016-12-31,2016-12-31,2016-12-31,2021-09-07,-962500000.0,12485200000.0,,7438000000.0,5047200000.0,,5.131,-86200000.0,1097600000.0,1097600000.0,4094700000.0,333400000.0,0.965,5.045,1690300000.0,409600000.0,1280700000.0,1690300000.0,0.0,42700000.0,0.0,0.026,0.15,440900000.0,483600000.0,0.139,483600000.0,440900000.0,419100000.0,0.79,0.77,0.79,2017100000.0,,2017100000.0,10143203327.0,11.0,9.635,453500000.0,1.154,1.0,-620600000.0,-0.179,3674400000.0,21800000.0,1697500000.0,,0.0,0.0,0.0,0.0,10175700000.0,7706000000.0,2469700000.0,9294003327.0,204700000.0,-4100000.0,-110000000.0,-23000000.0,-58800000.0,-199500000.0,-96400000.0,0.0,539700000.0,-39100000.0,314100000.0,314100000.0,314100000.0,0.0,19300000.0,0.09,-1101700000.0,481100000.0,6303600000.0,0.19,4.608,15.362,15.401,622000000.0,0.0,23.41,1.026,1.029,5907800000.0,1804300000.0,3474100000.0,3474100000.0,0.0,,,,,26600000.0,-1261900000.0,1.0,397009967.0,393100000,405600000.0,8.838,8810800000.0,220300000.0,105000000.0,0.0,22.414,-268000000.0
19,IPG,MRQ,2016-09-30,2016-09-30,2016-09-30,2021-09-07,-862800000.0,11839500000.0,,6733200000.0,5106300000.0,,4.882,-51500000.0,891600000.0,891600000.0,1228000000.0,132700000.0,0.988,4.954,1740800000.0,157500000.0,1583300000.0,1740800000.0,0.0,39700000.0,0.0,0.026,0.15,214100000.0,253800000.0,0.132,253800000.0,214100000.0,192400000.0,0.32,0.32,0.32,1941400000.0,,1941400000.0,10103015955.0,11.0,9.726,475400000.0,1.195,1.0,694200000.0,0.361,3715300000.0,21700000.0,2158300000.0,,0.0,3000000.0,3000000.0,0.0,9617100000.0,6815100000.0,2802000000.0,8955815955.0,219800000.0,-13600000.0,-80400000.0,-89000000.0,-59500000.0,-239900000.0,-65300000.0,0.0,526900000.0,-1900000.0,128600000.0,128600000.0,128600000.0,0.0,4100000.0,0.067,486200000.0,208000000.0,6025900000.0,0.469,4.613,16.248,16.434,581600000.0,0.0,22.35,1.151,1.143,5558100000.0,1546600000.0,1922200000.0,1922200000.0,0.0,,,,,19100000.0,486200000.0,1.0,400707649.0,397700000,407900000.0,4.833,8124200000.0,298700000.0,63800000.0,0.0,20.428,-81900000.0
20,IPG,MRQ,2016-06-30,2016-06-30,2016-06-30,2021-09-07,-797300000.0,11633900000.0,,6625400000.0,5008500000.0,,4.988,-36000000.0,672600000.0,672600000.0,1229500000.0,160200000.0,0.991,4.69,1819800000.0,236200000.0,1583600000.0,1819800000.0,0.0,39800000.0,0.0,0.023,0.15,225100000.0,264900000.0,0.138,264900000.0,225100000.0,200600000.0,0.39,0.38,0.39,1995600000.0,,1995600000.0,10365760143.0,13.0,10.573,63800000.0,0.159,1.0,688400000.0,0.359,3662200000.0,24500000.0,2436600000.0,,0.0,2800000.0,2800000.0,0.0,9359500000.0,6682300000.0,2677200000.0,9295560143.0,300000.0,-7300000.0,-52900000.0,73700000.0,-60200000.0,-72700000.0,-42700000.0,0.0,99800000.0,15900000.0,156900000.0,156900000.0,156900000.0,0.0,3300000.0,0.082,464100000.0,224300000.0,5857700000.0,0.385,4.658,18.685,18.934,569700000.0,0.0,23.1,1.204,1.197,5655400000.0,1475300000.0,1917900000.0,1917900000.0,0.0,,,,,16800000.0,464100000.0,1.0,402405201.0,400100000,409800000.0,4.794,7971700000.0,274200000.0,43700000.0,0.0,19.924,-56900000.0
21,IPG,MRQ,2016-03-31,2016-03-31,2016-03-31,2021-09-07,-787500000.0,11516800000.0,,6486000000.0,5030800000.0,,4.846,-27000000.0,673400000.0,673400000.0,1268800000.0,2700000.0,0.992,4.788,1743600000.0,133700000.0,1609900000.0,1743600000.0,0.0,38000000.0,0.0,0.022,0.15,12400000.0,50400000.0,0.029,50400000.0,12400000.0,-10200000.0,0.01,0.01,0.01,1941500000.0,,1941500000.0,9488273517.0,12.0,9.74,-680600000.0,-1.699,1.0,473200000.0,0.272,3681800000.0,22600000.0,2365800000.0,,0.0,6900000.0,6900000.0,0.0,9296600000.0,6539400000.0,2757200000.0,9228873517.0,-830700000.0,-27000000.0,-49800000.0,-19700000.0,-59900000.0,-154300000.0,-59500000.0,0.0,-653600000.0,36700000.0,5400000.0,5400000.0,5400000.0,0.0,-2700000.0,0.003,450200000.0,23000000.0,5785100000.0,15.0,4.753,19.985,20.31,565100000.0,0.0,22.95,1.202,1.197,5493100000.0,1379000000.0,1742000000.0,1742000000.0,0.0,,,,,23100000.0,450200000.0,1.0,402129565.0,400600000,409300000.0,4.348,7835000000.0,277000000.0,-15600000.0,0.0,19.558,-53400000.0
22,IPG,MRQ,2015-12-31,2015-12-31,2015-12-31,2021-09-07,-845600000.0,12585100000.0,,7693100000.0,4892000000.0,,4.874,-80400000.0,1502900000.0,1502900000.0,1232200000.0,282900000.0,1.014,5.256,1745100000.0,134800000.0,1610300000.0,1745100000.0,0.0,40700000.0,0.0,0.021,0.12,429000000.0,469700000.0,0.214,469700000.0,429000000.0,405700000.0,0.64,0.62,0.64,1965500000.0,,1965500000.0,10337081836.0,13.0,10.546,846400000.0,2.099,1.0,964000000.0,0.439,3608500000.0,23300000.0,1634500000.0,,0.0,6800000.0,6800000.0,0.0,10331400000.0,7584300000.0,2747100000.0,9459781836.0,628000000.0,-22700000.0,-111200000.0,20400000.0,-48300000.0,-161900000.0,-109200000.0,0.0,926800000.0,-27700000.0,260300000.0,260300000.0,260300000.0,0.0,22600000.0,0.119,504700000.0,459300000.0,6689200000.0,0.188,4.813,20.809,20.973,567200000.0,0.0,23.28,1.242,1.248,5955400000.0,1437600000.0,2196200000.0,2196200000.0,0.0,,,,,20600000.0,504700000.0,1.0,406348017.0,403300000,411800000.0,5.446,8976600000.0,228400000.0,145400000.0,0.0,22.258,108800000.0
23,IPG,MRQ,2015-09-30,2015-09-30,2015-09-30,2021-09-07,-826200000.0,11474100000.0,,6668800000.0,4805300000.0,,4.573,-30900000.0,874300000.0,874300000.0,1202200000.0,78000000.0,1.015,5.02,1751600000.0,130300000.0,1621300000.0,1751600000.0,0.0,38100000.0,0.0,0.024,0.12,157300000.0,195400000.0,0.105,195400000.0,157300000.0,136000000.0,0.18,0.18,0.18,1863800000.0,,1863800000.0,8784872966.0,11.0,9.057,250900000.0,0.616,1.0,663300000.0,0.356,3591300000.0,21300000.0,2187500000.0,,0.0,6900000.0,6900000.0,0.0,9356000000.0,6572600000.0,2783400000.0,7850972966.0,25400000.0,-5900000.0,-69100000.0,-25500000.0,-48700000.0,-152000000.0,-40600000.0,0.0,281800000.0,-63800000.0,74900000.0,74900000.0,74900000.0,0.0,3100000.0,0.04,471400000.0,191900000.0,5753400000.0,0.667,4.212,15.602,15.68,519200000.0,0.0,19.13,1.03,1.023,5438500000.0,1226200000.0,1865500000.0,1865500000.0,0.0,,,,,16500000.0,471400000.0,1.0,410401096.0,407600000,415500000.0,4.577,7882800000.0,203900000.0,61100000.0,0.0,19.34,96200000.0
24,IPG,MRQ,2015-06-30,2015-06-30,2015-06-30,2021-09-07,-735800000.0,11499300000.0,,6637400000.0,4861900000.0,,4.833,-29600000.0,848900000.0,848900000.0,1205200000.0,123800000.0,1.032,4.666,1782800000.0,160000000.0,1622800000.0,1782800000.0,0.0,39500000.0,0.0,0.022,0.12,219200000.0,258700000.0,0.138,258700000.0,219200000.0,198900000.0,0.3,0.29,0.3,1983900000.0,,1983900000.0,8981302407.0,11.0,9.063,231000000.0,0.563,1.0,670900000.0,0.358,3626300000.0,20300000.0,2373300000.0,,0.0,6700000.0,6700000.0,0.0,9256100000.0,6433600000.0,2822500000.0,7957302407.0,114600000.0,0.0,-49300000.0,20600000.0,-49200000.0,-109700000.0,-29900000.0,0.0,260600000.0,-6400000.0,121200000.0,121200000.0,121200000.0,0.0,2600000.0,0.065,455100000.0,215800000.0,5669800000.0,0.4,4.011,15.362,15.416,526400000.0,0.0,19.27,1.047,1.041,5429100000.0,1201800000.0,1876100000.0,1876100000.0,0.0,,,,,16400000.0,455100000.0,1.0,412937333.0,410500000,417600000.0,4.57,7873000000.0,204200000.0,77700000.0,0.0,19.179,203800000.0
25,IPG,MRQ,2015-03-31,2015-03-31,2015-03-31,2021-09-07,-764700000.0,11200200000.0,,6387500000.0,4812700000.0,,4.653,-20200000.0,734300000.0,734300000.0,1215200000.0,-4200000.0,1.026,4.712,1758300000.0,137700000.0,1620600000.0,1758300000.0,0.0,38700000.0,0.0,0.018,0.12,17700000.0,56400000.0,0.034,56400000.0,17700000.0,-3200000.0,0.0,0.0,0.0,1912700000.0,,1912700000.0,9193141047.0,12.0,9.578,-800900000.0,-1.948,1.0,460800000.0,0.275,3595000000.0,20900000.0,2404300000.0,,0.0,6900000.0,6900000.0,0.0,9012700000.0,6224900000.0,2787800000.0,9120941047.0,-926300000.0,0.0,-42100000.0,34300000.0,-49300000.0,-67300000.0,-20000000.0,0.0,-780700000.0,-58300000.0,-1800000.0,-1800000.0,-1800000.0,0.0,-2400000.0,-0.001,453000000.0,7800000.0,5468500000.0,,4.769,18.382,18.588,523300000.0,0.0,22.12,1.204,1.2,5279200000.0,1126200000.0,1676000000.0,1676000000.0,0.0,,,,,16800000.0,453000000.0,1.0,412339107.0,411100000,411100000.0,4.077,7605200000.0,193000000.0,-1400000.0,0.0,18.5,162600000.0
26,IPG,MRQ,2014-12-31,2014-12-31,2014-12-31,2021-09-07,-636700000.0,12736600000.0,,7810200000.0,4926400000.0,,5.114,-54300000.0,1660600000.0,1660600000.0,1266400000.0,331300000.0,1.046,4.88,1722200000.0,109300000.0,1612900000.0,1722200000.0,0.0,41300000.0,0.0,0.018,0.095,418200000.0,459500000.0,0.208,459500000.0,418200000.0,396800000.0,0.74,0.73,0.74,2116300000.0,,2116300000.0,9547916995.0,12.0,10.141,1023100000.0,2.472,1.0,940700000.0,0.426,3669200000.0,21400000.0,1665700000.0,,0.0,6600000.0,6600000.0,0.0,10328000000.0,7463300000.0,2864700000.0,8686616995.0,764600000.0,-20800000.0,-118800000.0,-23000000.0,-39100000.0,-197900000.0,-57000000.0,500000.0,1077400000.0,-57900000.0,308900000.0,308900000.0,308900000.0,0.0,22400000.0,0.14,507700000.0,433000000.0,6558000000.0,0.128,4.105,18.207,18.219,548200000.0,0.0,20.77,1.153,1.155,5800800000.0,1183300000.0,2207100000.0,2207100000.0,0.0,,,,,16400000.0,507700000.0,1.0,418229032.0,413800000,420000000.0,5.334,9067400000.0,192900000.0,87900000.0,0.0,21.913,346900000.0
27,IPG,MRQ,2014-09-30,2014-09-30,2014-09-30,2021-09-07,-495200000.0,11778400000.0,,6900900000.0,4877500000.0,,4.97,-35700000.0,896000000.0,896000000.0,1195200000.0,92800000.0,1.039,4.516,1757300000.0,130500000.0,1626800000.0,1757300000.0,0.0,41000000.0,0.0,0.02,0.095,175400000.0,216400000.0,0.118,216400000.0,175400000.0,154700000.0,0.21,0.21,0.21,2083300000.0,,2083300000.0,8583397840.0,13.0,10.188,140500000.0,0.335,1.0,645900000.0,0.351,3686400000.0,20700000.0,2309000000.0,,0.0,6400000.0,6400000.0,0.0,9407200000.0,6644300000.0,2762900000.0,7719997840.0,900000.0,-6700000.0,-49600000.0,8400000.0,-39800000.0,-85500000.0,-42800000.0,-500000.0,176200000.0,-47000000.0,89700000.0,89700000.0,89700000.0,0.0,3100000.0,0.049,474600000.0,171300000.0,5875000000.0,0.452,3.706,21.367,21.302,530200000.0,0.0,18.32,1.036,1.03,5596500000.0,915200000.0,1841100000.0,1841100000.0,0.0,,,,,11700000.0,474600000.0,1.0,421397262.0,419200000,426400000.0,4.392,8092000000.0,160600000.0,65000000.0,0.0,19.303,256600000.0
28,IPG,MRQ,2014-06-30,2014-06-30,2014-06-30,2021-09-07,-383100000.0,12339700000.0,,7401600000.0,4938100000.0,,5.199,-32100000.0,895100000.0,895100000.0,1170200000.0,103700000.0,1.037,4.509,1758500000.0,128600000.0,1629900000.0,1758500000.0,0.0,40200000.0,0.0,0.017,0.095,187300000.0,227500000.0,0.123,227500000.0,187300000.0,164700000.0,0.24,0.23,0.24,2189300000.0,,2189300000.0,9149495217.0,15.0,11.929,136400000.0,0.324,1.0,681200000.0,0.368,3714800000.0,22600000.0,2350100000.0,,0.0,6300000.0,6300000.0,0.0,9871400000.0,7138200000.0,2733200000.0,8265495217.0,124100000.0,-18200000.0,-47900000.0,102900000.0,-39900000.0,1400000.0,-52000000.0,0.0,168500000.0,6200000.0,99400000.0,99400000.0,99400000.0,0.0,4300000.0,0.054,485400000.0,195800000.0,6414800000.0,0.396,3.775,26.074,25.671,537100000.0,0.0,19.51,1.13,1.124,6070900000.0,865500000.0,1851400000.0,1851400000.0,0.0,,,,,11100000.0,485400000.0,1.0,423654291.0,421100000,428100000.0,4.397,8624900000.0,171000000.0,65300000.0,0.0,20.482,263400000.0
29,IPG,MRQ,2014-03-31,2014-03-31,2014-03-31,2021-09-07,-410900000.0,11759200000.0,,6881900000.0,4877300000.0,,5.059,-26600000.0,771000000.0,771000000.0,1188600000.0,-22400000.0,0.961,4.366,1655000000.0,524300000.0,1130700000.0,1655000000.0,0.0,40500000.0,0.0,0.019,0.095,-2400000.0,38100000.0,0.023,38100000.0,-2400000.0,-22600000.0,-0.05,-0.05,-0.05,2138800000.0,,2138800000.0,7293769202.0,12.0,9.584,-752300000.0,-1.779,1.0,448900000.0,0.274,3663100000.0,20200000.0,1819900000.0,,0.0,5600000.0,5600000.0,0.0,9338100000.0,7160200000.0,2177900000.0,7268069202.0,-865800000.0,-22100000.0,-38700000.0,-6700000.0,-40200000.0,-90700000.0,-47100000.0,0.0,-725700000.0,-2300000.0,-20900000.0,-20900000.0,-20900000.0,0.0,-1500000.0,-0.013,460600000.0,-11700000.0,6048500000.0,-1.9,3.398,24.43,24.141,534300000.0,0.0,17.14,1.007,1.004,5706100000.0,805000000.0,1637500000.0,1637500000.0,0.0,,,,,15100000.0,460600000.0,1.0,424041377.0,422800000,422800000.0,3.873,8096100000.0,162200000.0,-1700000.0,0.0,19.149,-278300000.0
30,IPG,MRQ,2013-12-31,2013-12-31,2013-12-31,2021-09-07,-411200000.0,12905000000.0,,8084000000.0,4821000000.0,,5.209,-81400000.0,1636800000.0,1636800000.0,1199600000.0,212100000.0,0.99,4.697,1662500000.0,532700000.0,1129800000.0,1662500000.0,0.0,39500000.0,0.0,0.017,0.075,321000000.0,360500000.0,0.17,360500000.0,321000000.0,296300000.0,0.46,0.45,0.46,2215200000.0,,2215200000.0,8037678780.0,14.0,11.023,941900000.0,2.215,1.0,923100000.0,0.435,3629000000.0,24700000.0,1136400000.0,,0.0,5300000.0,5300000.0,0.0,10405100000.0,8165300000.0,2239800000.0,7367478780.0,637500000.0,-14100000.0,-197200000.0,-9100000.0,-31900000.0,-256700000.0,-96400000.0,0.0,1023300000.0,-32700000.0,193100000.0,193100000.0,193100000.0,0.0,19000000.0,0.091,598700000.0,324400000.0,6914200000.0,0.163,3.326,28.424,28.548,540000000.0,0.0,17.7,1.034,1.046,6101800000.0,864500000.0,2122700000.0,2122700000.0,0.0,,,,,10200000.0,538100000.0,1.0,416241739.0,425300000,444000000.0,4.991,9276000000.0,144000000.0,103200000.0,0.0,21.81,-81300000.0
31,IPG,MRQ,2013-09-30,2013-09-30,2013-09-30,2021-09-07,-369300000.0,11532000000.0,,6762800000.0,4769200000.0,,5.486,-44800000.0,999300000.0,999300000.0,1093600000.0,49200000.0,1.049,3.895,1669500000.0,188500000.0,1481000000.0,1669500000.0,0.0,40500000.0,0.0,0.017,0.075,100400000.0,140900000.0,0.083,140900000.0,100400000.0,76700000.0,0.11,0.11,0.11,2302600000.0,,2302600000.0,7898052393.0,11.0,8.767,116200000.0,0.277,1.0,606800000.0,0.357,3609300000.0,23700000.0,2145500000.0,,0.0,5200000.0,5200000.0,0.0,8968900000.0,6447400000.0,2521500000.0,7252552393.0,-614600000.0,200000.0,-88100000.0,-605800000.0,-31400000.0,-729600000.0,-45700000.0,-800000.0,161000000.0,-300000.0,48300000.0,45400000.0,45400000.0,0.0,900000.0,0.027,465300000.0,141500000.0,5705600000.0,0.682,3.15,19.116,19.303,490500000.0,2900000.0,17.18,1.027,1.021,5381200000.0,710400000.0,1700400000.0,1700400000.0,0.0,,,,,8000000.0,465300000.0,1.0,422150896.0,419700000,426100000.0,4.051,7922700000.0,171300000.0,28400000.0,0.0,18.877,315400000.0
32,IPG,MRQ,2013-06-30,2013-06-30,2013-06-30,2021-09-07,-395400000.0,12336700000.0,,7604100000.0,4732600000.0,,5.515,-29000000.0,1613900000.0,1613900000.0,1120200000.0,86100000.0,1.053,4.15,2259400000.0,780800000.0,1478600000.0,2259400000.0,0.0,39200000.0,0.0,0.019,0.075,182300000.0,221500000.0,0.126,221500000.0,182300000.0,144800000.0,0.19,0.18,0.19,2344300000.0,,2344300000.0,6820689343.0,9.0,7.237,154700000.0,0.364,1.0,636000000.0,0.362,3580700000.0,37500000.0,2181100000.0,,0.0,4600000.0,4600000.0,0.0,9729300000.0,7220400000.0,2508900000.0,6233189343.0,-31800000.0,-10200000.0,-91400000.0,29300000.0,-31700000.0,-121900000.0,-42600000.0,500000.0,183700000.0,-51000000.0,82800000.0,79900000.0,79900000.0,0.0,3300000.0,0.045,461200000.0,174800000.0,5891000000.0,0.395,2.659,15.478,15.479,475900000.0,2900000.0,14.55,0.886,0.879,5593700000.0,696500000.0,1756200000.0,1756200000.0,0.0,,,,,9400000.0,461200000.0,1.0,428397893.0,425100000,448300000.0,4.131,8756000000.0,178400000.0,62000000.0,0.0,20.598,383700000.0
33,IPG,MRQ,2013-03-31,2013-03-31,2013-03-31,2021-09-07,-325400000.0,12218300000.0,,7448200000.0,4770100000.0,,5.913,-17800000.0,1645700000.0,1645700000.0,1132100000.0,-58500000.0,1.162,3.879,2233200000.0,161600000.0,2071600000.0,2233200000.0,0.0,38200000.0,0.0,0.02,0.075,-31900000.0,6300000.0,0.004,6300000.0,-31900000.0,-68700000.0,-0.14,-0.14,-0.14,2449300000.0,,2449300000.0,5267941853.0,7.0,5.589,-792900000.0,-1.914,1.0,410900000.0,0.266,3588900000.0,36800000.0,2808700000.0,,0.0,5400000.0,5400000.0,0.0,9500600000.0,6408200000.0,3092400000.0,5393241853.0,-929100000.0,-34900000.0,-57700000.0,-11400000.0,-31000000.0,-104100000.0,-39800000.0,11100000.0,-775100000.0,-10100000.0,-56300000.0,-59200000.0,-59200000.0,0.0,-2200000.0,-0.038,453300000.0,-42400000.0,5650200000.0,-0.536,2.202,12.786,13.296,485600000.0,2900000.0,13.03,0.771,0.772,5397100000.0,648700000.0,1543000000.0,1543000000.0,0.0,,,,,15500000.0,453300000.0,1.0,413909582.0,414200000,414200000.0,3.725,8629400000.0,182400000.0,-12400000.0,0.0,20.834,1040000000.0
34,IPG,MRQ,2012-12-31,2012-12-31,2012-12-31,2021-09-07,-288000000.0,13493900000.0,,8738300000.0,4755600000.0,,5.716,-69900000.0,2574800000.0,2574800000.0,1133800000.0,337100000.0,1.135,4.466,2449500000.0,388700000.0,2060800000.0,2449500000.0,0.0,38900000.0,0.0,0.022,0.06,493300000.0,532200000.0,0.258,532200000.0,493300000.0,456700000.0,0.73,0.67,0.73,2420600000.0,,2420600000.0,5247297325.0,7.0,5.575,732600000.0,1.73,1.0,929500000.0,0.45,3580600000.0,36600000.0,2086300000.0,,0.0,16000000.0,16000000.0,0.0,10810100000.0,7701700000.0,3108400000.0,4753897325.0,1387500000.0,90200000.0,-146800000.0,764400000.0,-25300000.0,571000000.0,19100000.0,-400000.0,802500000.0,-5100000.0,316200000.0,313300000.0,313300000.0,0.0,20900000.0,0.152,519600000.0,409900000.0,6584800000.0,0.082,1.964,10.926,10.911,504800000.0,2900000.0,11.02,0.683,0.685,5815400000.0,738300000.0,2063300000.0,2063300000.0,0.0,,,,,6800000.0,520800000.0,1.0,431388142.0,423500000,516500000.0,4.872,9913300000.0,160500000.0,140500000.0,0.0,23.408,1036600000.0
35,IPG,MRQ,2012-09-30,2012-09-30,2012-09-30,2021-09-07,-157600000.0,11728700000.0,,6974500000.0,4754200000.0,,5.555,-41100000.0,1187300000.0,1187300000.0,1064300000.0,67700000.0,1.009,3.791,1680700000.0,417600000.0,1263100000.0,1680700000.0,0.0,37400000.0,0.0,0.022,0.06,145100000.0,182500000.0,0.109,182500000.0,145100000.0,113500000.0,0.16,0.15,0.16,2395800000.0,,2395800000.0,4992255153.0,7.0,5.909,-145800000.0,-0.338,1.0,606100000.0,0.363,3574300000.0,31600000.0,1733400000.0,,0.0,109000000.0,109000000.0,0.0,9081900000.0,6914400000.0,2167500000.0,4860855153.0,-314700000.0,-89500000.0,-82500000.0,16500000.0,-25800000.0,-98600000.0,-131700000.0,-500000.0,-104700000.0,20300000.0,71600000.0,68700000.0,68700000.0,0.0,-3900000.0,0.041,474700000.0,131400000.0,5846800000.0,0.375,2.029,12.765,13.082,466700000.0,2900000.0,11.12,0.698,0.689,5353500000.0,450900000.0,1670400000.0,1670400000.0,0.0,,,,,8300000.0,474700000.0,1.0,437127262.0,431300000,456100000.0,3.873,8154400000.0,182700000.0,41900000.0,0.0,18.907,60100000.0
36,IPG,MRQ,2012-06-30,2012-06-30,2012-06-30,2021-09-07,-168300000.0,11851600000.0,,7237300000.0,4614300000.0,,5.542,-35800000.0,1502000000.0,1502000000.0,1088900000.0,105500000.0,1.032,3.786,1633400000.0,394700000.0,1238700000.0,1633400000.0,0.0,36800000.0,0.0,0.022,0.06,184700000.0,221500000.0,0.129,221500000.0,184700000.0,152000000.0,0.23,0.22,0.23,2424000000.0,,2424000000.0,4854943046.0,6.0,4.793,122100000.0,0.279,1.0,626800000.0,0.365,3461700000.0,32700000.0,1506100000.0,,0.0,148700000.0,148700000.0,0.0,9176900000.0,7015200000.0,2161700000.0,4807043046.0,-71100000.0,-36900000.0,-62800000.0,24300000.0,-26100000.0,-112100000.0,-76300000.0,0.0,157900000.0,-40600000.0,101900000.0,99000000.0,99000000.0,0.0,3600000.0,0.058,450400000.0,176400000.0,6026600000.0,0.261,1.983,9.241,9.518,447000000.0,2900000.0,10.85,0.685,0.676,5245400000.0,408200000.0,1715700000.0,1715700000.0,0.0,,,,,12700000.0,450400000.0,1.0,443045442.0,437400000,477700000.0,3.922,8389900000.0,203200000.0,50100000.0,0.0,19.181,222100000.0
37,IPG,MRQ,2012-03-31,2012-03-31,2012-03-31,2021-09-07,-181800000.0,11765900000.0,,7112500000.0,4653400000.0,,5.471,-22400000.0,1573100000.0,1573100000.0,1104900000.0,-45700000.0,1.018,3.807,1621000000.0,381300000.0,1239700000.0,1621000000.0,0.0,34600000.0,0.0,0.021,0.06,-29600000.0,5000000.0,0.003,5000000.0,-29600000.0,-62200000.0,-0.1,-0.1,-0.1,2393900000.0,,2393900000.0,4556632295.0,5.0,4.492,-520900000.0,-1.19,1.0,401900000.0,0.267,3463000000.0,32600000.0,1363700000.0,,0.0,13800000.0,13800000.0,0.0,9114100000.0,6987100000.0,2127000000.0,5090132295.0,-729600000.0,-2100000.0,-47600000.0,-149500000.0,-26200000.0,-229000000.0,-21300000.0,-300000.0,-498500000.0,19200000.0,-43000000.0,-45900000.0,-45900000.0,0.0,-2700000.0,-0.03,441300000.0,-39400000.0,5929100000.0,-0.6,2.126,9.734,10.188,451100000.0,2900000.0,11.41,0.722,0.709,5179400000.0,335700000.0,1506800000.0,1506800000.0,0.0,,,,,16700000.0,441300000.0,1.0,446111507.0,437600000,437600000.0,3.443,8302900000.0,254800000.0,-19200000.0,0.0,18.974,125400000.0
38,IPG,MRQ,2011-12-31,2011-12-31,2011-12-31,2021-09-07,-225700000.0,12908700000.0,,8352200000.0,4556500000.0,,5.494,-57000000.0,2302700000.0,2302700000.0,1138300000.0,278300000.0,1.039,4.13,1769200000.0,558300000.0,1210900000.0,1769200000.0,0.0,41400000.0,0.0,0.025,0.06,394500000.0,435900000.0,0.21,435900000.0,394500000.0,355600000.0,0.56,0.49,0.56,2461700000.0,,2461700000.0,4426809651.0,5.0,4.382,660400000.0,1.474,1.0,934300000.0,0.451,3444300000.0,38900000.0,895400000.0,,0.0,12900000.0,12900000.0,0.0,10168000000.0,8035500000.0,2132500000.0,4487209651.0,517700000.0,-12800000.0,-131700000.0,-6100000.0,-26700000.0,-118300000.0,-67900000.0,0.0,717400000.0,-13500000.0,261900000.0,259000000.0,259000000.0,0.0,16400000.0,0.125,549000000.0,385300000.0,6647200000.0,0.107,1.823,8.618,8.688,459800000.0,2900000.0,9.73,0.64,0.646,5672600000.0,405100000.0,2072600000.0,2072600000.0,0.0,,,,,9600000.0,548000000.0,1.0,461172626.0,448100000,579000000.0,4.625,9464400000.0,181200000.0,93700000.0,0.0,21.121,316700000.0
39,IPG,MRQ,2011-09-30,2011-09-30,2011-09-30,2021-09-07,-181600000.0,11825900000.0,,7229300000.0,4596600000.0,,5.119,-30200000.0,1785000000.0,1785000000.0,1088000000.0,217500000.0,1.016,3.849,1724600000.0,558400000.0,1166200000.0,1724600000.0,0.0,36200000.0,0.0,0.025,0.06,314300000.0,350500000.0,0.203,350500000.0,314300000.0,281400000.0,0.45,0.4,0.45,2378600000.0,,2378600000.0,3401968026.0,4.0,3.598,127600000.0,0.275,1.0,638500000.0,0.37,3405400000.0,32900000.0,1243500000.0,,0.0,13800000.0,13800000.0,0.0,9154700000.0,7116600000.0,2038100000.0,3445368026.0,-24800000.0,-18700000.0,-129800000.0,-13500000.0,-27600000.0,-202000000.0,93600000.0,133500000.0,157800000.0,-74200000.0,211000000.0,208100000.0,208100000.0,0.0,6500000.0,0.121,465300000.0,173200000.0,5934200000.0,0.133,1.448,7.544,7.423,441500000.0,2900000.0,7.2,0.496,0.482,5179700000.0,176200000.0,1726500000.0,1726500000.0,0.0,,,,,12600000.0,465300000.0,1.0,478523337.0,464700000,537600000.0,3.715,8420500000.0,309200000.0,70400000.0,0.0,18.12,112700000.0
40,IPG,MRQ,2011-06-30,2011-06-30,2011-06-30,2021-09-07,-46600000.0,12301600000.0,,7593700000.0,4707900000.0,,5.207,-36200000.0,1809800000.0,1809800000.0,1095700000.0,108900000.0,1.011,3.87,1766400000.0,598600000.0,1167800000.0,1766400000.0,0.0,37700000.0,0.0,0.01,0.06,185300000.0,223000000.0,0.128,223000000.0,185300000.0,152200000.0,0.21,0.19,0.21,2463600000.0,,2463600000.0,6002980488.0,10.0,8.15,163800000.0,0.346,1.0,645000000.0,0.371,3427100000.0,33100000.0,1318400000.0,,0.0,14200000.0,14200000.0,0.0,9534000000.0,7512700000.0,2021300000.0,6108680488.0,-30400000.0,-31900000.0,-125200000.0,29000000.0,-28300000.0,-175300000.0,-67700000.0,0.0,200000000.0,12600000.0,104600000.0,101700000.0,101700000.0,0.0,4300000.0,0.058,471000000.0,174000000.0,4064700000.0,0.286,2.48,20.992,20.492,450800000.0,2900000.0,12.5,0.902,0.873,5509600000.0,-4300000.0,1740700000.0,1740700000.0,0.0,,,,,13800000.0,471000000.0,1.0,488694439.0,473100000,546900000.0,3.679,8874500000.0,373000000.0,47600000.0,0.0,18.758,81000000.0
41,IPG,MRQ,2011-03-31,2011-03-31,2011-03-31,2021-09-07,-73800000.0,12177200000.0,,7474100000.0,4703100000.0,,5.248,-16900000.0,1840200000.0,1840200000.0,1080100000.0,-53200000.0,1.022,3.747,1734500000.0,568600000.0,1165900000.0,1734500000.0,0.0,35600000.0,0.0,0.005,0.06,-34800000.0,800000.0,0.001,800000.0,-34800000.0,-66700000.0,-0.1,-0.1,-0.1,2497900000.0,,2497900000.0,5210542441.0,9.0,7.126,-818600000.0,-1.72,1.0,394700000.0,0.268,3407700000.0,31900000.0,1351000000.0,,0.0,14100000.0,14100000.0,0.0,9358500000.0,7312800000.0,2045700000.0,6149242441.0,-835500000.0,300000.0,-2100000.0,-5800000.0,-28500000.0,-45400000.0,-16800000.0,0.0,-801700000.0,28400000.0,-45200000.0,-48100000.0,-48100000.0,0.0,-8000000.0,-0.033,440000000.0,-45300000.0,4010600000.0,-0.6,2.462,20.873,20.274,445500000.0,2900000.0,12.57,0.925,0.9,5353200000.0,-108900000.0,1474800000.0,1474800000.0,0.0,,,,,15700000.0,439200000.0,1.0,489199876.0,476000000,476000000.0,3.098,8769500000.0,398900000.0,-21500000.0,0.0,18.423,161300000.0
42,IPG,MRQ,2010-12-31,2010-12-31,2010-12-31,2021-09-07,-119000000.0,13070800000.0,,8453500000.0,4617300000.0,,5.32,-46600000.0,2675700000.0,2675700000.0,1139600000.0,222800000.0,1.092,4.038,1737000000.0,153700000.0,1583300000.0,1737000000.0,0.0,36900000.0,0.0,0.0,0.0,334200000.0,371100000.0,0.185,371100000.0,334200000.0,296800000.0,0.41,0.36,0.41,2529000000.0,,2529000000.0,5206869746.0,9.0,7.227,932500000.0,1.962,1.0,865600000.0,0.432,3368500000.0,37400000.0,1022700000.0,,0.0,13700000.0,13700000.0,0.0,10212700000.0,7740900000.0,2471800000.0,5190369746.0,748000000.0,1100000.0,-1000000.0,-201600000.0,0.0,-220000000.0,-24900000.0,0.0,979100000.0,13800000.0,197900000.0,195000000.0,195000000.0,0.0,24900000.0,0.097,534900000.0,330700000.0,6806700000.0,0.0,2.052,19.139,18.632,454300000.0,2900000.0,10.62,0.798,0.773,5534700000.0,-63700000.0,2005200000.0,2005200000.0,0.0,,,,,11500000.0,537200000.0,1.0,488735381.0,475400000,589200000.0,4.218,9702300000.0,334200000.0,98900000.0,0.0,20.409,712600000.0
43,IPG,MRQ,2010-09-30,2010-09-30,2010-09-30,2021-09-07,-161800000.0,11950600000.0,,7315800000.0,4634800000.0,,4.837,-21400000.0,1927700000.0,1927700000.0,1007100000.0,45600000.0,1.064,4.072,1944200000.0,355300000.0,1588900000.0,1944200000.0,0.0,37300000.0,0.0,0.0,0.0,104400000.0,141700000.0,0.091,141700000.0,104400000.0,69700000.0,0.09,0.08,0.09,2296100000.0,,2296100000.0,4886872413.0,9.0,7.238,19000000.0,0.04,1.0,546300000.0,0.352,3350400000.0,34700000.0,1743700000.0,,0.0,11300000.0,11300000.0,0.0,9349600000.0,6873000000.0,2476600000.0,4902872413.0,-2200000.0,-84900000.0,1000000.0,19500000.0,0.0,-11800000.0,-74300000.0,0.0,40400000.0,43500000.0,45300000.0,42400000.0,42400000.0,0.0,300000.0,0.027,446100000.0,100200000.0,3967800000.0,0.0,2.135,23.847,22.795,441100000.0,2900000.0,10.03,0.78,0.758,5134800000.0,-261600000.0,1553400000.0,1553400000.0,0.0,,,,,12000000.0,444700000.0,1.0,488820779.0,474700000,533600000.0,3.272,8600200000.0,396500000.0,24400000.0,0.0,18.117,442800000.0
44,IPG,MRQ,2010-06-30,2010-06-30,2010-06-30,2021-09-07,-240800000.0,11704600000.0,,7180800000.0,4523800000.0,,4.587,-18900000.0,1929900000.0,1929900000.0,991000000.0,83100000.0,1.066,4.253,1913900000.0,285900000.0,1628000000.0,1913900000.0,0.0,36800000.0,0.0,0.0,0.0,180800000.0,217600000.0,0.135,217600000.0,180800000.0,145800000.0,0.22,0.15,0.22,2169700000.0,,2169700000.0,3496329782.0,7.0,5.454,334400000.0,0.707,1.0,620700000.0,0.385,3278300000.0,35000000.0,1674600000.0,,0.0,12500000.0,12500000.0,0.0,9227400000.0,6735700000.0,2491700000.0,3488829782.0,1100000.0,-2600000.0,0.0,-10000000.0,0.0,-299700000.0,-22300000.0,0.0,353300000.0,-30200000.0,82500000.0,105300000.0,105300000.0,0.0,600000.0,0.065,443500000.0,177200000.0,4004800000.0,0.0,1.608,19.339,18.282,440400000.0,-22800000.0,7.13,0.567,0.548,4956000000.0,-306900000.0,1611700000.0,1611700000.0,0.0,,,,,12800000.0,442900000.0,1.0,489316940.0,473000000,544900000.0,3.407,8426300000.0,377200000.0,63300000.0,0.0,17.815,445100000.0
45,IPG,MRQ,2010-03-31,2010-03-31,2010-03-31,2021-09-07,-190700000.0,11389400000.0,,6776700000.0,4612700000.0,,5.143,-9400000.0,1928800000.0,1928800000.0,979300000.0,-70300000.0,1.097,3.577,1936300000.0,301800000.0,1634500000.0,1936300000.0,0.0,37400000.0,0.0,0.0,0.0,-47300000.0,-9900000.0,-0.007,-9900000.0,-47300000.0,-79900000.0,-0.15,-0.15,-0.15,2423900000.0,,2423900000.0,3493814538.0,9.0,6.437,-564900000.0,-1.199,1.0,357700000.0,0.268,3306100000.0,32600000.0,1916100000.0,,0.0,12700000.0,12700000.0,0.0,8669800000.0,6174700000.0,2495100000.0,4042414538.0,-566400000.0,24500000.0,0.0,-7800000.0,0.0,-16200000.0,13000000.0,0.0,-555500000.0,-7700000.0,-64600000.0,-71500000.0,-71500000.0,0.0,-5700000.0,-0.053,417100000.0,-59400000.0,3607300000.0,0.0,1.668,42.108,39.619,460600000.0,6900000.0,8.32,0.672,0.651,4539100000.0,-389400000.0,1337000000.0,1337000000.0,0.0,,,,,13700000.0,416800000.0,1.0,485867132.0,471300000,471300000.0,2.837,8083300000.0,428100000.0,-15300000.0,0.0,17.151,602000000.0
46,IPG,MRQ,2009-12-31,2009-12-31,2009-12-31,2021-09-07,-176600000.0,12263100000.0,,7637700000.0,4625400000.0,,5.304,-23400000.0,2495200000.0,2495200000.0,1052800000.0,159700000.0,1.106,3.783,1946600000.0,308600000.0,1638000000.0,1946600000.0,0.0,43400000.0,0.0,0.0,0.0,282400000.0,325800000.0,0.183,325800000.0,282400000.0,244500000.0,0.28,0.27,0.28,2497700000.0,,2497700000.0,3781151748.0,10.0,7.043,715900000.0,1.52,1.0,728200000.0,0.409,3321000000.0,37900000.0,1487900000.0,,0.0,10900000.0,10900000.0,0.0,9449000000.0,6905600000.0,2543400000.0,3587551748.0,733700000.0,-6200000.0,0.0,-600000.0,0.0,-4400000.0,-17900000.0,600000.0,739300000.0,16700000.0,136400000.0,129400000.0,129400000.0,0.0,23300000.0,0.073,460200000.0,268000000.0,3828900000.0,0.0,1.436,38.329,36.9,490100000.0,7000000.0,7.38,0.597,0.575,4856600000.0,-324800000.0,1781000000.0,1781000000.0,0.0,,,,,11800000.0,454900000.0,1.0,486118123.0,470900000,508100000.0,3.782,8942100000.0,398300000.0,108100000.0,0.0,18.989,732100000.0
47,IPG,MRQ,2009-09-30,2009-09-30,2009-09-30,2021-09-07,-199400000.0,10978300000.0,,6282200000.0,4696100000.0,,4.935,-16000000.0,1761500000.0,1761500000.0,943500000.0,25900000.0,1.121,3.602,1955100000.0,88200000.0,1866900000.0,1955100000.0,0.0,42000000.0,0.0,0.0,0.0,65600000.0,107600000.0,0.075,107600000.0,65600000.0,27800000.0,0.04,0.03,0.04,2321900000.0,,2321900000.0,3933459074.0,9.0,6.728,108900000.0,0.231,1.0,483200000.0,0.339,3310200000.0,37800000.0,2259200000.0,,0.0,10600000.0,10600000.0,0.0,8362500000.0,5602500000.0,2760000000.0,3655559074.0,1000000.0,-33800000.0,0.0,-98300000.0,0.0,-112600000.0,-49400000.0,500000.0,124900000.0,38100000.0,24100000.0,17200000.0,17200000.0,0.0,1800000.0,0.012,424900000.0,58300000.0,3283500000.0,0.0,1.574,21.167,20.324,503200000.0,6900000.0,7.52,0.597,0.577,4202800000.0,-461200000.0,1426700000.0,1426700000.0,0.0,,,,,12900000.0,425400000.0,1.0,486111579.0,470500000,513800000.0,3.032,7668100000.0,438900000.0,3700000.0,0.0,16.298,679700000.0
48,IPG,MRQ,2009-06-30,2009-06-30,2009-06-30,2021-09-07,-263900000.0,11065100000.0,,6354400000.0,4710700000.0,,4.765,-16000000.0,1760500000.0,1760500000.0,968400000.0,31400000.0,1.11,3.838,2038400000.0,137300000.0,1901100000.0,2038400000.0,0.0,42700000.0,0.0,0.0,0.0,76600000.0,119300000.0,0.081,119300000.0,76600000.0,31500000.0,0.04,0.04,0.04,2225600000.0,,2225600000.0,2882969197.0,6.0,4.397,217900000.0,0.466,1.0,506000000.0,0.343,3298000000.0,45100000.0,2322500000.0,,0.0,10900000.0,10900000.0,0.0,8542300000.0,5722500000.0,2819800000.0,2415869197.0,118500000.0,-18800000.0,0.0,-96800000.0,0.0,-134100000.0,-29100000.0,6700000.0,233900000.0,47800000.0,27800000.0,20900000.0,20900000.0,0.0,3600000.0,0.014,409100000.0,96900000.0,3380400000.0,0.0,1.085,12.44,12.317,521800000.0,6900000.0,5.05,0.375,0.366,4227300000.0,-485300000.0,1474400000.0,1474400000.0,0.0,,,,,15500000.0,409100000.0,1.0,478389940.0,467100000,507500000.0,3.156,7767100000.0,447300000.0,3700000.0,0.0,16.628,631900000.0
49,IPG,MRQ,2009-03-31,2009-03-31,2009-03-31,2021-09-07,-343000000.0,10929700000.0,,6269300000.0,4660400000.0,,4.563,-11700000.0,1642000000.0,1642000000.0,996500000.0,-73600000.0,1.083,4.016,2109100000.0,327200000.0,1781900000.0,2109100000.0,0.0,41800000.0,0.0,0.0,0.0,-57600000.0,-15800000.0,-0.012,-15800000.0,-57600000.0,-92400000.0,-0.16,-0.16,-0.16,2117400000.0,,2117400000.0,1975355089.0,3.0,2.449,-569000000.0,-1.226,1.0,328800000.0,0.248,3243000000.0,34800000.0,2364700000.0,,0.0,16500000.0,16500000.0,0.0,8502700000.0,5789100000.0,2713600000.0,1962855089.0,-465200000.0,-13600000.0,0.0,0.0,0.0,-15900000.0,125800000.0,150700000.0,-557300000.0,-17800000.0,-67000000.0,-73900000.0,-73900000.0,0.0,-6600000.0,-0.056,410700000.0,-81900000.0,3350700000.0,0.0,0.927,7.509,7.357,529500000.0,6900000.0,4.12,0.289,0.281,4231600000.0,-513100000.0,1325300000.0,1325300000.0,0.0,,,,,9300000.0,410900000.0,1.0,476421138.0,464000000,464000000.0,2.856,7686700000.0,453100000.0,-25400000.0,0.0,16.566,480200000.0
50,IPG,MRQ,2008-12-31,2008-12-31,2008-12-31,2021-09-07,-318500000.0,12125200000.0,,7487600000.0,4637600000.0,,4.759,-55600000.0,2107200000.0,2107200000.0,1081100000.0,232700000.0,1.089,4.348,2119700000.0,332800000.0,1786900000.0,2119700000.0,0.0,42800000.0,0.0,0.0,0.0,330700000.0,373500000.0,0.196,373500000.0,330700000.0,282700000.0,0.45,0.4,0.45,2206300000.0,,2206300000.0,2322298693.0,4.0,2.775,663600000.0,1.431,1.0,820700000.0,0.432,3220900000.0,48000000.0,2039800000.0,,0.0,167700000.0,167700000.0,0.0,9592600000.0,6877000000.0,2715600000.0,1887098693.0,417400000.0,22900000.0,0.0,-11400000.0,0.0,-12700000.0,-206000000.0,-186300000.0,719200000.0,-83100000.0,217000000.0,208500000.0,208500000.0,0.0,15700000.0,0.11,490100000.0,330600000.0,4022600000.0,0.0,0.855,7.116,6.947,561500000.0,8500000.0,3.96,0.271,0.262,4846000000.0,-446100000.0,1901800000.0,1901800000.0,0.0,,,,,15700000.0,484200000.0,1.0,476540074.0,463600000,573500000.0,4.102,8904300000.0,416800000.0,65700000.0,0.0,19.207,610600000.0
51,IPG,MRQ,2008-09-30,2008-09-30,2008-09-30,2021-09-07,-156000000.0,12097300000.0,,7241600000.0,4855700000.0,,5.21,-24000000.0,1689800000.0,1689800000.0,1093500000.0,50400000.0,1.083,4.017,2125000000.0,81900000.0,2043100000.0,2125000000.0,0.0,44200000.0,0.0,0.0,0.0,134400000.0,178600000.0,0.103,178600000.0,134400000.0,81200000.0,0.08,0.08,0.08,2411100000.0,,2411100000.0,3999257550.0,6.0,4.9,10200000.0,0.022,1.0,646500000.0,0.372,3325000000.0,53200000.0,2522700000.0,,0.0,17800000.0,17800000.0,0.0,9686200000.0,6684800000.0,3001400000.0,3692657550.0,-141200000.0,-74700000.0,0.0,-4900000.0,0.0,-24100000.0,-113600000.0,-500000.0,34200000.0,-37700000.0,45700000.0,38700000.0,38700000.0,0.0,4700000.0,0.022,530200000.0,116300000.0,3979300000.0,0.0,1.532,16.792,16.146,571800000.0,7000000.0,7.75,0.524,0.509,5232500000.0,-663100000.0,1740000000.0,1740000000.0,0.0,,,,,21400000.0,526300000.0,1.0,476471942.0,462800000,519400000.0,3.76,8772300000.0,474600000.0,35500000.0,0.0,18.955,556800000.0
52,IPG,MRQ,2008-06-30,2008-06-30,2008-06-30,2021-09-07,-82400000.0,12207000000.0,,7424100000.0,4782900000.0,,5.261,-26900000.0,1831000000.0,1831000000.0,1103200000.0,98300000.0,1.095,4.039,2137600000.0,91800000.0,2045800000.0,2137600000.0,0.0,43200000.0,0.0,0.0,0.0,227200000.0,270400000.0,0.147,270400000.0,227200000.0,174200000.0,0.19,0.17,0.19,2422600000.0,,2422600000.0,4721133493.0,8.0,6.251,373000000.0,0.81,1.0,732500000.0,0.399,3272600000.0,53000000.0,2460200000.0,,0.0,25000000.0,25000000.0,0.0,9784400000.0,6780800000.0,3003600000.0,4058733493.0,339800000.0,-9200000.0,0.0,-18400000.0,0.0,-31900000.0,-37700000.0,-3600000.0,399900000.0,9500000.0,95100000.0,88100000.0,88100000.0,0.0,3200000.0,0.048,531900000.0,200600000.0,4138400000.0,0.0,1.675,26.632,25.294,598600000.0,7000000.0,8.6,0.591,0.577,5224900000.0,-708800000.0,1835700000.0,1835700000.0,0.0,,,,,23200000.0,527800000.0,1.0,471945755.0,460500000,516000000.0,3.986,8934400000.0,491800000.0,79100000.0,0.0,19.402,643300000.0
53,IPG,MRQ,2008-03-31,2008-03-31,2008-03-31,2021-09-07,-74900000.0,11783800000.0,,6942500000.0,4841300000.0,,5.068,-31900000.0,1491200000.0,1491200000.0,1064800000.0,-63400000.0,1.078,4.063,2153600000.0,103300000.0,2050300000.0,2153600000.0,0.0,43100000.0,0.0,0.0,0.0,-28800000.0,14300000.0,0.01,14300000.0,-28800000.0,-86500000.0,-0.15,-0.15,-0.15,2327400000.0,,2327400000.0,4296688690.0,8.0,6.066,-319900000.0,-0.697,1.0,420400000.0,0.283,3265400000.0,57700000.0,2742500000.0,,0.0,21100000.0,21100000.0,0.0,9456400000.0,6438300000.0,3018100000.0,3962388690.0,-523700000.0,-17100000.0,0.0,-190800000.0,0.0,-207100000.0,-47000000.0,500000.0,-288000000.0,18400000.0,-62800000.0,-69700000.0,-69700000.0,0.0,-600000.0,-0.047,478200000.0,-57800000.0,3978900000.0,0.0,1.702,21.326,20.024,616800000.0,6900000.0,8.41,0.593,0.578,5072700000.0,-803900000.0,1485200000.0,1485200000.0,0.0,,,,,19800000.0,475000000.0,1.0,471152044.0,459200000,459200000.0,3.234,8518400000.0,535000000.0,-23700000.0,0.0,18.551,504200000.0
54,IPG,MRQ,2007-12-31,2007-12-31,2007-12-31,2021-09-07,-118600000.0,12458100000.0,,7685800000.0,4772300000.0,,5.082,-51200000.0,2014900000.0,2014900000.0,1106000000.0,195100000.0,1.079,4.342,2349200000.0,305100000.0,2044100000.0,2349200000.0,0.0,49600000.0,0.0,0.0,0.0,303300000.0,352900000.0,0.178,352900000.0,303300000.0,238600000.0,0.36,0.33,0.36,2332200000.0,,2332200000.0,4709398556.0,10.0,7.354,466700000.0,1.017,1.0,876500000.0,0.442,3231600000.0,64700000.0,2440200000.0,,0.0,22500000.0,22500000.0,0.0,10125900000.0,7120600000.0,3005300000.0,3822898556.0,584800000.0,12100000.0,0.0,19300000.0,0.0,5600000.0,28600000.0,67300000.0,517900000.0,32700000.0,178400000.0,162800000.0,162800000.0,0.0,16700000.0,0.082,604700000.0,271800000.0,4124300000.0,0.0,1.639,29.116,27.966,620000000.0,15600000.0,8.11,0.583,0.566,5343300000.0,-741100000.0,1982500000.0,1982500000.0,0.0,,,,,24400000.0,578200000.0,1.0,471380833.0,458900000,503100000.0,4.32,9226500000.0,479900000.0,60200000.0,0.0,20.106,565200000.0
55,IPG,MRQ,2007-09-30,2007-09-30,2007-09-30,2021-09-07,0.0,11665700000.0,,6870000000.0,4795700000.0,,4.48,-29900000.0,1430100000.0,1430100000.0,1034700000.0,-21900000.0,1.014,4.679,2316600000.0,475400000.0,1841200000.0,2316600000.0,0.0,43700000.0,0.0,0.0,0.0,74000000.0,117700000.0,0.075,117700000.0,74000000.0,13900000.0,-0.06,-0.06,-0.06,2054300000.0,,2054300000.0,6006593704.0,20.0,12.545,89000000.0,0.194,1.0,525200000.0,0.337,3196000000.0,60100000.0,2582400000.0,,0.0,103800000.0,103800000.0,0.0,9611400000.0,6773800000.0,2837600000.0,4893793704.0,209600000.0,-40900000.0,0.0,-16400000.0,0.0,-26400000.0,92700000.0,163500000.0,118900000.0,24400000.0,-21900000.0,-28800000.0,-28800000.0,0.0,0.0,-0.018,474100000.0,51100000.0,3866600000.0,0.0,2.382,286.187,207.6,615600000.0,6900000.0,10.38,0.759,0.738,5004900000.0,,1559900000.0,1559900000.0,0.0,,,,,22600000.0,468900000.0,1.0,471463748.0,458600000,458600000.0,3.401,8469700000.0,508700000.0,35800000.0,0.0,18.469,96200000.0
56,IPG,MRQ,2007-06-30,2007-06-30,2007-06-30,2021-09-07,0.0,11566100000.0,,6805000000.0,4761100000.0,,4.364,-38500000.0,1220500000.0,1220500000.0,1009700000.0,137000000.0,1.012,4.795,2333300000.0,490300000.0,1843000000.0,2333300000.0,0.0,40900000.0,0.0,0.0,0.0,182500000.0,223400000.0,0.135,223400000.0,182500000.0,125600000.0,0.27,0.24,0.27,1995800000.0,,1995800000.0,6188721729.0,21.0,13.051,5300000.0,0.012,1.0,643000000.0,0.389,3140600000.0,56900000.0,2816800000.0,,0.0,260200000.0,260200000.0,0.0,9570300000.0,6721500000.0,2848800000.0,5345321729.0,-246400000.0,-56300000.0,0.0,27100000.0,0.0,14200000.0,-305000000.0,-214300000.0,43800000.0,600000.0,137000000.0,121500000.0,121500000.0,0.0,0.0,0.074,497400000.0,145600000.0,4010400000.0,0.0,2.678,141.786,126.667,618800000.0,15500000.0,11.4,0.843,0.822,4984700000.0,,1652700000.0,1652700000.0,0.0,,,,,13100000.0,502600000.0,1.0,468887871.0,457300000,541300000.0,3.614,8425500000.0,534500000.0,-11400000.0,0.0,18.424,83500000.0
57,IPG,MRQ,2007-03-31,2007-03-31,2007-03-31,2021-09-07,0.0,11094600000.0,,6413600000.0,4681000000.0,,4.011,-28000000.0,1466900000.0,1466900000.0,988800000.0,-125900000.0,1.003,5.066,2310300000.0,464200000.0,1846100000.0,2310300000.0,0.0,43000000.0,0.0,0.0,0.0,-96600000.0,-53600000.0,-0.039,-53600000.0,-96600000.0,-151600000.0,-0.29,-0.29,-0.29,1829000000.0,,1829000000.0,6145632065.0,25.0,14.784,-410500000.0,-0.9,1.0,370300000.0,0.272,3077100000.0,55000000.0,2467800000.0,,0.0,179400000.0,51500000.0,127900000.0,9265600000.0,6393100000.0,2872500000.0,5769832065.0,-488800000.0,3300000.0,0.0,-20000000.0,0.0,-30700000.0,-84100000.0,-59600000.0,-382500000.0,8500000.0,-125900000.0,-132800000.0,-132800000.0,0.0,0.0,-0.098,494500000.0,-124200000.0,3801000000.0,0.0,3.155,-145.703,-153.875,605600000.0,6900000.0,12.31,0.927,0.902,4577900000.0,,1359100000.0,1359100000.0,0.0,,,,,19600000.0,495100000.0,1.0,468710972.0,456000000,456000000.0,2.98,8017500000.0,593100000.0,-25700000.0,0.0,17.582,20500000.0
58,IPG,MRQ,2006-12-31,2006-12-31,2006-12-31,2021-09-07,-303000000.0,11864100000.0,,7208800000.0,4655300000.0,,4.486,-58000000.0,1955700000.0,1955700000.0,1087600000.0,69100000.0,1.087,5.114,2331500000.0,82900000.0,2248600000.0,2331500000.0,0.0,46600000.0,0.0,0.0,0.0,144700000.0,191300000.0,0.102,191300000.0,144700000.0,81100000.0,0.13,0.13,0.13,1940600000.0,,1940600000.0,6384076627.0,31.0,16.831,531900000.0,1.23,1.0,789500000.0,0.421,3067800000.0,63600000.0,2538400000.0,,0.0,1400000.0,1400000.0,0.0,9923500000.0,6633700000.0,3289800000.0,5400076627.0,692200000.0,-12400000.0,0.0,16600000.0,0.0,-14300000.0,132300000.0,201900000.0,589900000.0,-15700000.0,69100000.0,57200000.0,57200000.0,0.0,0.0,0.03,621700000.0,167800000.0,4124100000.0,0.0,2.783,-68.097,-64.421,624000000.0,11900000.0,12.24,0.872,0.846,4956300000.0,-899200000.0,1877100000.0,1877100000.0,0.0,,,,,18000000.0,572900000.0,1.0,441182731.0,432600000,432600000.0,4.339,8796300000.0,476500000.0,12000000.0,0.0,20.334,575100000.0
59,IPG,MRQ,2006-09-30,2006-09-30,2006-09-30,2021-09-07,0.0,10931500000.0,,6346900000.0,4584600000.0,,4.382,-29300000.0,1263500000.0,1263500000.0,960700000.0,3700000.0,1.081,4.839,2247500000.0,63700000.0,2183800000.0,2247500000.0,0.0,41900000.0,0.0,0.0,0.0,71200000.0,113100000.0,0.078,113100000.0,71200000.0,14200000.0,-0.02,-0.02,-0.02,1872000000.0,,1872000000.0,5467680519.0,34.0,16.268,-98800000.0,-0.231,1.0,493100000.0,0.339,3081900000.0,57000000.0,2962700000.0,,0.0,342500000.0,205600000.0,136900000.0,9059500000.0,5870900000.0,3188600000.0,4363980519.0,127900000.0,79400000.0,0.0,12500000.0,0.0,-6500000.0,210000000.0,158900000.0,-69500000.0,-6100000.0,3700000.0,-8200000.0,-8200000.0,-5000000.0,0.0,-0.006,472200000.0,20900000.0,3560300000.0,0.0,2.331,-24.204,-23.023,608000000.0,11900000.0,9.9,0.703,0.681,4499300000.0,,1453800000.0,1453800000.0,0.0,,,,,16400000.0,466000000.0,1.0,440806113.0,427200000,427200000.0,3.403,7849600000.0,573700000.0,10500000.0,0.0,18.375,476000000.0
60,IPG,MRQ,2006-06-30,2006-06-30,2006-06-30,2021-09-07,0.0,11314100000.0,,6753200000.0,4560900000.0,,4.415,-21800000.0,1135600000.0,1135600000.0,945100000.0,65700000.0,1.085,5.007,2239300000.0,55600000.0,2183700000.0,2239300000.0,0.0,42200000.0,0.0,0.0,0.0,122700000.0,164900000.0,0.108,164900000.0,122700000.0,70700000.0,0.1,0.1,0.1,1883500000.0,,1883500000.0,4667981138.0,-9336.0,27.061,-5100000.0,-0.012,1.0,587800000.0,0.383,3063600000.0,52000000.0,3131100000.0,,0.0,572000000.0,442700000.0,129300000.0,9430600000.0,6223100000.0,3207500000.0,3642581138.0,-71400000.0,-4900000.0,0.0,10800000.0,0.0,-81700000.0,-8700000.0,18000000.0,16700000.0,2300000.0,65700000.0,44200000.0,44200000.0,0.0,0.0,0.029,510900000.0,76900000.0,3933700000.0,0.0,1.934,-13.014,-12.652,611700000.0,21500000.0,8.35,0.588,0.575,4773100000.0,,1532900000.0,1532900000.0,0.0,,,,,11400000.0,504600000.0,1.0,436237262.0,426600000,429900000.0,3.593,8250500000.0,555400000.0,5000000.0,0.0,19.34,530100000.0
61,IPG,MRQ,2006-03-31,2006-03-31,2006-03-31,2021-09-07,0.0,10992400000.0,,6557900000.0,4434500000.0,,4.203,-18700000.0,1207000000.0,1207000000.0,950700000.0,-170200000.0,1.084,5.139,2232400000.0,49300000.0,2183100000.0,2232400000.0,0.0,42900000.0,0.0,0.0,0.0,-132900000.0,-90000000.0,-0.068,-90000000.0,-132900000.0,-179000000.0,-0.43,-0.43,-0.43,1790600000.0,,1790600000.0,4332340433.0,535.0,24.136,-546800000.0,-1.284,1.0,376300000.0,0.284,3034800000.0,46100000.0,2931800000.0,,0.0,599200000.0,420000000.0,179200000.0,9201800000.0,6051200000.0,3150600000.0,4168440433.0,-868900000.0,-800000.0,0.0,-9000000.0,0.0,-27200000.0,-322000000.0,-302500000.0,-528100000.0,8400000.0,-170200000.0,-182100000.0,-182100000.0,0.0,0.0,-0.137,535900000.0,-159600000.0,3794400000.0,0.0,2.328,-13.002,-12.747,625600000.0,11900000.0,9.56,0.664,0.649,4526900000.0,,1327000000.0,1327000000.0,0.0,,,,,9300000.0,535500000.0,1.0,436029334.0,426000000,426000000.0,3.115,7957600000.0,484200000.0,-8800000.0,0.0,18.68,506700000.0
62,IPG,MRQ,2005-12-31,2005-12-31,2005-12-31,2021-09-07,-276000000.0,11945200000.0,,7497400000.0,4447800000.0,,4.576,-43700000.0,2075900000.0,2075900000.0,1107500000.0,-22900000.0,1.093,5.141,2239800000.0,56800000.0,2183000000.0,2239800000.0,0.0,47500000.0,0.0,0.0,0.0,100600000.0,148100000.0,0.078,148100000.0,100600000.0,54500000.0,-0.08,-0.08,-0.08,1945300000.0,,1945300000.0,5058578284.0,5621.0,29.809,305900000.0,0.72,1.0,788200000.0,0.416,3030900000.0,46100000.0,2221700000.0,,0.0,286200000.0,115600000.0,170600000.0,9999900000.0,6856500000.0,3143400000.0,4154578284.0,724100000.0,26900000.0,-200000.0,-10200000.0,0.0,491600000.0,-113300000.0,-181000000.0,349600000.0,-3800000.0,-22900000.0,-34200000.0,-34200000.0,-9000000.0,0.0,-0.018,730600000.0,57600000.0,4438600000.0,0.0,2.136,-14.366,-14.191,650000000.0,11300000.0,9.65,0.662,0.653,4933300000.0,-841100000.0,1895700000.0,1895700000.0,0.0,,,,,13100000.0,637100000.0,1.0,430526247.0,425100000,425100000.0,4.459,8914300000.0,481600000.0,77400000.0,0.0,20.97,640900000.0
63,IPG,MRQ,2005-09-30,2005-09-30,2005-09-30,2021-09-07,0.0,11285500000.0,,6664700000.0,4620800000.0,,3.51,-33000000.0,1346700000.0,1346700000.0,962800000.0,-102800000.0,1.017,6.56,2250700000.0,66700000.0,2184000000.0,2250700000.0,0.0,40400000.0,0.0,0.0,0.0,-90900000.0,-50500000.0,-0.035,-50500000.0,-90900000.0,-137600000.0,-0.25,-0.25,-0.25,1492700000.0,,1492700000.0,5657499788.0,28.0,15.055,-171200000.0,-0.403,1.0,476900000.0,0.331,3166000000.0,46700000.0,2472300000.0,,0.0,171200000.0,2000000.0,169200000.0,9792800000.0,6551200000.0,3241600000.0,4973399788.0,-236200000.0,2900000.0,-4700000.0,-19700000.0,0.0,-45100000.0,-54700000.0,6300000.0,-138200000.0,1800000.0,-102800000.0,-107800000.0,-107800000.0,0.0,0.0,-0.075,585100000.0,-108200000.0,5656500000.0,0.0,3.332,-38.14,-40.138,673700000.0,5000000.0,11.64,0.784,0.78,4900000000.0,,1439700000.0,1439700000.0,0.0,,,,,11400000.0,578500000.0,1.0,427268023.0,425300000,425300000.0,3.385,8119500000.0,564300000.0,-34800000.0,0.0,19.091,113500000.0
64,IPG,MRQ,2005-06-30,2005-06-30,2005-06-30,2021-09-07,-290800000.0,11929700000.0,,7360800000.0,4568900000.0,,3.69,-32200000.0,1582000000.0,1582000000.0,953700000.0,9200000.0,0.994,6.61,2266100000.0,332600000.0,1933500000.0,2266100000.0,0.0,40600000.0,0.0,0.0,0.0,131300000.0,171900000.0,0.107,171900000.0,131300000.0,89100000.0,0.01,0.01,0.01,1567600000.0,,1567600000.0,5975696583.0,-211.0,41.469,76100000.0,0.179,1.0,657000000.0,0.408,3180800000.0,42200000.0,2029900000.0,,0.0,176800000.0,1300000.0,175500000.0,10362100000.0,7403100000.0,2959000000.0,5150796583.0,38500000.0,18600000.0,4600000.0,-21100000.0,0.0,-31100000.0,-29200000.0,35200000.0,108300000.0,-9500000.0,9200000.0,3500000.0,3500000.0,0.0,0.0,0.002,541500000.0,115500000.0,6198900000.0,0.0,3.286,-9.828,-9.744,682500000.0,5700000.0,12.18,0.802,0.805,5366100000.0,-707600000.0,1610700000.0,1610700000.0,0.0,,,,,6000000.0,543400000.0,1.0,422889703.0,424800000,429600000.0,3.792,8748900000.0,514200000.0,79900000.0,0.0,20.595,-42300000.0
65,IPG,MRQ,2005-03-31,2005-03-31,2005-03-31,2021-09-07,-264100000.0,11691300000.0,,7076900000.0,4614400000.0,,3.699,-31800000.0,1544600000.0,1544600000.0,975100000.0,-146400000.0,0.989,6.457,2261100000.0,337200000.0,1923900000.0,2261100000.0,0.0,40300000.0,0.0,0.0,0.0,-140100000.0,-99800000.0,-0.075,-99800000.0,-140100000.0,-187000000.0,-0.36,-0.36,-0.36,1567800000.0,,1567800000.0,6017985553.0,-34.0,15044.964,-371700000.0,-0.877,1.0,353100000.0,0.266,3177700000.0,46900000.0,2075000000.0,,0.0,181700000.0,1200000.0,180500000.0,10123500000.0,7155100000.0,2968400000.0,5193085553.0,-900000.0,-10700000.0,300000.0,10400000.0,0.0,-5300000.0,363600000.0,406100000.0,-339900000.0,-19300000.0,-146400000.0,-151400000.0,-151400000.0,0.0,0.0,-0.114,522200000.0,-169100000.0,5813500000.0,0.0,3.312,-8.362,-8.242,703300000.0,5000000.0,12.28,0.821,0.823,5059300000.0,-722000000.0,1328200000.0,1328200000.0,0.0,,,,,11800000.0,529100000.0,1.0,422889703.0,423800000,423800000.0,3.134,8513600000.0,575900000.0,-40600000.0,0.0,20.089,-78200000.0
66,IPG,MRQ,2004-12-31,2004-12-31,2004-12-31,2021-09-07,-248600000.0,12253700000.0,,7618100000.0,4635600000.0,,4.137,-74700000.0,1550400000.0,1550400000.0,1022500000.0,130300000.0,1.01,6.131,2261900000.0,325900000.0,1936000000.0,2261900000.0,0.0,49900000.0,0.0,0.0,0.0,304300000.0,354200000.0,0.18,354200000.0,304300000.0,260900000.0,0.31,0.31,0.31,1718300000.0,,1718300000.0,6491622020.0,-62.0,80.243,498500000.0,1.2,1.0,943200000.0,0.48,3141600000.0,43400000.0,2279000000.0,,0.0,588700000.0,420000000.0,168700000.0,10535400000.0,7544600000.0,2990800000.0,5666722020.0,486400000.0,-29300000.0,24900000.0,7300000.0,0.0,15200000.0,-124100000.0,-20100000.0,573200000.0,22100000.0,130300000.0,125300000.0,125300000.0,0.0,0.0,0.064,632000000.0,311200000.0,4733500000.0,0.0,3.298,-10.152,-10.0,722900000.0,5000000.0,13.4,0.887,0.871,5202100000.0,-578200000.0,1965700000.0,1965700000.0,0.0,,,,,4100000.0,630600000.0,1.0,422889703.0,415300000,415300000.0,4.733,9112100000.0,535200000.0,130600000.0,0.0,21.941,73500000.0
67,IPG,MRQ,2004-09-30,2004-09-30,2004-09-30,2021-09-07,-243600000.0,11202300000.0,,6737200000.0,4465100000.0,,4.819,-41800000.0,1438500000.0,1438500000.0,925300000.0,-496500000.0,1.092,4.596,2263400000.0,74500000.0,2188900000.0,2263400000.0,0.0,41600000.0,0.0,0.0,0.0,-323800000.0,-282200000.0,-0.186,-282200000.0,-323800000.0,-366500000.0,-1.21,-1.21,-1.21,2001800000.0,,2001800000.0,5260166591.0,-17.0,-47.994,-48900000.0,-0.118,1.0,593800000.0,0.391,3036300000.0,42700000.0,2819700000.0,,0.0,183800000.0,0.0,183800000.0,9200500000.0,6171200000.0,3029300000.0,4470366591.0,65000000.0,1400000.0,600000.0,-20200000.0,0.0,-37100000.0,100800000.0,141200000.0,-7100000.0,8400000.0,-496500000.0,-501500000.0,-501500000.0,-6500000.0,0.0,-0.33,898600000.0,-304800000.0,5247300000.0,0.0,2.233,-5.118,-4.949,646300000.0,5000000.0,10.59,0.704,0.693,4893900000.0,-209200000.0,1519100000.0,1519100000.0,0.0,,,,,10500000.0,556300000.0,1.0,422130934.0,415400000,415400000.0,3.657,8166000000.0,527100000.0,130000000.0,0.0,19.658,566000000.0
68,IPG,MRQ,2004-06-30,2004-06-30,2004-06-30,2021-09-07,-257400000.0,12156200000.0,,7127300000.0,5028900000.0,,6.18,-39700000.0,1434300000.0,1434300000.0,898500000.0,-88400000.0,1.08,3.744,2224100000.0,34800000.0,2189300000.0,2224100000.0,0.0,44000000.0,0.0,0.0,0.0,-15800000.0,28200000.0,0.019,28200000.0,-15800000.0,-57800000.0,-0.23,-0.23,-0.23,2562400000.0,,2562400000.0,6645269362.0,-26.0,-173.96,201300000.0,0.486,1.0,614300000.0,0.406,3467800000.0,42000000.0,2880500000.0,,0.0,235000000.0,0.0,235000000.0,9593800000.0,6597700000.0,2996100000.0,5751769362.0,-173700000.0,-85500000.0,2400000.0,-37300000.0,0.0,-48400000.0,-359200000.0,-234000000.0,241000000.0,-7100000.0,-88400000.0,-93400000.0,-93400000.0,0.0,0.0,-0.062,639800000.0,-25500000.0,5724400000.0,0.0,2.245,-8.229,-7.713,643000000.0,5000000.0,13.73,0.92,0.911,5268600000.0,374200000.0,1512800000.0,1512800000.0,0.0,,,,,9400000.0,552800000.0,1.0,418919837.0,414600000,414600000.0,3.649,8688400000.0,605500000.0,30600000.0,0.0,20.956,529600000.0
69,IPG,MRQ,2004-03-31,2004-03-31,2004-03-31,2021-09-07,-236300000.0,11700500000.0,,6747200000.0,4953300000.0,,6.211,-37800000.0,1395300000.0,1395300000.0,886700000.0,-83800000.0,1.099,3.558,2288800000.0,98200000.0,2190600000.0,2288800000.0,0.0,49600000.0,0.0,0.0,0.0,-68900000.0,-19300000.0,-0.014,-19300000.0,-68900000.0,-112800000.0,-0.21,-0.21,-0.21,2567100000.0,,2567100000.0,6899100363.0,-38.0,190.583,-380100000.0,-0.92,1.0,502700000.0,0.362,3387400000.0,43900000.0,3067700000.0,,0.0,240300000.0,0.0,240300000.0,9133400000.0,6138900000.0,2994500000.0,6430500363.0,-699200000.0,-21600000.0,-2300000.0,-183500000.0,0.0,-189200000.0,-162100000.0,-102700000.0,-342300000.0,-5600000.0,-83800000.0,-88600000.0,-88600000.0,0.0,0.0,-0.064,578000000.0,-75300000.0,5050400000.0,0.0,2.505,-10.387,-9.673,656300000.0,4800000.0,15.38,1.031,1.019,4901100000.0,384600000.0,1389400000.0,1389400000.0,0.0,,,,,7400000.0,510700000.0,1.0,418107956.0,413300000,413300000.0,3.362,8313100000.0,598300000.0,-29000000.0,0.0,20.114,608300000.0
70,IPG,MRQ,2003-12-31,2003-12-31,2003-12-31,2021-09-07,-259100000.0,12445900000.0,,7532700000.0,4913200000.0,,5.433,-65400000.0,1871900000.0,1871900000.0,957400000.0,-189900000.0,1.048,4.874,2515600000.0,316900000.0,2198700000.0,2515600000.0,0.0,69000000.0,0.0,0.0,0.0,94700000.0,163700000.0,0.085,163700000.0,94700000.0,16500000.0,-0.49,-0.49,-0.49,2118800000.0,,2118800000.0,7941322363.0,-88.0,62.678,591200000.0,1.516,1.0,970300000.0,0.503,3310900000.0,78200000.0,2590400000.0,,0.0,441900000.0,195100000.0,246800000.0,10327100000.0,7188300000.0,3138800000.0,6118922363.0,1156200000.0,-21200000.0,332200000.0,54700000.0,0.0,705400000.0,-177800000.0,-85400000.0,656600000.0,-41400000.0,-189900000.0,-189900000.0,-189900000.0,200000.0,0.0,-0.099,903800000.0,66500000.0,5614700000.0,0.0,2.888,-11.35,-11.143,697900000.0,0.0,15.6,0.993,0.976,4953600000.0,-39800000.0,1927700000.0,1927700000.0,0.0,,,,,-17900000.0,833200000.0,1.0,392238613.0,390000000,390000000.0,4.943,9135000000.0,658000000.0,206400000.0,0.0,23.423,344400000.0
71,IPG,MRQ,2003-09-30,2003-09-30,2003-09-30,2021-09-07,-274500000.0,11272100000.0,,6013100000.0,5259000000.0,,5.031,-22100000.0,695500000.0,695500000.0,810900000.0,-327100000.0,0.953,4.807,2517900000.0,326900000.0,2191000000.0,2517900000.0,0.0,53300000.0,0.0,0.007,0.0,-264100000.0,-210800000.0,-0.149,-210800000.0,-264100000.0,-307600000.0,-0.85,-0.85,-0.85,1941100000.0,,1941100000.0,7543058568.0,-44.0,202.227,-156300000.0,-0.405,1.0,608000000.0,0.429,3281200000.0,43500000.0,3505300000.0,,0.0,371000000.0,0.0,371000000.0,9331000000.0,6308000000.0,3023000000.0,5526558568.0,-4600000.0,337500000.0,-4900000.0,-197000000.0,0.0,-207000000.0,328600000.0,13200000.0,-134200000.0,8000000.0,-327100000.0,-327100000.0,-327100000.0,-89100000.0,0.0,-0.231,779100000.0,-171100000.0,4889000000.0,0.0,2.847,-13.424,-12.954,713800000.0,0.0,14.12,0.906,0.893,4864000000.0,508800000.0,1418900000.0,1418900000.0,0.0,,,,,16800000.0,508400000.0,1.0,391399332.0,385800000,385800000.0,3.678,7990900000.0,652200000.0,19500000.0,17600000.0,20.713,-294900000.0
72,IPG,MRQ,2003-06-30,2003-06-30,2003-06-30,2021-09-07,-297500000.0,12096700000.0,,6770400000.0,5326300000.0,,5.791,-42500000.0,700100000.0,700100000.0,878400000.0,-13500000.0,1.026,4.435,2716600000.0,129500000.0,2587100000.0,2716600000.0,0.0,47600000.0,0.0,0.014,0.0,55000000.0,102600000.0,0.068,102600000.0,55000000.0,8900000.0,-0.04,-0.04,-0.04,2225500000.0,,2225500000.0,7305776671.0,410.0,32.864,215800000.0,0.562,1.0,621000000.0,0.414,3442900000.0,46100000.0,4072500000.0,,0.0,352200000.0,0.0,352200000.0,9871200000.0,6597800000.0,3273400000.0,5213376671.0,-488100000.0,-91400000.0,5100000.0,-629600000.0,0.0,-632200000.0,-150500000.0,-16600000.0,258300000.0,36800000.0,-13500000.0,-13500000.0,-13500000.0,-9500000.0,0.0,-0.009,569100000.0,51900000.0,5282700000.0,0.0,2.343,-29.928,-28.468,740000000.0,0.0,13.38,0.86,0.848,5096200000.0,835900000.0,1499400000.0,1499400000.0,0.0,,,,,21500000.0,463700000.0,1.0,389639512.0,384300000,384300000.0,3.902,8653800000.0,585700000.0,22400000.0,17300000.0,22.518,172600000.0
73,IPG,MRQ,2003-03-31,2003-03-31,2003-03-31,2021-09-07,-347200000.0,11963100000.0,,6719300000.0,5243800000.0,,5.635,-29600000.0,1188200000.0,1188200000.0,854700000.0,-8600000.0,1.037,4.56,3280600000.0,662600000.0,2618000000.0,3280600000.0,0.0,46600000.0,0.0,0.031,0.0,24600000.0,71200000.0,0.054,71200000.0,24600000.0,-14200000.0,-0.02,-0.02,-0.02,2151500000.0,,2151500000.0,5312681203.0,31.0,14.16,-307700000.0,-0.806,1.0,461000000.0,0.35,3307100000.0,38800000.0,4266500000.0,,0.0,388800000.0,0.0,388800000.0,9811600000.0,6481900000.0,3329700000.0,3607681203.0,255200000.0,-46000000.0,2900000.0,613100000.0,0.0,616800000.0,-85900000.0,-10300000.0,-278100000.0,15300000.0,-8600000.0,-8600000.0,-8600000.0,-2600000.0,0.0,-0.007,440200000.0,20800000.0,4677400000.0,0.0,1.677,-69.781,-66.429,727500000.0,0.0,9.3,0.606,0.596,4644500000.0,849400000.0,1315700000.0,1315700000.0,0.0,,,,,18400000.0,429100000.0,1.0,387922710.0,381800000,381800000.0,3.446,8656000000.0,566900000.0,-5600000.0,3400000.0,22.672,237400000.0
74,IPG,MRQ,2002-12-31,2002-12-31,2002-12-31,2021-09-07,-373600000.0,11793700000.0,,6322300000.0,5471400000.0,,5.548,-54800000.0,933000000.0,933000000.0,922600000.0,-62500000.0,0.892,4.616,2638000000.0,820300000.0,1817700000.0,2638000000.0,0.0,60200000.0,0.0,0.027,0.095,14100000.0,74300000.0,0.04,74300000.0,14100000.0,-35700000.0,-0.18,-0.16,-0.18,2100000000.0,,2100000000.0,7717219479.0,27.0,15.795,583000000.0,1.54,1.0,940300000.0,0.505,3458700000.0,49800000.0,2950200000.0,,0.0,357300000.0,0.0,357300000.0,9693700000.0,7089800000.0,2603900000.0,5429819479.0,335300000.0,-19500000.0,9300000.0,-230800000.0,-36600000.0,-264000000.0,-126900000.0,-73000000.0,637800000.0,82600000.0,-62500000.0,-62500000.0,-62500000.0,-10600000.0,0.0,-0.034,920900000.0,19400000.0,5125500000.0,-0.528,2.586,325.139,352.0,825700000.0,0.0,14.08,0.896,0.874,4925200000.0,858000000.0,1862900000.0,1862900000.0,0.0,,,,,-12900000.0,920300000.0,1.0,385640588.0,378500000,361100000.0,4.922,8335000000.0,546900000.0,26800000.0,33200000.0,22.021,-767500000.0
75,IPG,MRQ,2002-09-30,2002-09-30,2002-09-30,2021-09-07,-403300000.0,11277400000.0,,5984400000.0,5293000000.0,,5.424,-38800000.0,615000000.0,615000000.0,813200000.0,-89600000.0,0.961,4.51,2902400000.0,535000000.0,2367400000.0,2902400000.0,0.0,50100000.0,0.0,0.024,0.095,-75900000.0,-25800000.0,-0.019,-25800000.0,-75900000.0,-112600000.0,-0.23,-0.25,-0.23,2046600000.0,,2046600000.0,8521213635.0,19.0,12.452,203600000.0,0.54,1.0,573600000.0,0.414,3355200000.0,36700000.0,3983700000.0,,0.0,188200000.0,0.0,188200000.0,9230800000.0,6225900000.0,3004900000.0,6082213635.0,77700000.0,-43900000.0,5300000.0,-86100000.0,-109000000.0,-92300000.0,-35400000.0,11300000.0,242400000.0,-32400000.0,-89600000.0,-89600000.0,-89600000.0,-6800000.0,0.0,-0.065,651900000.0,-78300000.0,4675900000.0,-0.413,2.972,37.778,36.023,819400000.0,0.0,15.85,1.098,1.079,4926700000.0,874400000.0,1386800000.0,1386800000.0,0.0,,,,,23500000.0,519000000.0,1.0,383735876.0,377300000,381100000.0,3.676,7922200000.0,558500000.0,-23000000.0,5200000.0,20.997,-241500000.0
76,IPG,MRQ,2002-06-30,2002-06-30,2002-06-30,2021-09-07,-361300000.0,11681300000.0,,6343700000.0,5337600000.0,,5.776,-43000000.0,537300000.0,537300000.0,792100000.0,109000000.0,0.983,4.384,2976300000.0,598600000.0,2377700000.0,2976300000.0,0.0,45000000.0,0.0,0.015,0.095,210500000.0,255500000.0,0.184,255500000.0,210500000.0,173600000.0,0.29,0.29,0.29,2169600000.0,,2169600000.0,11777755119.0,-134.0,64.289,150200000.0,0.4,1.0,597300000.0,0.43,3401300000.0,36900000.0,4264000000.0,,0.0,174900000.0,0.0,174900000.0,9511700000.0,6455000000.0,3056700000.0,9458955119.0,-37800000.0,-134300000.0,12700000.0,3800000.0,36000000.0,-16700000.0,-222700000.0,7600000.0,193200000.0,500000.0,109000000.0,109000000.0,109000000.0,-14100000.0,0.0,0.078,391200000.0,206100000.0,4807800000.0,0.328,4.36,-40.807,-38.688,859300000.0,0.0,24.76,1.637,1.61,5371600000.0,1000500000.0,1389400000.0,1389400000.0,0.0,,,,,21000000.0,389600000.0,1.0,382025651.0,375600000,382400000.0,3.699,8280000000.0,514100000.0,64600000.0,25500000.0,22.045,-111300000.0
77,IPG,MRQ,2002-03-31,2002-03-31,2002-03-31,2021-09-07,-465600000.0,10893900000.0,,5812000000.0,5081900000.0,,5.079,-34800000.0,575100000.0,575100000.0,868800000.0,59800000.0,0.968,4.75,2893900000.0,525400000.0,2368500000.0,2893900000.0,0.0,51500000.0,0.0,0.011,0.095,133100000.0,184600000.0,0.13,184600000.0,133100000.0,97800000.0,0.16,0.16,0.16,1894500000.0,,1894500000.0,15385743632.0,-47.0,-1947.562,-229300000.0,-0.615,1.0,551200000.0,0.388,3180500000.0,35300000.0,4028200000.0,,0.0,159600000.0,0.0,159600000.0,8999400000.0,6004000000.0,2995400000.0,12945443632.0,-360100000.0,-65100000.0,23800000.0,-44100000.0,-36000000.0,-59600000.0,-95900000.0,7400000.0,-194500000.0,-10100000.0,59800000.0,59800000.0,59800000.0,0.0,0.0,0.042,422600000.0,128600000.0,4211000000.0,0.594,6.833,-28.259,-27.424,827500000.0,0.0,34.28,2.106,2.08,4856600000.0,891800000.0,1420000000.0,1420000000.0,0.0,,,,,18400000.0,419800000.0,1.0,377638379.0,373000000,379800000.0,3.807,7713400000.0,534900000.0,38000000.0,14800000.0,20.679,-192000000.0
78,IPG,MRQ,2001-12-31,2001-12-31,2001-12-31,2021-09-07,-447800000.0,11375300000.0,,6351500000.0,5023800000.0,,4.954,-62800000.0,935200000.0,935200000.0,757800000.0,81800000.0,0.988,5.182,2909000000.0,428400000.0,2480600000.0,2909000000.0,0.0,79600000.0,0.0,0.013,0.095,190400000.0,270000000.0,0.201,270000000.0,190400000.0,151600000.0,0.22,0.22,0.22,1840100000.0,,1840100000.0,13595737716.0,-31.0,-185.481,573300000.0,1.544,1.0,587600000.0,0.437,3096500000.0,38800000.0,3822800000.0,,0.0,302800000.0,0.0,302800000.0,9535200000.0,6429800000.0,3105400000.0,11155437716.0,249600000.0,-74300000.0,11700000.0,-214800000.0,-34600000.0,-252400000.0,-129900000.0,-84900000.0,636100000.0,-11600000.0,81800000.0,81800000.0,81800000.0,-15600000.0,0.0,0.061,410500000.0,177100000.0,4555500000.0,0.432,6.062,-20.871,-20.372,847700000.0,0.0,29.54,1.756,1.716,4998700000.0,868300000.0,1345400000.0,1345400000.0,0.0,,,,,16700000.0,383900000.0,1.0,377638379.0,371400000,371400000.0,3.623,8278800000.0,575000000.0,69800000.0,61500000.0,22.291,-78300000.0
79,IPG,MRQ,2001-09-30,2001-09-30,2001-09-30,2021-09-07,-435300000.0,11328100000.0,,6300200000.0,5027900000.0,,5.042,-70000000.0,685600000.0,685600000.0,895300000.0,-482400000.0,0.92,5.079,3125900000.0,1225000000.0,1900900000.0,3125900000.0,0.0,94900000.0,0.0,0.019,0.095,-621800000.0,-526900000.0,-0.325,-526900000.0,-621800000.0,-668700000.0,-1.31,-1.31,-1.31,1863500000.0,,1863500000.0,9715417464.0,-23.0,-261.167,-258100000.0,-0.698,1.0,726700000.0,0.448,3058700000.0,46900000.0,3859000000.0,,0.0,672300000.0,0.0,672300000.0,9464600000.0,6850700000.0,2613900000.0,7666946464.0,-500000.0,-84100000.0,-400000.0,366700000.0,-35100000.0,328400000.0,-152200000.0,7900000.0,-188100000.0,11400000.0,-482400000.0,-482400000.0,-482400000.0,0.0,0.0,-0.297,1303300000.0,-576600000.0,4365800000.0,-0.073,4.114,-14.063,-13.691,784700000.0,0.0,20.4,1.08,1.062,5310700000.0,971400000.0,1622000000.0,1622000000.0,0.0,,,,,18300000.0,586000000.0,1.0,375830709.0,369610000,369610000.0,4.388,8269400000.0,512200000.0,-186300000.0,26000000.0,22.373,-550500000.0
80,IPG,MRQ,2001-06-30,2001-06-30,2001-06-30,2021-09-07,-457930000.0,11790844000.0,,6843235000.0,4947609000.0,,6.268,-64000000.0,686119000.0,686119000.0,979000000.0,-117300000.0,0.931,4.099,2734590000.0,1324520000.0,1410070000.0,2734590000.0,0.0,94500000.0,0.0,0.013,0.095,-30100000.0,64400000.0,0.037,64400000.0,-30100000.0,-71500000.0,-0.32,-0.32,-0.32,2312249000.0,,2312249000.0,11265741049.0,28.0,14.439,228900000.0,0.62,1.0,780800000.0,0.444,3013163000.0,41400000.0,3475088000.0,,0.0,749042000.0,53736000.0,695306000.0,9478595000.0,7351064000.0,2127531000.0,9307770049.0,54500000.0,-75000000.0,-18300000.0,26600000.0,-30100000.0,-29400000.0,-208800000.0,-6900000.0,292900000.0,-200000.0,-117300000.0,-117300000.0,-117300000.0,0.0,0.0,-0.067,815900000.0,-35100000.0,5083733000.0,-0.297,4.025,332.42,419.286,828795000.0,0.0,29.35,1.291,1.502,5820110000.0,1484011000.0,1759800000.0,1759800000.0,0.0,,,,,18200000.0,501000000.0,1.0,317130155.0,368900000,368900000.0,4.77,8777681000.0,410345000.0,45800000.0,144169000.0,23.794,-507829000.0
81,IPG,MRQ,2001-03-31,2001-03-31,2001-03-31,2021-09-07,-426069000.0,9746738000.0,,5599805000.0,4146933000.0,,5.388,-60700000.0,564700000.0,564700000.0,1004100000.0,-31200000.0,0.971,3.941,2522671000.0,1096541000.0,1426130000.0,2522671000.0,0.0,93700000.0,0.0,0.011,0.095,3800000.0,97500000.0,0.058,97500000.0,3800000.0,-33700000.0,-0.09,-0.09,-0.09,1972725000.0,,1972725000.0,12019936774.0,16.0,10.473,-673500000.0,-1.84,1.0,670700000.0,0.4,2699021000.0,37500000.0,3236882000.0,,0.0,537137000.0,49323000.0,487814000.0,7774013000.0,5768806000.0,2005207000.0,10731203774.0,-213000000.0,-55200000.0,-25400000.0,648700000.0,-29400000.0,586400000.0,-150700000.0,-11600000.0,-612800000.0,-35900000.0,-31200000.0,-31200000.0,-31200000.0,0.0,0.0,-0.019,522300000.0,148400000.0,3873185000.0,-1.056,5.44,33.676,39.942,654246000.0,0.0,34.35,1.406,1.648,4748724000.0,1559438000.0,1674800000.0,1674800000.0,0.0,,,,,15200000.0,478900000.0,1.0,312407679.0,366100000,366100000.0,4.575,7047717000.0,305852000.0,-2500000.0,137710000.0,19.251,-169001000.0
82,IPG,MRQ,2000-12-31,2000-12-31,2000-12-31,2021-09-07,-410200000.0,12253600000.0,,7202600000.0,5051000000.0,,6.521,-86900000.0,844600000.0,844600000.0,1172900000.0,85700000.0,0.945,4.17,2081100000.0,549300000.0,1531800000.0,2081100000.0,0.0,99300000.0,0.0,0.009,0.095,228500000.0,327800000.0,0.161,327800000.0,228500000.0,189200000.0,0.23,0.23,0.23,2370300000.0,,2370300000.0,14617226922.0,17.0,12.142,595600000.0,1.639,1.0,869000000.0,0.426,3146900000.0,39300000.0,2718900000.0,,0.0,174100000.0,0.0,174100000.0,9883300000.0,7624300000.0,2259000000.0,13097216922.0,202200000.0,-94100000.0,-57800000.0,-202400000.0,-28700000.0,-311300000.0,-181400000.0,-73000000.0,682500000.0,12400000.0,85700000.0,85700000.0,85700000.0,0.0,0.0,0.042,637200000.0,231800000.0,5781600000.0,0.413,5.526,33.343,39.046,825000000.0,0.0,42.56,1.823,2.131,6080200000.0,1554000000.0,2041900000.0,2041900000.0,0.0,,,,,25800000.0,532400000.0,1.0,307735360.0,363500000,373300000.0,5.617,9106700000.0,382500000.0,103500000.0,180100000.0,25.053,-421700000.0
83,IPG,MRQ,2000-09-30,2000-09-30,2000-09-30,2021-09-07,-331853000.0,9566629000.0,,5650659000.0,3915970000.0,,5.148,-51171000.0,583319000.0,583319000.0,992900000.0,90800000.0,1.034,4.123,2103329000.0,445736000.0,1657593000.0,2103329000.0,0.0,91154000.0,0.0,0.011,0.095,199400000.0,290554000.0,0.168,290554000.0,199400000.0,162900000.0,0.25,0.24,0.25,1867264000.0,,1867264000.0,11575611122.0,14.0,9.436,-163303000.0,-0.45,1.0,741300000.0,0.427,2536326000.0,36500000.0,3085473000.0,,0.0,736741000.0,42893000.0,693848000.0,7699365000.0,5464840000.0,2234525000.0,10482594122.0,-127132000.0,-193278000.0,-58929000.0,372500000.0,-28531000.0,275968000.0,-263413000.0,8943000.0,-112132000.0,-27598000.0,90800000.0,90800000.0,90800000.0,0.0,0.0,0.052,549800000.0,191500000.0,4145796000.0,0.38,5.614,27.79,37.429,610943000.0,0.0,34.06,1.286,1.515,4830106000.0,1545090000.0,1734200000.0,1734200000.0,0.0,,,,,10445000.0,485700000.0,1.0,307768471.0,362700000,373100000.0,4.781,7030303000.0,74853000.0,72100000.0,156455000.0,19.383,185819000.0
84,IPG,MRQ,2000-06-30,2000-06-30,2000-06-30,2021-09-07,-297861000.0,9770597000.0,,6015548000.0,3755049000.0,,4.558,-94196000.0,687527000.0,687527000.0,1181228000.0,173360000.0,0.992,4.197,1780544000.0,534756000.0,1245788000.0,1780544000.0,0.0,95098000.0,0.0,0.008,0.095,336713000.0,431811000.0,0.198,431811000.0,336713000.0,306643000.0,0.47,0.45,0.47,1880215000.0,,1880215000.0,13520994855.0,18.0,11.983,129328000.0,0.314,1.0,999988000.0,0.458,2402265000.0,30070000.0,2399173000.0,,0.0,715002000.0,54630000.0,660372000.0,7890382000.0,6062176000.0,1828206000.0,12973292855.0,-41457000.0,-342398000.0,-25894000.0,332051000.0,-27979000.0,259454000.0,-483068000.0,9829000.0,223524000.0,-12224000.0,173360000.0,173360000.0,173360000.0,0.0,0.0,0.079,687852000.0,312136000.0,4623684000.0,0.202,6.9,36.63,48.315,614185000.0,0.0,43.0,1.714,2.343,5083635000.0,1511797000.0,2181216000.0,2181216000.0,0.0,,,,,9790000.0,594123000.0,1.0,301704485.0,412474000,425326000.0,5.288,7368332000.0,78000.0,133283000.0,203804000.0,17.864,-46628000.0
85,IPG,MRQ,2000-03-31,2000-03-31,2000-03-31,2021-09-07,-167013000.0,8400145000.0,,5466584000.0,2933561000.0,,5.151,-27233000.0,678942000.0,678942000.0,709378000.0,42935000.0,1.004,4.44,1226644000.0,381810000.0,844834000.0,1226644000.0,0.0,59048000.0,0.0,0.007,0.085,94731000.0,153779000.0,0.125,153779000.0,94731000.0,74317000.0,0.14,0.14,0.14,1544238000.0,,1544238000.0,13754210900.0,19.0,13.293,-219025000.0,-0.731,1.0,515987000.0,0.421,1700599000.0,20414000.0,1802305000.0,,0.0,747332000.0,47982000.0,699350000.0,6855907000.0,5444943000.0,1410964000.0,13606445900.0,-336311000.0,-57324000.0,-45477000.0,95749000.0,-23890000.0,20378000.0,-147219000.0,-12872000.0,-191792000.0,-17678000.0,42935000.0,42935000.0,42935000.0,0.0,0.0,0.035,434541000.0,81446000.0,4292303000.0,0.607,8.811,40.647,50.266,528566000.0,0.0,47.25,2.02,2.104,4594562000.0,1337762000.0,1225365000.0,1225365000.0,0.0,,,,,6965000.0,375081000.0,1.0,287967109.0,299822000,310522000.0,4.087,6699546000.0,5046000.0,31382000.0,152249000.0,22.345,21641000.0
86,IPG,MRQ,1999-12-31,1999-12-31,1999-12-31,2021-09-07,-76695000.0,9247044000.0,,5992924000.0,3254120000.0,,5.013,-148244000.0,1029076000.0,1029076000.0,1769900000.0,70106000.0,1.029,4.241,1311090000.0,262483000.0,1048607000.0,1311090000.0,0.0,152663000.0,0.0,0.006,0.085,197930000.0,350593000.0,0.116,350593000.0,197930000.0,158134000.0,0.05,0.04,0.05,1764464000.0,,1764464000.0,16538098534.0,23.0,16.337,550793000.0,1.565,1.0,1242347000.0,0.412,1879600000.0,39796000.0,1827510000.0,,0.0,818014000.0,36765000.0,781249000.0,7482580000.0,5821948000.0,1660632000.0,16190810534.0,310925000.0,-139243000.0,-67171000.0,-17296000.0,-22866000.0,-107090000.0,-266205000.0,85840000.0,699037000.0,-14817000.0,70106000.0,70106000.0,70106000.0,0.0,0.0,0.023,1094610000.0,147737000.0,4629415000.0,1.7,9.176,48.101,60.094,593271000.0,0.0,57.69,2.523,3.164,4779998000.0,1392224000.0,3012247000.0,3012247000.0,0.0,,,,,23833000.0,864112000.0,1.0,280651942.0,352000000,364600000.0,8.558,7367444000.0,0.0,88028000.0,206372000.0,20.93,170976000.0
87,IPG,MRQ,1999-09-30,1999-09-30,1999-09-30,2021-09-07,-202882000.0,7657675000.0,,5237792000.0,2419883000.0,,4.702,-41153000.0,763245000.0,763245000.0,658227000.0,67775000.0,1.069,4.563,1110533000.0,256050000.0,854483000.0,1110533000.0,0.0,50668000.0,0.0,0.008,0.085,141472000.0,192140000.0,0.167,192140000.0,141472000.0,119780000.0,0.23,0.22,0.23,1376518000.0,,1376518000.0,11842891637.0,15.0,12.137,728000.0,0.002,1.0,493179000.0,0.428,1455380000.0,21692000.0,1647734000.0,,0.0,478723000.0,46408000.0,432315000.0,6281157000.0,4901849000.0,1379308000.0,11599147637.0,-87142000.0,-52871000.0,-70409000.0,-15014000.0,-23779000.0,-109264000.0,-18132000.0,23849000.0,41881000.0,-1627000.0,67775000.0,67775000.0,67775000.0,0.0,0.0,0.059,362266000.0,130913000.0,3897163000.0,0.37,8.426,28.77,31.397,450429000.0,0.0,41.13,2.392,2.483,4279968000.0,1276061000.0,1151406000.0,1151406000.0,0.0,,,,,6840000.0,304664000.0,1.0,282011856.0,292764000,310064000.0,3.933,6202295000.0,81759000.0,52005000.0,242867000.0,21.185,335943000.0
88,IPG,MRQ,1999-06-30,1999-06-30,1999-06-30,2021-09-07,-241811000.0,7689347000.0,,5373234000.0,2316113000.0,,4.333,-31835000.0,853027000.0,853027000.0,664142000.0,153934000.0,1.077,4.721,1096771000.0,249327000.0,847444000.0,1096771000.0,0.0,54224000.0,0.0,0.007,0.085,283950000.0,338174000.0,0.251,338174000.0,283950000.0,259883000.0,0.52,0.5,0.52,1344000000.0,,1344000000.0,12477066184.0,17.0,13.524,192915000.0,0.622,1.0,681324000.0,0.506,1393241000.0,24067000.0,1552859000.0,,0.0,437414000.0,46386000.0,391028000.0,6345347000.0,4986991000.0,1358356000.0,12175411184.0,177006000.0,-82536000.0,-31131000.0,143967000.0,-23305000.0,88050000.0,-135318000.0,15379000.0,224750000.0,-476000.0,153934000.0,153934000.0,153934000.0,0.0,0.0,0.114,420724000.0,260600000.0,4059203000.0,0.163,9.059,31.841,34.652,437918000.0,0.0,43.315,2.642,2.915,4321430000.0,1240798000.0,1345466000.0,1345466000.0,0.0,,,,,6298000.0,420724000.0,1.0,281089950.0,310198000,334456000.0,4.337,6296106000.0,93926000.0,105949000.0,228045000.0,20.297,386243000.0
89,IPG,MRQ,1999-03-31,1999-03-31,1999-03-31,2021-09-07,-198170000.0,6906530000.0,,4682293000.0,2224237000.0,,4.581,-28468000.0,666009000.0,666009000.0,543631000.0,44785000.0,1.017,4.532,967664000.0,416165000.0,551499000.0,967664000.0,0.0,39045000.0,0.0,0.008,0.075,92348000.0,131393000.0,0.145,131393000.0,92348000.0,78403000.0,0.16,0.16,0.16,1248453000.0,,1248453000.0,,,,-224736000.0,-0.825,1.0,364450000.0,0.401,1324553000.0,13945000.0,1281162000.0,,0.0,434686000.0,47488000.0,387198000.0,5658077000.0,4602470000.0,1055607000.0,10945642653.0,-143389000.0,-55050000.0,-53189000.0,261143000.0,-20450000.0,187504000.0,-105545000.0,-16668000.0,-196268000.0,-29080000.0,44785000.0,44785000.0,44785000.0,0.0,0.0,0.049,282000000.0,82450000.0,3479967000.0,0.469,8.767,31.548,33.282,431921000.0,0.0,38.94,2.548,2.471,3803588000.0,1139452000.0,908081000.0,908081000.0,0.0,,,,,5929000.0,282000000.0,1.0,281089950.0,272534000,283350000.0,3.332,5581977000.0,80565000.0,33618000.0,190098000.0,20.482,79823000.0
90,IPG,MRQ,1998-12-31,1998-12-31,1998-12-31,2021-09-07,-160476000.0,6942823000.0,,4728650000.0,2214173000.0,,4.292,-45696000.0,760508000.0,760508000.0,-25534000.0,136670000.0,1.015,4.488,721082000.0,214464000.0,506618000.0,721082000.0,0.0,61580000.0,0.0,0.007,0.075,252442000.0,314022000.0,0.217,314022000.0,252442000.0,231540000.0,0.4,0.395,0.4,1265092000.0,,1265092000.0,,,,350083000.0,1.188,1.0,1470236000.0,1.018,1281399000.0,20902000.0,963646000.0,,0.0,427556000.0,31733000.0,395823000.0,5677731000.0,4658352000.0,1019379000.0,,199095000.0,-180940000.0,-7845000.0,69846000.0,-20337000.0,28064000.0,-232066000.0,-9576000.0,395779000.0,7318000.0,136670000.0,136670000.0,136670000.0,0.0,0.0,0.095,0.0,1470236000.0,3613699000.0,0.188,,,34.674,439601000.0,0.0,39.875,,2.786,3799226000.0,1101792000.0,1444702000.0,1444702000.0,0.0,,,,,5638000.0,1244771000.0,1.0,,294756000,305134000.0,4.901,5661424000.0,97350000.0,94870000.0,205672000.0,19.207,70298000.0
91,IPG,MRQ,1998-09-30,1998-09-30,1998-09-30,2021-09-07,,,,,,,,-25178000.0,,,804912000.0,46987000.0,,,,,,,,37385000.0,,0.01,0.075,101619000.0,139004000.0,0.153,139004000.0,101619000.0,85590000.0,0.17,0.17,0.17,,,,,,,47024000.0,0.174,1.0,105618000.0,0.116,,16029000.0,,,,,,,,,,,-15214000.0,-26124000.0,-35503000.0,-23341000.0,-19945000.0,-71315000.0,-27746000.0,19250000.0,72202000.0,11645000.0,46987000.0,46987000.0,46987000.0,0.0,0.0,0.052,0.0,105618000.0,,0.441,,,,,0.0,26.97,,,,,910530000.0,910530000.0,0.0,,,,,5052000.0,0.0,1.0,,270915168,280464242.0,3.361,,,38603000.0,,,
92,IPG,MRQ,1998-06-30,1998-06-30,1998-06-30,2021-09-07,,,,,,,,-31283000.0,,,807560000.0,118511000.0,,,,,,,,37503000.0,,0.009,0.075,219740000.0,257243000.0,0.249,257243000.0,219740000.0,205176000.0,0.44,0.42,0.44,,,,,,,237785000.0,0.876,1.0,224682000.0,0.218,,14564000.0,,,,,,,,,,,150889000.0,-16993000.0,-63256000.0,14301000.0,-19597000.0,-71349000.0,-42598000.0,8212000.0,269068000.0,-4232000.0,118511000.0,118511000.0,118511000.0,0.0,0.0,0.115,0.0,224682000.0,,0.17,,,,,0.0,30.345,,,,,1032242000.0,1032242000.0,0.0,,,,,4530000.0,0.0,1.0,,271437338,288955570.0,3.803,,,86665000.0,,,
93,IPG,MRQ,1998-03-31,1998-03-31,1998-03-31,2021-09-07,,,,,,,,-29093000.0,,,752956000.0,37739000.0,,,,,,,,35014000.0,,0.008,0.065,76038000.0,111052000.0,0.134,111052000.0,76038000.0,63237000.0,0.14,0.135,0.14,,,,,,,-214224000.0,-0.792,1.0,78227000.0,0.094,,12801000.0,,,,,,,,,,,-250010000.0,-48663000.0,-23085000.0,76698000.0,-17015000.0,36480000.0,-97626000.0,-13952000.0,-185131000.0,-3733000.0,37739000.0,37739000.0,37739000.0,0.0,0.0,0.045,0.0,78227000.0,,0.464,,,,,0.0,31.065,,,,,831183000.0,831183000.0,0.0,,,,,5052000.0,0.0,1.0,,270374096,280477976.0,3.074,,,25498000.0,,,
0,IPG,MRT,2021-06-30,2021-06-30,2021-06-30,2021-09-07,-886300000.0,17321700000.0,16947200000.0,8782500000.0,8539200000.0,0.557,7.788,-157700000.0,2340600000.0,2340600000.0,7666500000.0,755700000.0,0.998,4.616,5115100000.0,827700000.0,4287400000.0,5115100000.0,0.0,284000000.0,0.0,0.032,1.05,1019100000.0,1303100000.0,0.138,1303100000.0,1019100000.0,829300000.0,1.91,1.88,1.91,3062900000.0,2888625000.0,3062900000.0,15901274804.0,16.0,12.203,2272100000.0,5.777,1.0,1775600000.0,0.188,5837000000.0,189800000.0,5462500000.0,5860850000.0,0.0,0.0,0.0,0.0,14138200000.0,8796700000.0,5341500000.0,12780774804.0,1257400000.0,-2400000.0,14500000.0,-557500000.0,-414100000.0,-1038400000.0,-166000000.0,28800000.0,2429800000.0,32000000.0,747000000.0,747000000.0,747000000.0,0.0,8700000.0,0.079,676200000.0,1099400000.0,6605900000.0,0.55,4.173,17.109,17.01,1994500000.0,0.0,32.49,1.354,1.353,5937000000.0,2777500000.0,9442100000.0,9442100000.0,0.0,0.044,0.259,0.174,0.108,73400000.0,89900000.0,1.0,393375648.0,393300000,399000000.0,24.007,11484700000.0,296600000.0,82300000.0,0.0,29.201,-14200000.0
1,IPG,MRT,2021-03-31,2021-03-31,2021-03-31,2021-09-07,-896300000.0,16349700000.0,16341000000.0,7770200000.0,8579500000.0,0.548,7.341,-151200000.0,2015300000.0,2015300000.0,7436000000.0,444000000.0,0.973,4.643,5135800000.0,814700000.0,4321100000.0,5135800000.0,0.0,287000000.0,0.0,0.035,1.035,649700000.0,936700000.0,0.105,936700000.0,649700000.0,452700000.0,1.12,1.1,1.12,2874000000.0,2735500000.0,2874000000.0,14074595527.0,22.0,15.026,1723300000.0,4.402,1.0,1522200000.0,0.17,5847900000.0,197000000.0,5637800000.0,6297050000.0,0.0,0.0,0.0,0.0,13342900000.0,7984500000.0,5358400000.0,11407795527.0,463300000.0,-3600000.0,14500000.0,-821500000.0,-407200000.0,-1303300000.0,-155200000.0,28700000.0,1874500000.0,47300000.0,438100000.0,438100000.0,438100000.0,0.0,5900000.0,0.049,766700000.0,755500000.0,5862000000.0,0.924,3.969,26.039,26.071,2028200000.0,0.0,29.2,1.273,1.276,5283000000.0,2623100000.0,8958200000.0,8958200000.0,0.0,0.027,0.16,0.103,0.073,64100000.0,64600000.0,1.0,390677929.0,391500000,396000000.0,22.882,10501800000.0,295600000.0,14600000.0,0.0,26.825,-214300000.0
2,IPG,MRT,2020-12-31,2020-12-31,2020-12-31,2021-09-07,-880200000.0,18042700000.0,16360800000.0,9367600000.0,8675100000.0,0.554,7.435,-167500000.0,2509000000.0,2509000000.0,7709400000.0,354200000.0,0.978,5.183,5175800000.0,819000000.0,4356800000.0,5175800000.0,0.0,290600000.0,0.0,0.043,1.02,551300000.0,841900000.0,0.093,841900000.0,551300000.0,359100000.0,0.9,0.89,0.9,2895000000.0,2650125000.0,2895000000.0,13244715979.0,24.0,15.732,1679700000.0,4.314,1.0,1351600000.0,0.149,5879100000.0,192200000.0,5249900000.0,6669950000.0,0.0,0.0,0.0,0.0,15005700000.0,9580500000.0,5425200000.0,9173615979.0,1315800000.0,-4900000.0,6500000.0,144000000.0,-398100000.0,-346200000.0,-216200000.0,0.0,1847200000.0,31000000.0,351100000.0,351100000.0,351100000.0,0.0,3100000.0,0.039,763200000.0,588400000.0,7269700000.0,1.133,3.169,26.128,26.133,2069600000.0,0.0,23.52,1.012,1.011,6467100000.0,2636900000.0,9061000000.0,9061000000.0,0.0,0.021,0.132,0.083,0.061,67000000.0,58800000.0,1.0,390034693.0,389400000,393200000.0,23.269,12163600000.0,302000000.0,8000000.0,0.0,31.237,-212900000.0
3,IPG,MRT,2020-09-30,2020-09-30,2020-09-30,2021-09-07,-967800000.0,16074700000.0,16288100000.0,7284300000.0,8790400000.0,0.578,6.988,-176700000.0,1628000000.0,1628000000.0,8053400000.0,579400000.0,1.008,4.834,5699100000.0,816500000.0,4882600000.0,5699100000.0,0.0,282300000.0,0.0,0.06,1.0,797300000.0,1079600000.0,0.115,1079600000.0,797300000.0,603700000.0,1.46,1.44,1.46,2722600000.0,2620350000.0,2722600000.0,10987414676.0,14.0,10.177,1254000000.0,3.219,1.0,1359400000.0,0.144,5824700000.0,193600000.0,7093200000.0,6920900000.0,0.0,0.0,0.0,0.0,13161300000.0,7227900000.0,5933400000.0,6500014676.0,1106300000.0,-2500000.0,100000.0,351700000.0,-389500000.0,-135700000.0,-173500000.0,1700000.0,1430700000.0,-15200000.0,567700000.0,567700000.0,567700000.0,0.0,11700000.0,0.06,503100000.0,856300000.0,5105900000.0,0.685,2.387,11.45,11.418,2260000000.0,0.0,16.67,0.691,0.69,5114600000.0,2623400000.0,9412800000.0,9412800000.0,0.0,0.035,0.217,0.115,0.085,78300000.0,60900000.0,1.0,389922896.0,389600000,393900000.0,24.16,10250000000.0,291400000.0,36000000.0,0.0,26.309,56400000.0
4,IPG,MRT,2020-06-30,2020-06-30,2020-06-30,2021-09-07,-1029100000.0,14896900000.0,16268825000.0,6214300000.0,8682600000.0,0.598,6.293,-190300000.0,1085400000.0,1085400000.0,8383700000.0,469300000.0,0.976,4.999,5572800000.0,813400000.0,4759400000.0,5572800000.0,0.0,280300000.0,0.0,0.057,0.98,833000000.0,1113300000.0,0.114,1113300000.0,833000000.0,640500000.0,1.17,1.15,1.17,2450400000.0,2556950000.0,2450400000.0,10999374970.0,13.0,9.88,775700000.0,1.992,1.0,1341700000.0,0.138,5810500000.0,192500000.0,7207300000.0,7025150000.0,0.0,0.0,0.0,0.0,12250600000.0,6366500000.0,5884100000.0,6685774970.0,470100000.0,-2500000.0,3700000.0,193400000.0,-380900000.0,-273600000.0,-177100000.0,1700000.0,966000000.0,-45200000.0,453600000.0,453600000.0,453600000.0,0.0,15700000.0,0.047,453700000.0,888000000.0,4328100000.0,0.838,2.728,14.739,14.667,2153600000.0,0.0,17.16,0.687,0.687,4610300000.0,2444300000.0,9725400000.0,9725400000.0,0.0,0.028,0.177,0.119,0.086,71900000.0,60800000.0,1.0,389613926.0,389400000,389400000.0,24.975,9086400000.0,287700000.0,186900000.0,0.0,23.334,-152200000.0
5,IPG,MRT,2020-03-31,2020-03-31,2020-03-31,2021-09-07,-1078700000.0,16428900000.0,16676325000.0,7596700000.0,8832200000.0,0.613,6.532,-210300000.0,1554000000.0,1554000000.0,8751100000.0,686000000.0,0.974,5.409,5867600000.0,1070000000.0,4797600000.0,5867600000.0,0.0,280200000.0,0.0,0.059,0.96,1074500000.0,1354700000.0,0.133,1354700000.0,1074500000.0,880200000.0,1.73,1.7,1.73,2532500000.0,2550325000.0,2532500000.0,10109777732.0,9.0,7.463,1135300000.0,2.928,1.0,1468800000.0,0.144,5817200000.0,194300000.0,7129400000.0,7158550000.0,0.0,0.0,0.0,0.0,13698900000.0,7795900000.0,5903000000.0,6278877732.0,922200000.0,-1900000.0,3700000.0,269900000.0,-372500000.0,-185300000.0,-191800000.0,1800000.0,1345600000.0,-46300000.0,668700000.0,668700000.0,668700000.0,0.0,17300000.0,0.065,357100000.0,1111700000.0,5559500000.0,0.555,2.479,9.39,9.358,2278200000.0,0.0,16.19,0.614,0.614,5575500000.0,2591100000.0,10219900000.0,10219900000.0,0.0,0.04,0.262,0.15,0.105,75200000.0,74800000.0,1.0,387824443.0,387700000,391700000.0,26.36,10611700000.0,270700000.0,211500000.0,0.0,27.371,-199200000.0
6,IPG,MRT,2019-12-31,2019-12-31,2019-12-31,2021-09-07,-930000000.0,17751900000.0,16581600000.0,8770700000.0,8981200000.0,0.616,7.19,-198500000.0,1192200000.0,1192200000.0,8729100000.0,673900000.0,0.931,5.318,5023100000.0,821600000.0,4201500000.0,5023100000.0,0.0,278500000.0,0.0,0.041,0.94,1060100000.0,1338600000.0,0.131,1338600000.0,1060100000.0,860800000.0,1.7,1.68,1.7,2775900000.0,2496025000.0,2775900000.0,13747311510.0,13.0,10.27,1330700000.0,3.447,1.0,1492200000.0,0.146,5908700000.0,199300000.0,6253700000.0,7214075000.0,0.0,0.0,0.0,0.0,14761600000.0,9420400000.0,5341200000.0,8956611510.0,518500000.0,-600000.0,4300000.0,-423100000.0,-363100000.0,-843000000.0,-161700000.0,0.0,1529200000.0,-6000000.0,656000000.0,656000000.0,656000000.0,0.0,17900000.0,0.064,406200000.0,1086000000.0,7205400000.0,0.553,3.227,13.653,13.588,2352500000.0,0.0,23.1,0.876,0.873,7143300000.0,2689900000.0,10221300000.0,10221300000.0,0.0,0.04,0.263,0.147,0.104,80200000.0,93800000.0,1.0,387732100.0,386100000,391200000.0,26.473,11843200000.0,252100000.0,204800000.0,0.0,30.674,-649700000.0
7,IPG,MRT,2019-09-30,2019-09-30,2019-09-30,2021-09-07,-966200000.0,15997600000.0,16048700000.0,7050000000.0,8947600000.0,0.634,6.385,-205200000.0,520500000.0,520500000.0,8655500000.0,674200000.0,0.953,5.39,5311200000.0,509700000.0,4801500000.0,5311200000.0,0.0,282000000.0,0.0,0.042,0.915,1034700000.0,1316700000.0,0.129,1316700000.0,1034700000.0,834200000.0,1.7,1.67,1.7,2469000000.0,2400350000.0,2469000000.0,13229932364.0,13.0,10.048,1110200000.0,2.871,1.0,1520000000.0,0.149,5879700000.0,200500000.0,7510200000.0,6797250000.0,0.0,0.0,0.0,0.0,13309100000.0,7398400000.0,5910700000.0,8348532364.0,-1345700000.0,-2298400000.0,10600000.0,260100000.0,-352700000.0,-142400000.0,-2495600000.0,0.0,1315400000.0,-23100000.0,653300000.0,653300000.0,653300000.0,0.0,20900000.0,0.064,466200000.0,1053800000.0,5656000000.0,0.538,3.381,12.779,12.682,2331700000.0,0.0,21.56,0.82,0.819,6066500000.0,2455500000.0,10175500000.0,10175500000.0,0.0,0.041,0.272,0.152,0.102,80800000.0,150300000.0,1.0,387223208.0,386700000,391800000.0,26.314,10117900000.0,279100000.0,180900000.0,0.0,26.165,-348400000.0
8,IPG,MRT,2019-06-30,2019-06-30,2019-06-30,2021-09-07,-917900000.0,16526900000.0,15427575000.0,7475400000.0,9051500000.0,0.65,6.276,-195700000.0,614000000.0,614000000.0,8546700000.0,669300000.0,0.967,5.726,5495400000.0,468400000.0,5027000000.0,5495400000.0,0.0,257000000.0,0.0,0.039,0.89,1004100000.0,1261100000.0,0.126,1261100000.0,1004100000.0,825700000.0,1.69,1.66,1.69,2423900000.0,2317575000.0,2423900000.0,13535511258.0,13.0,10.733,1126100000.0,2.916,1.0,1488200000.0,0.148,5936100000.0,178400000.0,7740900000.0,6049850000.0,0.0,0.0,0.0,0.0,13880200000.0,7731300000.0,6148900000.0,8743211258.0,121000000.0,-2301900000.0,6500000.0,1739500000.0,-342300000.0,1320500000.0,-2511800000.0,0.0,1321800000.0,-9500000.0,648700000.0,648700000.0,648700000.0,0.0,20600000.0,0.065,453000000.0,1035200000.0,6022300000.0,0.527,3.607,13.478,13.367,2363600000.0,0.0,22.59,0.871,0.869,6367100000.0,2381800000.0,10034900000.0,10034900000.0,0.0,0.042,0.28,0.166,0.1,80300000.0,162100000.0,1.0,387039011.0,386200000,391200000.0,25.984,10590800000.0,297800000.0,177000000.0,0.0,27.423,-255900000.0
9,IPG,MRT,2019-03-31,2019-03-31,2019-03-31,2021-09-07,-929700000.0,16050000000.0,14385250000.0,7247000000.0,8803000000.0,0.689,6.022,-187100000.0,630500000.0,630500000.0,8453700000.0,644300000.0,0.962,5.845,5422800000.0,535500000.0,4887300000.0,5422800000.0,0.0,228000000.0,0.0,0.041,0.865,974900000.0,1202900000.0,0.121,1202900000.0,974900000.0,822000000.0,1.63,1.6,1.63,2315300000.0,2227025000.0,2315300000.0,11147612192.0,11.0,9.267,1014400000.0,2.638,1.0,1452800000.0,0.147,5959700000.0,152900000.0,7351500000.0,4747475000.0,0.0,0.0,0.0,0.0,13533600000.0,7531100000.0,6002500000.0,8087012192.0,33300000.0,-2309600000.0,-53000000.0,1854100000.0,-331900000.0,1381700000.0,-2499100000.0,0.0,1201500000.0,-50800000.0,625000000.0,625000000.0,625000000.0,0.0,19300000.0,0.063,432600000.0,1020200000.0,5733700000.0,0.531,3.493,12.939,12.89,2122600000.0,0.0,21.01,0.816,0.815,6104900000.0,2303100000.0,9906500000.0,9906500000.0,0.0,0.043,0.281,0.205,0.098,80400000.0,172800000.0,1.0,384912527.0,384500000,384500000.0,25.765,10090300000.0,285600000.0,197000000.0,0.0,26.243,-284100000.0
10,IPG,MRT,2018-12-31,2018-12-31,2018-12-31,2021-09-07,-941100000.0,15620300000.0,13432775000.0,8182900000.0,7437400000.0,0.723,6.244,-177100000.0,673400000.0,673400000.0,8336200000.0,637700000.0,1.007,5.44,3734000000.0,73800000.0,3660200000.0,3734000000.0,0.0,202900000.0,0.0,0.041,0.84,941100000.0,1144000000.0,0.118,1144000000.0,941100000.0,818100000.0,1.61,1.59,1.61,2393200000.0,2175325000.0,2393200000.0,9413071445.0,10.0,8.228,388000000.0,1.012,1.0,1378200000.0,0.142,5970600000.0,123000000.0,4586400000.0,3552175000.0,0.0,0.0,0.0,0.0,13019600000.0,8123900000.0,4895700000.0,7929171445.0,-120500000.0,-2309800000.0,-101600000.0,2371900000.0,-322100000.0,1853200000.0,-2491500000.0,0.0,565100000.0,-47300000.0,618900000.0,618900000.0,618900000.0,0.0,18800000.0,0.064,369400000.0,1008800000.0,6698100000.0,0.522,3.313,12.812,12.814,790900000.0,0.0,20.63,0.816,0.814,7027200000.0,2400100000.0,9714400000.0,9714400000.0,0.0,0.046,0.285,0.265,0.097,82200000.0,166500000.0,1.0,384351500.0,383300000,389000000.0,25.344,9649700000.0,247000000.0,199200000.0,0.0,25.175,59000000.0
11,IPG,MRT,2018-09-30,2018-09-30,2018-09-30,2021-09-07,-925300000.0,13513100000.0,12703875000.0,8330500000.0,5182600000.0,0.744,5.588,-152900000.0,1860200000.0,1860200000.0,8174400000.0,564400000.0,1.245,5.231,3344100000.0,82700000.0,3261400000.0,3344100000.0,0.0,166600000.0,0.0,0.035,0.81,913900000.0,1080500000.0,0.114,1080500000.0,913900000.0,817100000.0,1.41,1.38,1.41,2137900000.0,2129900000.0,2137900000.0,10324372555.0,11.0,9.555,541200000.0,1.415,1.0,1273800000.0,0.135,3784700000.0,96800000.0,4520600000.0,2818050000.0,0.0,0.0,0.0,0.0,11183200000.0,6691700000.0,4491500000.0,8777172555.0,1161700000.0,-20000000.0,-191100000.0,1256800000.0,-310700000.0,658800000.0,-172300000.0,0.0,694100000.0,-18900000.0,545000000.0,545000000.0,545000000.0,0.0,19400000.0,0.058,301100000.0,972700000.0,5515100000.0,0.574,4.106,16.105,16.22,602900000.0,0.0,22.87,0.929,0.926,6005000000.0,2158400000.0,9448200000.0,9448200000.0,0.0,0.043,0.256,0.324,0.097,81900000.0,134900000.0,1.0,383785420.0,382600000,388400000.0,24.695,9728400000.0,270200000.0,272100000.0,0.0,25.427,1638800000.0
12,IPG,MRT,2018-06-30,2018-06-30,2018-06-30,2021-09-07,-903400000.0,12357600000.0,12254625000.0,7145600000.0,5212000000.0,0.764,5.375,-148500000.0,493200000.0,493200000.0,8101600000.0,573200000.0,0.942,4.899,2040400000.0,757700000.0,1282700000.0,2040400000.0,0.0,164800000.0,0.0,0.033,0.78,910200000.0,1075000000.0,0.115,1075000000.0,910200000.0,820000000.0,1.43,1.4,1.43,2061700000.0,2098775000.0,2061700000.0,10528983010.0,12.0,9.794,328700000.0,0.857,1.0,1257300000.0,0.134,3788100000.0,90200000.0,2531400000.0,2278825000.0,0.0,0.0,0.0,0.0,10100200000.0,7585300000.0,2514900000.0,9036583010.0,-164000000.0,-26500000.0,-291300000.0,213100000.0,-300100000.0,-464500000.0,-157800000.0,0.0,477200000.0,-18900000.0,553700000.0,553700000.0,553700000.0,0.0,19500000.0,0.059,291300000.0,966000000.0,5738800000.0,0.545,4.383,16.32,16.392,602000000.0,0.0,23.44,0.966,0.961,6193500000.0,2076700000.0,9358900000.0,9358900000.0,0.0,0.045,0.264,0.399,0.097,82000000.0,126900000.0,1.0,385519753.0,383600000,389500000.0,24.398,8569500000.0,261000000.0,266300000.0,0.0,22.34,-439700000.0
13,IPG,MRT,2018-03-31,2018-03-31,2018-03-31,2021-09-07,-790800000.0,12240100000.0,12084775000.0,6963500000.0,5276600000.0,0.757,5.499,-153900000.0,597300000.0,597300000.0,7930300000.0,533000000.0,0.951,4.673,2089700000.0,801500000.0,1288200000.0,2089700000.0,0.0,162100000.0,0.0,0.033,0.75,889700000.0,1051800000.0,0.115,1051800000.0,889700000.0,799900000.0,1.32,1.3,1.32,2108500000.0,2078975000.0,2108500000.0,9435935625.0,11.0,8.971,369800000.0,0.965,1.0,1222600000.0,0.134,3839700000.0,89800000.0,2570300000.0,2181925000.0,0.0,0.0,0.0,0.0,9852900000.0,7322500000.0,2530400000.0,8854335625.0,-179600000.0,-27500000.0,-288200000.0,172400000.0,-290200000.0,-511100000.0,-186100000.0,0.0,523700000.0,-6100000.0,515600000.0,515600000.0,515600000.0,0.0,17400000.0,0.056,280100000.0,942500000.0,5467100000.0,0.568,4.199,17.173,17.447,634200000.0,0.0,23.03,0.967,0.965,5923600000.0,2010500000.0,9152900000.0,9152900000.0,0.0,0.043,0.248,0.408,0.097,82300000.0,118400000.0,1.0,384469632.0,383400000,383400000.0,23.873,8400400000.0,273100000.0,284300000.0,0.0,21.91,-359000000.0
14,IPG,MRT,2017-12-31,2017-12-31,2017-12-31,2021-09-07,-827800000.0,12704700000.0,11949225000.0,7475500000.0,5229200000.0,0.757,5.676,-155900000.0,790900000.0,790900000.0,7834000000.0,570400000.0,0.974,4.615,1372500000.0,86900000.0,1285600000.0,1372500000.0,0.0,157100000.0,0.0,0.036,0.72,916500000.0,1073600000.0,0.119,1073600000.0,916500000.0,825700000.0,1.42,1.4,1.42,2211500000.0,2042600000.0,2211500000.0,9228149235.0,10.0,8.596,725900000.0,1.863,1.0,1213600000.0,0.134,3961100000.0,90800000.0,1649900000.0,2075725000.0,0.0,0.0,0.0,0.0,10206300000.0,7675300000.0,2531000000.0,7834349235.0,-302500000.0,-30600000.0,-287000000.0,-321600000.0,-280300000.0,-1004900000.0,-196200000.0,0.0,881800000.0,16800000.0,554400000.0,554400000.0,554400000.0,0.0,16000000.0,0.061,275200000.0,938400000.0,6420200000.0,0.507,3.543,14.131,14.197,650400000.0,0.0,20.16,0.866,0.868,6332400000.0,2104500000.0,9047600000.0,9047600000.0,0.0,0.046,0.271,0.442,0.101,82000000.0,118500000.0,1.0,388608593.0,389600000,397300000.0,23.223,8743600000.0,234000000.0,271300000.0,0.0,22.443,-199800000.0
15,IPG,MRT,2017-09-30,2017-09-30,2017-09-30,2021-09-07,-832700000.0,11716100000.0,11894350000.0,6463800000.0,5252300000.0,0.835,5.169,-194900000.0,704900000.0,704900000.0,9843500000.0,634600000.0,0.931,4.688,2098700000.0,813700000.0,1285000000.0,2098700000.0,0.0,167200000.0,0.0,0.033,0.69,946800000.0,1114000000.0,0.112,1114000000.0,946800000.0,857400000.0,1.56,1.53,1.56,2013400000.0,1994000000.0,2013400000.0,9340955774.0,10.0,8.385,205800000.0,0.528,1.0,88400000.0,0.009,3799900000.0,89400000.0,2363700000.0,2087625000.0,0.0,0.0,0.0,0.0,9437900000.0,6946300000.0,2491600000.0,8176055774.0,-187500000.0,-26700000.0,-313900000.0,383300000.0,-270000000.0,-312600000.0,-236900000.0,0.0,400700000.0,-38700000.0,616200000.0,616200000.0,616200000.0,0.0,18400000.0,0.062,-908100000.0,996500000.0,5561100000.0,0.442,4.061,13.269,13.327,637500000.0,0.0,20.79,0.823,0.815,5438400000.0,1849800000.0,9931900000.0,9931900000.0,0.0,0.052,0.309,0.454,0.095,86400000.0,-1192800000.0,1.0,393268676.0,389500000,397200000.0,25.499,7916200000.0,270900000.0,241200000.0,0.0,20.324,-482500000.0
16,IPG,MRT,2017-06-30,2017-06-30,2017-06-30,2021-09-07,-874200000.0,11678200000.0,11925200000.0,6486500000.0,5191700000.0,0.809,5.054,-206600000.0,657600000.0,657600000.0,9174100000.0,595000000.0,0.934,4.753,1822500000.0,539400000.0,1283100000.0,1822500000.0,0.0,164700000.0,0.0,0.027,0.66,915300000.0,1080000000.0,0.112,1080000000.0,915300000.0,825200000.0,1.44,1.42,1.44,1982500000.0,1976000000.0,1982500000.0,10861509223.0,12.0,10.057,706900000.0,1.802,1.0,471800000.0,0.049,3753100000.0,90100000.0,2143800000.0,2036275000.0,0.0,3200000.0,3200000.0,0.0,9422500000.0,6946200000.0,2476300000.0,9719709223.0,-15800000.0,-30300000.0,-293600000.0,17900000.0,-259700000.0,-638800000.0,-257700000.0,0.0,913500000.0,-32800000.0,575100000.0,575100000.0,575100000.0,0.0,19900000.0,0.06,-477700000.0,949500000.0,5872000000.0,0.458,4.903,16.901,17.083,635000000.0,0.0,24.6,1.008,1.0,5482900000.0,1774900000.0,9645900000.0,9645900000.0,0.0,0.048,0.291,0.449,0.095,91700000.0,-720200000.0,1.0,395110131.0,392300000,400300000.0,24.588,7925100000.0,260900000.0,250100000.0,0.0,20.202,-459700000.0
17,IPG,MRT,2017-03-31,2017-03-31,2017-03-31,2021-09-07,-909400000.0,11697900000.0,11914125000.0,6589500000.0,5108400000.0,0.787,5.011,-198500000.0,775000000.0,775000000.0,8505100000.0,647600000.0,0.943,4.819,1916800000.0,634900000.0,1281900000.0,1916800000.0,0.0,163200000.0,0.0,0.026,0.63,925400000.0,1088600000.0,0.116,1088600000.0,925400000.0,836500000.0,1.56,1.53,1.56,1963000000.0,1979275000.0,1963000000.0,10241023251.0,11.0,9.408,596100000.0,1.522,1.0,872900000.0,0.093,3703500000.0,88900000.0,2145500000.0,2109475000.0,0.0,3100000.0,3100000.0,0.0,9460300000.0,6990700000.0,2469600000.0,9648323251.0,104200000.0,-28300000.0,-290100000.0,186500000.0,-249400000.0,-447700000.0,-237600000.0,0.0,794600000.0,-5100000.0,624300000.0,624300000.0,624300000.0,0.0,23300000.0,0.067,-75200000.0,948100000.0,5672600000.0,0.404,4.915,15.455,15.75,616300000.0,0.0,24.57,1.029,1.026,5384200000.0,1751200000.0,9378000000.0,9378000000.0,0.0,0.052,0.315,0.439,0.099,92200000.0,-276400000.0,1.0,392687149.0,391700000,399300000.0,23.942,7994400000.0,243600000.0,212200000.0,0.0,20.409,-401200000.0
18,IPG,MRT,2016-12-31,2016-12-31,2016-12-31,2021-09-07,-962500000.0,12485200000.0,11868850000.0,7438000000.0,5047200000.0,0.763,5.069,-200700000.0,1097600000.0,1097600000.0,7821000000.0,629000000.0,0.965,5.045,1690300000.0,409600000.0,1280700000.0,1690300000.0,0.0,160200000.0,0.0,0.026,0.6,892500000.0,1052700000.0,0.116,1052700000.0,892500000.0,801900000.0,1.52,1.48,1.52,2017100000.0,1973900000.0,2017100000.0,10143203327.0,11.0,9.635,312100000.0,0.784,1.0,1235200000.0,0.136,3674400000.0,90600000.0,1697500000.0,2164550000.0,0.0,0.0,0.0,0.0,10175700000.0,7706000000.0,2469700000.0,9294003327.0,-405900000.0,-52000000.0,-293100000.0,-58000000.0,-238400000.0,-666400000.0,-263900000.0,0.0,512800000.0,11600000.0,605000000.0,605000000.0,605000000.0,0.0,24000000.0,0.067,298800000.0,936400000.0,6303600000.0,0.395,4.608,15.362,15.401,622000000.0,0.0,23.41,1.026,1.029,5907800000.0,1804300000.0,9056200000.0,9056200000.0,0.0,0.051,0.306,0.412,0.099,85600000.0,138600000.0,1.0,397009967.0,397900000,408000000.0,22.76,8810800000.0,220300000.0,196900000.0,0.0,22.143,-268000000.0
19,IPG,MRT,2016-09-30,2016-09-30,2016-09-30,2021-09-07,-862800000.0,11839500000.0,11893825000.0,6733200000.0,5106300000.0,0.654,4.882,-194900000.0,891600000.0,891600000.0,4958500000.0,578500000.0,0.988,4.954,1740800000.0,157500000.0,1583300000.0,1740800000.0,0.0,158200000.0,0.0,0.026,0.57,880600000.0,1038800000.0,0.134,1038800000.0,880600000.0,788500000.0,1.36,1.33,1.36,1941400000.0,1961000000.0,1941400000.0,10103015955.0,11.0,9.726,705000000.0,1.773,1.0,2819800000.0,0.363,3715300000.0,92100000.0,2158300000.0,2148800000.0,0.0,3000000.0,3000000.0,0.0,9617100000.0,6815100000.0,2802000000.0,8955815955.0,17400000.0,-70600000.0,-294300000.0,-14600000.0,-227900000.0,-628800000.0,-276700000.0,0.0,899900000.0,23000000.0,551200000.0,551200000.0,551200000.0,0.0,27300000.0,0.071,1905200000.0,914600000.0,6025900000.0,0.419,4.613,16.248,16.434,581600000.0,0.0,22.35,1.151,1.143,5558100000.0,1546600000.0,7778300000.0,7778300000.0,0.0,0.046,0.281,0.41,0.113,79600000.0,1905200000.0,1.0,400707649.0,397700000,407900000.0,19.558,8124200000.0,298700000.0,237300000.0,0.0,20.428,-81900000.0
20,IPG,MRT,2016-06-30,2016-06-30,2016-06-30,2021-09-07,-797300000.0,11633900000.0,11802475000.0,6625400000.0,5008500000.0,0.654,4.988,-174300000.0,672600000.0,672600000.0,4932700000.0,523800000.0,0.991,4.69,1819800000.0,236200000.0,1583600000.0,1819800000.0,0.0,156600000.0,0.0,0.023,0.54,823800000.0,980400000.0,0.127,980400000.0,823800000.0,732100000.0,1.22,1.19,1.22,1995600000.0,1941600000.0,1995600000.0,10365760143.0,13.0,10.573,480500000.0,1.201,1.0,2788900000.0,0.361,3662200000.0,91700000.0,2436600000.0,2156100000.0,0.0,2800000.0,2800000.0,0.0,9359500000.0,6682300000.0,2677200000.0,9295560143.0,-177000000.0,-62900000.0,-283000000.0,48900000.0,-217100000.0,-540900000.0,-252000000.0,0.0,654800000.0,-38900000.0,497500000.0,497500000.0,497500000.0,0.0,26300000.0,0.064,1890400000.0,898500000.0,5857700000.0,0.443,4.658,18.685,18.934,569700000.0,0.0,23.1,1.204,1.197,5655400000.0,1475300000.0,7721600000.0,7721600000.0,0.0,0.042,0.256,0.382,0.107,77000000.0,1890400000.0,1.0,402405201.0,400100000,409800000.0,19.299,7971700000.0,274200000.0,234600000.0,0.0,19.924,-56900000.0
21,IPG,MRT,2016-03-31,2016-03-31,2016-03-31,2021-09-07,-787500000.0,11516800000.0,11768825000.0,6486000000.0,5030800000.0,0.653,4.846,-167900000.0,673400000.0,673400000.0,4908400000.0,487400000.0,0.992,4.788,1743600000.0,133700000.0,1609900000.0,1743600000.0,0.0,156300000.0,0.0,0.022,0.51,817900000.0,974200000.0,0.127,974200000.0,817900000.0,730400000.0,1.13,1.1,1.13,1941500000.0,1938675000.0,1941500000.0,9488273517.0,12.0,9.74,647700000.0,1.617,1.0,2771400000.0,0.361,3681800000.0,87500000.0,2365800000.0,2140275000.0,0.0,6900000.0,6900000.0,0.0,9296600000.0,6539400000.0,2757200000.0,9228873517.0,-62700000.0,-55600000.0,-279400000.0,-4200000.0,-206100000.0,-577900000.0,-239200000.0,0.0,815600000.0,-61200000.0,461800000.0,461800000.0,461800000.0,0.0,25600000.0,0.06,1881400000.0,890000000.0,5785100000.0,0.451,4.753,19.985,20.31,565100000.0,0.0,22.95,1.202,1.197,5493100000.0,1379000000.0,7679800000.0,7679800000.0,0.0,0.039,0.238,0.382,0.107,76600000.0,1881400000.0,1.0,402129565.0,400600000,409300000.0,19.171,7835000000.0,277000000.0,268600000.0,0.0,19.558,-53400000.0
22,IPG,MRT,2015-12-31,2015-12-31,2015-12-31,2021-09-07,-845600000.0,12585100000.0,11689675000.0,7693100000.0,4892000000.0,0.651,4.816,-161100000.0,1502900000.0,1502900000.0,4854800000.0,480500000.0,1.014,5.256,1745100000.0,134800000.0,1610300000.0,1745100000.0,0.0,157000000.0,0.0,0.021,0.48,823200000.0,980200000.0,0.129,980200000.0,823200000.0,737400000.0,1.11,1.09,1.11,1965500000.0,1931475000.0,1965500000.0,10337081836.0,13.0,10.546,527400000.0,1.292,1.0,2759000000.0,0.362,3608500000.0,85800000.0,1634500000.0,2149900000.0,0.0,6800000.0,6800000.0,0.0,10331400000.0,7584300000.0,2747100000.0,9459781836.0,-158300000.0,-28600000.0,-271700000.0,49800000.0,-195500000.0,-490900000.0,-199700000.0,0.0,688500000.0,-156200000.0,454600000.0,454600000.0,454600000.0,0.0,25900000.0,0.06,1884200000.0,874800000.0,6689200000.0,0.432,4.813,20.809,20.973,567200000.0,0.0,23.28,1.242,1.248,5955400000.0,1437600000.0,7613800000.0,7613800000.0,0.0,0.039,0.235,0.383,0.108,70300000.0,1884200000.0,1.0,406348017.0,408100000,415700000.0,18.657,8976600000.0,228400000.0,282800000.0,0.0,21.996,108800000.0
23,IPG,MRT,2015-09-30,2015-09-30,2015-09-30,2021-09-07,-826200000.0,11474100000.0,11727550000.0,6668800000.0,4805300000.0,0.65,4.573,-135000000.0,874300000.0,874300000.0,4889000000.0,528900000.0,1.015,5.02,1751600000.0,130300000.0,1621300000.0,1751600000.0,0.0,157600000.0,0.0,0.024,0.455,812400000.0,970000000.0,0.127,970000000.0,812400000.0,728500000.0,1.22,1.2,1.22,1863800000.0,1969175000.0,1863800000.0,8784872966.0,11.0,9.057,704100000.0,1.727,1.0,2735700000.0,0.359,3591300000.0,83900000.0,2187500000.0,2157700000.0,0.0,6900000.0,6900000.0,0.0,9356000000.0,6572600000.0,2783400000.0,7850972966.0,-21700000.0,-26700000.0,-279300000.0,6400000.0,-186300000.0,-526900000.0,-147500000.0,500000.0,839100000.0,-186400000.0,503200000.0,503200000.0,503200000.0,0.0,25700000.0,0.066,1887200000.0,848500000.0,5753400000.0,0.373,4.212,15.602,15.68,519200000.0,0.0,19.13,1.03,1.023,5438500000.0,1226200000.0,7624700000.0,7624700000.0,0.0,0.043,0.256,0.377,0.107,66100000.0,1887200000.0,1.0,410401096.0,407600000,415500000.0,18.706,7882800000.0,203900000.0,225300000.0,0.0,19.34,96200000.0
24,IPG,MRT,2015-06-30,2015-06-30,2015-06-30,2021-09-07,-735800000.0,11499300000.0,11803625000.0,6637400000.0,4861900000.0,0.644,4.833,-139800000.0,848900000.0,848900000.0,4882000000.0,543700000.0,1.032,4.666,1782800000.0,160000000.0,1622800000.0,1782800000.0,0.0,160500000.0,0.0,0.022,0.43,830500000.0,991000000.0,0.13,991000000.0,830500000.0,747200000.0,1.25,1.23,1.25,1983900000.0,2024050000.0,1983900000.0,8981302407.0,11.0,9.063,593700000.0,1.446,1.0,2718300000.0,0.358,3626300000.0,83300000.0,2373300000.0,2188075000.0,0.0,6700000.0,6700000.0,0.0,9256100000.0,6433600000.0,2822500000.0,7957302407.0,-46200000.0,-27500000.0,-259800000.0,40300000.0,-177400000.0,-460400000.0,-149700000.0,0.0,733500000.0,-169600000.0,518000000.0,518000000.0,518000000.0,0.0,25700000.0,0.068,1890400000.0,827900000.0,5669800000.0,0.344,4.011,15.362,15.416,526400000.0,0.0,19.27,1.047,1.041,5429100000.0,1201800000.0,7600300000.0,7600300000.0,0.0,0.044,0.256,0.38,0.109,61300000.0,1890400000.0,1.0,412937333.0,410500000,417600000.0,18.515,7873000000.0,204200000.0,229200000.0,0.0,19.179,203800000.0
25,IPG,MRT,2015-03-31,2015-03-31,2015-03-31,2021-09-07,-764700000.0,11200200000.0,12013725000.0,6387500000.0,4812700000.0,0.631,4.653,-142300000.0,734300000.0,734300000.0,4847000000.0,523600000.0,1.026,4.712,1758300000.0,137700000.0,1620600000.0,1758300000.0,0.0,161200000.0,0.0,0.018,0.405,798600000.0,959800000.0,0.127,959800000.0,798600000.0,713000000.0,1.19,1.17,1.19,1912700000.0,2075400000.0,1912700000.0,9193141047.0,12.0,9.578,499100000.0,1.214,1.0,2728600000.0,0.36,3595000000.0,85600000.0,2404300000.0,2182275000.0,0.0,6900000.0,6900000.0,0.0,9012700000.0,6224900000.0,2787800000.0,9120941047.0,-36700000.0,-45700000.0,-258400000.0,122600000.0,-168100000.0,-349300000.0,-171800000.0,0.0,641400000.0,-157000000.0,496200000.0,496200000.0,496200000.0,0.0,27400000.0,0.065,1920700000.0,807900000.0,5468500000.0,0.34,4.769,18.382,18.588,523300000.0,0.0,22.12,1.204,1.2,5279200000.0,1126200000.0,7575600000.0,7575600000.0,0.0,0.041,0.239,0.366,0.105,56000000.0,1920700000.0,1.0,412339107.0,411100000,411100000.0,18.428,7605200000.0,193000000.0,216800000.0,0.0,18.5,162600000.0
26,IPG,MRT,2014-12-31,2014-12-31,2014-12-31,2021-09-07,-636700000.0,12736600000.0,12153475000.0,7810200000.0,4926400000.0,0.62,5.048,-148700000.0,1660600000.0,1660600000.0,4820400000.0,505400000.0,1.046,4.88,1722200000.0,109300000.0,1612900000.0,1722200000.0,0.0,163000000.0,0.0,0.018,0.38,778500000.0,941500000.0,0.125,941500000.0,778500000.0,693600000.0,1.14,1.12,1.14,2116300000.0,2131925000.0,2116300000.0,9547916995.0,12.0,10.141,547700000.0,1.307,1.0,2716700000.0,0.36,3669200000.0,84900000.0,1665700000.0,2036175000.0,0.0,6600000.0,6600000.0,0.0,10328000000.0,7463300000.0,2864700000.0,8686616995.0,23800000.0,-67800000.0,-255000000.0,81600000.0,-159000000.0,-372700000.0,-198900000.0,0.0,696400000.0,-101000000.0,477100000.0,477100000.0,477100000.0,0.0,28300000.0,0.063,1928300000.0,788400000.0,6558000000.0,0.333,4.105,18.207,18.219,548200000.0,0.0,20.77,1.153,1.155,5800800000.0,1183300000.0,7537100000.0,7537100000.0,0.0,0.039,0.224,0.382,0.103,54300000.0,1928300000.0,1.0,418229032.0,419200000,425400000.0,17.98,9067400000.0,192900000.0,216500000.0,0.0,21.63,346900000.0
27,IPG,MRT,2014-09-30,2014-09-30,2014-09-30,2021-09-07,-495200000.0,11778400000.0,12195575000.0,6900900000.0,4877500000.0,0.611,4.97,-175800000.0,896000000.0,896000000.0,4753600000.0,386200000.0,1.039,4.516,1757300000.0,130500000.0,1626800000.0,1757300000.0,0.0,161200000.0,0.0,0.02,0.36,681300000.0,842500000.0,0.113,842500000.0,681300000.0,593100000.0,0.86,0.84,0.86,2083300000.0,2156650000.0,2083300000.0,8583397840.0,13.0,10.188,466500000.0,1.113,1.0,2699100000.0,0.362,3686400000.0,88200000.0,2309000000.0,1903850000.0,0.0,6400000.0,6400000.0,0.0,9407200000.0,6644300000.0,2762900000.0,7719997840.0,-103300000.0,-61100000.0,-333400000.0,95500000.0,-151800000.0,-431500000.0,-238300000.0,-500000.0,642300000.0,-75800000.0,361300000.0,361300000.0,361300000.0,0.0,24900000.0,0.048,2019300000.0,679800000.0,5875000000.0,0.419,3.706,21.367,21.302,530200000.0,0.0,18.32,1.036,1.03,5596500000.0,915200000.0,7452700000.0,7452700000.0,0.0,0.03,0.168,0.358,0.091,48100000.0,1958700000.0,1.0,421397262.0,419200000,426400000.0,17.778,8092000000.0,160600000.0,231800000.0,0.0,19.303,256600000.0
28,IPG,MRT,2014-06-30,2014-06-30,2014-06-30,2021-09-07,-383100000.0,12339700000.0,12133975000.0,7401600000.0,4938100000.0,0.603,5.199,-184900000.0,895100000.0,895100000.0,4652000000.0,342600000.0,1.037,4.509,1758500000.0,128600000.0,1629900000.0,1758500000.0,0.0,160700000.0,0.0,0.017,0.34,606300000.0,767000000.0,0.105,767000000.0,606300000.0,515100000.0,0.76,0.74,0.76,2189300000.0,2211475000.0,2189300000.0,9149495217.0,15.0,11.929,442200000.0,1.05,1.0,2660000000.0,0.364,3714800000.0,91200000.0,2350100000.0,1862975000.0,0.0,6300000.0,6300000.0,0.0,9871400000.0,7138200000.0,2733200000.0,8265495217.0,-718800000.0,-54200000.0,-371900000.0,-518700000.0,-143400000.0,-1075600000.0,-241200000.0,-800000.0,627100000.0,-29100000.0,319900000.0,317000000.0,317000000.0,0.0,22700000.0,0.043,2010000000.0,650000000.0,6414800000.0,0.447,3.775,26.074,25.671,537100000.0,2900000.0,19.51,1.13,1.124,6070900000.0,865500000.0,7312000000.0,7312000000.0,0.0,0.026,0.143,0.325,0.083,44400000.0,1949400000.0,1.0,423654291.0,421100000,428100000.0,17.364,8624900000.0,171000000.0,195200000.0,0.0,20.482,263400000.0
29,IPG,MRT,2014-03-31,2014-03-31,2014-03-31,2021-09-07,-410900000.0,11759200000.0,12133225000.0,6881900000.0,4877300000.0,0.595,5.059,-181800000.0,771000000.0,771000000.0,4602000000.0,325000000.0,0.961,4.366,1655000000.0,524300000.0,1130700000.0,1655000000.0,0.0,159700000.0,0.0,0.019,0.32,601300000.0,761000000.0,0.105,761000000.0,601300000.0,495200000.0,0.71,0.69,0.71,2138800000.0,2250225000.0,2138800000.0,7293769202.0,12.0,9.584,460500000.0,1.089,1.0,2614800000.0,0.362,3663100000.0,106100000.0,1819900000.0,1820725000.0,0.0,5600000.0,5600000.0,0.0,9338100000.0,7160200000.0,2177900000.0,7268069202.0,-874700000.0,-46200000.0,-415400000.0,-592300000.0,-135200000.0,-1198900000.0,-231800000.0,-300000.0,642300000.0,-86300000.0,303300000.0,297500000.0,297500000.0,0.0,21700000.0,0.041,1985800000.0,629000000.0,6048500000.0,0.451,3.398,24.43,24.141,534300000.0,5800000.0,17.14,1.007,1.004,5706100000.0,805000000.0,7216800000.0,7216800000.0,0.0,0.025,0.132,0.33,0.083,42700000.0,1925200000.0,1.0,424041377.0,422800000,422800000.0,17.069,8096100000.0,162200000.0,191900000.0,0.0,19.149,-278300000.0
30,IPG,MRT,2013-12-31,2013-12-31,2013-12-31,2021-09-07,-411200000.0,12905000000.0,12248000000.0,8084000000.0,4821000000.0,0.582,5.261,-173000000.0,1636800000.0,1636800000.0,4545500000.0,288900000.0,0.99,4.697,1662500000.0,532700000.0,1129800000.0,1662500000.0,0.0,157400000.0,0.0,0.017,0.3,571800000.0,729200000.0,0.102,729200000.0,571800000.0,449100000.0,0.62,0.61,0.62,2215200000.0,2327850000.0,2215200000.0,8037678780.0,14.0,11.023,419900000.0,0.997,1.0,2576800000.0,0.362,3629000000.0,122700000.0,1136400000.0,2067925000.0,0.0,5300000.0,5300000.0,0.0,10405100000.0,8165300000.0,2239800000.0,7367478780.0,-938000000.0,-59000000.0,-434400000.0,-597000000.0,-126000000.0,-1212300000.0,-224500000.0,10800000.0,592900000.0,-94100000.0,267900000.0,259200000.0,259200000.0,0.0,21000000.0,0.036,1978500000.0,598300000.0,6914200000.0,0.484,3.326,28.424,28.548,540000000.0,8700000.0,17.7,1.034,1.046,6101800000.0,864500000.0,7122300000.0,7122300000.0,0.0,0.021,0.111,0.277,0.08,43100000.0,1917900000.0,1.0,416241739.0,421100000,429600000.0,16.914,9276000000.0,144000000.0,181200000.0,0.0,22.028,-81300000.0
31,IPG,MRT,2013-09-30,2013-09-30,2013-09-30,2021-09-07,-369300000.0,11532000000.0,12395225000.0,6762800000.0,4769200000.0,0.57,5.486,-161500000.0,999300000.0,999300000.0,4479700000.0,413900000.0,1.049,3.895,1669500000.0,188500000.0,1481000000.0,1669500000.0,0.0,156800000.0,0.0,0.017,0.285,744100000.0,900900000.0,0.128,900900000.0,744100000.0,609500000.0,0.89,0.82,0.89,2302600000.0,2379200000.0,2302600000.0,7898052393.0,11.0,8.767,210600000.0,0.502,1.0,2583200000.0,0.366,3609300000.0,134600000.0,2145500000.0,2305400000.0,0.0,5200000.0,5200000.0,0.0,8968900000.0,6447400000.0,2521500000.0,7252552393.0,-188000000.0,45300000.0,-384000000.0,176500000.0,-119400000.0,-384600000.0,-109000000.0,10400000.0,372100000.0,-66500000.0,391000000.0,379400000.0,379400000.0,0.0,22900000.0,0.054,1899400000.0,683800000.0,5705600000.0,0.32,3.15,19.116,19.303,490500000.0,11600000.0,17.18,1.027,1.021,5381200000.0,710400000.0,7062900000.0,7062900000.0,0.0,0.031,0.159,0.323,0.105,39700000.0,1900600000.0,1.0,422150896.0,419700000,426100000.0,16.828,7922700000.0,171300000.0,218500000.0,0.0,18.877,315400000.0
32,IPG,MRT,2013-06-30,2013-06-30,2013-06-30,2021-09-07,-395400000.0,12336700000.0,12444400000.0,7604100000.0,4732600000.0,0.565,5.515,-157800000.0,1613900000.0,1613900000.0,4450400000.0,432400000.0,1.053,4.15,2259400000.0,780800000.0,1478600000.0,2259400000.0,0.0,153700000.0,0.0,0.019,0.27,788800000.0,942500000.0,0.134,942500000.0,788800000.0,646300000.0,0.94,0.86,0.94,2344300000.0,2402500000.0,2344300000.0,6820689343.0,9.0,7.237,-51400000.0,-0.121,1.0,2582500000.0,0.367,3580700000.0,142500000.0,2181100000.0,2202375000.0,0.0,4600000.0,4600000.0,0.0,9729300000.0,7220400000.0,2508900000.0,6233189343.0,111900000.0,-44400000.0,-378400000.0,798800000.0,-113800000.0,246400000.0,-195000000.0,10700000.0,106400000.0,-45900000.0,414300000.0,402700000.0,402700000.0,0.0,18100000.0,0.057,1908800000.0,673700000.0,5891000000.0,0.287,2.659,15.478,15.479,475900000.0,11600000.0,14.55,0.886,0.879,5593700000.0,696500000.0,7032900000.0,7032900000.0,0.0,0.032,0.168,0.358,0.112,40000000.0,1910000000.0,1.0,428397893.0,425100000,448300000.0,16.544,8756000000.0,178400000.0,232000000.0,0.0,20.598,383700000.0
33,IPG,MRT,2013-03-31,2013-03-31,2013-03-31,2021-09-07,-325400000.0,12218300000.0,12323125000.0,7448200000.0,4770100000.0,0.567,5.913,-164600000.0,1645700000.0,1645700000.0,4419100000.0,451800000.0,1.162,3.879,2233200000.0,161600000.0,2071600000.0,2233200000.0,0.0,151300000.0,0.0,0.02,0.255,791200000.0,942500000.0,0.135,942500000.0,791200000.0,653500000.0,0.98,0.9,0.98,2449300000.0,2422425000.0,2449300000.0,5267941853.0,7.0,5.589,-84000000.0,-0.203,1.0,2573300000.0,0.368,3588900000.0,137700000.0,2808700000.0,2033625000.0,0.0,5400000.0,5400000.0,0.0,9500600000.0,6408200000.0,3092400000.0,5393241853.0,72600000.0,-71100000.0,-349800000.0,793800000.0,-108200000.0,256200000.0,-228700000.0,10200000.0,80600000.0,-35500000.0,433400000.0,421800000.0,421800000.0,0.0,18400000.0,0.06,1898000000.0,675300000.0,5650200000.0,0.26,2.202,12.786,13.296,485600000.0,11600000.0,13.03,0.771,0.772,5397100000.0,648700000.0,6992400000.0,6992400000.0,0.0,0.034,0.174,0.389,0.113,43300000.0,1899200000.0,1.0,413909582.0,414200000,414200000.0,16.882,8629400000.0,182400000.0,220100000.0,0.0,20.834,1040000000.0
34,IPG,MRT,2012-12-31,2012-12-31,2012-12-31,2021-09-07,-288000000.0,13493900000.0,12210025000.0,8738300000.0,4755600000.0,0.57,5.597,-169200000.0,2574800000.0,2574800000.0,4391900000.0,464600000.0,1.135,4.466,2449500000.0,388700000.0,2060800000.0,2449500000.0,0.0,147700000.0,0.0,0.022,0.24,793500000.0,941200000.0,0.135,941200000.0,793500000.0,660000000.0,1.01,0.94,1.01,2420600000.0,2408575000.0,2420600000.0,5247297325.0,7.0,5.575,188000000.0,0.435,1.0,2564300000.0,0.369,3580600000.0,133500000.0,2086300000.0,1672375000.0,0.0,16000000.0,16000000.0,0.0,10810100000.0,7701700000.0,3108400000.0,4753897325.0,272100000.0,-38300000.0,-339700000.0,655700000.0,-103400000.0,131300000.0,-210200000.0,-1200000.0,357200000.0,-6200000.0,446700000.0,435100000.0,435100000.0,0.0,17900000.0,0.063,1886000000.0,678300000.0,6584800000.0,0.238,1.964,10.926,10.911,504800000.0,11600000.0,11.02,0.683,0.685,5815400000.0,738300000.0,6956200000.0,6956200000.0,0.0,0.036,0.181,0.474,0.114,44500000.0,1887200000.0,1.0,431388142.0,432500000,481400000.0,16.084,9913300000.0,160500000.0,213300000.0,0.0,22.921,1036600000.0
35,IPG,MRT,2012-09-30,2012-09-30,2012-09-30,2021-09-07,-157600000.0,11728700000.0,12063725000.0,6974500000.0,4754200000.0,0.577,5.555,-156300000.0,1187300000.0,1187300000.0,4396400000.0,405800000.0,1.009,3.791,1680700000.0,417600000.0,1263100000.0,1680700000.0,0.0,150200000.0,0.0,0.022,0.24,694700000.0,844900000.0,0.121,844900000.0,694700000.0,558900000.0,0.85,0.76,0.85,2395800000.0,2418850000.0,2395800000.0,4992255153.0,7.0,5.909,115800000.0,0.268,1.0,2569100000.0,0.369,3574300000.0,135800000.0,1733400000.0,1374650000.0,0.0,109000000.0,109000000.0,0.0,9081900000.0,6914400000.0,2167500000.0,4860855153.0,-597700000.0,-141300000.0,-324600000.0,-114800000.0,-104800000.0,-558000000.0,-297200000.0,-800000.0,272100000.0,-14600000.0,392400000.0,380800000.0,380800000.0,0.0,13400000.0,0.055,1915400000.0,653700000.0,5846800000.0,0.282,2.029,12.765,13.082,466700000.0,11600000.0,11.12,0.698,0.689,5353500000.0,450900000.0,6965500000.0,6965500000.0,0.0,0.032,0.157,0.505,0.1,47300000.0,1914400000.0,1.0,437127262.0,431300000,456100000.0,16.15,8154400000.0,182700000.0,166500000.0,0.0,18.907,60100000.0
36,IPG,MRT,2012-06-30,2012-06-30,2012-06-30,2021-09-07,-168300000.0,11851600000.0,12088025000.0,7237300000.0,4614300000.0,0.581,5.542,-145400000.0,1502000000.0,1502000000.0,4420100000.0,555600000.0,1.032,3.786,1633400000.0,394700000.0,1238700000.0,1633400000.0,0.0,149000000.0,0.0,0.022,0.24,863900000.0,1012900000.0,0.144,1012900000.0,863900000.0,726800000.0,1.14,1.01,1.14,2424000000.0,2414550000.0,2424000000.0,4854943046.0,6.0,4.793,389200000.0,0.89,1.0,2601500000.0,0.37,3461700000.0,137100000.0,1506100000.0,1252175000.0,0.0,148700000.0,148700000.0,0.0,9176900000.0,7015200000.0,2161700000.0,4807043046.0,-307800000.0,-70500000.0,-371900000.0,-144800000.0,-106600000.0,-661400000.0,-71900000.0,133200000.0,534600000.0,-109100000.0,531800000.0,520200000.0,520200000.0,0.0,23800000.0,0.074,1906000000.0,695500000.0,6026600000.0,0.211,1.983,9.241,9.518,447000000.0,11600000.0,10.85,0.685,0.676,5245400000.0,408200000.0,7021600000.0,7021600000.0,0.0,0.043,0.215,0.69,0.123,51600000.0,1905000000.0,1.0,443045442.0,437400000,477700000.0,16.053,8389900000.0,203200000.0,195000000.0,0.0,19.181,222100000.0
37,IPG,MRT,2012-03-31,2012-03-31,2012-03-31,2021-09-07,-181800000.0,11765900000.0,12200525000.0,7112500000.0,4653400000.0,0.578,5.471,-145800000.0,1573100000.0,1573100000.0,4426900000.0,559000000.0,1.018,3.807,1621000000.0,381300000.0,1239700000.0,1621000000.0,0.0,149900000.0,0.0,0.021,0.24,864500000.0,1014400000.0,0.144,1014400000.0,864500000.0,727000000.0,1.12,0.98,1.12,2393900000.0,2424450000.0,2393900000.0,4556632295.0,5.0,4.492,430900000.0,0.985,1.0,2619700000.0,0.372,3463000000.0,137500000.0,1363700000.0,1205250000.0,0.0,13800000.0,13800000.0,0.0,9114100000.0,6987100000.0,2127000000.0,5090132295.0,-267100000.0,-65500000.0,-434300000.0,-140100000.0,-108800000.0,-724600000.0,-63300000.0,133200000.0,576700000.0,-55900000.0,534500000.0,522900000.0,522900000.0,0.0,24500000.0,0.074,1926600000.0,693100000.0,5929100000.0,0.214,2.126,9.734,10.188,451100000.0,11600000.0,11.41,0.722,0.709,5179400000.0,335700000.0,7046600000.0,7046600000.0,0.0,0.043,0.216,0.717,0.123,52700000.0,1925600000.0,1.0,446111507.0,437600000,437600000.0,16.103,8302900000.0,254800000.0,192500000.0,0.0,18.974,125400000.0
38,IPG,MRT,2011-12-31,2011-12-31,2011-12-31,2021-09-07,-225700000.0,12908700000.0,12303350000.0,8352200000.0,4556500000.0,0.57,5.288,-140300000.0,2302700000.0,2302700000.0,4402100000.0,551500000.0,1.039,4.13,1769200000.0,558300000.0,1210900000.0,1769200000.0,0.0,150900000.0,0.0,0.025,0.24,859300000.0,1010200000.0,0.144,1010200000.0,859300000.0,722500000.0,1.12,0.99,1.12,2461700000.0,2450450000.0,2461700000.0,4426809651.0,5.0,4.382,133200000.0,0.286,1.0,2612500000.0,0.372,3444300000.0,136800000.0,895400000.0,1202075000.0,0.0,12900000.0,12900000.0,0.0,10168000000.0,8035500000.0,2132500000.0,4487209651.0,-373000000.0,-63100000.0,-388800000.0,3600000.0,-111100000.0,-541000000.0,-58800000.0,133500000.0,273500000.0,-46700000.0,532300000.0,520700000.0,520700000.0,0.0,19200000.0,0.074,1925300000.0,687200000.0,6647200000.0,0.214,1.823,8.618,8.688,459800000.0,11600000.0,9.73,0.64,0.646,5672600000.0,405100000.0,7014600000.0,7014600000.0,0.0,0.042,0.212,0.715,0.123,51700000.0,1924300000.0,1.0,461172626.0,465500000,540600000.0,15.069,9464400000.0,181200000.0,190200000.0,0.0,20.332,316700000.0
39,IPG,MRT,2011-09-30,2011-09-30,2011-09-30,2021-09-07,-181600000.0,11825900000.0,12343875000.0,7229300000.0,4596600000.0,0.563,5.119,-129900000.0,1785000000.0,1785000000.0,4403400000.0,496000000.0,1.016,3.849,1724600000.0,558400000.0,1166200000.0,1724600000.0,0.0,146400000.0,0.0,0.025,0.18,799000000.0,945400000.0,0.136,945400000.0,799000000.0,663700000.0,0.97,0.85,0.97,2378600000.0,2467275000.0,2378600000.0,3401968026.0,4.0,3.598,405300000.0,0.872,1.0,2543800000.0,0.366,3405400000.0,135300000.0,1243500000.0,1233900000.0,0.0,13800000.0,13800000.0,0.0,9154700000.0,7116600000.0,2038100000.0,3445368026.0,-142700000.0,-49200000.0,-258100000.0,-191900000.0,-84400000.0,-642700000.0,-15800000.0,133500000.0,535200000.0,-19400000.0,468300000.0,456700000.0,456700000.0,0.0,27700000.0,0.066,1911200000.0,632600000.0,5934200000.0,0.186,1.448,7.544,7.423,441500000.0,11600000.0,7.2,0.496,0.482,5179700000.0,176200000.0,6947200000.0,6947200000.0,0.0,0.037,0.185,0.648,0.115,53600000.0,1912700000.0,1.0,478523337.0,464700000,537600000.0,14.95,8420500000.0,309200000.0,195400000.0,0.0,18.12,112700000.0
40,IPG,MRT,2011-06-30,2011-06-30,2011-06-30,2021-09-07,-46600000.0,12301600000.0,12375050000.0,7593700000.0,4707900000.0,0.547,5.207,-121100000.0,1809800000.0,1809800000.0,4322500000.0,324100000.0,1.011,3.87,1766400000.0,598600000.0,1167800000.0,1766400000.0,0.0,147500000.0,0.0,0.01,0.12,589100000.0,736600000.0,0.109,736600000.0,589100000.0,452000000.0,0.61,0.53,0.61,2463600000.0,2446650000.0,2463600000.0,6002980488.0,10.0,8.15,296700000.0,0.627,1.0,2451600000.0,0.362,3427100000.0,137100000.0,1318400000.0,1358950000.0,0.0,14200000.0,14200000.0,0.0,9534000000.0,7512700000.0,2021300000.0,6108680488.0,-120100000.0,-115400000.0,-127300000.0,-158900000.0,-56800000.0,-452500000.0,-183700000.0,0.0,417800000.0,98300000.0,302600000.0,291000000.0,291000000.0,0.0,21500000.0,0.043,1892000000.0,559600000.0,4064700000.0,0.197,2.48,20.992,20.492,450800000.0,11600000.0,12.5,0.902,0.873,5509600000.0,-4300000.0,6774100000.0,6774100000.0,0.0,0.024,0.119,0.433,0.087,53000000.0,1892100000.0,1.0,488694439.0,473100000,546900000.0,14.319,8874500000.0,373000000.0,149400000.0,0.0,18.758,81000000.0
41,IPG,MRT,2011-03-31,2011-03-31,2011-03-31,2021-09-07,-73800000.0,12177200000.0,12225800000.0,7474100000.0,4703100000.0,0.544,5.248,-103800000.0,1840200000.0,1840200000.0,4217800000.0,298300000.0,1.022,3.747,1734500000.0,568600000.0,1165900000.0,1734500000.0,0.0,146600000.0,0.0,0.005,0.06,584600000.0,731200000.0,0.11,731200000.0,584600000.0,445600000.0,0.62,0.49,0.62,2497900000.0,2373175000.0,2497900000.0,5210542441.0,9.0,7.126,467300000.0,0.982,1.0,2427300000.0,0.365,3407700000.0,139000000.0,1351000000.0,1448000000.0,0.0,14100000.0,14100000.0,0.0,9358500000.0,7312800000.0,2045700000.0,6149242441.0,-88600000.0,-86100000.0,-2100000.0,-197900000.0,-28500000.0,-576900000.0,-138300000.0,0.0,571100000.0,55500000.0,280500000.0,294600000.0,294600000.0,0.0,17800000.0,0.044,1864500000.0,562800000.0,4010600000.0,0.097,2.462,20.873,20.274,445500000.0,-14100000.0,12.57,0.925,0.9,5353200000.0,-108900000.0,6645100000.0,6645100000.0,0.0,0.024,0.124,0.404,0.088,52000000.0,1864000000.0,1.0,489199876.0,476000000,476000000.0,13.96,8769500000.0,398900000.0,165100000.0,0.0,18.423,161300000.0
42,IPG,MRT,2010-12-31,2010-12-31,2010-12-31,2021-09-07,-119000000.0,13070800000.0,12028850000.0,8453500000.0,4617300000.0,0.541,5.34,-96300000.0,2675700000.0,2675700000.0,4117000000.0,281200000.0,1.092,4.038,1737000000.0,153700000.0,1583300000.0,1737000000.0,0.0,148400000.0,0.0,0.0,0.0,572100000.0,720500000.0,0.111,720500000.0,572100000.0,432400000.0,0.57,0.47,0.57,2529000000.0,2354675000.0,2529000000.0,5206869746.0,9.0,7.227,721000000.0,1.522,1.0,2390300000.0,0.367,3368500000.0,139700000.0,1022700000.0,1589275000.0,0.0,13700000.0,13700000.0,0.0,10212700000.0,7740900000.0,2471800000.0,5190369746.0,180500000.0,-61900000.0,0.0,-199900000.0,0.0,-547700000.0,-108500000.0,0.0,817300000.0,19400000.0,261100000.0,271200000.0,271200000.0,0.0,20100000.0,0.042,1841600000.0,548700000.0,6806700000.0,0.0,2.052,19.139,18.632,454300000.0,-10100000.0,10.62,0.798,0.773,5534700000.0,-63700000.0,6507300000.0,6507300000.0,0.0,0.023,0.115,0.36,0.088,50000000.0,1841600000.0,1.0,488735381.0,473600000,542100000.0,13.74,9702300000.0,334200000.0,171300000.0,0.0,20.486,712600000.0
43,IPG,MRT,2010-09-30,2010-09-30,2010-09-30,2021-09-07,-161800000.0,11950600000.0,11826925000.0,7315800000.0,4634800000.0,0.531,4.837,-73100000.0,1927700000.0,1927700000.0,4030200000.0,218100000.0,1.064,4.072,1944200000.0,355300000.0,1588900000.0,1944200000.0,0.0,154900000.0,0.0,0.0,0.0,520300000.0,675200000.0,0.107,675200000.0,520300000.0,380100000.0,0.44,0.35,0.44,2296100000.0,2346850000.0,2296100000.0,4886872413.0,9.0,7.238,504400000.0,1.063,1.0,2252900000.0,0.359,3350400000.0,140200000.0,1743700000.0,1705575000.0,0.0,11300000.0,11300000.0,0.0,9349600000.0,6873000000.0,2476600000.0,4902872413.0,166200000.0,-69200000.0,1000000.0,1100000.0,0.0,-332100000.0,-101500000.0,600000.0,577500000.0,22300000.0,199600000.0,205600000.0,205600000.0,0.0,18500000.0,0.033,1766900000.0,486000000.0,3967800000.0,0.0,2.135,23.847,22.795,441100000.0,-6000000.0,10.03,0.78,0.758,5134800000.0,-261600000.0,6283100000.0,6283100000.0,0.0,0.017,0.088,0.305,0.083,50300000.0,1759300000.0,1.0,488820779.0,474700000,533600000.0,13.236,8600200000.0,396500000.0,180500000.0,0.0,18.117,442800000.0
44,IPG,MRT,2010-06-30,2010-06-30,2010-06-30,2021-09-07,-240800000.0,11704600000.0,11583850000.0,7180800000.0,4523800000.0,0.531,4.587,-67700000.0,1929900000.0,1929900000.0,3966600000.0,198400000.0,1.066,4.253,1913900000.0,285900000.0,1628000000.0,1913900000.0,0.0,159600000.0,0.0,0.0,0.0,481500000.0,641100000.0,0.104,641100000.0,481500000.0,338200000.0,0.39,0.3,0.39,2169700000.0,2353300000.0,2169700000.0,3496329782.0,7.0,5.454,594300000.0,1.256,1.0,2189800000.0,0.356,3278300000.0,143300000.0,1674600000.0,1834450000.0,0.0,12500000.0,12500000.0,0.0,9227400000.0,6735700000.0,2491700000.0,3488829782.0,169400000.0,-18100000.0,0.0,-116700000.0,0.0,-432900000.0,-76600000.0,1100000.0,662000000.0,16900000.0,178400000.0,180400000.0,180400000.0,0.0,20000000.0,0.029,1745700000.0,444100000.0,4004800000.0,0.0,1.608,19.339,18.282,440400000.0,-2000000.0,7.13,0.567,0.548,4956000000.0,-306900000.0,6156400000.0,6156400000.0,0.0,0.016,0.077,0.262,0.078,51200000.0,1740000000.0,1.0,489316940.0,473000000,544900000.0,13.016,8426300000.0,377200000.0,159800000.0,0.0,17.815,445100000.0
45,IPG,MRT,2010-03-31,2010-03-31,2010-03-31,2021-09-07,-190700000.0,11389400000.0,11423975000.0,6776700000.0,4612700000.0,0.527,5.143,-64800000.0,1928800000.0,1928800000.0,3944000000.0,146700000.0,1.097,3.577,1936300000.0,301800000.0,1634500000.0,1936300000.0,0.0,165500000.0,0.0,0.0,0.0,377300000.0,542800000.0,0.09,542800000.0,377300000.0,223900000.0,0.21,0.19,0.21,2423900000.0,2367275000.0,2423900000.0,3493814538.0,9.0,6.437,477800000.0,1.014,1.0,2075100000.0,0.345,3306100000.0,153400000.0,1916100000.0,1996425000.0,0.0,12700000.0,12700000.0,0.0,8669800000.0,6174700000.0,2495100000.0,4042414538.0,286800000.0,-34300000.0,0.0,-203500000.0,0.0,-267300000.0,-83400000.0,7800000.0,542600000.0,94900000.0,123700000.0,96000000.0,96000000.0,0.0,23000000.0,0.016,1711300000.0,363800000.0,3607300000.0,0.0,1.668,42.108,39.619,460600000.0,27700000.0,8.32,0.672,0.651,4539100000.0,-389400000.0,6019100000.0,6019100000.0,0.0,0.008,0.041,0.189,0.063,53900000.0,1706200000.0,1.0,485867132.0,471300000,471300000.0,12.771,8083300000.0,428100000.0,100200000.0,0.0,17.151,602000000.0
46,IPG,MRT,2009-12-31,2009-12-31,2009-12-31,2021-09-07,-176600000.0,12263100000.0,11309050000.0,7637700000.0,4625400000.0,0.531,5.335,-67100000.0,2495200000.0,2495200000.0,3961200000.0,143400000.0,1.106,3.783,1946600000.0,308600000.0,1638000000.0,1946600000.0,0.0,169900000.0,0.0,0.0,0.0,367000000.0,536900000.0,0.089,536900000.0,367000000.0,211400000.0,0.2,0.19,0.2,2497700000.0,2290650000.0,2497700000.0,3781151748.0,10.0,7.043,473700000.0,1.012,1.0,2046200000.0,0.341,3321000000.0,155600000.0,1487900000.0,2108575000.0,0.0,10900000.0,10900000.0,0.0,9449000000.0,6905600000.0,2543400000.0,3587551748.0,388000000.0,-72400000.0,0.0,-195700000.0,0.0,-267000000.0,29400000.0,158500000.0,540800000.0,84800000.0,121300000.0,93600000.0,93600000.0,0.0,22100000.0,0.016,1704900000.0,341300000.0,3828900000.0,0.0,1.436,38.329,36.9,490100000.0,27700000.0,7.38,0.597,0.575,4856600000.0,-324800000.0,6007400000.0,6007400000.0,0.0,0.008,0.041,0.174,0.061,49500000.0,1700300000.0,1.0,486118123.0,468200000,508100000.0,12.831,8942100000.0,398300000.0,90100000.0,0.0,19.099,732100000.0
47,IPG,MRT,2009-09-30,2009-09-30,2009-09-30,2021-09-07,-199400000.0,10978300000.0,11274575000.0,6282200000.0,4696100000.0,0.544,4.935,-99300000.0,1761500000.0,1761500000.0,3989500000.0,216400000.0,1.121,3.602,1955100000.0,88200000.0,1866900000.0,1955100000.0,0.0,169300000.0,0.0,0.0,0.0,415300000.0,584600000.0,0.095,584600000.0,415300000.0,249600000.0,0.37,0.31,0.37,2321900000.0,2217800000.0,2321900000.0,3933459074.0,9.0,6.728,421400000.0,0.896,1.0,2138700000.0,0.349,3310200000.0,165700000.0,2259200000.0,2246550000.0,0.0,10600000.0,10600000.0,0.0,8362500000.0,5602500000.0,2760000000.0,3655559074.0,71700000.0,-43300000.0,0.0,-206500000.0,0.0,-275300000.0,-158700000.0,-28400000.0,520700000.0,-15000000.0,201900000.0,172700000.0,172700000.0,0.0,14500000.0,0.028,1734800000.0,403900000.0,3283500000.0,0.0,1.574,21.167,20.324,503200000.0,29200000.0,7.52,0.597,0.577,4202800000.0,-461200000.0,6128200000.0,6128200000.0,0.0,0.015,0.078,0.185,0.068,53400000.0,1729600000.0,1.0,486111579.0,470500000,513800000.0,13.025,7668100000.0,438900000.0,47700000.0,0.0,16.298,679700000.0
48,IPG,MRT,2009-06-30,2009-06-30,2009-06-30,2021-09-07,-263900000.0,11065100000.0,11554325000.0,6354400000.0,4710700000.0,0.557,4.765,-107300000.0,1760500000.0,1760500000.0,4139500000.0,240900000.0,1.11,3.838,2038400000.0,137300000.0,1901100000.0,2038400000.0,0.0,171500000.0,0.0,0.0,0.0,484100000.0,655600000.0,0.102,655600000.0,484100000.0,303000000.0,0.41,0.36,0.41,2225600000.0,2240100000.0,2225600000.0,2882969197.0,6.0,4.397,322700000.0,0.691,1.0,2302000000.0,0.357,3298000000.0,181100000.0,2322500000.0,2312425000.0,0.0,10900000.0,10900000.0,0.0,8542300000.0,5722500000.0,2819800000.0,2415869197.0,-70500000.0,-84200000.0,0.0,-113100000.0,0.0,-186800000.0,-222900000.0,-29400000.0,430000000.0,-90800000.0,223500000.0,194200000.0,194200000.0,0.0,17400000.0,0.03,1840100000.0,461900000.0,3380400000.0,0.0,1.085,12.44,12.317,521800000.0,29300000.0,5.05,0.375,0.366,4227300000.0,-485300000.0,6441500000.0,6441500000.0,0.0,0.017,0.087,0.209,0.075,61900000.0,1830500000.0,1.0,478389940.0,467100000,507500000.0,13.79,7767100000.0,447300000.0,79500000.0,0.0,16.628,631900000.0
49,IPG,MRT,2009-03-31,2009-03-31,2009-03-31,2021-09-07,-343000000.0,10929700000.0,11839800000.0,6269300000.0,4660400000.0,0.575,4.563,-118200000.0,1642000000.0,1642000000.0,4274300000.0,307800000.0,1.083,4.016,2109100000.0,327200000.0,1781900000.0,2109100000.0,0.0,172000000.0,0.0,0.0,0.0,634700000.0,806700000.0,0.119,806700000.0,634700000.0,445700000.0,0.56,0.49,0.56,2117400000.0,2289350000.0,2117400000.0,1975355089.0,3.0,2.449,477800000.0,1.03,1.0,2528500000.0,0.372,3243000000.0,189000000.0,2364700000.0,2346850000.0,0.0,16500000.0,16500000.0,0.0,8502700000.0,5789100000.0,2713600000.0,1962855089.0,150800000.0,-74600000.0,0.0,-34700000.0,0.0,-84600000.0,-231500000.0,-39700000.0,596000000.0,-129100000.0,290800000.0,261400000.0,261400000.0,0.0,17000000.0,0.038,1962900000.0,565600000.0,3350700000.0,0.0,0.927,7.509,7.357,529500000.0,29400000.0,4.12,0.289,0.281,4231600000.0,-513100000.0,6802800000.0,6802800000.0,0.0,0.022,0.114,0.27,0.093,69600000.0,1949200000.0,1.0,476421138.0,464000000,464000000.0,14.661,7686700000.0,453100000.0,154900000.0,0.0,16.566,480200000.0
50,IPG,MRT,2008-12-31,2008-12-31,2008-12-31,2021-09-07,-318500000.0,12125200000.0,12053325000.0,7487600000.0,4637600000.0,0.578,4.781,-138400000.0,2107200000.0,2107200000.0,4342600000.0,318000000.0,1.089,4.348,2119700000.0,332800000.0,1786900000.0,2119700000.0,0.0,173300000.0,0.0,0.0,0.0,663500000.0,836800000.0,0.12,836800000.0,663500000.0,451600000.0,0.57,0.52,0.57,2206300000.0,2341850000.0,2206300000.0,2322298693.0,4.0,2.775,726900000.0,1.575,1.0,2620100000.0,0.376,3220900000.0,211900000.0,2039800000.0,2441300000.0,0.0,167700000.0,167700000.0,0.0,9592600000.0,6877000000.0,2715600000.0,1887098693.0,92300000.0,-78100000.0,0.0,-225500000.0,0.0,-275800000.0,-404300000.0,-189900000.0,865300000.0,-92900000.0,295000000.0,265200000.0,265200000.0,0.0,23000000.0,0.038,2030400000.0,589700000.0,4022600000.0,0.0,0.855,7.116,6.947,561500000.0,29800000.0,3.96,0.271,0.262,4846000000.0,-446100000.0,6962700000.0,6962700000.0,0.0,0.022,0.113,0.272,0.095,80100000.0,2013300000.0,1.0,476540074.0,461500000,518300000.0,15.087,8904300000.0,416800000.0,156600000.0,0.0,19.294,610600000.0
51,IPG,MRT,2008-09-30,2008-09-30,2008-09-30,2021-09-07,-156000000.0,12097300000.0,12136550000.0,7241600000.0,4855700000.0,0.58,5.21,-134000000.0,1689800000.0,1689800000.0,4367500000.0,280400000.0,1.083,4.017,2125000000.0,81900000.0,2043100000.0,2125000000.0,0.0,180100000.0,0.0,0.0,0.0,636100000.0,816200000.0,0.116,816200000.0,636100000.0,407500000.0,0.48,0.43,0.48,2411100000.0,2373325000.0,2411100000.0,3999257550.0,6.0,4.9,530000000.0,1.145,1.0,2675900000.0,0.38,3325000000.0,228600000.0,2522700000.0,2541400000.0,0.0,17800000.0,17800000.0,0.0,9686200000.0,6684800000.0,3001400000.0,3692657550.0,259700000.0,-88900000.0,0.0,-194800000.0,0.0,-257500000.0,-169700000.0,63700000.0,664000000.0,22900000.0,256400000.0,219900000.0,219900000.0,0.0,24000000.0,0.031,2145000000.0,530900000.0,3979300000.0,0.0,1.532,16.792,16.146,571800000.0,36500000.0,7.75,0.524,0.509,5232500000.0,-663100000.0,7043400000.0,7043400000.0,0.0,0.018,0.093,0.25,0.09,88800000.0,2107300000.0,1.0,476471942.0,462800000,519400000.0,15.219,8772300000.0,474600000.0,151100000.0,0.0,18.955,556800000.0
52,IPG,MRT,2008-06-30,2008-06-30,2008-06-30,2021-09-07,-82400000.0,12207000000.0,12028650000.0,7424100000.0,4782900000.0,0.571,5.261,-139900000.0,1831000000.0,1831000000.0,4308700000.0,208100000.0,1.095,4.039,2137600000.0,91800000.0,2045800000.0,2137600000.0,0.0,179600000.0,0.0,0.0,0.0,575700000.0,755300000.0,0.11,755300000.0,575700000.0,340200000.0,0.34,0.29,0.34,2422600000.0,2284125000.0,2422600000.0,4721133493.0,8.0,6.251,608800000.0,1.322,1.0,2554600000.0,0.372,3272600000.0,235500000.0,2460200000.0,2556325000.0,0.0,25000000.0,25000000.0,0.0,9784400000.0,6780800000.0,3003600000.0,4058733493.0,610500000.0,-55100000.0,0.0,-206300000.0,0.0,-259800000.0,36600000.0,227700000.0,748700000.0,85000000.0,188800000.0,152400000.0,152400000.0,0.0,19300000.0,0.022,2088900000.0,465700000.0,4138400000.0,0.0,1.675,26.632,25.294,598600000.0,36400000.0,8.6,0.591,0.577,5224900000.0,-708800000.0,6863300000.0,6863300000.0,0.0,0.013,0.067,0.225,0.084,90000000.0,2049900000.0,1.0,471945755.0,460500000,516000000.0,14.904,8934400000.0,491800000.0,151400000.0,0.0,19.402,643300000.0
53,IPG,MRT,2008-03-31,2008-03-31,2008-03-31,2021-09-07,-74900000.0,11783800000.0,11868425000.0,6942500000.0,4841300000.0,0.563,5.068,-151500000.0,1491200000.0,1491200000.0,4215200000.0,246800000.0,1.078,4.063,2153600000.0,103300000.0,2050300000.0,2153600000.0,0.0,177300000.0,0.0,0.0,0.0,531000000.0,708300000.0,0.106,708300000.0,531000000.0,291600000.0,0.42,0.36,0.42,2327400000.0,2177425000.0,2327400000.0,4296688690.0,8.0,6.066,241100000.0,0.525,1.0,2465100000.0,0.369,3265400000.0,239400000.0,2742500000.0,2645475000.0,0.0,21100000.0,21100000.0,0.0,9456400000.0,6438300000.0,3018100000.0,3962388690.0,24300000.0,-102200000.0,0.0,-160800000.0,0.0,-213700000.0,-230700000.0,17000000.0,392600000.0,76100000.0,230700000.0,185800000.0,185800000.0,0.0,16100000.0,0.028,2054400000.0,410700000.0,3978900000.0,0.0,1.702,21.326,20.024,616800000.0,44900000.0,8.41,0.593,0.578,5072700000.0,-803900000.0,6680300000.0,6680300000.0,0.0,0.016,0.085,0.201,0.079,79900000.0,2024700000.0,1.0,471152044.0,459200000,459200000.0,14.548,8518400000.0,535000000.0,60900000.0,0.0,18.551,504200000.0
54,IPG,MRT,2007-12-31,2007-12-31,2007-12-31,2021-09-07,-118600000.0,12458100000.0,11696125000.0,7685800000.0,4772300000.0,0.56,5.095,-147600000.0,2014900000.0,2014900000.0,4139200000.0,184300000.0,1.079,4.342,2349200000.0,305100000.0,2044100000.0,2349200000.0,0.0,177200000.0,0.0,0.0,0.0,463200000.0,640400000.0,0.098,640400000.0,463200000.0,226500000.0,0.29,0.26,0.29,2332200000.0,2052825000.0,2332200000.0,4709398556.0,10.0,7.354,150500000.0,0.329,1.0,2415000000.0,0.368,3231600000.0,236700000.0,2440200000.0,2576800000.0,0.0,22500000.0,22500000.0,0.0,10125900000.0,7120600000.0,3005300000.0,3822898556.0,59200000.0,-81800000.0,0.0,10000000.0,0.0,-37300000.0,-267800000.0,-43100000.0,298100000.0,66200000.0,167600000.0,131300000.0,131300000.0,0.0,16700000.0,0.02,2070700000.0,344300000.0,4124300000.0,0.0,1.639,29.116,27.966,620000000.0,36300000.0,8.11,0.583,0.566,5343300000.0,-741100000.0,6554200000.0,6554200000.0,0.0,0.011,0.064,0.18,0.071,79700000.0,2044800000.0,1.0,471380833.0,457700000,503100000.0,14.32,9226500000.0,479900000.0,58900000.0,0.0,20.158,565200000.0
55,IPG,MRT,2007-09-30,2007-09-30,2007-09-30,2021-09-07,0.0,11665700000.0,11547625000.0,6870000000.0,4795700000.0,0.558,4.48,-154400000.0,1430100000.0,1430100000.0,4120800000.0,58300000.0,1.014,4.679,2316600000.0,475400000.0,1841200000.0,2316600000.0,0.0,174200000.0,0.0,0.0,0.0,304600000.0,478800000.0,0.074,478800000.0,304600000.0,69000000.0,0.05,0.02,0.05,2054300000.0,1954925000.0,2054300000.0,6006593704.0,20.0,12.545,215700000.0,0.47,1.0,2328000000.0,0.361,3196000000.0,235600000.0,2582400000.0,2601350000.0,0.0,103800000.0,103800000.0,0.0,9611400000.0,6773800000.0,2837600000.0,4893793704.0,166600000.0,-106300000.0,0.0,7300000.0,0.0,-57200000.0,-164100000.0,91500000.0,370100000.0,17800000.0,58300000.0,17100000.0,17100000.0,0.0,0.0,0.003,2087700000.0,240300000.0,3866600000.0,0.0,2.382,286.187,207.6,615600000.0,41200000.0,10.38,0.759,0.738,5004900000.0,,6448800000.0,6448800000.0,0.0,0.001,0.009,0.117,0.047,73300000.0,2039500000.0,1.0,471463748.0,458600000,458600000.0,14.062,8469700000.0,508700000.0,10700000.0,0.0,18.469,96200000.0
56,IPG,MRT,2007-06-30,2007-06-30,2007-06-30,2021-09-07,0.0,11566100000.0,11364075000.0,6805000000.0,4761100000.0,0.558,4.364,-153800000.0,1220500000.0,1220500000.0,4046800000.0,83900000.0,1.012,4.795,2333300000.0,490300000.0,1843000000.0,2333300000.0,0.0,172400000.0,0.0,0.0,0.0,301800000.0,474200000.0,0.075,474200000.0,301800000.0,69300000.0,0.09,0.06,0.09,1995800000.0,1909350000.0,1995800000.0,6188721729.0,21.0,13.051,27900000.0,0.061,1.0,2295900000.0,0.362,3140600000.0,232500000.0,2816800000.0,2696425000.0,0.0,260200000.0,260200000.0,0.0,9570300000.0,6721500000.0,2848800000.0,5345321729.0,84900000.0,14000000.0,0.0,36200000.0,0.0,-37300000.0,-46800000.0,86900000.0,181700000.0,-12700000.0,83900000.0,37700000.0,37700000.0,-5000000.0,0.0,0.006,2085800000.0,210100000.0,4010400000.0,0.0,2.678,141.786,126.667,618800000.0,46200000.0,11.4,0.843,0.822,4984700000.0,,6342700000.0,6342700000.0,0.0,0.003,0.02,0.112,0.048,67100000.0,2036600000.0,1.0,468887871.0,457300000,541300000.0,13.87,8425500000.0,534500000.0,-14600000.0,0.0,18.424,83500000.0
57,IPG,MRT,2007-03-31,2007-03-31,2007-03-31,2021-09-07,0.0,11094600000.0,11301075000.0,6413600000.0,4681000000.0,0.551,4.011,-137100000.0,1466900000.0,1466900000.0,3982200000.0,12600000.0,1.003,5.066,2310300000.0,464200000.0,1846100000.0,2310300000.0,0.0,173700000.0,0.0,0.0,0.0,242000000.0,415700000.0,0.067,415700000.0,242000000.0,14400000.0,-0.08,-0.08,-0.08,1829000000.0,1881275000.0,1829000000.0,6145632065.0,25.0,14.784,17500000.0,0.038,1.0,2240700000.0,0.36,3077100000.0,227600000.0,2467800000.0,2775000000.0,0.0,179400000.0,51500000.0,127900000.0,9265600000.0,6393100000.0,2872500000.0,5769832065.0,259900000.0,65400000.0,0.0,19900000.0,0.0,-133200000.0,249500000.0,319200000.0,154600000.0,-11000000.0,12600000.0,-39600000.0,-39600000.0,-5000000.0,0.0,-0.006,2099300000.0,141400000.0,3801000000.0,0.0,3.155,-145.703,-153.875,605600000.0,52200000.0,12.31,0.927,0.902,4577900000.0,,6222900000.0,6222900000.0,0.0,-0.004,-0.021,0.087,0.039,65400000.0,2038600000.0,1.0,468710972.0,456000000,456000000.0,13.647,8017500000.0,593100000.0,1800000.0,0.0,17.582,20500000.0
58,IPG,MRT,2006-12-31,2006-12-31,2006-12-31,2021-09-07,-303000000.0,11864100000.0,11275525000.0,7208800000.0,4655300000.0,0.549,4.533,-127800000.0,1955700000.0,1955700000.0,3944100000.0,-31700000.0,1.087,5.114,2331500000.0,82900000.0,2248600000.0,2331500000.0,0.0,173600000.0,0.0,0.0,0.0,205700000.0,379300000.0,0.061,379300000.0,205700000.0,-13000000.0,-0.19,-0.19,-0.19,1940600000.0,1871675000.0,1940600000.0,6384076627.0,31.0,16.831,-118800000.0,-0.278,1.0,2246700000.0,0.363,3067800000.0,218700000.0,2538400000.0,2891000000.0,0.0,1400000.0,1400000.0,0.0,9923500000.0,6633700000.0,3289800000.0,5400076627.0,-120200000.0,61300000.0,0.0,30900000.0,0.0,-129700000.0,11600000.0,76300000.0,9000000.0,-11100000.0,-31700000.0,-79300000.0,-79300000.0,-5000000.0,0.0,-0.013,2140700000.0,106000000.0,4124100000.0,0.0,2.783,-68.097,-64.421,624000000.0,47600000.0,12.24,0.872,0.846,4956300000.0,-899200000.0,6190800000.0,6190800000.0,0.0,-0.007,-0.042,0.071,0.033,55100000.0,2079000000.0,1.0,441182731.0,428100000,428100000.0,14.461,8796300000.0,476500000.0,18700000.0,0.0,20.547,575100000.0
59,IPG,MRT,2006-09-30,2006-09-30,2006-09-30,2021-09-07,0.0,10931500000.0,11295800000.0,6346900000.0,4584600000.0,0.55,4.382,-113500000.0,1263500000.0,1263500000.0,3964000000.0,-123700000.0,1.081,4.839,2247500000.0,63700000.0,2183800000.0,2247500000.0,0.0,174500000.0,0.0,0.0,0.0,161600000.0,336100000.0,0.054,336100000.0,161600000.0,-39600000.0,-0.43,-0.43,-0.43,1872000000.0,1872850000.0,1872000000.0,5467680519.0,34.0,16.268,-344800000.0,-0.807,1.0,2245400000.0,0.362,3081900000.0,201200000.0,2962700000.0,2811825000.0,0.0,342500000.0,205600000.0,136900000.0,9059500000.0,5870900000.0,3188600000.0,4363980519.0,-88300000.0,100600000.0,-200000.0,4100000.0,0.0,376200000.0,-234000000.0,-306600000.0,-231300000.0,800000.0,-123700000.0,-180300000.0,-180300000.0,-14000000.0,0.0,-0.029,2249600000.0,-4200000.0,3560300000.0,0.0,2.331,-24.204,-23.023,608000000.0,56600000.0,9.9,0.703,0.681,4499300000.0,,6209400000.0,6209400000.0,0.0,-0.016,-0.096,0.057,0.026,50200000.0,2143200000.0,1.0,440806113.0,427200000,427200000.0,14.535,7849600000.0,573700000.0,84100000.0,0.0,18.375,476000000.0
60,IPG,MRT,2006-06-30,2006-06-30,2006-06-30,2021-09-07,0.0,11314100000.0,11384300000.0,6753200000.0,4560900000.0,0.544,4.415,-117200000.0,1135600000.0,1135600000.0,3966100000.0,-230200000.0,1.085,5.007,2239300000.0,55600000.0,2183700000.0,2239300000.0,0.0,173000000.0,0.0,0.0,0.0,-500000.0,172500000.0,0.028,172500000.0,-500000.0,-191400000.0,-0.66,-0.66,-0.66,1883500000.0,1778025000.0,1883500000.0,4667981138.0,-9336.0,27.061,-417200000.0,-0.978,1.0,2229200000.0,0.36,3063600000.0,190900000.0,3131100000.0,2689225000.0,0.0,572000000.0,442700000.0,129300000.0,9430600000.0,6223100000.0,3207500000.0,3642581138.0,-452400000.0,24100000.0,-4900000.0,-28100000.0,0.0,337600000.0,-498700000.0,-459200000.0,-300000000.0,8700000.0,-230200000.0,-279900000.0,-279900000.0,-9000000.0,0.0,-0.045,2362500000.0,-133300000.0,3933700000.0,0.0,1.934,-13.014,-12.652,611700000.0,49700000.0,8.35,0.588,0.575,4773100000.0,,6195300000.0,6195300000.0,0.0,-0.025,-0.157,0.0,0.0,45200000.0,2255700000.0,1.0,436237262.0,426600000,429900000.0,14.523,8250500000.0,555400000.0,38800000.0,0.0,19.34,530100000.0
61,IPG,MRT,2006-03-31,2006-03-31,2006-03-31,2021-09-07,0.0,10992400000.0,11538200000.0,6557900000.0,4434500000.0,0.544,4.203,-127600000.0,1207000000.0,1207000000.0,3974700000.0,-286700000.0,1.084,5.139,2232400000.0,49300000.0,2183100000.0,2232400000.0,0.0,171400000.0,0.0,0.0,0.0,8100000.0,179500000.0,0.029,179500000.0,8100000.0,-173000000.0,-0.75,-0.75,-0.75,1790600000.0,1699050000.0,1790600000.0,4332340433.0,535.0,24.136,-336000000.0,-0.789,1.0,2298400000.0,0.366,3034800000.0,181100000.0,2931800000.0,2413925000.0,0.0,599200000.0,420000000.0,179200000.0,9201800000.0,6051200000.0,3150600000.0,4168440433.0,-342500000.0,47600000.0,-300000.0,-60000000.0,0.0,388200000.0,-519200000.0,-442000000.0,-208400000.0,-3100000.0,-286700000.0,-320600000.0,-320600000.0,-9000000.0,0.0,-0.051,2393100000.0,-94700000.0,3794400000.0,0.0,2.328,-13.002,-12.747,625600000.0,33900000.0,9.56,0.664,0.649,4526900000.0,,6273100000.0,6273100000.0,0.0,-0.028,-0.189,0.003,0.001,39800000.0,2294500000.0,1.0,436029334.0,426000000,426000000.0,14.726,7957600000.0,484200000.0,113700000.0,0.0,18.68,506700000.0
62,IPG,MRT,2005-12-31,2005-12-31,2005-12-31,2021-09-07,-276000000.0,11945200000.0,11712925000.0,7497400000.0,4447800000.0,0.536,4.579,-140700000.0,2075900000.0,2075900000.0,3999100000.0,-262900000.0,1.093,5.141,2239800000.0,56800000.0,2183000000.0,2239800000.0,0.0,168800000.0,0.0,0.0,0.0,900000.0,169700000.0,0.027,169700000.0,900000.0,-181000000.0,-0.68,-0.68,-0.68,1945300000.0,1643350000.0,1945300000.0,5058578284.0,5621.0,29.809,-160900000.0,-0.379,1.0,2275200000.0,0.363,3030900000.0,181900000.0,2221700000.0,2199725000.0,0.0,286200000.0,115600000.0,170600000.0,9999900000.0,6856500000.0,3143400000.0,4154578284.0,525500000.0,37700000.0,0.0,-40600000.0,0.0,410100000.0,166400000.0,266600000.0,-20200000.0,-30800000.0,-262900000.0,-289200000.0,-289200000.0,-9000000.0,0.0,-0.046,2379400000.0,-104200000.0,4438600000.0,0.0,2.136,-14.366,-14.191,650000000.0,26300000.0,9.65,0.662,0.653,4933300000.0,-841100000.0,6274300000.0,6274300000.0,0.0,-0.025,-0.176,0.0,0.0,42300000.0,2288100000.0,1.0,430526247.0,424800000,424800000.0,14.77,8914300000.0,481600000.0,81900000.0,0.0,20.985,640900000.0
63,IPG,MRT,2005-09-30,2005-09-30,2005-09-30,2021-09-07,0.0,11285500000.0,11790050000.0,6664700000.0,4620800000.0,0.538,3.51,-171700000.0,1346700000.0,1346700000.0,3914100000.0,-109700000.0,1.017,6.56,2250700000.0,66700000.0,2184000000.0,2250700000.0,0.0,171200000.0,0.0,0.0,0.0,204600000.0,375800000.0,0.059,375800000.0,204600000.0,25400000.0,-0.29,-0.29,-0.29,1492700000.0,1586600000.0,1492700000.0,5657499788.0,28.0,15.055,31700000.0,0.075,1.0,2430200000.0,0.383,3166000000.0,179200000.0,2472300000.0,2214050000.0,0.0,171200000.0,2000000.0,169200000.0,9792800000.0,6551200000.0,3241600000.0,4973399788.0,287800000.0,-18500000.0,25100000.0,-23100000.0,0.0,-66300000.0,155600000.0,427500000.0,203400000.0,-4900000.0,-109700000.0,-130400000.0,-130400000.0,0.0,0.0,-0.021,2280800000.0,149400000.0,5656500000.0,0.0,3.332,-38.14,-40.138,673700000.0,20700000.0,11.64,0.784,0.78,4900000000.0,,6344300000.0,6344300000.0,0.0,-0.011,-0.082,0.092,0.032,33300000.0,2281600000.0,1.0,427268023.0,425300000,425300000.0,14.917,8119500000.0,564300000.0,135100000.0,0.0,19.091,113500000.0
64,IPG,MRT,2005-06-30,2005-06-30,2005-06-30,2021-09-07,-290800000.0,11929700000.0,11769250000.0,7360800000.0,4568900000.0,0.546,3.69,-180500000.0,1582000000.0,1582000000.0,3876600000.0,-503400000.0,0.994,6.61,2266100000.0,332600000.0,1933500000.0,2266100000.0,0.0,172400000.0,0.0,0.0,0.0,-28300000.0,144100000.0,0.022,144100000.0,-28300000.0,-203500000.0,-1.25,-1.25,-1.25,1567600000.0,1713875000.0,1567600000.0,5975696583.0,-211.0,41.469,154000000.0,0.363,1.0,2547100000.0,0.397,3180800000.0,175200000.0,2029900000.0,2300900000.0,0.0,176800000.0,1300000.0,175500000.0,10362100000.0,7403100000.0,2959000000.0,5150796583.0,589000000.0,-20000000.0,30400000.0,-23600000.0,0.0,-58300000.0,311100000.0,562400000.0,334500000.0,1700000.0,-503400000.0,-524100000.0,-524100000.0,-6500000.0,0.0,-0.082,2594300000.0,-47200000.0,6198900000.0,0.0,3.286,-9.828,-9.744,682500000.0,20700000.0,12.18,0.802,0.805,5366100000.0,-707600000.0,6423700000.0,6423700000.0,0.0,-0.045,-0.306,-0.012,-0.004,32400000.0,2259400000.0,1.0,422889703.0,424800000,429600000.0,15.122,8748900000.0,514200000.0,299900000.0,0.0,20.595,-42300000.0
65,IPG,MRT,2005-03-31,2005-03-31,2005-03-31,2021-09-07,-264100000.0,11691300000.0,11825875000.0,7076900000.0,4614400000.0,0.535,3.699,-188000000.0,1544600000.0,1544600000.0,3821400000.0,-601000000.0,0.989,6.457,2261100000.0,337200000.0,1923900000.0,2261100000.0,0.0,175800000.0,0.0,0.0,0.0,-175400000.0,400000.0,0.0,400000.0,-175400000.0,-350400000.0,-1.49,-1.49,-1.49,1567800000.0,1962575000.0,1567800000.0,6017985553.0,-34.0,15044.964,279200000.0,0.659,1.0,2504400000.0,0.396,3177700000.0,175000000.0,2075000000.0,2513550000.0,0.0,181700000.0,1200000.0,180500000.0,10123500000.0,7155100000.0,2968400000.0,5193085553.0,376800000.0,-124100000.0,28200000.0,-39800000.0,0.0,-75600000.0,-18900000.0,293200000.0,467200000.0,4100000.0,-601000000.0,-621000000.0,-621000000.0,-6500000.0,0.0,-0.098,2692600000.0,-188200000.0,5813500000.0,0.0,3.312,-8.362,-8.242,703300000.0,20000000.0,12.28,0.821,0.823,5059300000.0,-722000000.0,6325800000.0,6325800000.0,0.0,-0.053,-0.316,-0.07,-0.028,35800000.0,2268800000.0,1.0,422889703.0,423800000,423800000.0,14.926,8513600000.0,575900000.0,250600000.0,0.0,20.089,-78200000.0
66,IPG,MRT,2004-12-31,2004-12-31,2004-12-31,2021-09-07,-248600000.0,12253700000.0,11828175000.0,7618100000.0,4635600000.0,0.54,4.137,-194000000.0,1550400000.0,1550400000.0,3733000000.0,-538400000.0,1.01,6.131,2261900000.0,325900000.0,1936000000.0,2261900000.0,0.0,185100000.0,0.0,0.0,0.0,-104200000.0,80900000.0,0.013,80900000.0,-104200000.0,-276200000.0,-1.34,-1.34,-1.34,1718300000.0,2212400000.0,1718300000.0,6491622020.0,-62.0,80.243,270800000.0,0.652,1.0,2654000000.0,0.416,3141600000.0,172000000.0,2279000000.0,2761725000.0,0.0,588700000.0,420000000.0,168700000.0,10535400000.0,7544600000.0,2990800000.0,5666722020.0,-321500000.0,-135000000.0,25600000.0,-233700000.0,0.0,-259500000.0,-544600000.0,-215600000.0,464800000.0,17800000.0,-538400000.0,-558200000.0,-558200000.0,-6500000.0,0.0,-0.087,2748400000.0,-94400000.0,4733500000.0,0.0,3.298,-10.152,-10.0,722900000.0,19800000.0,13.4,0.887,0.871,5202100000.0,-578200000.0,6387000000.0,6387000000.0,0.0,-0.047,-0.252,-0.038,-0.016,31400000.0,2250400000.0,1.0,422889703.0,415300000,415300000.0,15.379,9112100000.0,535200000.0,262200000.0,0.0,21.941,73500000.0
67,IPG,MRT,2004-09-30,2004-09-30,2004-09-30,2021-09-07,-243600000.0,11202300000.0,11876225000.0,6737200000.0,4465100000.0,0.535,4.819,-184700000.0,1438500000.0,1438500000.0,3667900000.0,-858600000.0,1.092,4.596,2263400000.0,74500000.0,2188900000.0,2263400000.0,0.0,204200000.0,0.0,0.0,0.0,-313800000.0,-109600000.0,-0.017,-109600000.0,-313800000.0,-520600000.0,-2.14,-2.14,-2.14,2001800000.0,2312525000.0,2001800000.0,5260166591.0,-17.0,-47.994,363500000.0,0.875,1.0,2681100000.0,0.422,3036300000.0,206800000.0,2819700000.0,2839575000.0,0.0,183800000.0,0.0,183800000.0,9200500000.0,6171200000.0,3029300000.0,4470366591.0,348300000.0,-126900000.0,332900000.0,-186300000.0,0.0,430700000.0,-598300000.0,-280900000.0,548200000.0,-45700000.0,-858600000.0,-873400000.0,-873400000.0,-6300000.0,0.0,-0.138,3020200000.0,-339100000.0,5247300000.0,0.0,2.233,-5.118,-4.949,646300000.0,14800000.0,10.59,0.704,0.693,4893900000.0,-209200000.0,6349000000.0,6349000000.0,0.0,-0.074,-0.378,-0.111,-0.049,9400000.0,2453000000.0,1.0,422130934.0,415400000,415400000.0,15.284,8166000000.0,527100000.0,338000000.0,0.0,19.658,566000000.0
68,IPG,MRT,2004-06-30,2004-06-30,2004-06-30,2021-09-07,-257400000.0,12156200000.0,11893675000.0,7127300000.0,5028900000.0,0.525,6.18,-165000000.0,1434300000.0,1434300000.0,3553500000.0,-689200000.0,1.08,3.744,2224100000.0,34800000.0,2189300000.0,2224100000.0,0.0,215900000.0,0.0,0.0,0.0,-254100000.0,-38200000.0,-0.006,-38200000.0,-254100000.0,-461700000.0,-1.78,-1.78,-1.78,2562400000.0,2297350000.0,2562400000.0,6645269362.0,-26.0,-173.96,256100000.0,0.618,1.0,2695300000.0,0.431,3467800000.0,207600000.0,2880500000.0,3010975000.0,0.0,235000000.0,0.0,235000000.0,9593800000.0,6597700000.0,2996100000.0,5751769362.0,278700000.0,209200000.0,327400000.0,-363100000.0,0.0,260800000.0,-370500000.0,-408900000.0,421100000.0,-46100000.0,-689200000.0,-699000000.0,-699000000.0,-88900000.0,0.0,-0.112,2900700000.0,-205400000.0,5724400000.0,0.0,2.245,-8.229,-7.713,643000000.0,9800000.0,13.73,0.92,0.911,5268600000.0,374200000.0,6248800000.0,6248800000.0,0.0,-0.059,-0.304,-0.084,-0.041,15700000.0,2405100000.0,1.0,418919837.0,414600000,414600000.0,15.072,8688400000.0,605500000.0,227500000.0,0.0,20.956,529600000.0
69,IPG,MRT,2004-03-31,2004-03-31,2004-03-31,2021-09-07,-236300000.0,11700500000.0,11878800000.0,6747200000.0,4953300000.0,0.525,6.211,-167800000.0,1395300000.0,1395300000.0,3533400000.0,-614300000.0,1.099,3.558,2288800000.0,98200000.0,2190600000.0,2288800000.0,0.0,219500000.0,0.0,0.0,0.0,-183300000.0,36200000.0,0.006,36200000.0,-183300000.0,-395000000.0,-1.59,-1.59,-1.59,2567100000.0,2213125000.0,2567100000.0,6899100363.0,-38.0,190.583,270600000.0,0.655,1.0,2702000000.0,0.433,3387400000.0,211700000.0,3067700000.0,3308975000.0,0.0,240300000.0,0.0,240300000.0,9133400000.0,6138900000.0,2994500000.0,6430500363.0,-35700000.0,203300000.0,330100000.0,-955400000.0,0.0,-323000000.0,-161800000.0,-191500000.0,438400000.0,-2200000.0,-614300000.0,-619100000.0,-619100000.0,-98400000.0,0.0,-0.099,2830000000.0,-128000000.0,5050400000.0,0.0,2.505,-10.387,-9.673,656300000.0,4800000.0,15.38,1.031,1.019,4901100000.0,384600000.0,6235400000.0,6235400000.0,0.0,-0.052,-0.28,-0.055,-0.029,27800000.0,2316000000.0,1.0,418107956.0,413300000,413300000.0,15.087,8313100000.0,598300000.0,219300000.0,0.0,20.114,608300000.0
70,IPG,MRT,2003-12-31,2003-12-31,2003-12-31,2021-09-07,-259100000.0,12445900000.0,11944450000.0,7532700000.0,4913200000.0,0.516,5.496,-159600000.0,1871900000.0,1871900000.0,3501400000.0,-539100000.0,1.048,4.874,2515600000.0,316900000.0,2198700000.0,2515600000.0,0.0,216500000.0,0.0,0.0,0.0,-89800000.0,126700000.0,0.021,126700000.0,-89800000.0,-296400000.0,-1.4,-1.4,-1.4,2118800000.0,2109225000.0,2118800000.0,7941322363.0,-88.0,62.678,343000000.0,0.89,1.0,2660300000.0,0.432,3310900000.0,206600000.0,2590400000.0,3608675000.0,0.0,441900000.0,195100000.0,246800000.0,10327100000.0,7188300000.0,3138800000.0,6118922363.0,918700000.0,178900000.0,335300000.0,-158800000.0,0.0,483000000.0,-85600000.0,-99100000.0,502600000.0,18700000.0,-539100000.0,-539100000.0,-539100000.0,-101000000.0,0.0,-0.087,2692200000.0,-31900000.0,5614700000.0,0.0,2.888,-11.35,-11.143,697900000.0,0.0,15.6,0.993,0.976,4953600000.0,-39800000.0,6161700000.0,6161700000.0,0.0,-0.045,-0.256,-0.025,-0.015,38800000.0,2225300000.0,1.0,392238613.0,385500000,385500000.0,15.984,9135000000.0,658000000.0,242700000.0,0.0,23.696,344400000.0
71,IPG,MRT,2003-09-30,2003-09-30,2003-09-30,2021-09-07,-274500000.0,11272100000.0,11781400000.0,6013100000.0,5259000000.0,0.518,5.031,-149000000.0,695500000.0,695500000.0,3466600000.0,-411700000.0,0.953,4.807,2517900000.0,326900000.0,2191000000.0,2517900000.0,0.0,207700000.0,0.0,0.007,0.095,-170400000.0,37300000.0,0.006,37300000.0,-170400000.0,-348600000.0,-1.09,-1.07,-1.09,1941100000.0,2104525000.0,1941100000.0,7543058568.0,-44.0,202.227,334800000.0,0.868,1.0,2630300000.0,0.431,3281200000.0,178200000.0,3505300000.0,3698625000.0,0.0,371000000.0,0.0,371000000.0,9331000000.0,6308000000.0,3023000000.0,5526558568.0,97800000.0,180600000.0,12400000.0,-444300000.0,-36600000.0,-486400000.0,-34700000.0,-86700000.0,483800000.0,142700000.0,-411700000.0,-411700000.0,-411700000.0,-111800000.0,0.0,-0.068,2709300000.0,-79000000.0,4889000000.0,-0.087,2.847,-13.424,-12.954,713800000.0,0.0,14.12,0.906,0.893,4864000000.0,508800000.0,6096900000.0,6096900000.0,0.0,-0.035,-0.196,-0.046,-0.028,43800000.0,2321500000.0,1.0,391399332.0,385800000,385800000.0,15.803,7990900000.0,652200000.0,63100000.0,17600000.0,20.713,-294900000.0
72,IPG,MRT,2003-06-30,2003-06-30,2003-06-30,2021-09-07,-297500000.0,12096700000.0,11782725000.0,6770400000.0,5326300000.0,0.515,5.791,-165700000.0,700100000.0,700100000.0,3468900000.0,-174200000.0,1.026,4.435,2716600000.0,129500000.0,2587100000.0,2716600000.0,0.0,204500000.0,0.0,0.014,0.19,17800000.0,222300000.0,0.037,222300000.0,17800000.0,-153600000.0,-0.47,-0.47,-0.47,2225500000.0,2130900000.0,2225500000.0,7305776671.0,410.0,32.864,694700000.0,1.808,1.0,2595900000.0,0.428,3442900000.0,171400000.0,4072500000.0,3818225000.0,0.0,352200000.0,0.0,352200000.0,9871200000.0,6597800000.0,3273400000.0,5213376671.0,180100000.0,-200800000.0,22600000.0,-333400000.0,-145600000.0,-371700000.0,-398700000.0,-88600000.0,860400000.0,102300000.0,-174200000.0,-174200000.0,-174200000.0,-29500000.0,0.0,-0.029,2582100000.0,13800000.0,5282700000.0,-0.404,2.343,-29.928,-28.468,740000000.0,0.0,13.38,0.86,0.848,5096200000.0,835900000.0,6064800000.0,6064800000.0,0.0,-0.015,-0.082,0.005,0.003,50500000.0,2332100000.0,1.0,389639512.0,384300000,384300000.0,15.781,8653800000.0,585700000.0,20600000.0,17300000.0,22.518,172600000.0
73,IPG,MRT,2003-03-31,2003-03-31,2003-03-31,2021-09-07,-347200000.0,11963100000.0,11678875000.0,6719300000.0,5243800000.0,0.51,5.635,-166200000.0,1188200000.0,1188200000.0,3382600000.0,-51700000.0,1.037,4.56,3280600000.0,662600000.0,2618000000.0,3280600000.0,0.0,201900000.0,0.0,0.031,0.285,173300000.0,375200000.0,0.063,375200000.0,173300000.0,11100000.0,-0.14,-0.14,-0.14,2151500000.0,2116925000.0,2151500000.0,5312681203.0,31.0,14.16,629100000.0,1.648,1.0,2572200000.0,0.432,3307100000.0,162200000.0,4266500000.0,3866100000.0,0.0,388800000.0,0.0,388800000.0,9811600000.0,6481900000.0,3329700000.0,3607681203.0,630400000.0,-243700000.0,30200000.0,300000000.0,-109600000.0,243800000.0,-470900000.0,-64400000.0,795300000.0,66000000.0,-51700000.0,-51700000.0,-51700000.0,-34100000.0,0.0,-0.009,2404200000.0,168000000.0,4677400000.0,-2.036,1.677,-69.781,-66.429,727500000.0,0.0,9.3,0.606,0.596,4644500000.0,849400000.0,5954800000.0,5954800000.0,0.0,-0.004,-0.024,0.045,0.029,50000000.0,2258000000.0,1.0,387922710.0,381800000,381800000.0,15.597,8656000000.0,566900000.0,62800000.0,3400000.0,22.672,237400000.0
74,IPG,MRT,2002-12-31,2002-12-31,2002-12-31,2021-09-07,-373600000.0,11793700000.0,11411575000.0,6322300000.0,5471400000.0,0.531,5.584,-171400000.0,933000000.0,933000000.0,3396700000.0,16700000.0,0.892,4.616,2638000000.0,820300000.0,1817700000.0,2638000000.0,0.0,206800000.0,0.0,0.027,0.38,281800000.0,488600000.0,0.081,488600000.0,281800000.0,123100000.0,0.04,0.04,0.04,2100000000.0,2052675000.0,2100000000.0,7717219479.0,27.0,15.795,707500000.0,1.881,1.0,2662400000.0,0.439,3458700000.0,158700000.0,2950200000.0,3806525000.0,0.0,357300000.0,0.0,357300000.0,9693700000.0,7089800000.0,2603900000.0,5429819479.0,15100000.0,-262800000.0,51100000.0,-357200000.0,-145600000.0,-432600000.0,-480900000.0,-46700000.0,878900000.0,40600000.0,16700000.0,16700000.0,16700000.0,-31500000.0,0.0,0.003,2386600000.0,275800000.0,5125500000.0,9.5,2.586,325.139,352.0,825700000.0,0.0,14.08,0.896,0.874,4925200000.0,858000000.0,6059100000.0,6059100000.0,0.0,0.001,0.008,0.074,0.047,50000000.0,2248700000.0,1.0,385640588.0,376100000,376100000.0,16.11,8335000000.0,546900000.0,106400000.0,33200000.0,22.162,-767500000.0
75,IPG,MRT,2002-09-30,2002-09-30,2002-09-30,2021-09-07,-403300000.0,11277400000.0,11306975000.0,5984400000.0,5293000000.0,0.49,5.424,-179400000.0,615000000.0,615000000.0,3231900000.0,161000000.0,0.961,4.51,2902400000.0,535000000.0,2367400000.0,2902400000.0,0.0,226200000.0,0.0,0.024,0.38,458100000.0,684300000.0,0.123,684300000.0,458100000.0,310400000.0,0.44,0.42,0.44,2046600000.0,1987700000.0,2046600000.0,8521213635.0,19.0,12.452,697800000.0,1.849,1.0,2309700000.0,0.417,3355200000.0,147700000.0,3983700000.0,4024675000.0,0.0,188200000.0,0.0,188200000.0,9230800000.0,6225900000.0,3004900000.0,6082213635.0,-70600000.0,-317600000.0,53500000.0,-341200000.0,-143600000.0,-421000000.0,-483900000.0,-58600000.0,877200000.0,-53600000.0,161000000.0,161000000.0,161000000.0,-36500000.0,0.0,0.029,1876200000.0,433500000.0,4675900000.0,0.864,2.972,37.778,36.023,819400000.0,0.0,15.85,1.098,1.079,4926700000.0,874400000.0,5541600000.0,5541600000.0,0.0,0.014,0.081,0.114,0.083,79600000.0,1712300000.0,1.0,383735876.0,377300000,381100000.0,14.688,7922200000.0,558500000.0,149400000.0,5200000.0,20.997,-241500000.0
76,IPG,MRT,2002-06-30,2002-06-30,2002-06-30,2021-09-07,-361300000.0,11681300000.0,11319650000.0,6343700000.0,5337600000.0,0.51,5.776,-210600000.0,537300000.0,537300000.0,3314000000.0,-231800000.0,0.983,4.384,2976300000.0,598600000.0,2377700000.0,2976300000.0,0.0,271000000.0,0.0,0.015,0.38,-87800000.0,183200000.0,0.032,183200000.0,-87800000.0,-245700000.0,-0.64,-0.64,-0.64,2169600000.0,1941925000.0,2169600000.0,11777755119.0,-134.0,64.289,236100000.0,0.629,1.0,2462800000.0,0.426,3401300000.0,157900000.0,4264000000.0,3993500000.0,0.0,174900000.0,0.0,174900000.0,9511700000.0,6455000000.0,3056700000.0,9458955119.0,-148800000.0,-357800000.0,47800000.0,111600000.0,-69700000.0,-300000.0,-600700000.0,-62000000.0,446700000.0,-9800000.0,-231800000.0,-231800000.0,-231800000.0,-29700000.0,0.0,-0.04,2527600000.0,-64800000.0,4807800000.0,-0.594,4.36,-40.807,-38.688,859300000.0,0.0,24.76,1.637,1.61,5371600000.0,1000500000.0,5776800000.0,5776800000.0,0.0,-0.02,-0.119,-0.022,-0.015,74400000.0,1779300000.0,1.0,382025651.0,375600000,382400000.0,15.38,8280000000.0,514100000.0,-13900000.0,25500000.0,22.045,-111300000.0
77,IPG,MRT,2002-03-31,2002-03-31,2002-03-31,2021-09-07,-465600000.0,10893900000.0,11347036000.0,5812000000.0,5081900000.0,0.542,5.079,-231600000.0,575100000.0,575100000.0,3500900000.0,-458100000.0,0.968,4.75,2893900000.0,525400000.0,2368500000.0,2893900000.0,0.0,320500000.0,0.0,0.011,0.38,-328400000.0,-7900000.0,-0.001,-7900000.0,-328400000.0,-490800000.0,-1.25,-1.25,-1.25,1894500000.0,1977587250.0,1894500000.0,15385743632.0,-47.0,-1947.562,314800000.0,0.844,1.0,2646300000.0,0.43,3180500000.0,162400000.0,4028200000.0,3796272000.0,0.0,159600000.0,0.0,159600000.0,8999400000.0,6004000000.0,2995400000.0,12945443632.0,-56500000.0,-298500000.0,16800000.0,134400000.0,-135800000.0,-13000000.0,-586800000.0,-76500000.0,546400000.0,-10500000.0,-458100000.0,-458100000.0,-458100000.0,-15600000.0,0.0,-0.075,2952300000.0,-306000000.0,4211000000.0,-0.304,6.833,-28.259,-27.424,827500000.0,0.0,34.28,2.106,2.08,4856600000.0,891800000.0,6147200000.0,6147200000.0,0.0,-0.04,-0.232,-0.087,-0.053,71600000.0,1890700000.0,1.0,377638379.0,373000000,379800000.0,16.48,7713400000.0,534900000.0,-32700000.0,14800000.0,20.679,-192000000.0
78,IPG,MRT,2001-12-31,2001-12-31,2001-12-31,2021-09-07,-447800000.0,11375300000.0,11060245500.0,6351500000.0,5023800000.0,0.574,4.987,-257500000.0,935200000.0,935200000.0,3620900000.0,-534500000.0,0.988,5.182,2909000000.0,428400000.0,2480600000.0,2909000000.0,0.0,362700000.0,0.0,0.013,0.38,-436000000.0,-73300000.0,-0.012,-73300000.0,-436000000.0,-600600000.0,-1.45,-1.45,-1.45,1840100000.0,1997143500.0,1840100000.0,13595737716.0,-31.0,-185.481,-129400000.0,-0.351,1.0,2731800000.0,0.43,3096500000.0,164600000.0,3822800000.0,3598442500.0,0.0,302800000.0,0.0,302800000.0,9535200000.0,6429800000.0,3105400000.0,11155437716.0,90600000.0,-288600000.0,-32400000.0,827200000.0,-129200000.0,633000000.0,-641600000.0,-95500000.0,128100000.0,-36300000.0,-534500000.0,-534500000.0,-534500000.0,-15600000.0,0.0,-0.084,2998300000.0,-266500000.0,4555500000.0,-0.262,6.062,-20.871,-20.372,847700000.0,0.0,29.54,1.756,1.716,4998700000.0,868300000.0,6352700000.0,6352700000.0,0.0,-0.048,-0.268,-0.121,-0.069,68400000.0,1896100000.0,1.0,377638379.0,369000000,369000000.0,17.216,8278800000.0,575000000.0,-66100000.0,61500000.0,22.436,-78300000.0
79,IPG,MRT,2001-09-30,2001-09-30,2001-09-30,2021-09-07,-435300000.0,11328100000.0,11279820500.0,6300200000.0,5027900000.0,0.629,5.042,-281600000.0,685600000.0,685600000.0,4051300000.0,-545200000.0,0.92,5.079,3125900000.0,1225000000.0,1900900000.0,3125900000.0,0.0,382400000.0,0.0,0.019,0.38,-419600000.0,-37200000.0,-0.005,-37200000.0,-419600000.0,-584700000.0,-1.49,-1.49,-1.49,1863500000.0,2129693500.0,1863500000.0,9715417464.0,-23.0,-261.167,-107100000.0,-0.29,1.0,3047200000.0,0.429,3058700000.0,165100000.0,3859000000.0,3322467500.0,0.0,672300000.0,0.0,672300000.0,9464600000.0,6850700000.0,2613900000.0,7666946464.0,43200000.0,-308400000.0,-101900000.0,839600000.0,-123300000.0,574100000.0,-693100000.0,-83600000.0,174500000.0,-12300000.0,-545200000.0,-545200000.0,-545200000.0,0.0,0.0,-0.077,3278700000.0,-231500000.0,4365800000.0,-0.255,4.114,-14.063,-13.691,784700000.0,0.0,20.4,1.08,1.062,5310700000.0,971400000.0,7098500000.0,7098500000.0,0.0,-0.048,-0.256,-0.126,-0.059,77500000.0,2098300000.0,1.0,375830709.0,369610000,369610000.0,19.205,8269400000.0,512200000.0,-39500000.0,26000000.0,22.373,-550500000.0
80,IPG,MRT,2001-06-30,2001-06-30,2001-06-30,2021-09-07,-457930000.0,11790844000.0,10839452750.0,6843235000.0,4947609000.0,0.665,6.268,-262771000.0,686119000.0,686119000.0,4148900000.0,28000000.0,0.931,4.099,2734590000.0,1324520000.0,1410070000.0,2734590000.0,0.0,378654000.0,0.0,0.013,0.38,401600000.0,780254000.0,0.108,780254000.0,401600000.0,246900000.0,0.07,0.06,0.07,2312249000.0,2130634500.0,2312249000.0,11265741049.0,28.0,14.439,-12303000.0,-0.033,1.0,3061800000.0,0.425,3013163000.0,154700000.0,3475088000.0,3129085750.0,0.0,749042000.0,53736000.0,695306000.0,9478595000.0,7351064000.0,2127531000.0,9307770049.0,-83432000.0,-417578000.0,-160429000.0,845400000.0,-116731000.0,521668000.0,-804313000.0,-82557000.0,250468000.0,-51298000.0,28000000.0,28000000.0,28000000.0,0.0,0.0,0.004,2525200000.0,536600000.0,5083733000.0,5.429,4.025,332.42,419.286,828795000.0,0.0,29.35,1.291,1.502,5820110000.0,1484011000.0,7210700000.0,7210700000.0,0.0,0.003,0.013,0.128,0.056,69645000.0,1998000000.0,1.0,317130155.0,368900000,368900000.0,19.546,8777681000.0,410345000.0,218900000.0,144169000.0,23.794,-507829000.0
81,IPG,MRT,2001-03-31,2001-03-31,2001-03-31,2021-09-07,-426069000.0,9746738000.0,10334391000.0,5599805000.0,4146933000.0,0.739,5.388,-292967000.0,564700000.0,564700000.0,4351128000.0,318660000.0,0.971,3.941,2522671000.0,1096541000.0,1426130000.0,2522671000.0,0.0,379252000.0,0.0,0.011,0.38,768413000.0,1147665000.0,0.15,1147665000.0,768413000.0,625043000.0,0.86,0.83,0.86,1972725000.0,2022626000.0,1972725000.0,12019936774.0,16.0,10.473,-111875000.0,-0.306,1.0,3280988000.0,0.43,2699021000.0,143370000.0,3236882000.0,2860107000.0,0.0,537137000.0,49323000.0,487814000.0,7774013000.0,5768806000.0,2005207000.0,10731203774.0,-179389000.0,-684976000.0,-168023000.0,1150851000.0,-114610000.0,810522000.0,-1078581000.0,-65828000.0,181092000.0,-63322000.0,318660000.0,318660000.0,318660000.0,0.0,0.0,0.042,2397152000.0,883836000.0,3873185000.0,0.442,5.44,33.676,39.942,654246000.0,0.0,34.35,1.406,1.648,4748724000.0,1559438000.0,7632116000.0,7632116000.0,0.0,0.031,0.158,0.269,0.101,61235000.0,2091123000.0,1.0,312407679.0,366100000,366100000.0,20.847,7047717000.0,305852000.0,306383000.0,137710000.0,19.251,-169001000.0
82,IPG,MRT,2000-12-31,2000-12-31,2000-12-31,2021-09-07,-410200000.0,12253600000.0,9997742750.0,7202600000.0,5051000000.0,0.718,6.591,-259500000.0,844600000.0,844600000.0,4056400000.0,392800000.0,0.945,4.17,2081100000.0,549300000.0,1531800000.0,2081100000.0,0.0,344600000.0,0.0,0.009,0.37,859300000.0,1203900000.0,0.168,1203900000.0,859300000.0,733000000.0,1.09,1.06,1.09,2370300000.0,1915504250.0,2370300000.0,14617226922.0,17.0,12.142,342600000.0,0.953,1.0,3126300000.0,0.435,3146900000.0,126300000.0,2718900000.0,2501462750.0,0.0,174100000.0,0.0,174100000.0,9883300000.0,7624300000.0,2259000000.0,13097216922.0,-302700000.0,-687100000.0,-188100000.0,597900000.0,-109100000.0,244500000.0,-1075100000.0,-67100000.0,602100000.0,-45100000.0,392800000.0,392800000.0,392800000.0,0.0,0.0,0.055,2308700000.0,817600000.0,5781600000.0,0.339,5.526,33.343,39.046,825000000.0,0.0,42.56,1.823,2.131,6080200000.0,1554000000.0,7182700000.0,7182700000.0,0.0,0.039,0.205,0.344,0.12,53000000.0,1986600000.0,1.0,307735360.0,359600000,370600000.0,19.974,9106700000.0,382500000.0,340200000.0,180100000.0,25.325,-421700000.0
83,IPG,MRT,2000-09-30,2000-09-30,2000-09-30,2021-09-07,-331853000.0,9566629000.0,9246103750.0,5650659000.0,3915970000.0,0.882,5.148,-320844000.0,583319000.0,583319000.0,4653406000.0,377201000.0,1.034,4.123,2103329000.0,445736000.0,1657593000.0,2103329000.0,0.0,397963000.0,0.0,0.011,0.36,828774000.0,1226737000.0,0.15,1226737000.0,828774000.0,701994000.0,0.91,0.87,0.91,1867264000.0,1764045250.0,1867264000.0,11575611122.0,14.0,9.436,297793000.0,0.821,1.0,3499622000.0,0.429,2536326000.0,126780000.0,3085473000.0,2278615250.0,0.0,736741000.0,42893000.0,693848000.0,7699365000.0,5464840000.0,2234525000.0,10482594122.0,-193975000.0,-732243000.0,-197471000.0,783004000.0,-103266000.0,448710000.0,-1159905000.0,91740000.0,618637000.0,-72317000.0,377201000.0,377201000.0,377201000.0,0.0,0.0,0.046,2766803000.0,732819000.0,4145796000.0,0.396,5.614,27.79,37.429,610943000.0,0.0,34.06,1.286,1.515,4830106000.0,1545090000.0,8153028000.0,8153028000.0,0.0,0.041,0.214,0.364,0.102,51033000.0,2319016000.0,1.0,307768471.0,362700000,373100000.0,22.479,7030303000.0,74853000.0,324793000.0,156455000.0,19.383,185819000.0
84,IPG,MRT,2000-06-30,2000-06-30,2000-06-30,2021-09-07,-297861000.0,9770597000.0,8768865250.0,6015548000.0,3755049000.0,0.863,4.558,-310826000.0,687527000.0,687527000.0,4318733000.0,354176000.0,0.992,4.197,1780544000.0,534756000.0,1245788000.0,1780544000.0,0.0,357477000.0,0.0,0.008,0.35,770846000.0,1128323000.0,0.149,1128323000.0,770846000.0,658874000.0,0.89,0.85,0.89,1880215000.0,1641358750.0,1880215000.0,13520994855.0,18.0,11.983,461824000.0,1.12,1.0,3251501000.0,0.43,2402265000.0,111972000.0,2399173000.0,1919180500.0,0.0,715002000.0,54630000.0,660372000.0,7890382000.0,6062176000.0,1828206000.0,12973292855.0,-153985000.0,-591836000.0,-208951000.0,395490000.0,-98514000.0,63478000.0,-914624000.0,106646000.0,772650000.0,-46346000.0,354176000.0,354176000.0,354176000.0,0.0,0.0,0.047,2579269000.0,672232000.0,4623684000.0,0.393,6.9,36.63,48.315,614185000.0,0.0,43.0,1.714,2.343,5083635000.0,1511797000.0,7570234000.0,7570234000.0,0.0,0.04,0.216,0.402,0.102,47428000.0,2137980000.0,1.0,301704485.0,412474000,425326000.0,18.353,7368332000.0,78000.0,304698000.0,203804000.0,17.864,-46628000.0
85,IPG,MRT,2000-03-31,2000-03-31,2000-03-31,2021-09-07,-167013000.0,8400145000.0,8248552750.0,5466584000.0,2933561000.0,0.816,5.151,-248465000.0,678942000.0,678942000.0,3801647000.0,334750000.0,1.004,4.44,1226644000.0,381810000.0,844834000.0,1226644000.0,0.0,316603000.0,0.0,0.007,0.34,718083000.0,1034686000.0,0.154,1034686000.0,718083000.0,612114000.0,0.94,0.9,0.94,1544238000.0,1507305000.0,1544238000.0,13754210900.0,19.0,13.293,525411000.0,1.752,1.0,2932837000.0,0.435,1700599000.0,105969000.0,1802305000.0,1707602000.0,0.0,747332000.0,47982000.0,699350000.0,6855907000.0,5444943000.0,1410964000.0,13606445900.0,64478000.0,-331974000.0,-214188000.0,207406000.0,-93840000.0,-107926000.0,-566874000.0,112196000.0,773876000.0,-34598000.0,334750000.0,334750000.0,334750000.0,0.0,0.0,0.05,2312141000.0,620696000.0,4292303000.0,0.362,8.811,40.647,50.266,528566000.0,0.0,47.25,2.02,2.104,4594562000.0,1337762000.0,6734484000.0,6734484000.0,0.0,0.041,0.222,0.421,0.107,43936000.0,1964581000.0,1.0,287967109.0,299822000,310522000.0,22.462,6699546000.0,5046000.0,277364000.0,152249000.0,22.345,21641000.0
86,IPG,MRT,1999-12-31,1999-12-31,1999-12-31,2021-09-07,-76695000.0,9247044000.0,7875149000.0,5992924000.0,3254120000.0,0.815,5.013,-249700000.0,1029076000.0,1029076000.0,3635900000.0,336600000.0,1.029,4.241,1311090000.0,262483000.0,1048607000.0,1311090000.0,0.0,296600000.0,0.0,0.006,0.33,715700000.0,1012300000.0,0.158,1012300000.0,715700000.0,616200000.0,0.96,0.92,0.96,1764464000.0,1433358750.0,1764464000.0,16538098534.0,23.0,16.337,519700000.0,1.476,1.0,2781300000.0,0.433,1879600000.0,99500000.0,1827510000.0,1577316250.0,0.0,818014000.0,36765000.0,781249000.0,7482580000.0,5821948000.0,1660632000.0,16190810534.0,257400000.0,-329700000.0,-221900000.0,372800000.0,-90400000.0,59200000.0,-525200000.0,108400000.0,769400000.0,-46000000.0,336600000.0,336600000.0,336600000.0,0.0,0.0,0.052,2159600000.0,621700000.0,4629415000.0,0.344,9.176,48.101,60.094,593271000.0,0.0,57.69,2.523,3.164,4779998000.0,1392224000.0,6417200000.0,6417200000.0,0.0,0.043,0.235,0.454,0.112,42900000.0,1871500000.0,1.0,280651942.0,352000000,364600000.0,18.231,7367444000.0,0.0,279600000.0,206372000.0,20.93,170976000.0
87,IPG,MRT,1999-09-30,1999-09-30,1999-09-30,2021-09-07,-202882000.0,7657675000.0,7299093750.0,5237792000.0,2419883000.0,0.664,4.702,-147152000.0,763245000.0,763245000.0,1840466000.0,403164000.0,1.069,4.563,1110533000.0,256050000.0,854483000.0,1110533000.0,0.0,205517000.0,0.0,0.008,0.32,770212000.0,975729000.0,0.201,975729000.0,770212000.0,689606000.0,1.31,1.275,1.31,1376518000.0,1308515750.0,1376518000.0,11842891637.0,15.0,12.137,318990000.0,1.09,1.0,3009189000.0,0.62,1455380000.0,80606000.0,1647734000.0,1361350250.0,0.0,478723000.0,46408000.0,432315000.0,6281157000.0,4901849000.0,1379308000.0,11599147637.0,145570000.0,-371397000.0,-162574000.0,459942000.0,-87871000.0,194354000.0,-491061000.0,12984000.0,466142000.0,-23865000.0,403164000.0,403164000.0,403164000.0,0.0,0.0,0.083,1064990000.0,1944199000.0,3897163000.0,0.244,8.426,28.77,31.397,450429000.0,0.0,41.13,2.392,2.483,4279968000.0,1276061000.0,4849655000.0,4849655000.0,0.0,0.055,0.308,0.566,0.159,24705000.0,2252159000.0,1.0,282011856.0,292764000,310064000.0,16.565,6202295000.0,81759000.0,286442000.0,242867000.0,21.185,335943000.0
88,IPG,MRT,1999-06-30,1999-06-30,1999-06-30,2021-09-07,-241811000.0,7689347000.0,,5373234000.0,2316113000.0,,4.333,-131177000.0,853027000.0,853027000.0,1987151000.0,382376000.0,1.077,4.721,1096771000.0,249327000.0,847444000.0,1096771000.0,0.0,192234000.0,0.0,0.007,0.31,730359000.0,922593000.0,0.2,922593000.0,730359000.0,655416000.0,1.25,1.225,1.25,1344000000.0,,1344000000.0,12477066184.0,17.0,13.524,365286000.0,1.178,1.0,2621628000.0,0.569,1393241000.0,74943000.0,1552859000.0,,0.0,437414000.0,46386000.0,391028000.0,6345347000.0,4986991000.0,1358356000.0,12175411184.0,217498000.0,-344650000.0,-127668000.0,451615000.0,-84037000.0,232303000.0,-500675000.0,8385000.0,496463000.0,-10593000.0,382376000.0,382376000.0,382376000.0,0.0,0.0,0.083,702724000.0,1918904000.0,4059203000.0,0.248,9.059,31.841,34.652,437918000.0,0.0,43.315,2.642,2.915,4321430000.0,1240798000.0,4608779000.0,4608779000.0,0.0,,,,0.158,22917000.0,1947495000.0,1.0,281089950.0,310198000,334456000.0,14.858,6296106000.0,93926000.0,273040000.0,228045000.0,20.297,386243000.0
89,IPG,MRT,1999-03-31,1999-03-31,1999-03-31,2021-09-07,-198170000.0,6906530000.0,,4682293000.0,2224237000.0,,4.581,-130625000.0,666009000.0,666009000.0,2130569000.0,346953000.0,1.017,4.532,967664000.0,416165000.0,551499000.0,967664000.0,0.0,175513000.0,0.0,0.008,0.3,666149000.0,841662000.0,0.196,841662000.0,666149000.0,600709000.0,1.17,1.145,1.17,1248453000.0,,1248453000.0,,,,410156000.0,1.505,1.0,2164986000.0,0.504,1324553000.0,65440000.0,1281162000.0,,0.0,434686000.0,47488000.0,387198000.0,5658077000.0,4602470000.0,1055607000.0,10945642653.0,191381000.0,-279107000.0,-159793000.0,321949000.0,-80329000.0,72904000.0,-407955000.0,1218000.0,540781000.0,-14349000.0,346953000.0,346953000.0,346953000.0,0.0,0.0,0.081,282000000.0,1882986000.0,3479967000.0,0.256,8.767,31.548,33.282,431921000.0,0.0,38.94,2.548,2.471,3803588000.0,1139452000.0,4295555000.0,4295555000.0,0.0,,,,0.155,21149000.0,1526771000.0,1.0,281089950.0,272534000,283350000.0,15.762,5581977000.0,80565000.0,253756000.0,190098000.0,20.482,79823000.0
90,IPG,MRT,1998-12-31,1998-12-31,1998-12-31,2021-09-07,-160476000.0,6942823000.0,,4728650000.0,2214173000.0,,4.292,-131250000.0,760508000.0,760508000.0,2339894000.0,339907000.0,1.015,4.488,721082000.0,214464000.0,506618000.0,721082000.0,0.0,171482000.0,0.0,0.007,0.29,649839000.0,821321000.0,0.195,821321000.0,649839000.0,585543000.0,1.15,1.12,1.15,1265092000.0,,1265092000.0,,,,420668000.0,1.427,1.0,1878763000.0,0.445,1281399000.0,64296000.0,963646000.0,,0.0,427556000.0,31733000.0,395823000.0,5677731000.0,4658352000.0,1019379000.0,,84760000.0,-272720000.0,-129689000.0,137504000.0,-76894000.0,-78120000.0,-400036000.0,3934000.0,551918000.0,10998000.0,339907000.0,339907000.0,339907000.0,0.0,0.0,0.081,1306167000.0,572596000.0,3613699000.0,0.252,,,34.674,439601000.0,0.0,39.875,,2.786,3799226000.0,1101792000.0,4218657000.0,4218657000.0,0.0,,,,0.154,20272000.0,1244771000.0,1.0,,294756000,305134000.0,14.312,5661424000.0,97350000.0,245636000.0,205672000.0,19.207,70298000.0
91,IPG,MRT,1998-09-30,1998-09-30,1998-09-30,2021-09-07,,,,,,,,,,,,,,,,,,,,,,0.01,0.28,,,,,,,,,,,,,,,,,,1.0,,,,,,,,,,,,,,,,,,,,,,,,,,,,,,,,,,,,,,,,26.97,,,,,,,,,,,,,,1.0,,270915168,,,,,,,,
92,IPG,MRT,1998-06-30,1998-06-30,1998-06-30,2021-09-07,,,,,,,,,,,,,,,,,,,,,,0.009,0.27,,,,,,,,,,,,,,,,,,1.0,,,,,,,,,,,,,,,,,,,,,,,,,,,,,,,,,,,,,,,,30.345,,,,,,,,,,,,,,1.0,,271437338,,,,,,,,
93,IPG,MRT,1998-03-31,1998-03-31,1998-03-31,2021-09-07,,,,,,,,,,,,,,,,,,,,,,0.008,0.26,,,,,,,,,,,,,,,,,,1.0,,,,,,,,,,,,,,,,,,,,,,,,,,,,,,,,,,,,,,,,31.065,,,,,,,,,,,,,,1.0,,270374096,,,,,,,,
94,IPG,MRT,1997-12-31,1997-12-31,1997-12-31,2021-09-07,,,,,,,,6958000.0,,,1913356000.0,200378000.0,,,,,,,,125481000.0,,0.01,0.252,444417000.0,569898000.0,0.164,569898000.0,444417000.0,386624000.0,0.77,0.74,0.77,,,,,,,270867000.0,1.04,1.0,1569028000.0,0.451,,57793000.0,,,,,,,,,,,208577000.0,-98668000.0,-106344000.0,256302000.0,-61242000.0,77946000.0,-91386000.0,324000.0,263909000.0,-41892000.0,200378000.0,200378000.0,200378000.0,0.0,0.0,0.058,1107405000.0,461623000.0,,0.327,,,32.344,,0.0,24.905,,1.863,,,3482384000.0,3482384000.0,0.0,,,,0.128,16222000.0,1075176000.0,1.0,,260500000,277619000.0,13.368,,,186246000.0,,,
