None,ticker,dimension,calendardate,datekey,reportperiod,lastupdated,accoci,assets,assetsavg,assetsc,assetsnc,assetturnover,bvps,capex,cashneq,cashnequsd,cor,consolinc,currentratio,de,debt,debtc,debtnc,debtusd,deferredrev,depamor,deposits,divyield,dps,ebit,ebitda,ebitdamargin,ebitdausd,ebitusd,ebt,eps,epsdil,epsusd,equity,equityavg,equityusd,ev,evebit,evebitda,fcf,fcfps,fxusd,gp,grossmargin,intangibles,intexp,invcap,invcapavg,inventory,investments,investmentsc,investmentsnc,liabilities,liabilitiesc,liabilitiesnc,marketcap,ncf,ncfbus,ncfcommon,ncfdebt,ncfdiv,ncff,ncfi,ncfinv,ncfo,ncfx,netinc,netinccmn,netinccmnusd,netincdis,netincnci,netmargin,opex,opinc,payables,payoutratio,pb,pe,pe1,ppnenet,prefdivis,price,ps,ps1,receivables,retearn,revenue,revenueusd,rnd,roa,roe,roic,ros,sbcomp,sgna,sharefactor,sharesbas,shareswa,shareswadil,sps,tangibles,taxassets,taxexp,taxliabilities,tbvps,workingcapital
0,MAC,MRY,2020-12-31,2020-12-31,2020-12-31,2021-08-07,-8208000.0,9184005000.0,9223822250.0,,,0.085,15.435,-68304000.0,482659000.0,482659000.0,347979000.0,-245462000.0,,2.986,6262945000.0,,,6262945000.0,0.0,326058000.0,0.0,0.108,1.15,-155100000.0,170958000.0,0.217,170958000.0,-155100000.0,-230650000.0,-1.58,-1.58,-1.58,2257049000.0,2439441250.0,2257049000.0,7188238839.0,-46.0,42.047,56533000.0,0.387,1.0,438047000.0,0.557,0.0,75550000.0,14964291000.0,14865382250.0,0.0,1340647000.0,,,6738745000.0,,,1594870839.0,368443000.0,-148228000.0,1531000.0,628609000.0,-179862000.0,446454000.0,-202848000.0,0.0,124837000.0,0.0,-230203000.0,-230203000.0,-230203000.0,0.0,-15259000.0,-0.293,418070000.0,19977000.0,68825000.0,-0.728,0.707,-6.928,-6.753,6812934000.0,0.0,10.67,2.029,1.985,240806000.0,-2339619000.0,786026000.0,786026000.0,0.0,-0.025,-0.094,-0.01,-0.197,13843000.0,30339000.0,1.0,149472431.0,146232000,146232000.0,5.375,9184005000.0,0.0,-447000.0,0.0,62.804,
1,MAC,MRY,2019-12-31,2019-12-31,2019-12-31,2021-08-07,-9051000.0,8853571000.0,8894141000.0,,,0.104,18.624,-187905000.0,114216000.0,114216000.0,367953000.0,102554000.0,,2.288,5598077000.0,,,5598077000.0,0.0,337667000.0,0.0,0.111,3.0,236663000.0,574330000.0,0.619,574330000.0,236663000.0,98409000.0,0.68,0.68,0.68,2632262000.0,2739582500.0,2632262000.0,9136244110.0,39.0,15.908,167252000.0,1.183,1.0,559509000.0,0.603,0.0,138254000.0,14337432000.0,14285458750.0,0.0,1519697000.0,,,6022601000.0,,,3802864110.0,-35085000.0,13446000.0,1519000.0,199494000.0,-474534000.0,-278216000.0,-112026000.0,68819000.0,355157000.0,0.0,96820000.0,96820000.0,96820000.0,0.0,5734000.0,0.104,365269000.0,194240000.0,51027000.0,4.412,1.445,39.278,39.588,6791600000.0,0.0,26.92,4.1,4.102,150192000.0,-1944012000.0,927462000.0,927462000.0,0.0,0.011,0.035,0.017,0.255,12032000.0,22634000.0,1.0,141265383.0,141340000,141340000.0,6.562,8853571000.0,0.0,1589000.0,0.0,62.64,
2,MAC,MRY,2018-12-31,2018-12-31,2018-12-31,2021-08-07,-4466000.0,9026808000.0,9077507000.0,,,0.106,20.903,-237231000.0,149301000.0,149301000.0,381004000.0,68972000.0,,1.979,5360945000.0,,,5360945000.0,0.0,334682000.0,0.0,0.069,2.97,239378000.0,574060000.0,0.598,574060000.0,239378000.0,56416000.0,0.42,0.42,0.42,2950232000.0,3055737500.0,2950232000.0,11217997039.0,47.0,19.542,107080000.0,0.759,1.0,579347000.0,0.603,0.0,182962000.0,14238452000.0,14245943750.0,0.0,1492655000.0,,,5838376000.0,,,6104683039.0,6196000.0,355404000.0,1570000.0,-54814000.0,-453634000.0,-514438000.0,176323000.0,1043000.0,344311000.0,0.0,60020000.0,60020000.0,60020000.0,0.0,8952000.0,0.062,402790000.0,176557000.0,59392000.0,7.071,2.069,101.711,103.048,6785776000.0,0.0,43.28,6.357,6.361,208673000.0,-1614357000.0,960351000.0,960351000.0,0.0,0.007,0.02,0.017,0.249,27367000.0,24160000.0,1.0,141050902.0,141142000,141144000.0,6.804,9026808000.0,0.0,-3604000.0,0.0,63.956,
3,MAC,MRY,2017-12-31,2017-12-31,2017-12-31,2021-08-07,-42000.0,9605862000.0,9651760750.0,,,0.103,25.949,-202150000.0,143105000.0,143105000.0,395311000.0,161673000.0,,1.531,5170264000.0,,,5170264000.0,0.0,341275000.0,0.0,0.044,2.87,333500000.0,674775000.0,0.679,674775000.0,333500000.0,161724000.0,1.02,1.02,1.02,3681578000.0,3811227000.0,3681578000.0,14174569233.0,43.0,21.006,184239000.0,1.299,1.0,598351000.0,0.602,0.0,171776000.0,14633021000.0,14543246000.0,0.0,1709522000.0,,,5637863000.0,,,9245962233.0,-892000.0,150426000.0,-219560000.0,210272000.0,-443839000.0,-566269000.0,178988000.0,7073000.0,386389000.0,0.0,146130000.0,146130000.0,146130000.0,0.0,15543000.0,0.147,321225000.0,277126000.0,58412000.0,2.814,2.511,63.272,64.392,7109230000.0,0.0,65.68,9.305,9.378,194815000.0,-830279000.0,993662000.0,993662000.0,0.0,0.015,0.038,0.023,0.336,30799000.0,28240000.0,1.0,140772872.0,141877000,141913000.0,7.004,9605862000.0,0.0,15594000.0,0.0,67.706,
4,MAC,MRY,2016-12-31,2016-12-31,2016-12-31,2021-08-07,0.0,9958148000.0,10027234250.0,,,0.104,28.008,-259479000.0,143997000.0,143997000.0,405946000.0,554839000.0,,1.347,4965900000.0,,,4965900000.0,0.0,355358000.0,0.0,0.039,2.75,681392000.0,1036750000.0,0.996,1036750000.0,681392000.0,517717000.0,3.52,3.52,3.52,4105887000.0,4293068000.0,4105887000.0,14938429455.0,22.0,14.409,170055000.0,1.16,1.0,635325000.0,0.61,0.0,163675000.0,14780051000.0,14748098000.0,0.0,1773558000.0,,,5530980000.0,,,10181484455.0,16098000.0,13667000.0,-798321000.0,748828000.0,-779308000.0,-867502000.0,454066000.0,3677000.0,429534000.0,0.0,516995000.0,516995000.0,516995000.0,0.0,37844000.0,0.497,-38643000.0,673968000.0,61316000.0,0.781,2.48,19.694,20.125,7357310000.0,0.0,70.84,9.778,9.973,205225000.0,-488782000.0,1041271000.0,1041271000.0,0.0,0.052,0.12,0.046,0.654,33288000.0,28217000.0,1.0,143725077.0,146599000,146711000.0,7.103,9958148000.0,0.0,722000.0,0.0,67.928,
5,MAC,MRY,2015-12-31,2015-12-31,2015-12-31,2021-08-07,0.0,11235584000.0,12785702000.0,,,0.101,29.86,-364419000.0,127899000.0,127899000.0,472155000.0,522912000.0,,1.307,5260750000.0,,,5260750000.0,0.0,471320000.0,0.0,0.082,6.63,696282000.0,1167602000.0,0.906,1167602000.0,696282000.0,484339000.0,3.08,3.08,3.08,4715414000.0,5303313750.0,4715414000.0,19497047839.0,28.0,16.698,190537000.0,1.207,1.0,815994000.0,0.633,0.0,211943000.0,16368435000.0,18988772500.0,0.0,1532552000.0,,,6164345000.0,,,12775462839.0,1603000.0,-320546000.0,-398632000.0,781879000.0,-787109000.0,-452329000.0,-101024000.0,1833000.0,554956000.0,0.0,487562000.0,487562000.0,487562000.0,0.0,35350000.0,0.378,119209000.0,696785000.0,74398000.0,2.153,2.709,26.203,26.198,8796912000.0,0.0,80.69,9.918,9.892,213930000.0,-212760000.0,1288149000.0,1288149000.0,0.0,0.038,0.092,0.037,0.541,28367000.0,29870000.0,1.0,158327709.0,157916000,158060000.0,8.157,11235584000.0,0.0,-3223000.0,0.0,71.149,
6,MAC,MRY,2014-12-31,2014-12-31,2014-12-31,2021-08-07,0.0,13121778000.0,10099635000.0,,,0.109,39.402,-267363000.0,98437000.0,98437000.0,441929000.0,1606931000.0,,1.256,6292400000.0,,,6292400000.0,0.0,387785000.0,0.0,0.03,2.51,1685462000.0,2073247000.0,1.876,2073247000.0,1685462000.0,1494773000.0,10.46,10.45,10.46,5640120000.0,3843100250.0,5640120000.0,16595046547.0,10.0,8.004,133343000.0,0.932,1.0,663318000.0,0.6,0.0,190689000.0,19315741000.0,15167256000.0,0.0,984132000.0,,,7081929000.0,,,11737107547.0,15192000.0,-226753000.0,-4272000.0,351866000.0,-385725000.0,-129723000.0,-255791000.0,-60305000.0,400706000.0,0.0,1499042000.0,1499042000.0,1499042000.0,0.0,107889000.0,1.356,-1088448000.0,1751766000.0,115406000.0,0.24,2.081,7.83,7.974,11067890000.0,0.0,83.41,10.619,10.803,212258000.0,596741000.0,1105247000.0,1105247000.0,0.0,0.148,0.39,0.111,1.525,29463000.0,29412000.0,1.0,140715832.0,143144000,143291000.0,7.721,13121778000.0,0.0,-4269000.0,0.0,91.668,
7,MAC,MRY,2013-12-31,2013-12-31,2013-12-31,2021-08-07,0.0,9075250000.0,9398337500.0,,,0.11,24.06,-726604000.0,86558000.0,86558000.0,423256000.0,448959000.0,,1.595,4582727000.0,,,4582727000.0,0.0,383002000.0,0.0,0.04,2.36,615645000.0,998647000.0,0.97,998647000.0,615645000.0,418398000.0,3.01,3.0,3.01,3358749000.0,3251823750.0,3358749000.0,12951145665.0,21.0,12.969,-304569000.0,-2.182,1.0,606219000.0,0.589,0.0,197247000.0,13571419000.0,14349243500.0,0.0,704239000.0,,,5356533000.0,,,8276405665.0,3922000.0,520739000.0,172290000.0,-478308000.0,-355506000.0,-689980000.0,271867000.0,18786000.0,422035000.0,0.0,420090000.0,420090000.0,420090000.0,-289936000.0,28869000.0,0.408,411789000.0,194430000.0,76941000.0,0.784,2.464,19.702,19.565,7621766000.0,0.0,58.89,8.039,7.986,129629000.0,-548806000.0,1029475000.0,1029475000.0,0.0,0.045,0.129,0.043,0.598,24207000.0,27772000.0,1.0,140540086.0,139598000,139680000.0,7.375,9075250000.0,0.0,-1692000.0,0.0,65.01,
8,MAC,MRY,2012-12-31,2012-12-31,2012-12-31,2021-08-07,0.0,9311209000.0,8180488250.0,,,0.097,22.955,-1279715000.0,144451000.0,144451000.0,337533000.0,366389000.0,,1.915,5261370000.0,,,5261370000.0,0.0,322720000.0,0.0,0.038,2.23,497659000.0,820379000.0,1.029,820379000.0,497659000.0,333267000.0,2.51,2.51,2.51,3077529000.0,2884134750.0,3077529000.0,11615937079.0,23.0,14.159,-928419000.0,-6.925,1.0,459984000.0,0.577,0.0,164392000.0,14428128000.0,12356348250.0,0.0,1001270000.0,,,5894958000.0,,,7964721079.0,-1455000.0,227534000.0,176912000.0,821561000.0,-326185000.0,610623000.0,-963374000.0,-11122000.0,351296000.0,0.0,337426000.0,337426000.0,337426000.0,-63223000.0,28963000.0,0.423,69343000.0,390641000.0,70251000.0,0.888,2.588,23.604,23.227,7479546000.0,0.0,58.3,9.987,9.801,120812000.0,-639741000.0,797517000.0,797517000.0,0.0,0.041,0.117,0.04,0.624,12324000.0,20412000.0,1.0,136616142.0,134067000,134148000.0,5.949,9311209000.0,0.0,-4159000.0,0.0,69.452,
9,MAC,MRY,2011-12-31,2011-12-31,2011-12-31,2021-08-07,0.0,7938549000.0,7628927750.0,,,0.09,21.373,-247011000.0,135876000.0,135876000.0,300419000.0,169075000.0,,1.697,4206074000.0,,,4206074000.0,0.0,282643000.0,0.0,0.041,2.05,318005000.0,600648000.0,0.877,600648000.0,318005000.0,150756000.0,1.18,1.18,1.18,2813337000.0,2781968500.0,2813337000.0,10521113848.0,33.0,17.516,-9726000.0,-0.074,1.0,384325000.0,0.561,0.0,167249000.0,12008747000.0,11428534250.0,0.0,1127388000.0,,,4773898000.0,,,6676222848.0,-378397000.0,59400000.0,1032000.0,-50683000.0,-296948000.0,-403596000.0,-212086000.0,-10004000.0,237285000.0,0.0,156866000.0,156866000.0,156866000.0,70367000.0,12209000.0,0.229,271130000.0,113195000.0,72870000.0,1.737,2.373,42.56,42.881,6079043000.0,0.0,50.6,9.75,9.727,112479000.0,-678631000.0,684744000.0,684744000.0,0.0,0.021,0.056,0.028,0.464,12288000.0,21113000.0,1.0,131941163.0,131628000,131628000.0,5.202,7938549000.0,0.0,-6110000.0,0.0,60.31,
10,MAC,MRY,2010-12-31,2010-12-31,2010-12-31,2021-08-07,-3237000.0,7645010000.0,7587446750.0,,,0.094,24.016,-185789000.0,517079000.0,517079000.0,314187000.0,28420000.0,,1.538,3892070000.0,,,3892070000.0,0.0,260252000.0,0.0,0.044,2.1,214031000.0,474283000.0,0.667,474283000.0,214031000.0,15988000.0,0.19,0.19,0.19,2890279000.0,2656988500.0,2890279000.0,9570892722.0,45.0,20.18,14646000.0,0.122,1.0,397370000.0,0.558,0.0,198043000.0,11020001000.0,11236715750.0,0.0,1035153000.0,,,4445648000.0,,,6163342722.0,352390000.0,99875000.0,1221731000.0,-658838000.0,-225958000.0,294127000.0,-142172000.0,3854000.0,200435000.0,0.0,25190000.0,25190000.0,25190000.0,10350000.0,3230000.0,0.035,246756000.0,150614000.0,70585000.0,11.053,2.132,244.674,249.316,5674127000.0,0.0,47.37,8.662,8.012,101682000.0,-564357000.0,711557000.0,711557000.0,0.0,0.003,0.009,0.019,0.301,14832000.0,20703000.0,1.0,130110676.0,120346000,120346000.0,5.913,7645010000.0,0.0,-9202000.0,0.0,63.525,
11,MAC,MRY,2009-12-31,2009-12-31,2009-12-31,2021-08-07,-25397000.0,7252471000.0,7644087500.0,,,0.104,22.869,-197483000.0,134874000.0,134874000.0,328132000.0,139250000.0,,2.747,4531634000.0,,,4531634000.0,0.0,277472000.0,0.0,0.072,2.6,380256000.0,657728000.0,0.829,657728000.0,380256000.0,115981000.0,1.45,1.45,1.45,1857571000.0,1513286750.0,1857571000.0,8294998884.0,22.0,12.612,-76593000.0,-0.943,1.0,464916000.0,0.586,0.0,264275000.0,11649231000.0,12917794750.0,0.0,1075482000.0,,,5103414000.0,,,3406538884.0,26726000.0,117404000.0,398668000.0,-858407000.0,-95665000.0,-396520000.0,302356000.0,-1453000.0,120890000.0,0.0,120742000.0,120742000.0,120742000.0,41984000.0,18508000.0,0.152,119227000.0,345689000.0,70482000.0,1.793,1.834,28.213,24.793,5657939000.0,0.0,35.95,4.296,3.682,107254000.0,-345930000.0,793048000.0,793048000.0,0.0,0.016,0.08,0.029,0.479,8095000.0,25933000.0,1.0,94757688.0,81226000,81226000.0,9.763,7252471000.0,0.0,-4761000.0,0.0,89.288,
12,MAC,MRY,2008-12-31,2008-12-31,2008-12-31,2021-08-07,-53425000.0,8090435000.0,8015515750.0,,,0.108,18.754,-535263000.0,128236000.0,128236000.0,348742000.0,195015000.0,,4.61,6021333000.0,,,6021333000.0,0.0,287917000.0,0.0,0.176,3.2,460048000.0,747965000.0,0.866,747965000.0,460048000.0,167175000.0,2.17,2.17,2.17,1393766000.0,1373442250.0,1393766000.0,7303493328.0,16.0,9.764,-283316000.0,-3.812,1.0,514775000.0,0.596,0.0,292873000.0,13983532000.0,13843881250.0,0.0,1123720000.0,,,6425224000.0,,,1382202328.0,-18744000.0,-19625000.0,9284000.0,575750000.0,-274634000.0,288265000.0,-558956000.0,-17358000.0,251947000.0,0.0,166049000.0,161925000.0,161925000.0,-98326000.0,28966000.0,0.188,302061000.0,212714000.0,114745000.0,1.475,0.992,8.536,8.369,6371319000.0,4124000.0,18.16,1.601,1.563,127498000.0,-274834000.0,863517000.0,863517000.0,0.0,0.02,0.118,0.033,0.533,11650000.0,16520000.0,1.0,76112463.0,74319000,86794000.0,11.619,8090435000.0,0.0,1126000.0,0.0,108.861,
13,MAC,MRY,2007-12-31,2007-12-31,2007-12-31,2021-08-07,-24508000.0,7937097000.0,7571772000.0,,,0.104,16.022,-1095743000.0,153657000.0,153657000.0,319037000.0,106062000.0,,5.354,5762958000.0,,,5762958000.0,0.0,238645000.0,0.0,0.041,2.93,334722000.0,573367000.0,0.727,573367000.0,334722000.0,75765000.0,0.88,0.88,0.88,1149849000.0,1309444000.0,1149849000.0,10165553983.0,30.0,17.73,-769673000.0,-10.724,1.0,469713000.0,0.596,0.0,258957000.0,13546398000.0,12698553000.0,0.0,815290000.0,,,6156060000.0,,,5153133983.0,-184162000.0,235638000.0,-73417000.0,761513000.0,-245991000.0,355051000.0,-865283000.0,1322000.0,326070000.0,0.0,76235000.0,64131000.0,64131000.0,-24040000.0,29827000.0,0.081,209785000.0,259928000.0,103442000.0,3.33,4.482,80.353,80.75,6187473000.0,12104000.0,71.06,6.533,6.466,143227000.0,-193932000.0,788750000.0,788750000.0,0.0,0.008,0.049,0.026,0.424,12344000.0,16600000.0,1.0,72518069.0,71768000,84760000.0,10.99,7937097000.0,0.0,-470000.0,0.0,110.594,
14,MAC,MRY,2006-12-31,2006-12-31,2006-12-31,2021-08-07,2340000.0,7373676000.0,7285952750.0,,,0.103,19.472,-822903000.0,335811000.0,335811000.0,290342000.0,285376000.0,,3.842,4993879000.0,,,4993879000.0,0.0,232220000.0,0.0,0.032,2.75,505287000.0,737507000.0,0.984,737507000.0,505287000.0,244582000.0,3.07,3.05,3.07,1379132000.0,1430247750.0,1379132000.0,10934387590.0,22.0,14.826,-611053000.0,-8.628,1.0,459277000.0,0.613,0.0,260705000.0,12031744000.0,11979903750.0,0.0,990024000.0,,,5298454000.0,,,6216606590.0,114322000.0,156477000.0,747268000.0,-417648000.0,-269419000.0,29208000.0,-126736000.0,-29863000.0,211850000.0,0.0,244549000.0,217404000.0,217404000.0,-214855000.0,40827000.0,0.29,210376000.0,248901000.0,92326000.0,0.896,4.508,28.595,28.199,5617879000.0,27145000.0,86.57,8.293,8.179,122137000.0,-66974000.0,749619000.0,749619000.0,0.0,0.03,0.152,0.042,0.674,9607000.0,13532000.0,1.0,71810172.0,70826000,88058000.0,10.584,7373676000.0,0.0,33000.0,0.0,104.11,
15,MAC,MRY,2005-12-31,2005-12-31,2005-12-31,2021-08-07,87000.0,7178944000.0,6496348250.0,,,0.102,13.953,-171842000.0,209772000.0,209772000.0,256669000.0,77654000.0,,6.931,5424730000.0,,,5424730000.0,0.0,205965000.0,0.0,0.039,2.63,325685000.0,531650000.0,0.805,531650000.0,325685000.0,97624000.0,-1.58,-1.57,-1.58,827108000.0,857326000.0,827108000.0,9188451105.0,28.0,17.283,63454000.0,1.07,1.0,403478000.0,0.611,0.0,228061000.0,12393902000.0,11181965750.0,0.0,1077036000.0,,,5732806000.0,,,4024377105.0,82999000.0,59336000.0,4597000.0,196758000.0,-202078000.0,-20349000.0,-131948000.0,0.0,235296000.0,0.0,99655000.0,-93614000.0,-93614000.0,-9496000.0,-22001000.0,-0.142,182840000.0,220638000.0,81091000.0,-1.665,4.866,-42.989,-42.494,5438496000.0,193269000.0,67.14,6.096,6.029,93423000.0,-209005000.0,660147000.0,660147000.0,0.0,-0.014,-0.109,0.029,0.493,8286000.0,12106000.0,1.0,59940082.0,59279000,73573000.0,11.136,7178944000.0,0.0,-2031000.0,0.0,121.104,
16,MAC,MRY,2004-12-31,2004-12-31,2004-12-31,2021-08-07,1092000.0,4637096000.0,4380410250.0,,,0.113,15.606,-538529000.0,84465000.0,84465000.0,190545000.0,111503000.0,,3.725,3230120000.0,,,3230120000.0,0.0,146378000.0,0.0,0.039,2.48,220716000.0,367094000.0,0.741,367094000.0,220716000.0,86167000.0,1.41,1.4,1.41,913533000.0,927969500.0,913533000.0,6663145958.0,30.0,18.151,-325332000.0,-5.558,1.0,304630000.0,0.615,0.0,134549000.0,7782751000.0,7261802250.0,0.0,625166000.0,,,3403314000.0,,,3722421958.0,31758000.0,24446000.0,9514000.0,494303000.0,-177717000.0,308383000.0,-489822000.0,0.0,213197000.0,0.0,91633000.0,82493000.0,82493000.0,-21918000.0,19870000.0,0.167,139017000.0,165613000.0,50113000.0,1.759,4.075,45.124,44.539,3574553000.0,9140000.0,62.8,7.517,7.424,72218000.0,-103489000.0,495175000.0,495175000.0,0.0,0.019,0.089,0.03,0.446,6236000.0,11077000.0,1.0,59274235.0,58537000,73099000.0,8.459,4637096000.0,0.0,-5466000.0,0.0,79.216,
17,MAC,MRY,2003-12-31,2003-12-31,2003-12-31,2021-08-07,-2335000.0,4145593000.0,3985091250.0,,,0.121,17.766,-362935000.0,47160000.0,47160000.0,183356000.0,128034000.0,,2.995,2682598000.0,,,2682598000.0,0.0,109029000.0,0.0,0.052,2.32,258297000.0,367326000.0,0.76,367326000.0,258297000.0,127590000.0,2.11,2.09,2.11,953485000.0,869885250.0,953485000.0,5112829494.0,20.0,13.919,-147183000.0,-2.742,1.0,300221000.0,0.621,0.0,130707000.0,6781031000.0,6484573500.0,0.0,607145000.0,,,2855559000.0,,,2568811494.0,-9886000.0,-66882000.0,10986000.0,272464000.0,-149605000.0,115703000.0,-341341000.0,0.0,215752000.0,0.0,128034000.0,113218000.0,113218000.0,-28787000.0,0.0,0.234,100982000.0,199239000.0,56894000.0,1.1,2.694,22.689,21.09,3186725000.0,14816000.0,44.5,5.312,4.939,73171000.0,-38541000.0,483577000.0,483577000.0,0.0,0.028,0.13,0.04,0.534,0.0,8482000.0,1.0,57726101.0,53669000,75198000.0,9.01,4145593000.0,0.0,-444000.0,0.0,77.244,
18,MAC,MRY,2002-12-31,2002-12-31,2002-12-31,2021-08-07,-4811000.0,3662080000.0,3000317000.0,,,0.121,21.361,-548790000.0,53559000.0,53559000.0,126989000.0,81382000.0,,3.003,2291908000.0,,,2291908000.0,0.0,78837000.0,0.0,0.072,2.22,201670000.0,280507000.0,0.773,280507000.0,201670000.0,81382000.0,1.63,1.62,1.63,797798000.0,495390000.0,797798000.0,3728959067.0,18.0,13.294,-385614000.0,-10.325,1.0,235921000.0,0.65,0.0,120288000.0,5900429000.0,4962744500.0,0.0,645738000.0,,,2395449000.0,,,1116561067.0,27266000.0,-326565000.0,476138000.0,406345000.0,-108583000.0,739122000.0,-875032000.0,0.0,163176000.0,0.0,81382000.0,60965000.0,60965000.0,-32253000.0,0.0,0.168,85759000.0,150162000.0,35750000.0,1.362,1.4,18.315,18.865,2842177000.0,20417000.0,30.75,3.077,3.165,49059000.0,-23870000.0,362910000.0,362910000.0,0.0,0.02,0.123,0.041,0.556,0.0,7435000.0,1.0,36310929.0,37348000,50066000.0,9.717,3662080000.0,0.0,0.0,0.0,98.053,
19,MAC,MRY,2001-12-31,2001-12-31,2001-12-31,2021-08-07,-5820000.0,2294502000.0,2315636500.0,,,0.142,10.321,-68153000.0,26470000.0,26470000.0,109480000.0,77723000.0,,4.54,1523660000.0,,,1523660000.0,0.0,65983000.0,0.0,0.08,2.14,187369000.0,253352000.0,0.77,253352000.0,187369000.0,77723000.0,1.72,1.72,1.72,348954000.0,339324250.0,348954000.0,2462952627.0,13.0,9.721,72353000.0,2.14,1.0,219672000.0,0.667,0.0,109646000.0,3791692000.0,3853282250.0,0.0,278526000.0,,,1584226000.0,,,901899627.0,-9803000.0,27544000.0,0.0,30694000.0,-101144000.0,-92990000.0,-57319000.0,0.0,140506000.0,0.0,77723000.0,58035000.0,58035000.0,-3115000.0,0.0,0.176,47313000.0,172359000.0,32172000.0,1.244,2.585,15.541,15.465,1887329000.0,19688000.0,26.6,2.74,2.732,42537000.0,-4944000.0,329152000.0,329152000.0,0.0,0.025,0.171,0.049,0.569,0.0,6780000.0,1.0,33906001.0,33809000,44963000.0,9.736,2294502000.0,0.0,0.0,0.0,67.867,
20,MAC,MRY,2000-12-31,2000-12-31,2000-12-31,2021-08-07,0.0,2337242000.0,2335658500.0,,,0.136,10.625,-50447000.0,36273000.0,36273000.0,101064000.0,56929000.0,,4.436,1550935000.0,,,1550935000.0,0.0,61647000.0,0.0,0.107,2.06,165376000.0,227023000.0,0.715,227023000.0,165376000.0,56929000.0,1.11,1.11,1.11,362272000.0,539708750.0,362272000.0,2138126372.0,13.0,9.418,70773000.0,2.076,1.0,216303000.0,0.682,0.0,108447000.0,3851904000.0,3837568500.0,0.0,273140000.0,,,1607134000.0,,,655815372.0,-4182000.0,100117000.0,0.0,-10225000.0,-97917000.0,-127485000.0,2083000.0,0.0,121220000.0,0.0,56929000.0,37971000.0,37971000.0,-1765000.0,0.0,0.12,69579000.0,146724000.0,38312000.0,1.856,1.81,17.271,17.288,1933584000.0,18958000.0,19.19,2.066,2.062,38922000.0,10314000.0,317367000.0,317367000.0,0.0,0.016,0.07,0.043,0.521,0.0,5509000.0,1.0,34174850.0,34095000,45050000.0,9.308,2337242000.0,0.0,0.0,0.0,68.551,
21,MAC,MRY,1999-12-31,1999-12-31,1999-12-31,2021-08-07,0.0,2404293000.0,2439713250.0,,,0.134,11.799,-217124000.0,40455000.0,40455000.0,100327000.0,129011000.0,,4.053,1561127000.0,,,1561127000.0,0.0,61383000.0,0.0,0.094,1.965,242359000.0,303742000.0,0.928,303742000.0,242359000.0,129011000.0,3.26,2.99,3.26,401254000.0,522432250.0,401254000.0,2403383689.0,10.0,7.913,-77548000.0,-2.28,1.0,227117000.0,0.694,0.0,113348000.0,3924965000.0,4058414000.0,0.0,342935000.0,,,1626408000.0,,,709006689.0,15312000.0,-86955000.0,0.0,255818000.0,-114259000.0,118964000.0,-243228000.0,0.0,139576000.0,0.0,129011000.0,110873000.0,110873000.0,0.0,0.0,0.339,-29110000.0,256227000.0,39432000.0,0.603,1.767,6.395,6.383,1931415000.0,18138000.0,20.81,2.165,2.161,34423000.0,43514000.0,327444000.0,327444000.0,0.0,0.045,0.212,0.06,0.74,0.0,5488000.0,1.0,34070480.0,34007000,60893000.0,9.629,2404293000.0,0.0,0.0,0.0,70.7,
22,MAC,MRY,1998-12-31,1998-12-31,1998-12-31,2021-08-07,0.0,2322056000.0,2055442000.0,,,0.138,18.744,-522280000.0,25143000.0,25143000.0,89991000.0,44075000.0,,2.735,1507118000.0,,,1507118000.0,0.0,53141000.0,0.0,0.073,1.865,135508000.0,188649000.0,0.665,188649000.0,135508000.0,44075000.0,1.06,1.06,1.06,577413000.0,508783250.0,577413000.0,2220108312.0,16.0,11.768,-437104000.0,-14.189,1.0,193870000.0,0.683,0.0,91433000.0,3804031000.0,3341101750.0,0.0,230022000.0,,,1579119000.0,,,833025312.0,-11000.0,-204468000.0,450828000.0,314677000.0,-77998000.0,675960000.0,-761147000.0,0.0,85176000.0,0.0,44075000.0,32528000.0,32528000.0,0.0,0.0,0.115,57505000.0,136365000.0,35074000.0,1.759,1.443,25.609,24.179,1966845000.0,11547000.0,25.63,2.935,2.781,37373000.0,,283861000.0,283861000.0,0.0,0.016,0.064,0.041,0.477,0.0,4373000.0,1.0,32501963.0,30805000,43628000.0,9.215,2322056000.0,0.0,0.0,0.0,75.379,
23,MAC,MRY,1997-12-31,1997-12-31,1997-12-31,2021-08-07,0.0,1505002000.0,1346377500.0,,,0.164,8.354,-212658000.0,25154000.0,25154000.0,70901000.0,22046000.0,,5.494,1122959000.0,,,1122959000.0,0.0,41535000.0,0.0,0.062,1.78,88453000.0,129988000.0,0.588,129988000.0,88453000.0,22046000.0,0.85,0.85,0.85,216295000.0,227022000.0,216295000.0,,,,-134182000.0,-5.183,1.0,150313000.0,0.679,0.0,66407000.0,2602807000.0,2282078000.0,0.0,7969000.0,,,1188244000.0,,,823618108.0,9511000.0,398000.0,0.0,211885000.0,-65844000.0,146041000.0,-215006000.0,0.0,78476000.0,0.0,22046000.0,22046000.0,22046000.0,0.0,0.0,0.1,42675000.0,107638000.0,32444000.0,2.094,3.808,37.359,33.529,1407179000.0,0.0,28.5,3.723,3.336,26801000.0,,221214000.0,221214000.0,0.0,0.016,0.097,0.039,0.4,0.0,2759000.0,1.0,28898881.0,25891000,38403000.0,8.544,1505002000.0,0.0,0.0,0.0,58.128,
24,MAC,MRY,1996-12-31,1996-12-31,1996-12-31,2021-08-07,0.0,1187753000.0,,,,,11.441,-286258000.0,15643000.0,15643000.0,50792000.0,18911000.0,,3.524,789239000.0,,,789239000.0,0.0,32591000.0,0.0,0.065,1.7,93855000.0,126446000.0,0.815,126446000.0,93855000.0,18911000.0,0.91,0.89,0.91,237749000.0,,237749000.0,,,,-205827000.0,-9.905,1.0,104267000.0,0.672,0.0,74944000.0,1961349000.0,,0.0,16429000.0,,,837762000.0,,,,73000.0,1002000.0,122034000.0,150898000.0,-56615000.0,216317000.0,-296675000.0,0.0,80431000.0,0.0,18911000.0,18911000.0,18911000.0,0.0,0.0,0.122,34969000.0,69298000.0,4627000.0,1.868,,,28.703,1108668000.0,0.0,26.12,,3.501,26297000.0,,155059000.0,155059000.0,0.0,,,,0.605,0.0,2378000.0,1.0,,20781000,33320000.0,7.462,1187753000.0,0.0,0.0,0.0,57.156,
25,MAC,MRY,1995-12-31,1995-12-31,1995-12-31,2021-08-07,,,,,,,,-81863000.0,,,31580000.0,11303000.0,,,,,,,,25749000.0,,0.083,1.66,62583000.0,88332000.0,0.862,88332000.0,62583000.0,11303000.0,0.73,0.73,0.73,,,,,,,-33677000.0,-2.175,1.0,70889000.0,0.692,,51280000.0,,,,,,,,,,,11746000.0,3398000.0,106879000.0,-9800000.0,-45106000.0,51973000.0,-88413000.0,0.0,48186000.0,0.0,11303000.0,11303000.0,11303000.0,0.0,0.0,0.11,27760000.0,43129000.0,,2.274,,,27.397,,0.0,20.0,,3.022,,,102469000.0,102469000.0,0.0,,,,0.611,0.0,2011000.0,1.0,,15482000,15536000.0,6.619,,,0.0,,,
0,MAC,MRQ,2021-06-30,2021-06-30,2021-06-30,2021-08-07,-2775000.0,8643452000.0,,,,,14.427,-28195000.0,263326000.0,263326000.0,89313000.0,-4062000.0,,1.858,5103402000.0,,,5103402000.0,0.0,81791000.0,0.0,0.033,0.15,-4658000.0,77133000.0,0.358,77133000.0,-4658000.0,-4658000.0,-0.06,-0.06,-0.06,2968494000.0,,2968494000.0,8853705807.0,-39.0,95.138,32613000.0,0.159,1.0,126160000.0,0.586,0.0,0.0,13483528000.0,,0.0,1370299000.0,,,5516506000.0,,,3768957807.0,-887742000.0,10823000.0,195013000.0,-1114136000.0,-41872000.0,-979752000.0,31202000.0,0.0,60808000.0,0.0,-11765000.0,-11765000.0,-11765000.0,0.0,7703000.0,-0.055,84309000.0,41851000.0,51514000.0,-2.5,1.27,-13.088,-9.555,6547798000.0,0.0,18.25,4.793,4.775,191066000.0,-2469336000.0,215473000.0,215473000.0,0.0,,,,,3430000.0,6679000.0,1.0,206518236.0,205757000,205757000.0,1.047,8643452000.0,0.0,7107000.0,0.0,42.008,
1,MAC,MRQ,2021-03-31,2021-03-31,2021-03-31,2021-08-07,-5514000.0,9669584000.0,,,,,17.87,-23472000.0,1151068000.0,1151068000.0,96164000.0,-67730000.0,,2.354,6235816000.0,,,6235816000.0,0.0,80812000.0,0.0,0.047,0.15,-61366000.0,19446000.0,0.102,19446000.0,-61366000.0,-61366000.0,-0.4,-0.4,-0.4,2833896000.0,,2833896000.0,7591071963.0,-30.0,106.597,28747000.0,0.181,1.0,94260000.0,0.495,0.0,0.0,14754332000.0,,0.0,1356426000.0,,,6672279000.0,,,1810785963.0,668409000.0,-4332000.0,597007000.0,-24538000.0,-26670000.0,542451000.0,73739000.0,1300000.0,52219000.0,0.0,-63604000.0,-63604000.0,-63604000.0,0.0,-4126000.0,-0.334,86483000.0,7777000.0,59316000.0,-0.375,0.639,-6.009,-5.764,6635240000.0,0.0,11.7,2.416,2.476,233060000.0,-2426555000.0,190424000.0,190424000.0,0.0,,,,,4030000.0,8087000.0,1.0,154768031.0,158580000,158580000.0,1.201,9669584000.0,0.0,2238000.0,0.0,60.976,
2,MAC,MRQ,2020-12-31,2020-12-31,2020-12-31,2021-08-07,-8208000.0,9184005000.0,,,,,15.076,-3878000.0,482659000.0,482659000.0,90122000.0,-204844000.0,,2.986,6262945000.0,,,6262945000.0,0.0,79558000.0,0.0,0.108,0.15,-179923000.0,-100365000.0,-0.516,-100365000.0,-179923000.0,-190181000.0,-1.3,-1.3,-1.3,2257049000.0,,2257049000.0,7188238839.0,-46.0,42.047,55832000.0,0.373,1.0,104521000.0,0.537,0.0,10258000.0,14964291000.0,,0.0,1340647000.0,,,6738745000.0,,,1594870839.0,-59142000.0,-75788000.0,679000.0,-13142000.0,-24675000.0,-38802000.0,-80050000.0,0.0,59710000.0,0.0,-190418000.0,-190418000.0,-190418000.0,0.0,-14426000.0,-0.978,125522000.0,-21001000.0,68825000.0,-0.115,0.707,-6.928,-6.753,6812934000.0,0.0,10.67,2.029,1.985,240806000.0,-2339619000.0,194643000.0,194643000.0,0.0,,,,,2853000.0,7687000.0,1.0,149472431.0,149715000,149715000.0,1.3,9184005000.0,0.0,237000.0,0.0,61.343,
3,MAC,MRQ,2020-09-30,2020-09-30,2020-09-30,2021-08-07,-10889000.0,9183288000.0,,,,,16.47,-12859000.0,541801000.0,541801000.0,83255000.0,-22622000.0,,2.652,6135169000.0,,,6135169000.0,0.0,80749000.0,0.0,0.258,0.15,16099000.0,96848000.0,0.521,96848000.0,16099000.0,-21085000.0,-0.15,-0.15,-0.15,2464328000.0,,2464328000.0,6666450306.0,93.0,16.513,67650000.0,0.452,1.0,102589000.0,0.552,0.0,37184000.0,14776656000.0,,0.0,1569887000.0,,,6534751000.0,,,1014858306.0,34137000.0,-16166000.0,0.0,-5937000.0,-24650000.0,-32665000.0,-13707000.0,0.0,80509000.0,0.0,-22191000.0,-22191000.0,-22191000.0,0.0,-431000.0,-0.119,74408000.0,28181000.0,71939000.0,-1.0,0.412,-78.708,-75.444,6572911000.0,0.0,6.79,1.218,1.219,251562000.0,-2126749000.0,185844000.0,185844000.0,0.0,,,,,3497000.0,7589000.0,1.0,149463668.0,149626000,149626000.0,1.242,9183288000.0,0.0,1106000.0,0.0,61.375,
4,MAC,MRQ,2020-06-30,2020-06-30,2020-06-30,2021-08-07,-13701000.0,9228348000.0,,,,,17.365,-23316000.0,507664000.0,507664000.0,80228000.0,-26727000.0,,2.613,6159256000.0,,,6159256000.0,0.0,81924000.0,0.0,0.262,0.1,-26640000.0,55284000.0,0.31,55284000.0,-26640000.0,-26640000.0,-0.18,-0.18,-0.18,2502397000.0,,2502397000.0,6810562833.0,58.0,15.025,-88398000.0,-0.613,1.0,98359000.0,0.551,0.0,0.0,14879940000.0,,0.0,1568878000.0,,,6539789000.0,,,1269568833.0,-155443000.0,-44097000.0,852000.0,-7461000.0,-15865000.0,-22679000.0,-67682000.0,0.0,-65082000.0,0.0,-25116000.0,-25116000.0,-25116000.0,0.0,-1611000.0,-0.141,88536000.0,9823000.0,58672000.0,-0.556,0.507,22.806,23.0,6639198000.0,0.0,8.97,1.445,1.471,247868000.0,-2082082000.0,178587000.0,178587000.0,0.0,,,,,3269000.0,8242000.0,1.0,141534987.0,144102000,144102000.0,1.239,9228348000.0,0.0,-1524000.0,0.0,64.04,
5,MAC,MRQ,2020-03-31,2020-03-31,2020-03-31,2021-08-07,-15446000.0,9299648000.0,,,,,17.916,-28251000.0,663107000.0,663107000.0,94374000.0,8731000.0,,2.595,6204101000.0,,,6204101000.0,0.0,83827000.0,0.0,0.533,0.75,7256000.0,91083000.0,0.401,91083000.0,7256000.0,7256000.0,0.05,0.05,0.05,2533991000.0,,2533991000.0,6279361838.0,32.0,11.723,21449000.0,0.152,1.0,132578000.0,0.584,0.0,0.0,14840642000.0,,0.0,1540826000.0,,,6575288000.0,,,795500838.0,548891000.0,-12177000.0,0.0,655149000.0,-114672000.0,540600000.0,-41409000.0,0.0,49700000.0,0.0,7522000.0,7522000.0,7522000.0,0.0,1209000.0,0.033,89034000.0,43544000.0,66991000.0,15.0,0.314,8.242,8.279,6701712000.0,0.0,5.63,0.857,0.858,143355000.0,-2042688000.0,226952000.0,226952000.0,0.0,,,,,4224000.0,6821000.0,1.0,141296774.0,141437000,141437000.0,1.605,9299648000.0,0.0,-266000.0,0.0,65.751,
6,MAC,MRQ,2019-12-31,2019-12-31,2019-12-31,2021-08-07,-9051000.0,8853571000.0,,,,,18.618,-61886000.0,114216000.0,114216000.0,92365000.0,29739000.0,,2.288,5598077000.0,,,5598077000.0,0.0,85721000.0,0.0,0.111,0.75,74766000.0,160487000.0,0.664,160487000.0,74766000.0,26777000.0,0.19,0.19,0.19,2632262000.0,,2632262000.0,9136244110.0,39.0,15.908,21294000.0,0.151,1.0,149476000.0,0.618,0.0,47989000.0,14337432000.0,,0.0,1519697000.0,,,6022601000.0,,,3802864110.0,6948000.0,-72997000.0,700000.0,169010000.0,-115158000.0,52369000.0,-128601000.0,3028000.0,83180000.0,0.0,26891000.0,26891000.0,26891000.0,0.0,2848000.0,0.111,86288000.0,63188000.0,51027000.0,3.947,1.445,39.278,39.588,6791600000.0,0.0,26.92,4.1,4.102,150192000.0,-1944012000.0,241841000.0,241841000.0,0.0,,,,,2277000.0,5799000.0,1.0,141265383.0,141385000,141385000.0,1.711,8853571000.0,0.0,-114000.0,0.0,62.62,
7,MAC,MRQ,2019-09-30,2019-09-30,2019-09-30,2021-08-07,-10946000.0,8775973000.0,,,,,19.15,-51716000.0,107268000.0,107268000.0,92004000.0,50025000.0,,2.168,5440648000.0,,,5440648000.0,0.0,84575000.0,0.0,0.095,0.75,61848000.0,146423000.0,0.634,146423000.0,61848000.0,47049000.0,0.33,0.33,0.33,2707211000.0,,2707211000.0,9867333449.0,45.0,17.654,55183000.0,0.39,1.0,139123000.0,0.602,0.0,14799000.0,14109353000.0,,0.0,1436788000.0,,,5868204000.0,,,4462573449.0,-41160000.0,92081000.0,0.0,-72734000.0,-114823000.0,-187521000.0,39462000.0,222000.0,106899000.0,0.0,46371000.0,46371000.0,46371000.0,0.0,3654000.0,0.201,88203000.0,50920000.0,61348000.0,2.273,1.648,54.636,55.421,6814762000.0,0.0,31.59,4.786,4.789,139356000.0,-1864807000.0,231127000.0,231127000.0,0.0,,,,,2322000.0,5285000.0,1.0,141265383.0,141368000,141368000.0,1.635,8775973000.0,0.0,678000.0,0.0,62.079,
8,MAC,MRQ,2019-06-30,2019-06-30,2019-06-30,2021-08-07,-10792000.0,8944099000.0,,,,,19.556,-37220000.0,148428000.0,148428000.0,87461000.0,13947000.0,,2.162,5553188000.0,,,5553188000.0,0.0,84138000.0,0.0,0.089,0.75,53522000.0,137660000.0,0.604,137660000.0,53522000.0,16413000.0,0.11,0.11,0.11,2764144000.0,,2764144000.0,10073350145.0,37.0,16.365,29018000.0,0.205,1.0,140511000.0,0.616,0.0,37109000.0,14348859000.0,,0.0,1517771000.0,,,5974729000.0,,,4730080145.0,-5647000.0,16016000.0,819000.0,75854000.0,-130157000.0,-50220000.0,-21665000.0,221000.0,66238000.0,0.0,15734000.0,15734000.0,15734000.0,0.0,-1787000.0,0.069,96033000.0,44478000.0,52894000.0,6.818,1.711,43.262,44.066,6842701000.0,0.0,33.49,5.013,5.017,135056000.0,-1805097000.0,227972000.0,227972000.0,0.0,,,,,1914000.0,4589000.0,1.0,141238583.0,141344000,141344000.0,1.613,8944099000.0,0.0,679000.0,0.0,63.279,
9,MAC,MRQ,2019-03-31,2019-03-31,2019-03-31,2021-08-07,-6511000.0,9002921000.0,,,,,20.209,-37083000.0,154075000.0,154075000.0,96123000.0,8843000.0,,2.073,5497345000.0,,,5497345000.0,0.0,83233000.0,0.0,0.069,0.75,46527000.0,129760000.0,0.573,129760000.0,46527000.0,8170000.0,0.05,0.05,0.05,2854713000.0,,2854713000.0,11330986052.0,42.0,18.692,61757000.0,0.437,1.0,130399000.0,0.576,0.0,38357000.0,14346191000.0,,0.0,1528080000.0,,,5917652000.0,,,6119342052.0,4774000.0,-21654000.0,0.0,27364000.0,-114396000.0,-92844000.0,-1222000.0,65348000.0,98840000.0,0.0,7824000.0,7824000.0,7824000.0,0.0,1019000.0,0.035,94745000.0,35654000.0,59024000.0,15.0,2.144,60.338,61.929,6893458000.0,0.0,43.35,6.44,6.445,119641000.0,-1714789000.0,226522000.0,226522000.0,0.0,,,,,5519000.0,6961000.0,1.0,141161293.0,141262000,141262000.0,1.604,9002921000.0,0.0,346000.0,0.0,63.732,
10,MAC,MRQ,2018-12-31,2018-12-31,2018-12-31,2021-08-07,-4466000.0,9026808000.0,,,,,20.893,-71048000.0,149301000.0,149301000.0,85506000.0,13246000.0,,1.979,5360945000.0,,,5360945000.0,0.0,88644000.0,0.0,0.069,0.75,56429000.0,145073000.0,0.588,145073000.0,56429000.0,9944000.0,0.08,0.08,0.08,2950232000.0,,2950232000.0,11217997039.0,47.0,19.542,26102000.0,0.185,1.0,161368000.0,0.654,0.0,46485000.0,14238452000.0,,0.0,1492655000.0,,,5838376000.0,,,6104683039.0,5201000.0,-6872000.0,764000.0,107896000.0,-114191000.0,-12113000.0,-79836000.0,214000.0,97150000.0,0.0,11749000.0,11749000.0,11749000.0,0.0,1497000.0,0.048,123885000.0,37483000.0,59392000.0,9.375,2.069,101.711,103.048,6785776000.0,0.0,43.28,6.357,6.361,208673000.0,-1614357000.0,246874000.0,246874000.0,0.0,,,,,4723000.0,5746000.0,1.0,141050902.0,141208000,141201000.0,1.748,9026808000.0,0.0,-1805000.0,0.0,63.926,
11,MAC,MRQ,2018-09-30,2018-09-30,2018-09-30,2021-08-07,142000.0,9010730000.0,,,,,21.562,-49910000.0,144100000.0,144100000.0,93627000.0,81241000.0,,1.88,5257414000.0,,,5257414000.0,0.0,83620000.0,0.0,0.054,0.74,119421000.0,203041000.0,0.838,203041000.0,119421000.0,74494000.0,0.52,0.52,0.52,3044448000.0,,3044448000.0,13013413372.0,47.0,21.338,32401000.0,0.229,1.0,148571000.0,0.613,0.0,44927000.0,14124044000.0,,0.0,1465174000.0,,,5722801000.0,,,7798704372.0,1588000.0,-10774000.0,0.0,42628000.0,-112698000.0,-70747000.0,-9976000.0,211000.0,82311000.0,0.0,74028000.0,74028000.0,74028000.0,0.0,7213000.0,0.306,40726000.0,107845000.0,61308000.0,1.423,2.562,96.254,98.732,6821038000.0,0.0,55.29,8.038,8.046,192969000.0,-1520209000.0,242198000.0,242198000.0,0.0,,,,,3554000.0,5439000.0,1.0,141050902.0,141196000,141196000.0,1.715,9010730000.0,0.0,466000.0,0.0,63.817,
12,MAC,MRQ,2018-06-30,2018-06-30,2018-06-30,2021-08-07,-33000.0,9115217000.0,,,,,21.756,-62063000.0,142512000.0,142512000.0,89038000.0,8866000.0,,1.889,5357221000.0,,,5357221000.0,0.0,80894000.0,0.0,0.052,0.74,47415000.0,128309000.0,0.547,128309000.0,47415000.0,8500000.0,0.05,0.05,0.05,3070510000.0,,3070510000.0,13146682297.0,60.0,23.686,7819000.0,0.055,1.0,145507000.0,0.62,0.0,38915000.0,14329926000.0,,0.0,1381358000.0,,,5800042000.0,,,8012602297.0,-25340000.0,-4293000.0,806000.0,62305000.0,-112963000.0,-49956000.0,-45266000.0,416000.0,69882000.0,0.0,7816000.0,7816000.0,7816000.0,0.0,1050000.0,0.033,112711000.0,32796000.0,57880000.0,14.8,2.61,327.152,355.188,6868844000.0,0.0,56.83,8.256,8.265,175418000.0,-1489742000.0,234545000.0,234545000.0,0.0,,,,,8087000.0,4956000.0,1.0,140992474.0,141137000,141137000.0,1.662,9115217000.0,0.0,684000.0,0.0,64.584,
13,MAC,MRQ,2018-03-31,2018-03-31,2018-03-31,2021-08-07,19000.0,9157273000.0,,,,,22.392,-54210000.0,167852000.0,167852000.0,112833000.0,-34381000.0,,1.82,5301932000.0,,,5301932000.0,0.0,81524000.0,0.0,0.052,0.74,16113000.0,97637000.0,0.412,97637000.0,16113000.0,-36522000.0,-0.24,-0.24,-0.24,3157760000.0,,3157760000.0,12917694650.0,53.0,22.241,40758000.0,0.289,1.0,123901000.0,0.523,0.0,52635000.0,14291353000.0,,0.0,1360486000.0,,,5748688000.0,,,7890535650.0,24747000.0,377343000.0,0.0,-267643000.0,-113782000.0,-381622000.0,311401000.0,202000.0,94968000.0,0.0,-33573000.0,-33573000.0,-33573000.0,0.0,-808000.0,-0.142,125468000.0,-1567000.0,67430000.0,-3.083,2.499,182.171,186.733,6908416000.0,0.0,56.02,8.024,8.034,178755000.0,-1393418000.0,236734000.0,236734000.0,0.0,,,,,11003000.0,8019000.0,1.0,140852118.0,141024000,141050000.0,1.679,9157273000.0,0.0,-2949000.0,0.0,64.934,
14,MAC,MRQ,2017-12-31,2017-12-31,2017-12-31,2021-08-07,-42000.0,9605862000.0,,,,,26.121,-76967000.0,143105000.0,143105000.0,96005000.0,38584000.0,,1.531,5170264000.0,,,5170264000.0,0.0,87482000.0,0.0,0.044,0.74,93412000.0,180894000.0,0.705,180894000.0,93412000.0,48523000.0,0.23,0.23,0.23,3681578000.0,,3681578000.0,14174569233.0,43.0,21.006,9572000.0,0.068,1.0,160738000.0,0.626,0.0,44889000.0,14633021000.0,,0.0,1709522000.0,,,5637863000.0,,,9245962233.0,21281000.0,4606000.0,882000.0,124711000.0,-115106000.0,-79555000.0,14297000.0,6445000.0,86539000.0,0.0,32751000.0,32751000.0,32751000.0,0.0,5833000.0,0.128,87788000.0,72950000.0,58412000.0,3.217,2.511,63.272,64.392,7109230000.0,0.0,65.68,9.305,9.378,194815000.0,-830279000.0,256743000.0,256743000.0,0.0,,,,,5640000.0,7032000.0,1.0,140772872.0,140944000,140983000.0,1.822,9605862000.0,0.0,15772000.0,0.0,68.154,
15,MAC,MRQ,2017-09-30,2017-09-30,2017-09-30,2021-08-07,0.0,9606911000.0,,,,,26.513,-47830000.0,121824000.0,121824000.0,97644000.0,19228000.0,,1.487,5050431000.0,,,5050431000.0,0.0,84577000.0,0.0,0.052,0.71,63632000.0,148209000.0,0.611,148209000.0,63632000.0,20367000.0,0.12,0.12,0.12,3746321000.0,,3746321000.0,12623628657.0,40.0,19.024,61793000.0,0.437,1.0,144807000.0,0.597,0.0,43265000.0,14535518000.0,,0.0,1688606000.0,,,5569817000.0,,,7773551657.0,-15613000.0,26389000.0,-39688000.0,64980000.0,-108787000.0,-99152000.0,-26084000.0,9000.0,109623000.0,0.0,17498000.0,17498000.0,17498000.0,0.0,1730000.0,0.072,100288000.0,44519000.0,69617000.0,5.917,2.075,51.649,51.858,7164649000.0,0.0,54.97,7.705,7.699,192337000.0,-758758000.0,242451000.0,242451000.0,0.0,,,,,5507000.0,5287000.0,1.0,141414438.0,141299000,141310000.0,1.716,9606911000.0,0.0,2869000.0,0.0,67.99,
16,MAC,MRQ,2017-06-30,2017-06-30,2017-06-30,2021-08-07,0.0,9682206000.0,,,,,27.238,-39990000.0,137437000.0,137437000.0,97248000.0,29052000.0,,1.431,4987514000.0,,,4987514000.0,0.0,84665000.0,0.0,0.048,0.71,69396000.0,154061000.0,0.623,154061000.0,69396000.0,27075000.0,0.19,0.19,0.19,3859556000.0,,3859556000.0,12991809790.0,42.0,19.733,47533000.0,0.335,1.0,150175000.0,0.607,0.0,42321000.0,14532283000.0,,0.0,1696572000.0,,,5521531000.0,,,8231711790.0,-4873000.0,31496000.0,-48204000.0,84508000.0,-109325000.0,-76005000.0,-16391000.0,407000.0,87523000.0,0.0,26638000.0,26638000.0,26638000.0,0.0,2414000.0,0.108,91178000.0,58997000.0,56596000.0,3.737,2.133,56.098,56.369,7198283000.0,0.0,58.06,8.072,8.067,197634000.0,-663805000.0,247423000.0,247423000.0,0.0,,,,,5847000.0,7458000.0,1.0,141779397.0,141695000,141728000.0,1.746,9682206000.0,0.0,437000.0,0.0,68.331,
17,MAC,MRQ,2017-03-31,2017-03-31,2017-03-31,2021-08-07,0.0,9712064000.0,,,,,27.56,-37363000.0,142310000.0,142310000.0,104414000.0,74809000.0,,1.374,4902408000.0,,,4902408000.0,0.0,84551000.0,0.0,0.043,0.71,107060000.0,191611000.0,0.776,191611000.0,107060000.0,65759000.0,0.48,0.48,0.48,3957453000.0,,3957453000.0,14089374181.0,43.0,20.775,65341000.0,0.455,1.0,142631000.0,0.577,0.0,41301000.0,14472162000.0,,0.0,1710617000.0,,,5438167000.0,,,9267471181.0,-1687000.0,87935000.0,-132550000.0,-63927000.0,-110621000.0,-311557000.0,207166000.0,212000.0,102704000.0,0.0,69243000.0,69243000.0,69243000.0,0.0,5566000.0,0.28,41971000.0,100660000.0,63398000.0,1.479,2.342,56.057,56.0,7206598000.0,0.0,64.4,8.977,8.958,192715000.0,-574597000.0,247045000.0,247045000.0,0.0,,,,,13805000.0,8463000.0,1.0,143904832.0,143596000,143655000.0,1.72,9712064000.0,0.0,-3484000.0,0.0,67.635,
18,MAC,MRQ,2016-12-31,2016-12-31,2016-12-31,2021-08-07,0.0,9958148000.0,,,,,28.536,-81710000.0,143997000.0,143997000.0,100918000.0,40834000.0,,1.347,4965900000.0,,,4965900000.0,0.0,91844000.0,0.0,0.039,0.71,77835000.0,169679000.0,0.624,169679000.0,77835000.0,35114000.0,0.27,0.27,0.27,4105887000.0,,4105887000.0,14938429455.0,22.0,14.409,16737000.0,0.116,1.0,171082000.0,0.629,0.0,42721000.0,14780051000.0,,0.0,1773558000.0,,,5530980000.0,,,10181484455.0,18427000.0,6545000.0,863000.0,69683000.0,-111523000.0,-39960000.0,-40060000.0,316000.0,98447000.0,0.0,37128000.0,37128000.0,37128000.0,0.0,3706000.0,0.137,105070000.0,66012000.0,61316000.0,2.63,2.48,19.694,20.125,7357310000.0,0.0,70.84,9.778,9.973,205225000.0,-488782000.0,272000000.0,272000000.0,0.0,,,,,5645000.0,4977000.0,1.0,143725077.0,143884000,143954000.0,1.89,9958148000.0,0.0,-2014000.0,0.0,69.21,
19,MAC,MRQ,2016-09-30,2016-09-30,2016-09-30,2021-08-07,0.0,9941765000.0,,,,,28.927,-55937000.0,137157000.0,137157000.0,99595000.0,13196000.0,,1.309,4894102000.0,,,4894102000.0,0.0,88424000.0,0.0,0.083,0.68,54618000.0,143042000.0,0.565,143042000.0,54618000.0,14635000.0,0.09,0.09,0.09,4163202000.0,,4163202000.0,16409371185.0,15.0,11.409,55441000.0,0.385,1.0,153772000.0,0.607,0.0,39983000.0,14698710000.0,,0.0,1753524000.0,,,5451257000.0,,,11614994185.0,11043000.0,81080000.0,0.0,25004000.0,-106174000.0,-109677000.0,9342000.0,200000.0,111378000.0,0.0,13730000.0,13730000.0,13730000.0,0.0,-534000.0,0.054,113227000.0,40545000.0,62018000.0,7.556,2.79,12.98,13.967,7376768000.0,0.0,80.87,10.656,10.678,196292000.0,-419777000.0,253367000.0,253367000.0,0.0,,,,,5635000.0,6930000.0,1.0,143625500.0,143923000,144036000.0,1.76,9941765000.0,0.0,905000.0,0.0,69.077,
20,MAC,MRQ,2016-06-30,2016-06-30,2016-06-30,2021-08-07,0.0,9997679000.0,,,,,28.887,-55626000.0,118135000.0,118135000.0,98209000.0,49434000.0,,1.28,4912512000.0,,,4912512000.0,0.0,86914000.0,0.0,0.078,0.68,86931000.0,173845000.0,0.669,173845000.0,86931000.0,45736000.0,0.31,0.31,0.31,4236172000.0,,4236172000.0,17190018664.0,16.0,11.444,44214000.0,0.302,1.0,161695000.0,0.622,0.0,41195000.0,14792056000.0,,0.0,1766330000.0,,,5420578000.0,,,12679788664.0,-33367000.0,94810000.0,-399166000.0,253125000.0,-109386000.0,-259576000.0,126369000.0,2229000.0,99840000.0,0.0,45222000.0,45222000.0,45222000.0,0.0,4212000.0,0.174,81956000.0,79739000.0,52836000.0,2.194,2.993,13.862,14.448,7442988000.0,0.0,85.39,10.903,10.768,181285000.0,-378389000.0,259904000.0,259904000.0,0.0,,,,,5568000.0,7681000.0,1.0,148492665.0,146644000,146769000.0,1.772,9997679000.0,0.0,514000.0,0.0,68.177,
21,MAC,MRQ,2016-03-31,2016-03-31,2016-03-31,2021-08-07,0.0,10211345000.0,,,,,30.707,-66206000.0,148738000.0,148738000.0,107224000.0,451375000.0,,1.11,4658968000.0,,,4658968000.0,0.0,88176000.0,0.0,0.084,0.68,462008000.0,550184000.0,2.149,550184000.0,462008000.0,422232000.0,2.77,2.76,2.77,4667011000.0,,4667011000.0,16974454134.0,16.0,11.179,53663000.0,0.353,1.0,148776000.0,0.581,0.0,39776000.0,14721575000.0,,0.0,1844516000.0,,,5181475000.0,,,11818611134.0,19995000.0,-168768000.0,-400018000.0,401016000.0,-452225000.0,-458289000.0,358415000.0,932000.0,119869000.0,0.0,420915000.0,420915000.0,420915000.0,0.0,30460000.0,1.644,-338896000.0,487672000.0,64549000.0,0.245,2.532,13.371,13.926,7526652000.0,0.0,79.24,9.641,9.825,186275000.0,-175775000.0,256000000.0,256000000.0,0.0,,,,,16440000.0,8629000.0,1.0,149149560.0,151984000,152103000.0,1.684,10211345000.0,0.0,1317000.0,0.0,67.187,
22,MAC,MRQ,2015-12-31,2015-12-31,2015-12-31,2021-08-07,0.0,11235584000.0,,,,,30.167,-95143000.0,127899000.0,127899000.0,113945000.0,444185000.0,,1.307,5260750000.0,,,5260750000.0,0.0,108639000.0,0.0,0.082,4.68,462618000.0,571257000.0,1.781,571257000.0,462618000.0,413813000.0,2.62,2.63,2.62,4715414000.0,,4715414000.0,19497047839.0,28.0,16.698,46162000.0,0.295,1.0,206813000.0,0.645,0.0,48805000.0,16368435000.0,,0.0,1532552000.0,,,6164345000.0,,,12775462839.0,-6499000.0,-50383000.0,-399377000.0,243836000.0,-454707000.0,-598539000.0,450735000.0,465000.0,141305000.0,0.0,414959000.0,414959000.0,414959000.0,0.0,29226000.0,1.294,-271081000.0,477894000.0,74398000.0,1.786,2.709,26.203,26.198,8796912000.0,0.0,80.69,9.918,9.892,213930000.0,-212760000.0,320758000.0,320758000.0,0.0,,,,,4738000.0,7210000.0,1.0,158327709.0,156308000,156431000.0,2.052,11235584000.0,0.0,-1146000.0,0.0,71.881,
23,MAC,MRQ,2015-09-30,2015-09-30,2015-09-30,2021-08-07,0.0,13350181000.0,,,,,34.242,-93963000.0,104573000.0,104573000.0,115962000.0,36314000.0,,1.388,6826158000.0,,,6826158000.0,0.0,119155000.0,0.0,0.034,0.65,87694000.0,206849000.0,0.634,206849000.0,87694000.0,32738000.0,0.21,0.21,0.21,5427976000.0,,5427976000.0,18779111200.0,11.0,8.576,46809000.0,0.295,1.0,210300000.0,0.645,0.0,54956000.0,20071766000.0,,0.0,1278216000.0,,,7535965000.0,,,12162234200.0,-17317000.0,-4122000.0,0.0,92459000.0,-110491000.0,-64450000.0,-93639000.0,459000.0,140772000.0,0.0,33597000.0,33597000.0,33597000.0,0.0,2717000.0,0.103,127725000.0,82575000.0,92207000.0,3.095,2.241,8.098,7.372,11031476000.0,0.0,76.82,9.426,9.438,201543000.0,338693000.0,326262000.0,326262000.0,0.0,,,,,4422000.0,6688000.0,1.0,158321195.0,158517000,158634000.0,2.058,13350181000.0,0.0,-859000.0,0.0,84.219,
24,MAC,MRQ,2015-06-30,2015-06-30,2015-06-30,2021-08-07,0.0,13360376000.0,,,,,34.658,-55051000.0,122331000.0,122331000.0,114116000.0,15746000.0,,1.361,6739208000.0,,,6739208000.0,0.0,121108000.0,0.0,0.034,0.65,69008000.0,190116000.0,0.589,190116000.0,69008000.0,14112000.0,0.09,0.09,0.09,5493328000.0,,5493328000.0,18147334790.0,11.0,8.404,55698000.0,0.351,1.0,208678000.0,0.646,0.0,54896000.0,19977253000.0,,0.0,1263356000.0,,,7475729000.0,,,11806365790.0,-7835000.0,-245853000.0,1049000.0,304482000.0,-110449000.0,189516000.0,-308100000.0,457000.0,110749000.0,0.0,14395000.0,14395000.0,14395000.0,0.0,1351000.0,0.045,142991000.0,65687000.0,109396000.0,7.222,2.149,7.849,7.132,11046427000.0,0.0,74.6,9.618,9.632,196405000.0,415017000.0,322794000.0,322794000.0,0.0,,,,,4739000.0,7550000.0,1.0,158262276.0,158501000,158633000.0,2.037,13360376000.0,0.0,-283000.0,0.0,84.292,
25,MAC,MRQ,2015-03-31,2015-03-31,2015-03-31,2021-08-07,0.0,13196667000.0,,,,,35.22,-120262000.0,133385000.0,133385000.0,128132000.0,26667000.0,,1.295,6474354000.0,,,6474354000.0,0.0,122418000.0,0.0,0.03,0.65,76962000.0,199380000.0,0.626,199380000.0,76962000.0,23676000.0,0.15,0.15,0.15,5576537000.0,,5576537000.0,19531616124.0,11.0,9.221,41868000.0,0.264,1.0,190203000.0,0.597,0.0,53286000.0,19537636000.0,,0.0,1006652000.0,,,7223102000.0,,,13337653124.0,33254000.0,-20188000.0,-304000.0,141102000.0,-111462000.0,21144000.0,-150020000.0,452000.0,162130000.0,0.0,24611000.0,24611000.0,24611000.0,0.0,2056000.0,0.077,119574000.0,70629000.0,114991000.0,4.333,2.392,8.857,8.047,11110841000.0,0.0,84.33,11.507,11.52,193087000.0,510506000.0,318335000.0,318335000.0,0.0,,,,,14468000.0,8422000.0,1.0,158160241.0,158336000,158544000.0,2.011,13196667000.0,0.0,-935000.0,0.0,83.346,
26,MAC,MRQ,2014-12-31,2014-12-31,2014-12-31,2021-08-07,0.0,13121778000.0,,,,,37.601,-90005000.0,98437000.0,98437000.0,119161000.0,1530558000.0,,1.256,6292400000.0,,,6292400000.0,0.0,114020000.0,0.0,0.03,0.65,1479459000.0,1593479000.0,4.935,1593479000.0,1479459000.0,1428711000.0,9.97,9.96,9.97,5640120000.0,,5640120000.0,16595046547.0,10.0,8.004,13795000.0,0.092,1.0,203748000.0,0.631,0.0,50748000.0,19315741000.0,,0.0,984132000.0,,,7081929000.0,,,11737107547.0,26428000.0,-23873000.0,-4917000.0,-2000.0,-99519000.0,-163980000.0,86608000.0,-63474000.0,103800000.0,0.0,1429221000.0,1429221000.0,1429221000.0,0.0,101337000.0,4.426,-1373490000.0,1577238000.0,115406000.0,0.065,2.081,7.83,7.974,11067890000.0,0.0,83.41,10.619,10.803,212258000.0,596741000.0,322909000.0,322909000.0,0.0,,,,,4246000.0,12073000.0,1.0,140715832.0,149999000,150239000.0,2.153,13121778000.0,0.0,-510000.0,0.0,87.479,
27,MAC,MRQ,2014-09-30,2014-09-30,2014-09-30,2021-08-07,0.0,9206108000.0,,,,,22.643,-65071000.0,72600000.0,72600000.0,106860000.0,38744000.0,,1.776,4930539000.0,,,4930539000.0,0.0,93391000.0,0.0,0.039,0.62,83028000.0,176419000.0,0.67,176419000.0,83028000.0,35225000.0,0.25,0.25,0.25,3190820000.0,,3190820000.0,13669971003.0,34.0,17.756,41263000.0,0.293,1.0,156632000.0,0.594,0.0,47803000.0,14064047000.0,,0.0,930785000.0,,,5667055000.0,,,8981787003.0,1979000.0,-127306000.0,0.0,171784000.0,-95006000.0,63245000.0,-167600000.0,3169000.0,106334000.0,0.0,35914000.0,35914000.0,35914000.0,0.0,2830000.0,0.136,85519000.0,71113000.0,89659000.0,2.48,2.815,41.834,41.719,7570636000.0,0.0,63.83,8.438,8.45,139390000.0,-740906000.0,263492000.0,263492000.0,0.0,,,,,4378000.0,5339000.0,1.0,140714194.0,140916000,141060000.0,1.87,9206108000.0,0.0,-689000.0,0.0,65.33,
28,MAC,MRQ,2014-06-30,2014-06-30,2014-06-30,2021-08-07,0.0,9062263000.0,,,,,22.979,-77917000.0,71923000.0,71923000.0,102761000.0,17986000.0,,1.69,4760107000.0,,,4760107000.0,0.0,89805000.0,0.0,0.037,0.62,58990000.0,148795000.0,0.585,148795000.0,58990000.0,13190000.0,0.11,0.11,0.11,3237625000.0,,3237625000.0,13921622842.0,35.0,17.96,14744000.0,0.105,1.0,151576000.0,0.596,0.0,45800000.0,13750447000.0,,0.0,800406000.0,,,5471585000.0,,,9391224842.0,-8426000.0,-68609000.0,645000.0,150327000.0,-95858000.0,51461000.0,-152548000.0,0.0,92661000.0,0.0,16088000.0,16088000.0,16088000.0,0.0,1898000.0,0.063,102379000.0,49197000.0,66652000.0,5.636,2.901,43.296,43.065,7556064000.0,0.0,66.75,8.867,8.88,127092000.0,-689497000.0,254337000.0,254337000.0,0.0,,,,,4334000.0,5123000.0,1.0,140692507.0,140894000,141036000.0,1.805,9062263000.0,0.0,-2898000.0,0.0,64.32,
29,MAC,MRQ,2014-03-31,2014-03-31,2014-03-31,2021-08-07,0.0,9008391000.0,,,,,23.47,-34370000.0,80734000.0,80734000.0,113148000.0,19644000.0,,1.618,4611132000.0,,,4611132000.0,0.0,90569000.0,0.0,0.039,0.62,63985000.0,154554000.0,0.584,154554000.0,63985000.0,17647000.0,0.13,0.13,0.13,3303836000.0,,3303836000.0,13256853509.0,22.0,13.388,63541000.0,0.451,1.0,151364000.0,0.572,0.0,46338000.0,13538789000.0,,0.0,728004000.0,,,5345271000.0,,,8760684509.0,-4789000.0,-6965000.0,0.0,29757000.0,-95342000.0,-80449000.0,-22251000.0,0.0,97911000.0,0.0,17819000.0,17819000.0,17819000.0,0.0,1825000.0,0.067,97145000.0,54219000.0,89146000.0,4.769,2.652,20.868,20.708,7553979000.0,0.0,62.33,8.338,8.351,129397000.0,-618277000.0,264512000.0,264512000.0,0.0,,,,,16505000.0,6877000.0,1.0,140553257.0,140767000,140817000.0,1.879,9008391000.0,0.0,-172000.0,0.0,63.995,
30,MAC,MRQ,2013-12-31,2013-12-31,2013-12-31,2021-08-07,0.0,9075250000.0,,,,,23.866,-53593000.0,86558000.0,86558000.0,113618000.0,150789000.0,,1.595,4582727000.0,,,4582727000.0,0.0,97069000.0,0.0,0.04,0.62,193036000.0,290105000.0,1.028,290105000.0,193036000.0,145449000.0,1.04,1.03,1.04,3358749000.0,,3358749000.0,12951145665.0,21.0,12.969,39586000.0,0.281,1.0,168522000.0,0.597,0.0,47587000.0,13571419000.0,,0.0,704239000.0,,,5356533000.0,,,8276405665.0,7607000.0,-9767000.0,611000.0,-23216000.0,-94364000.0,-122981000.0,37409000.0,0.0,93179000.0,0.0,144878000.0,144878000.0,144878000.0,-152824000.0,5911000.0,0.513,141364000.0,27158000.0,76941000.0,0.596,2.464,19.702,19.565,7621766000.0,0.0,58.89,8.039,7.986,129629000.0,-548806000.0,282140000.0,282140000.0,0.0,,,,,10294000.0,9100000.0,1.0,140540086.0,140735000,140760000.0,2.005,9075250000.0,0.0,571000.0,0.0,64.485,
31,MAC,MRQ,2013-09-30,2013-09-30,2013-09-30,2021-08-07,0.0,9205527000.0,,,,,23.428,-82403000.0,88812000.0,88812000.0,106385000.0,40825000.0,,1.684,4763552000.0,,,4763552000.0,0.0,94502000.0,0.0,0.041,0.58,87183000.0,181685000.0,0.704,181685000.0,87183000.0,37580000.0,0.27,0.27,0.27,3296619000.0,,3296619000.0,13003794066.0,21.0,12.898,63666000.0,0.452,1.0,151769000.0,0.588,0.0,49603000.0,13880267000.0,,0.0,709186000.0,,,5550757000.0,,,7931930066.0,15165000.0,352424000.0,46000.0,-391960000.0,-87725000.0,-485841000.0,354937000.0,31427000.0,146069000.0,0.0,38123000.0,38123000.0,38123000.0,8844000.0,2702000.0,0.148,86142000.0,65627000.0,85394000.0,2.148,2.406,17.648,17.313,7733929000.0,0.0,56.44,8.332,8.343,127018000.0,-606464000.0,258154000.0,258154000.0,0.0,,,,,5133000.0,5955000.0,1.0,140537386.0,140712000,140773000.0,1.835,9205527000.0,0.0,-543000.0,0.0,65.421,
32,MAC,MRQ,2013-06-30,2013-06-30,2013-06-30,2021-08-07,0.0,9549889000.0,,,,,23.928,-72966000.0,119203000.0,119203000.0,101498000.0,234816000.0,,1.761,5191067000.0,,,5191067000.0,0.0,95966000.0,0.0,0.038,0.58,267895000.0,363861000.0,1.48,363861000.0,267895000.0,217520000.0,1.57,1.57,1.57,3334907000.0,,3334907000.0,13944140093.0,22.0,14.105,2278000.0,0.016,1.0,144380000.0,0.587,0.0,50375000.0,14621753000.0,,0.0,975537000.0,,,5872120000.0,,,8383289093.0,-21871000.0,99529000.0,171633000.0,-511952000.0,-87210000.0,-433252000.0,336137000.0,590000.0,75244000.0,0.0,218997000.0,218997000.0,218997000.0,-143398000.0,15819000.0,0.891,96070000.0,48310000.0,71641000.0,0.369,2.514,18.416,18.364,7778785000.0,0.0,60.97,9.337,9.464,127135000.0,-562995000.0,245878000.0,245878000.0,0.0,,,,,5080000.0,6693000.0,1.0,137498591.0,139372000,139526000.0,1.764,9549889000.0,0.0,-1477000.0,0.0,68.521,
33,MAC,MRQ,2013-03-31,2013-03-31,2013-03-31,2021-08-07,0.0,9762684000.0,,,,,21.936,-517642000.0,146942000.0,146942000.0,101753000.0,22530000.0,,2.123,5707793000.0,,,5707793000.0,0.0,95465000.0,0.0,0.035,0.58,67529000.0,162994000.0,0.67,162994000.0,67529000.0,17849000.0,0.13,0.13,0.13,3017020000.0,,3017020000.0,13960256941.0,26.0,15.97,-410099000.0,-2.982,1.0,141551000.0,0.582,0.0,49680000.0,15323535000.0,,0.0,972913000.0,,,6406093000.0,,,8843337941.0,3021000.0,78553000.0,0.0,448820000.0,-86207000.0,352094000.0,-456616000.0,-13231000.0,107543000.0,0.0,18092000.0,18092000.0,18092000.0,-2556000.0,4438000.0,0.074,88214000.0,53337000.0,89237000.0,4.462,2.931,23.928,23.411,7932563000.0,0.0,64.38,10.432,10.446,130964000.0,-701447000.0,243304000.0,243304000.0,0.0,,,,,3700000.0,6024000.0,1.0,137361571.0,137538000,137616000.0,1.769,9762684000.0,0.0,-243000.0,0.0,70.982,
34,MAC,MRQ,2012-12-31,2012-12-31,2012-12-31,2021-08-07,0.0,9311209000.0,,,,,22.465,-1099661000.0,144451000.0,144451000.0,85248000.0,186295000.0,,1.915,5261370000.0,,,5261370000.0,0.0,88310000.0,0.0,0.038,0.58,211345000.0,299655000.0,1.464,299655000.0,211345000.0,172247000.0,1.29,1.29,1.29,3077529000.0,,3077529000.0,11615937079.0,23.0,14.159,-1004544000.0,-7.333,1.0,119371000.0,0.583,0.0,39098000.0,14428128000.0,,0.0,1001270000.0,,,5894958000.0,,,7964721079.0,-10760000.0,56993000.0,387000.0,1053947000.0,-85550000.0,948974000.0,-1054851000.0,590000.0,95117000.0,0.0,174247000.0,174247000.0,174247000.0,17705000.0,12048000.0,0.852,-113131000.0,232502000.0,70251000.0,0.45,2.588,23.604,23.227,7479546000.0,0.0,58.3,9.987,9.801,120812000.0,-639741000.0,204619000.0,204619000.0,0.0,,,,,3374000.0,5177000.0,1.0,136616142.0,136995000,137031000.0,1.494,9311209000.0,0.0,-2000000.0,0.0,67.968,
35,MAC,MRQ,2012-09-30,2012-09-30,2012-09-30,2021-08-07,0.0,7609856000.0,,,,,21.89,-46268000.0,138296000.0,138296000.0,83952000.0,47275000.0,,1.472,3789512000.0,,,3789512000.0,0.0,77567000.0,0.0,0.038,0.55,84524000.0,162091000.0,0.794,162091000.0,84524000.0,42959000.0,0.33,0.33,0.33,2938030000.0,,2938030000.0,11536668915.0,24.0,14.599,65313000.0,0.487,1.0,120140000.0,0.589,0.0,41565000.0,11261072000.0,,0.0,1054267000.0,,,4324148000.0,,,7618570915.0,-13244000.0,139345000.0,176100000.0,-277026000.0,-79496000.0,-208600000.0,83775000.0,99000.0,111581000.0,0.0,43893000.0,43893000.0,43893000.0,-2350000.0,3382000.0,0.215,51833000.0,68307000.0,74754000.0,1.667,2.593,23.349,23.264,5942141000.0,0.0,57.23,10.302,10.387,115924000.0,-734684000.0,204092000.0,204092000.0,0.0,,,,,3440000.0,5063000.0,1.0,133121980.0,134220000,134330000.0,1.521,7609856000.0,0.0,-934000.0,0.0,56.697,
36,MAC,MRQ,2012-06-30,2012-06-30,2012-06-30,2021-08-07,0.0,7731053000.0,,,,,21.061,-46569000.0,148666000.0,148666000.0,85766000.0,144543000.0,,1.643,4066764000.0,,,4066764000.0,0.0,75841000.0,0.0,0.036,0.55,173576000.0,249417000.0,1.275,249417000.0,173576000.0,130279000.0,1.0,1.0,1.0,2796258000.0,,2796258000.0,11844929326.0,26.0,15.693,11808000.0,0.089,1.0,109891000.0,0.562,0.0,43297000.0,11649151000.0,,0.0,1148492000.0,,,4593275000.0,,,7827722326.0,-139463000.0,13812000.0,425000.0,-190191000.0,-79495000.0,-277029000.0,79189000.0,590000.0,58377000.0,0.0,133354000.0,133354000.0,133354000.0,-133839000.0,11189000.0,0.682,76352000.0,33539000.0,57619000.0,0.55,2.799,26.505,26.48,5945007000.0,0.0,59.05,10.741,10.758,101770000.0,-705292000.0,195657000.0,195657000.0,0.0,,,,,2712000.0,5655000.0,1.0,132560920.0,132768000,132877000.0,1.474,7731053000.0,0.0,-3075000.0,0.0,58.23,
37,MAC,MRQ,2012-03-31,2012-03-31,2012-03-31,2021-08-07,0.0,8069835000.0,,,,,20.599,-87217000.0,300178000.0,300178000.0,88025000.0,-11723000.0,,1.834,4317385000.0,,,4317385000.0,0.0,81002000.0,0.0,0.036,0.55,30305000.0,111307000.0,0.53,111307000.0,30305000.0,-12218000.0,-0.11,-0.11,-0.11,2724722000.0,,2724722000.0,11692792248.0,39.0,19.56,-996000.0,-0.008,1.0,121918000.0,0.581,0.0,42523000.0,12087042000.0,,0.0,1126951000.0,,,4997711000.0,,,7622594248.0,162012000.0,17384000.0,0.0,234831000.0,-81644000.0,147278000.0,-71487000.0,-12401000.0,86221000.0,0.0,-14068000.0,-14068000.0,-14068000.0,59932000.0,2345000.0,-0.067,58862000.0,63056000.0,77250000.0,-5.0,2.798,53.393,53.472,6090562000.0,0.0,57.75,10.67,10.692,103172000.0,-765674000.0,209943000.0,209943000.0,0.0,,,,,2798000.0,4518000.0,1.0,131992974.0,132273000,132273000.0,1.587,8069835000.0,0.0,1850000.0,0.0,61.009,
38,MAC,MRQ,2011-12-31,2011-12-31,2011-12-31,2021-08-07,0.0,7938549000.0,,,,,21.291,-39840000.0,135876000.0,135876000.0,54140000.0,175640000.0,,1.697,4206074000.0,,,4206074000.0,0.0,73811000.0,0.0,0.041,0.55,193630000.0,267441000.0,2.06,267441000.0,193630000.0,162808000.0,1.24,1.24,1.24,2813337000.0,,2813337000.0,10521113848.0,33.0,17.516,16960000.0,0.128,1.0,75709000.0,0.583,0.0,30822000.0,12008747000.0,,0.0,1127388000.0,,,4773898000.0,,,6676222848.0,-72172000.0,16258000.0,663000.0,-31908000.0,-79349000.0,-101402000.0,-27570000.0,-10776000.0,56800000.0,0.0,163107000.0,163107000.0,163107000.0,19859000.0,12533000.0,1.256,74464000.0,1245000.0,72870000.0,0.444,2.373,42.56,42.881,6079043000.0,0.0,50.6,9.75,9.727,112479000.0,-678631000.0,129849000.0,129849000.0,0.0,,,,,2860000.0,5237000.0,1.0,131941163.0,132135000,132135000.0,0.983,7938549000.0,0.0,-299000.0,0.0,60.079,
39,MAC,MRQ,2011-09-30,2011-09-30,2011-09-30,2021-08-07,3019000.0,7629104000.0,,,,,20.589,-115903000.0,217100000.0,217100000.0,83338000.0,14256000.0,,1.707,4061991000.0,,,4061991000.0,0.0,71480000.0,0.0,0.047,0.5,55136000.0,126616000.0,0.655,126616000.0,55136000.0,11375000.0,0.1,0.1,0.1,2719731000.0,,2719731000.0,9347152818.0,51.0,20.271,-25278000.0,-0.191,1.0,109981000.0,0.569,0.0,43761000.0,11473995000.0,,0.0,1130440000.0,,,4642564000.0,,,5623598818.0,66191000.0,124866000.0,49000.0,50261000.0,-72197000.0,-37178000.0,12744000.0,100000.0,90625000.0,0.0,12941000.0,12941000.0,12941000.0,4556000.0,1315000.0,0.067,67732000.0,42249000.0,87243000.0,5.0,2.068,324.744,304.5,5827308000.0,0.0,42.63,7.818,7.829,99244000.0,-768816000.0,193319000.0,193319000.0,0.0,,,,,2854000.0,4490000.0,1.0,131916463.0,132096000,132096000.0,1.463,7629104000.0,0.0,-1566000.0,0.0,57.754,
40,MAC,MRQ,2011-06-30,2011-06-30,2011-06-30,2021-08-07,2951000.0,7449780000.0,,,,,21.027,-55273000.0,155684000.0,155684000.0,79988000.0,-20911000.0,,1.588,3879238000.0,,,3879238000.0,0.0,69349000.0,0.0,0.037,0.5,23082000.0,92431000.0,0.51,92431000.0,23082000.0,-20984000.0,-0.15,-0.15,-0.15,2769045000.0,,2769045000.0,10562914970.0,57.0,23.045,-6961000.0,-0.053,1.0,101311000.0,0.559,0.0,44066000.0,11173334000.0,,0.0,1234310000.0,,,4397655000.0,,,7003131970.0,-114796000.0,-55422000.0,320000.0,52179000.0,-72279000.0,-39191000.0,-123917000.0,672000.0,48312000.0,0.0,-19216000.0,-19216000.0,-19216000.0,40516000.0,-1695000.0,-0.106,63381000.0,37930000.0,69808000.0,-3.333,2.529,546.906,535.0,5619750000.0,0.0,53.5,9.789,9.848,91828000.0,-715510000.0,181299000.0,181299000.0,0.0,,,,,4203000.0,3742000.0,1.0,130899663.0,131691000,131691000.0,1.377,7449780000.0,0.0,-1768000.0,0.0,56.57,
41,MAC,MRQ,2011-03-31,2011-03-31,2011-03-31,2021-08-07,1593000.0,7498278000.0,,,,,21.641,-35995000.0,264884000.0,264884000.0,85107000.0,91000.0,,1.543,3824667000.0,,,3824667000.0,0.0,68003000.0,0.0,0.04,0.5,47180000.0,115183000.0,0.622,115183000.0,47180000.0,-2444000.0,0.0,0.0,0.0,2825761000.0,,2825761000.0,9831197574.0,46.0,20.494,5553000.0,0.043,1.0,100158000.0,0.541,0.0,49624000.0,11058061000.0,,0.0,1099656000.0,,,4360624000.0,,,6456206574.0,-257620000.0,-26302000.0,0.0,-121215000.0,-73123000.0,-225825000.0,-73343000.0,0.0,41548000.0,0.0,34000.0,34000.0,34000.0,5088000.0,57000.0,0.0,67711000.0,32447000.0,74287000.0,,2.285,204.433,206.375,5686779000.0,0.0,49.53,9.025,9.041,100872000.0,-630017000.0,185265000.0,185265000.0,0.0,,,,,2371000.0,7644000.0,1.0,130349416.0,130574000,130574000.0,1.419,7498278000.0,0.0,-2478000.0,0.0,57.426,
42,MAC,MRQ,2010-12-31,2010-12-31,2010-12-31,2021-08-07,-3237000.0,7645010000.0,,,,,22.163,-56146000.0,517079000.0,517079000.0,64757000.0,25758000.0,,1.538,3892070000.0,,,3892070000.0,0.0,68534000.0,0.0,0.044,0.5,58340000.0,126874000.0,0.796,126874000.0,58340000.0,19608000.0,0.19,0.19,0.19,2890279000.0,,2890279000.0,9570892722.0,45.0,20.18,17464000.0,0.134,1.0,94648000.0,0.594,0.0,38732000.0,11020001000.0,,0.0,1035153000.0,,,4445648000.0,,,6163342722.0,-40781000.0,33743000.0,475000.0,-15614000.0,-72031000.0,-84672000.0,-29719000.0,-8563000.0,73610000.0,0.0,23558000.0,23558000.0,23558000.0,9843000.0,2200000.0,0.148,51392000.0,43256000.0,70585000.0,2.632,2.132,244.674,249.316,5674127000.0,0.0,47.37,8.662,8.012,101682000.0,-564357000.0,159405000.0,159405000.0,0.0,,,,,3628000.0,4999000.0,1.0,130110676.0,130408000,130408000.0,1.222,7645010000.0,0.0,-3950000.0,0.0,58.624,
43,MAC,MRQ,2010-09-30,2010-09-30,2010-09-30,2021-08-07,-8153000.0,7699522000.0,,,,,22.402,-63266000.0,566528000.0,566528000.0,86001000.0,9468000.0,,1.532,3974078000.0,,,3974078000.0,0.0,66450000.0,0.0,0.051,0.5,57429000.0,123879000.0,0.654,123879000.0,57429000.0,5767000.0,0.06,0.06,0.06,2917066000.0,,2917066000.0,8916600578.0,46.0,19.213,-9227000.0,-0.071,1.0,103470000.0,0.546,0.0,51662000.0,11107072000.0,,0.0,1049486000.0,,,4468023000.0,,,5587956578.0,-110292000.0,16882000.0,0.0,10820000.0,-72046000.0,-75647000.0,-88684000.0,0.0,54039000.0,0.0,8429000.0,8429000.0,8429000.0,-223000.0,1039000.0,0.044,66739000.0,36731000.0,72720000.0,8.333,1.916,-438.477,-148.103,5670183000.0,0.0,42.95,7.55,7.556,91163000.0,-522335000.0,189471000.0,189471000.0,0.0,,,,,4238000.0,4546000.0,1.0,130103762.0,130213000,130213000.0,1.455,7699522000.0,0.0,-2662000.0,0.0,59.13,
44,MAC,MRQ,2010-06-30,2010-06-30,2010-06-30,2021-08-07,-12209000.0,7738306000.0,,,,,24.008,814000.0,639191000.0,639191000.0,80762000.0,55000.0,,1.5,3967835000.0,,,3967835000.0,0.0,63362000.0,0.0,0.062,0.5,50423000.0,113785000.0,0.628,113785000.0,50423000.0,-1815000.0,-0.01,-0.01,-0.01,2963708000.0,,2963708000.0,9327718347.0,27.0,15.198,8683000.0,0.07,1.0,100464000.0,0.554,0.0,52238000.0,11066950000.0,,0.0,1056364000.0,,,4445791000.0,,,4841827347.0,500492000.0,22721000.0,1221256000.0,-658807000.0,-72762000.0,464787000.0,27836000.0,12417000.0,7869000.0,0.0,-440000.0,-440000.0,-440000.0,401000.0,495000.0,-0.002,62425000.0,38039000.0,59163000.0,-50.0,1.634,39.796,26.657,5655410000.0,0.0,37.32,6.469,6.155,89952000.0,-465143000.0,181226000.0,181226000.0,0.0,,,,,4162000.0,3642000.0,1.0,129738139.0,123446000,123446000.0,1.468,7738306000.0,0.0,-1375000.0,0.0,62.686,
45,MAC,MRQ,2010-03-31,2010-03-31,2010-03-31,2021-08-07,-17418000.0,7266949000.0,,,,,19.153,-67191000.0,139517000.0,139517000.0,83008000.0,-6861000.0,,2.757,4625408000.0,,,4625408000.0,0.0,61906000.0,0.0,0.063,0.6,47839000.0,109745000.0,0.603,109745000.0,47839000.0,-7572000.0,-0.08,-0.08,-0.08,1856901000.0,,1856901000.0,8166574715.0,24.0,13.238,-2274000.0,-0.023,1.0,99106000.0,0.544,0.0,55411000.0,11752840000.0,,0.0,1063713000.0,,,5119423000.0,,,3702762715.0,2971000.0,26529000.0,0.0,4763000.0,-9119000.0,-10341000.0,-51605000.0,0.0,64917000.0,0.0,-6357000.0,-6357000.0,-6357000.0,113000.0,-504000.0,-0.035,66733000.0,32373000.0,68541000.0,-7.5,1.994,36.891,34.205,5645778000.0,0.0,38.31,4.812,4.827,121659000.0,-399284000.0,182114000.0,182114000.0,0.0,,,,,2804000.0,7518000.0,1.0,96652642.0,96951000,96951000.0,1.878,7266949000.0,0.0,-1215000.0,0.0,74.955,
46,MAC,MRQ,2009-12-31,2009-12-31,2009-12-31,2021-08-07,-25397000.0,7252471000.0,,,,,20.366,-63797000.0,134874000.0,134874000.0,69993000.0,-17174000.0,,2.747,4531634000.0,,,4531634000.0,0.0,78292000.0,0.0,0.072,0.6,38380000.0,116672000.0,0.623,116672000.0,38380000.0,-18259000.0,-0.26,-0.26,-0.26,1857571000.0,,1857571000.0,8294998884.0,22.0,12.612,-16642000.0,-0.182,1.0,117364000.0,0.626,0.0,56639000.0,11649231000.0,,0.0,1075482000.0,,,5103414000.0,,,3406538884.0,13697000.0,22017000.0,398300000.0,-436771000.0,-8828000.0,-62823000.0,29365000.0,-2091000.0,47155000.0,0.0,-14376000.0,-14376000.0,-14376000.0,22713000.0,-2798000.0,-0.077,75336000.0,42028000.0,70482000.0,-2.308,1.834,28.213,24.793,5657939000.0,0.0,35.95,4.296,3.682,107254000.0,-345930000.0,187357000.0,187357000.0,0.0,,,,,2376000.0,8944000.0,1.0,94757688.0,91210000,91210000.0,2.054,7252471000.0,0.0,-3883000.0,0.0,79.514,
47,MAC,MRQ,2009-09-30,2009-09-30,2009-09-30,2021-08-07,-33121000.0,7319427000.0,,,,,18.815,-36350000.0,147743000.0,147743000.0,80506000.0,164371000.0,,3.704,5036203000.0,,,5036203000.0,0.0,64619000.0,0.0,0.092,0.6,208919000.0,273538000.0,1.383,273538000.0,208919000.0,143140000.0,1.75,1.75,1.75,1495724000.0,,1495724000.0,8299510839.0,18.0,10.808,-28402000.0,-0.357,1.0,117286000.0,0.593,0.0,65779000.0,12207887000.0,,0.0,1083446000.0,,,5539840000.0,,,2405158839.0,21669000.0,17726000.0,0.0,-467188000.0,-5855000.0,-295463000.0,309184000.0,0.0,7948000.0,0.0,142838000.0,142838000.0,142838000.0,-4831000.0,21533000.0,0.722,-89625000.0,206911000.0,79970000.0,0.343,1.608,12.926,13.13,5692278000.0,0.0,30.33,2.942,2.949,110843000.0,-275337000.0,197792000.0,197792000.0,0.0,,,,,683000.0,7085000.0,1.0,79299665.0,79496000,79694000.0,2.488,7319427000.0,0.0,302000.0,0.0,92.073,
48,MAC,MRQ,2009-06-30,2009-06-30,2009-06-30,2021-08-07,-35936000.0,7968948000.0,,,,,17.4,-41377000.0,127859000.0,127859000.0,84784000.0,-24366000.0,,4.732,6022211000.0,,,6022211000.0,0.0,67165000.0,0.0,0.17,0.6,49798000.0,116963000.0,0.579,116963000.0,49798000.0,-22116000.0,-0.29,-0.29,-0.29,1344474000.0,,1344474000.0,7271816495.0,22.0,11.446,2837000.0,0.037,1.0,117391000.0,0.581,0.0,71914000.0,13863300000.0,,0.0,1062266000.0,,,6362099000.0,,,1356559495.0,-21647000.0,16273000.0,368000.0,-21971000.0,-9719000.0,-31910000.0,-33951000.0,638000.0,44214000.0,0.0,-21736000.0,-21736000.0,-21736000.0,26346000.0,-2630000.0,-0.108,65560000.0,51831000.0,77344000.0,-2.069,1.009,29.574,29.847,6360530000.0,0.0,17.61,1.611,1.616,100341000.0,-383503000.0,202175000.0,202175000.0,0.0,,,,,2421000.0,4648000.0,1.0,77033475.0,77270000,77270000.0,2.616,7968948000.0,0.0,-380000.0,0.0,103.131,
49,MAC,MRQ,2009-03-31,2009-03-31,2009-03-31,2021-08-07,-24783000.0,8035504000.0,,,,,17.626,-55959000.0,142465000.0,142465000.0,92855000.0,16421000.0,,4.712,6057722000.0,,,6057722000.0,0.0,67396000.0,0.0,0.511,0.8,83154000.0,150550000.0,0.732,150550000.0,83154000.0,13215000.0,0.18,0.18,0.18,1355378000.0,,1355378000.0,6410177554.0,17.0,9.626,-34386000.0,-0.447,1.0,112866000.0,0.549,0.0,69939000.0,13950761000.0,,0.0,1076019000.0,,,6387213000.0,,,482229554.0,13007000.0,61388000.0,0.0,67523000.0,-71263000.0,-6324000.0,-2242000.0,0.0,21573000.0,0.0,14016000.0,14016000.0,14016000.0,-2253000.0,2405000.0,0.068,67960000.0,44906000.0,79763000.0,4.444,0.356,5.787,5.743,6381085000.0,0.0,6.26,0.563,0.562,103333000.0,-322437000.0,205721000.0,205721000.0,0.0,,,,,2615000.0,5258000.0,1.0,77033475.0,76897000,88551000.0,2.675,8035504000.0,0.0,-801000.0,0.0,104.497,
50,MAC,MRQ,2008-12-31,2008-12-31,2008-12-31,2021-08-07,-53425000.0,8090435000.0,,,,,18.288,-82262000.0,128236000.0,128236000.0,79176000.0,58924000.0,,4.61,6021333000.0,,,6021333000.0,0.0,101461000.0,0.0,0.176,0.8,125402000.0,226863000.0,1.071,226863000.0,125402000.0,52828000.0,0.67,0.67,0.67,1393766000.0,,1393766000.0,7303493328.0,16.0,9.764,-6145000.0,-0.081,1.0,132703000.0,0.626,0.0,72574000.0,13983532000.0,,0.0,1123720000.0,,,6425224000.0,,,1382202328.0,17707000.0,9239000.0,349000.0,59144000.0,-75322000.0,-17496000.0,-40914000.0,-18165000.0,76117000.0,0.0,50952000.0,50952000.0,50952000.0,5650000.0,7972000.0,0.24,104481000.0,28222000.0,114745000.0,1.194,0.992,8.536,8.369,6371319000.0,0.0,18.16,1.601,1.563,127498000.0,-274834000.0,211879000.0,211879000.0,0.0,,,,,3248000.0,5101000.0,1.0,76112463.0,76212000,87727000.0,2.78,8090435000.0,0.0,1876000.0,0.0,106.157,
51,MAC,MRQ,2008-09-30,2008-09-30,2008-09-30,2021-08-07,-23975000.0,8074670000.0,,,,,18.303,-126277000.0,112518000.0,112518000.0,92215000.0,4398000.0,,4.681,6033809000.0,,,6033809000.0,0.0,63914000.0,0.0,0.05,0.8,76998000.0,140912000.0,0.634,140912000.0,76998000.0,3111000.0,0.03,0.03,0.03,1371469000.0,,1371469000.0,10610282508.0,24.0,15.224,-57693000.0,-0.77,1.0,130046000.0,0.585,0.0,73887000.0,13995961000.0,,0.0,1041274000.0,,,6419610000.0,,,4750957508.0,-4985000.0,64073000.0,7581000.0,59674000.0,-70331000.0,-8727000.0,-64842000.0,0.0,68584000.0,0.0,3473000.0,2638000.0,2638000.0,-986000.0,925000.0,0.012,73037000.0,57009000.0,74703000.0,26.667,3.464,33.616,33.151,6404703000.0,835000.0,63.65,5.55,5.571,122677000.0,-246055000.0,222261000.0,222261000.0,0.0,,,,,2707000.0,2883000.0,1.0,74641909.0,74931000,87439000.0,2.966,8074670000.0,0.0,-362000.0,0.0,107.761,
52,MAC,MRQ,2008-06-30,2008-06-30,2008-06-30,2021-08-07,-24424000.0,8058765000.0,,,,,18.758,-199565000.0,116964000.0,116964000.0,89537000.0,20028000.0,,4.592,5976289000.0,,,5976289000.0,0.0,59682000.0,0.0,0.05,0.8,87913000.0,147595000.0,0.681,147595000.0,87913000.0,15871000.0,0.21,0.21,0.21,1383997000.0,,1383997000.0,10283599374.0,23.0,14.844,-127315000.0,-1.726,1.0,127254000.0,0.587,0.0,72042000.0,13918090000.0,,0.0,1088453000.0,,,6355980000.0,,,4643850374.0,-10453000.0,900000.0,464000.0,195042000.0,-61676000.0,125724000.0,-208427000.0,615000.0,72250000.0,0.0,16560000.0,15725000.0,15725000.0,-301000.0,3468000.0,0.073,61120000.0,66134000.0,75900000.0,3.81,3.355,29.381,28.764,6084946000.0,835000.0,62.13,5.555,5.484,117333000.0,-192482000.0,216791000.0,216791000.0,0.0,,,,,2809000.0,4135000.0,1.0,74744091.0,73780000,86781000.0,2.938,8058765000.0,0.0,-689000.0,0.0,109.227,
53,MAC,MRQ,2008-03-31,2008-03-31,2008-03-31,2021-08-07,-48124000.0,7838193000.0,,,,,18.586,-127159000.0,127949000.0,127949000.0,88968000.0,111661000.0,,4.557,5767698000.0,,,5767698000.0,0.0,62860000.0,0.0,0.043,0.8,169734000.0,232594000.0,1.069,232594000.0,169734000.0,95365000.0,1.27,1.25,1.27,1344537000.0,,1344537000.0,10692405336.0,25.0,15.724,-92163000.0,-1.274,1.0,128563000.0,0.591,0.0,74369000.0,13477942000.0,,0.0,1061621000.0,,,6126538000.0,,,5083104336.0,-21013000.0,-93837000.0,890000.0,261890000.0,-67305000.0,188764000.0,-244773000.0,192000.0,34996000.0,0.0,95064000.0,92610000.0,92610000.0,-99853000.0,16597000.0,0.426,64383000.0,64180000.0,74187000.0,0.63,3.781,33.173,33.462,5938751000.0,2454000.0,70.27,6.249,6.249,125871000.0,-153896000.0,217531000.0,217531000.0,0.0,,,,,2886000.0,4403000.0,1.0,72336763.0,72342000,88290000.0,3.007,7838193000.0,0.0,301000.0,0.0,108.349,
54,MAC,MRQ,2007-12-31,2007-12-31,2007-12-31,2021-08-07,-24508000.0,7937097000.0,,,,,15.927,-661610000.0,153657000.0,153657000.0,74392000.0,55442000.0,,5.354,5762958000.0,,,5762958000.0,0.0,64317000.0,0.0,0.041,0.8,111516000.0,175833000.0,0.881,175833000.0,111516000.0,31643000.0,0.41,0.41,0.41,1149849000.0,,1149849000.0,10165553983.0,30.0,17.73,-543611000.0,-7.53,1.0,125112000.0,0.627,0.0,79873000.0,13546398000.0,,0.0,815290000.0,,,6156060000.0,,,5153133983.0,42423000.0,5774000.0,609000.0,640883000.0,-59601000.0,574972000.0,-650548000.0,410000.0,117999000.0,0.0,31635000.0,30356000.0,30356000.0,-21961000.0,23807000.0,0.152,42665000.0,82447000.0,103442000.0,1.951,4.482,80.353,80.75,6187473000.0,1279000.0,71.06,6.533,6.466,143227000.0,-193932000.0,199504000.0,199504000.0,0.0,,,,,1225000.0,4823000.0,1.0,72518069.0,72197000,84922000.0,2.763,7937097000.0,0.0,8000.0,0.0,109.937,
55,MAC,MRQ,2007-09-30,2007-09-30,2007-09-30,2021-08-07,-6776000.0,7459960000.0,,,,,18.5,-210656000.0,112059000.0,112059000.0,84482000.0,24364000.0,,4.129,5124479000.0,,,5124479000.0,0.0,59064000.0,0.0,0.032,0.71,77689000.0,136753000.0,0.677,136753000.0,77689000.0,21351000.0,0.27,0.27,0.27,1325938000.0,,1325938000.0,11298381651.0,27.0,17.296,-104557000.0,-1.459,1.0,117642000.0,0.582,0.0,56338000.0,12472380000.0,,0.0,848579000.0,,,5474270000.0,,,6294485651.0,-6184000.0,180308000.0,411000.0,-5015000.0,-67536000.0,-79308000.0,-32975000.0,188000.0,106099000.0,0.0,20922000.0,19366000.0,19366000.0,-1625000.0,3442000.0,0.096,56334000.0,61308000.0,92523000.0,2.63,4.747,36.791,36.34,6045958000.0,1556000.0,87.58,8.472,8.448,130131000.0,-298095000.0,202124000.0,202124000.0,0.0,,,,,3925000.0,1992000.0,1.0,71871268.0,71674000,84529000.0,2.82,7459960000.0,0.0,429000.0,0.0,104.082,
56,MAC,MRQ,2007-06-30,2007-06-30,2007-06-30,2021-08-07,10572000.0,7498814000.0,,,,,19.167,-117859000.0,119653000.0,119653000.0,80392000.0,19534000.0,,3.979,5123549000.0,,,5123549000.0,0.0,59292000.0,0.0,0.034,0.71,75533000.0,134825000.0,0.694,134825000.0,75533000.0,16807000.0,0.15,0.15,0.15,1370972000.0,,1370972000.0,10789153692.0,23.0,15.554,-72181000.0,-1.009,1.0,113932000.0,0.586,0.0,58726000.0,12502710000.0,,0.0,1016937000.0,,,5455702000.0,,,5907646692.0,1089000.0,15911000.0,0.0,127922000.0,-61367000.0,60064000.0,-104653000.0,402000.0,45678000.0,0.0,17594000.0,10900000.0,10900000.0,-247000.0,1940000.0,0.056,55786000.0,58146000.0,85307000.0,4.733,4.309,29.733,29.436,5914882000.0,6694000.0,82.42,7.951,7.935,120877000.0,-264360000.0,194324000.0,194324000.0,0.0,,,,,3801000.0,4412000.0,1.0,71677344.0,71528000,84552000.0,2.717,7498814000.0,0.0,-787000.0,0.0,104.837,
57,MAC,MRQ,2007-03-31,2007-03-31,2007-03-31,2021-08-07,-1115000.0,7391217000.0,,,,,19.409,-105618000.0,116672000.0,116672000.0,79771000.0,6721000.0,,3.824,4998179000.0,,,4998179000.0,0.0,55972000.0,0.0,0.03,0.71,69983000.0,125955000.0,0.653,125955000.0,69983000.0,5963000.0,0.05,0.05,0.05,1391017000.0,,1391017000.0,11302917159.0,23.0,15.737,-49324000.0,-0.688,1.0,113027000.0,0.586,0.0,64020000.0,12272724000.0,,0.0,1017761000.0,,,5318556000.0,,,6644849159.0,-221490000.0,33645000.0,-74437000.0,-2277000.0,-57487000.0,-200677000.0,-77107000.0,322000.0,56294000.0,0.0,6083000.0,3508000.0,3508000.0,-207000.0,638000.0,0.018,55000000.0,58027000.0,72995000.0,14.2,4.777,31.129,30.684,5806357000.0,2575000.0,92.36,8.959,8.924,115661000.0,-226886000.0,192798000.0,192798000.0,0.0,,,,,3393000.0,5373000.0,1.0,71945097.0,71669000,85034000.0,2.69,7391217000.0,0.0,-120000.0,0.0,103.13,
58,MAC,MRQ,2006-12-31,2006-12-31,2006-12-31,2021-08-07,2340000.0,7373676000.0,,,,,19.277,-330325000.0,335811000.0,335811000.0,55726000.0,172014000.0,,3.842,4993879000.0,,,4993879000.0,0.0,53150000.0,0.0,0.032,0.71,202554000.0,255704000.0,1.663,255704000.0,202554000.0,146132000.0,1.94,1.92,1.94,1379132000.0,,1379132000.0,10934387590.0,22.0,14.826,-257380000.0,-3.598,1.0,98037000.0,0.638,0.0,56422000.0,12031744000.0,,0.0,990024000.0,,,5298454000.0,,,6216606590.0,207388000.0,18039000.0,56000.0,144487000.0,-61293000.0,76726000.0,57717000.0,260000.0,72945000.0,0.0,146318000.0,137312000.0,137312000.0,-133447000.0,25696000.0,0.893,31908000.0,66129000.0,92326000.0,0.366,4.508,28.595,28.199,5617879000.0,9006000.0,86.57,8.293,8.179,122137000.0,-66974000.0,153763000.0,153763000.0,0.0,,,,,3074000.0,3992000.0,1.0,71810172.0,71543000,99584000.0,2.149,7373676000.0,0.0,-186000.0,0.0,103.066,
59,MAC,MRQ,2006-09-30,2006-09-30,2006-09-30,2021-08-07,1185000.0,7280523000.0,,,,,20.096,-151432000.0,134855000.0,134855000.0,81933000.0,62068000.0,,3.579,4852636000.0,,,4852636000.0,0.0,56119000.0,0.0,0.036,0.68,121055000.0,177174000.0,0.877,177174000.0,121055000.0,53702000.0,0.66,0.66,0.66,1436447000.0,,1436447000.0,10146170798.0,24.0,15.571,-96778000.0,-1.354,1.0,120144000.0,0.595,0.0,67353000.0,11998304000.0,,0.0,1032054000.0,,,5140851000.0,,,5483290798.0,16558000.0,19691000.0,27000.0,91800000.0,-61182000.0,19263000.0,-57359000.0,-30123000.0,54654000.0,0.0,53167000.0,46968000.0,46968000.0,-47776000.0,8901000.0,0.232,55555000.0,64589000.0,80768000.0,1.03,3.817,-129.095,-81.234,5675959000.0,6199000.0,76.36,7.562,7.527,108215000.0,-275435000.0,202077000.0,202077000.0,0.0,,,,,2188000.0,2551000.0,1.0,71808418.0,71479000,85021000.0,2.827,7280523000.0,0.0,535000.0,0.0,101.855,
60,MAC,MRQ,2006-06-30,2006-06-30,2006-06-30,2021-08-07,12193000.0,7185246000.0,,,,,20.213,-78474000.0,101297000.0,101297000.0,76123000.0,36412000.0,,3.485,4764177000.0,,,4764177000.0,0.0,59414000.0,0.0,0.038,0.68,100008000.0,159422000.0,0.826,159422000.0,100008000.0,31860000.0,0.36,0.36,0.36,1444359000.0,,1444359000.0,9776569785.0,26.0,15.985,-45814000.0,-0.641,1.0,116968000.0,0.606,0.0,68148000.0,11848126000.0,,0.0,996258000.0,,,5033819000.0,,,5039494785.0,-21319000.0,97191000.0,350000.0,-94936000.0,-87432000.0,-188235000.0,134256000.0,0.0,32660000.0,0.0,31642000.0,25672000.0,25672000.0,-29792000.0,4770000.0,0.133,59302000.0,57666000.0,69526000.0,1.889,3.489,-59.025,-45.882,5644885000.0,5970000.0,70.2,6.955,6.923,104956000.0,-273284000.0,193091000.0,193091000.0,0.0,,,,,1866000.0,3292000.0,1.0,71787675.0,71458000,85023000.0,2.702,7185246000.0,0.0,218000.0,0.0,100.552,
61,MAC,MRQ,2006-03-31,2006-03-31,2006-03-31,2021-08-07,7003000.0,7304366000.0,,,,,21.255,-262672000.0,125323000.0,125323000.0,76559000.0,14883000.0,,3.52,4862398000.0,,,4862398000.0,0.0,63537000.0,0.0,0.036,0.68,81671000.0,145208000.0,0.724,145208000.0,81671000.0,12890000.0,0.11,0.11,0.11,1461053000.0,,1461053000.0,10496756662.0,30.0,18.163,-211081000.0,-3.071,1.0,124133000.0,0.619,0.0,68781000.0,12041441000.0,,0.0,1075777000.0,,,5142313000.0,,,5281798662.0,-88305000.0,21556000.0,746835000.0,-558999000.0,-59512000.0,121454000.0,-261350000.0,0.0,51591000.0,0.0,13423000.0,7453000.0,7453000.0,-3836000.0,1460000.0,0.037,63609000.0,60524000.0,77000000.0,6.182,3.615,-50.639,-41.545,5671809000.0,5970000.0,73.95,7.356,7.079,85305000.0,-250057000.0,200692000.0,200692000.0,0.0,,,,,2479000.0,3698000.0,1.0,71423917.0,68738000,82518000.0,2.92,7304366000.0,0.0,-533000.0,0.0,106.264,
62,MAC,MRQ,2005-12-31,2005-12-31,2005-12-31,2021-08-07,87000.0,7178944000.0,,,,,13.809,-61552000.0,209772000.0,209772000.0,48173000.0,28418000.0,,6.931,5424730000.0,,,5424730000.0,0.0,56198000.0,0.0,0.039,0.68,113604000.0,169802000.0,1.314,169802000.0,113604000.0,57678000.0,-2.07,-2.06,-2.07,827108000.0,,827108000.0,9188451105.0,28.0,17.283,-11234000.0,-0.188,1.0,81065000.0,0.627,0.0,55926000.0,12393902000.0,,0.0,1077036000.0,,,5732806000.0,,,4024377105.0,86896000.0,25585000.0,228000.0,135747000.0,-54192000.0,73193000.0,-36615000.0,0.0,50318000.0,0.0,57504000.0,-122568000.0,-122568000.0,-4839000.0,-29086000.0,-0.948,29164000.0,51901000.0,81091000.0,-0.329,4.866,-42.989,-42.494,5438496000.0,180072000.0,67.14,6.096,6.029,93423000.0,-209005000.0,129238000.0,129238000.0,0.0,,,,,2188000.0,2169000.0,1.0,59940082.0,59897000,73726000.0,2.158,7178944000.0,0.0,174000.0,0.0,119.855,
63,MAC,MRQ,2005-09-30,2005-09-30,2005-09-30,2021-08-07,742000.0,7063037000.0,,,,,14.142,-55515000.0,128271000.0,128271000.0,81185000.0,11744000.0,,6.679,5292345000.0,,,5292345000.0,0.0,57944000.0,0.0,0.04,0.65,79232000.0,137176000.0,0.68,137176000.0,79232000.0,9172000.0,0.07,0.07,0.07,837866000.0,,837866000.0,9032418324.0,34.0,19.654,37624000.0,0.635,1.0,120405000.0,0.597,0.0,70060000.0,12227111000.0,,0.0,1076254000.0,,,5596053000.0,,,3876572324.0,-5561000.0,8807000.0,3561000.0,11802000.0,-51124000.0,-40751000.0,-57949000.0,0.0,93139000.0,0.0,10338000.0,4064000.0,4064000.0,-1101000.0,1406000.0,0.02,59621000.0,60784000.0,72645000.0,9.286,4.627,65.798,64.94,5409852000.0,6274000.0,64.94,5.979,5.934,77603000.0,-189793000.0,201590000.0,201590000.0,0.0,,,,,2017000.0,3420000.0,1.0,59694677.0,59247000,73660000.0,3.403,7063037000.0,0.0,-1166000.0,0.0,119.213,
64,MAC,MRQ,2005-06-30,2005-06-30,2005-06-30,2021-08-07,1115000.0,7081428000.0,,,,,14.67,-23944000.0,128159000.0,128159000.0,72046000.0,11313000.0,,6.432,5284005000.0,,,5284005000.0,0.0,54170000.0,0.0,0.038,0.65,71572000.0,125742000.0,0.674,125742000.0,71572000.0,10784000.0,0.11,0.11,0.11,866959000.0,,866959000.0,7205879918.0,29.0,17.358,7842000.0,0.133,1.0,114460000.0,0.614,0.0,60788000.0,12237274000.0,,0.0,1068415000.0,,,5576335000.0,,,3998287918.0,20690000.0,70451000.0,808000.0,1483000.0,-49610000.0,-50930000.0,39834000.0,0.0,31786000.0,0.0,11313000.0,6747000.0,6747000.0,64000.0,0.0,0.036,57371000.0,57089000.0,65976000.0,5.909,4.612,55.416,54.959,5392694000.0,4566000.0,67.05,6.932,6.87,75710000.0,-155313000.0,186506000.0,186506000.0,0.0,,,,,2456000.0,3865000.0,1.0,59631438.0,59099000,73616000.0,3.156,7081428000.0,0.0,-529000.0,0.0,119.823,
65,MAC,MRQ,2005-03-31,2005-03-31,2005-03-31,2021-08-07,1690000.0,4661984000.0,,,,,15.245,-30831000.0,69573000.0,69573000.0,58059000.0,20498000.0,,3.846,3277165000.0,,,3277165000.0,0.0,37653000.0,0.0,0.047,0.65,61946000.0,99599000.0,0.668,99599000.0,61946000.0,19989000.0,0.31,0.3,0.31,897371000.0,,897371000.0,6308895686.0,28.0,16.655,29222000.0,0.496,1.0,91114000.0,0.611,0.0,41957000.0,7869576000.0,,0.0,681288000.0,,,3450970000.0,,,3163240686.0,-19026000.0,-45507000.0,0.0,47726000.0,-47152000.0,-1861000.0,-77218000.0,0.0,60053000.0,0.0,20498000.0,18140000.0,18140000.0,-1288000.0,0.0,0.122,37503000.0,53611000.0,52651000.0,2.097,3.525,38.334,38.057,3589374000.0,2358000.0,53.28,6.079,6.027,68807000.0,-123605000.0,149173000.0,149173000.0,0.0,,,,,1625000.0,2652000.0,1.0,59370133.0,58865000,73284000.0,2.534,4661984000.0,0.0,-509000.0,0.0,79.198,
66,MAC,MRQ,2004-12-31,2004-12-31,2004-12-31,2021-08-07,1092000.0,4637096000.0,,,,,15.56,-275390000.0,84465000.0,84465000.0,50022000.0,52192000.0,,3.725,3230120000.0,,,3230120000.0,0.0,41120000.0,0.0,0.039,0.65,55925000.0,97045000.0,0.874,97045000.0,55925000.0,26856000.0,0.51,0.51,0.51,913533000.0,,913533000.0,6663145958.0,30.0,18.151,-228390000.0,-3.89,1.0,61067000.0,0.55,0.0,29069000.0,7782751000.0,,0.0,625166000.0,,,3403314000.0,,,3722421958.0,32487000.0,25498000.0,416000.0,237056000.0,-46290000.0,187658000.0,-202171000.0,0.0,47000000.0,0.0,32322000.0,29965000.0,29965000.0,-17399000.0,19870000.0,0.27,29768000.0,31299000.0,50113000.0,1.275,4.075,45.124,44.539,3574553000.0,2357000.0,62.8,7.517,7.424,72218000.0,-103489000.0,111089000.0,111089000.0,0.0,,,,,1725000.0,2993000.0,1.0,59274235.0,58711000,73237000.0,1.892,4637096000.0,0.0,-5466000.0,0.0,78.982,
67,MAC,MRQ,2004-09-30,2004-09-30,2004-09-30,2021-08-07,18000.0,4400373000.0,,,,,15.635,-136195000.0,52706000.0,52706000.0,43047000.0,19656000.0,,3.446,2993430000.0,,,2993430000.0,0.0,35646000.0,0.0,0.046,0.61,57096000.0,92742000.0,0.713,92742000.0,57096000.0,19656000.0,0.29,0.29,0.29,917369000.0,,917369000.0,5923643791.0,26.0,16.252,-58396000.0,-0.995,1.0,86960000.0,0.669,0.0,37440000.0,7341097000.0,,0.0,638152000.0,,,3161419000.0,,,3151679791.0,-47230000.0,5135000.0,1947000.0,73536000.0,-47145000.0,18788000.0,-143817000.0,0.0,77799000.0,0.0,19656000.0,17298000.0,17298000.0,-1034000.0,0.0,0.133,37571000.0,49389000.0,52867000.0,2.103,3.436,40.397,40.371,3382285000.0,2358000.0,53.29,6.058,6.01,63876000.0,-94983000.0,130007000.0,130007000.0,0.0,,,,,4511000.0,2788000.0,1.0,59142049.0,58673000,73209000.0,2.216,4400373000.0,0.0,0.0,0.0,74.998,
68,MAC,MRQ,2004-06-30,2004-06-30,2004-06-30,2021-08-07,375000.0,4277108000.0,,,,,16.002,-64049000.0,93382000.0,93382000.0,51477000.0,19327000.0,,3.235,2865346000.0,,,2865346000.0,0.0,35311000.0,0.0,0.05,0.61,54109000.0,89420000.0,0.687,89420000.0,54109000.0,19327000.0,0.29,0.29,0.29,933191000.0,,933191000.0,5472592640.0,23.0,14.76,-36645000.0,-0.628,1.0,78611000.0,0.604,0.0,34782000.0,7049072000.0,,0.0,634747000.0,,,3018670000.0,,,2805367640.0,13950000.0,-20515000.0,304000.0,117767000.0,-40981000.0,74877000.0,-88331000.0,0.0,27404000.0,0.0,19327000.0,17114000.0,17114000.0,-1593000.0,0.0,0.132,35335000.0,43276000.0,45409000.0,2.103,3.006,27.928,26.893,3236521000.0,2213000.0,47.87,5.529,5.502,71748000.0,-76109000.0,130088000.0,130088000.0,0.0,,,,,0.0,2270000.0,1.0,58603878.0,58318000,72945000.0,2.231,4277108000.0,0.0,0.0,0.0,73.341,
69,MAC,MRQ,2004-03-31,2004-03-31,2004-03-31,2021-08-07,-3525000.0,4207064000.0,,,,,16.232,-62895000.0,80937000.0,80937000.0,45999000.0,20328000.0,,3.092,2748162000.0,,,2748162000.0,0.0,34301000.0,0.0,0.044,0.61,53587000.0,87888000.0,0.709,87888000.0,53587000.0,20328000.0,0.31,0.31,0.31,947785000.0,,947785000.0,5809341416.0,23.0,15.588,-1901000.0,-0.033,1.0,77992000.0,0.629,0.0,33259000.0,6874289000.0,,0.0,607667000.0,,,2930968000.0,,,3173902416.0,32551000.0,14328000.0,6847000.0,65944000.0,-43301000.0,27060000.0,-55503000.0,0.0,60994000.0,0.0,20328000.0,18116000.0,18116000.0,-1893000.0,0.0,0.146,36343000.0,41649000.0,49681000.0,1.968,3.349,28.361,26.422,3226656000.0,2212000.0,53.9,6.429,6.375,68485000.0,-56464000.0,123991000.0,123991000.0,0.0,,,,,0.0,3024000.0,1.0,58885017.0,58390000,72987000.0,2.123,4207064000.0,0.0,0.0,0.0,72.051,
70,MAC,MRQ,2003-12-31,2003-12-31,2003-12-31,2021-08-07,-2335000.0,4145593000.0,,,,,16.507,-82577000.0,47160000.0,47160000.0,59062000.0,27848000.0,,2.995,2682598000.0,,,2682598000.0,0.0,35176000.0,0.0,0.052,0.61,59264000.0,94440000.0,0.694,94440000.0,59264000.0,27404000.0,0.43,0.45,0.43,953485000.0,,953485000.0,5112829494.0,20.0,13.919,-11607000.0,-0.201,1.0,77069000.0,0.566,0.0,31860000.0,6781031000.0,,0.0,607145000.0,,,2855559000.0,,,2568811494.0,-33979000.0,-15794000.0,3783000.0,43331000.0,-40735000.0,3315000.0,-108264000.0,0.0,70970000.0,0.0,27848000.0,25490000.0,25490000.0,-5039000.0,0.0,0.187,33295000.0,43774000.0,56894000.0,1.419,2.694,22.689,21.09,3186725000.0,2358000.0,44.5,5.312,4.939,73171000.0,-38541000.0,136131000.0,136131000.0,0.0,,,,,0.0,1740000.0,1.0,57726101.0,57761000,75420000.0,2.357,4145593000.0,0.0,-444000.0,0.0,71.771,
71,MAC,MRQ,2003-09-30,2003-09-30,2003-09-30,2021-08-07,-3042000.0,4030833000.0,,,,,17.669,-208751000.0,77652000.0,77652000.0,42728000.0,41796000.0,,2.928,2621670000.0,,,2621670000.0,0.0,25364000.0,0.0,0.06,0.57,73654000.0,99018000.0,0.845,99018000.0,73654000.0,41796000.0,0.75,0.72,0.75,944400000.0,,944400000.0,4354624072.0,16.0,11.8,-158788000.0,-2.971,1.0,74493000.0,0.635,0.0,31858000.0,6574851000.0,,0.0,597246000.0,,,2764865000.0,,,1985491072.0,-2061000.0,11268000.0,2147000.0,156851000.0,-36891000.0,120043000.0,-172067000.0,0.0,49963000.0,0.0,41796000.0,39729000.0,39729000.0,-22487000.0,0.0,0.339,26238000.0,48255000.0,50121000.0,0.76,2.102,16.416,14.921,3222753000.0,2067000.0,37.75,4.348,4.419,56269000.0,-26919000.0,117221000.0,117221000.0,0.0,,,,,0.0,1687000.0,1.0,52595790.0,53449000,75124000.0,2.193,4030833000.0,0.0,0.0,0.0,75.415,
72,MAC,MRQ,2003-06-30,2003-06-30,2003-06-30,2021-08-07,-3742000.0,3830091000.0,,,,,15.322,-38031000.0,79713000.0,79713000.0,42590000.0,33770000.0,,3.256,2448846000.0,,,2448846000.0,0.0,24575000.0,0.0,0.064,0.57,66751000.0,91326000.0,0.785,91326000.0,66751000.0,33770000.0,0.55,0.55,0.55,792063000.0,,792063000.0,4293397380.0,17.0,12.468,-22899000.0,-0.443,1.0,73740000.0,0.634,0.0,32981000.0,6199224000.0,,0.0,595261000.0,,,2579160000.0,,,1844057380.0,-26041000.0,616000.0,2182000.0,-38648000.0,-32109000.0,-76162000.0,34989000.0,0.0,15132000.0,0.0,33770000.0,28574000.0,28574000.0,-904000.0,0.0,0.246,15480000.0,58260000.0,52539000.0,1.036,2.328,19.852,16.649,3035130000.0,5196000.0,35.13,4.219,4.155,53704000.0,-36245000.0,116330000.0,116330000.0,0.0,,,,,0.0,2719000.0,1.0,52492382.0,51693000,65907000.0,2.25,3830091000.0,0.0,0.0,0.0,74.093,
73,MAC,MRQ,2003-03-31,2003-03-31,2003-03-31,2021-08-07,-4293000.0,3933848000.0,,,,,15.251,-33576000.0,105754000.0,105754000.0,38976000.0,24620000.0,,3.401,2555094000.0,,,2555094000.0,0.0,23914000.0,0.0,0.071,0.57,58628000.0,82542000.0,0.725,82542000.0,58628000.0,24620000.0,0.38,0.37,0.38,789593000.0,,789593000.0,3889331608.0,18.0,13.01,46111000.0,0.891,1.0,74919000.0,0.658,0.0,34008000.0,6383188000.0,,0.0,589741000.0,,,2685527000.0,,,1650982608.0,52195000.0,-62972000.0,2874000.0,110930000.0,-39870000.0,68507000.0,-95999000.0,0.0,79687000.0,0.0,24620000.0,19425000.0,19425000.0,-357000.0,0.0,0.171,25969000.0,48950000.0,51388000.0,1.5,2.091,26.189,20.98,3127902000.0,5195000.0,31.68,4.129,4.102,50124000.0,-35022000.0,113895000.0,113895000.0,0.0,,,,,0.0,2336000.0,1.0,52114350.0,51773000,65923000.0,2.2,3933848000.0,0.0,0.0,0.0,75.983,
74,MAC,MRQ,2002-12-31,2002-12-31,2002-12-31,2021-08-07,-4811000.0,3662080000.0,,,,,18.916,-58583000.0,53559000.0,53559000.0,40174000.0,38412000.0,,3.003,2291908000.0,,,2291908000.0,0.0,23608000.0,0.0,0.072,0.57,72539000.0,96147000.0,0.88,96147000.0,72539000.0,38412000.0,0.85,0.85,0.85,797798000.0,,797798000.0,3728959067.0,18.0,13.294,-26853000.0,-0.637,1.0,69028000.0,0.632,0.0,34127000.0,5900429000.0,,0.0,645738000.0,,,2395449000.0,,,1116561067.0,-9429000.0,3905000.0,424197000.0,-383550000.0,-38045000.0,-2629000.0,-38530000.0,0.0,31730000.0,0.0,38412000.0,33217000.0,33217000.0,-17172000.0,0.0,0.304,22195000.0,46833000.0,35750000.0,0.671,1.4,18.315,18.865,2842177000.0,5195000.0,30.75,3.077,3.165,49059000.0,-23870000.0,109202000.0,109202000.0,0.0,,,,,0.0,2005000.0,1.0,36310929.0,42175000,56297000.0,2.589,3662080000.0,0.0,0.0,0.0,86.831,
75,MAC,MRQ,2002-09-30,2002-09-30,2002-09-30,2021-08-07,-5173000.0,3588051000.0,,,,,11.45,-316434000.0,63165000.0,63165000.0,33462000.0,16870000.0,,6.654,2675563000.0,,,2675563000.0,0.0,21479000.0,0.0,0.071,0.55,52872000.0,74351000.0,0.761,74351000.0,52872000.0,16870000.0,0.33,0.32,0.33,414737000.0,,414737000.0,2704554803.0,14.0,10.077,-250318000.0,-6.911,1.0,64188000.0,0.657,0.0,36002000.0,6200449000.0,,0.0,629951000.0,,,2759749000.0,,,1123244803.0,3560000.0,-353417000.0,-22000.0,672657000.0,-24351000.0,630572000.0,-693128000.0,0.0,66116000.0,0.0,16870000.0,11674000.0,11674000.0,-14789000.0,0.0,0.12,22684000.0,41504000.0,46097000.0,1.667,2.708,17.754,16.929,2779423000.0,5196000.0,30.98,3.274,3.271,39568000.0,-35901000.0,97650000.0,97650000.0,0.0,,,,,0.0,1886000.0,1.0,36257095.0,36221000,50665000.0,2.696,3588051000.0,0.0,0.0,0.0,99.06,
76,MAC,MRQ,2002-06-30,2002-06-30,2002-06-30,2021-08-07,-5161000.0,2442001000.0,,,,,10.334,-166963000.0,59605000.0,59605000.0,27655000.0,3737000.0,,4.549,1640915000.0,,,1640915000.0,0.0,17126000.0,0.0,0.07,0.55,28772000.0,45898000.0,0.58,45898000.0,28772000.0,3737000.0,-0.05,-0.05,-0.05,374733000.0,,374733000.0,2541095945.0,14.0,10.065,-141226000.0,-3.895,1.0,51453000.0,0.65,0.0,25035000.0,4023311000.0,,0.0,260985000.0,,,1704695000.0,,,1123442945.0,-8961000.0,13439000.0,-251000.0,154687000.0,-23973000.0,124279000.0,-158977000.0,0.0,25737000.0,0.0,3737000.0,-1276000.0,-1276000.0,-4000.0,0.0,-0.016,22686000.0,28767000.0,37620000.0,-11.0,2.998,18.458,17.416,2024896000.0,5013000.0,31.0,3.426,3.428,34562000.0,-27658000.0,79108000.0,79108000.0,0.0,,,,,0.0,2011000.0,1.0,36240095.0,36262000,47415000.0,2.182,2442001000.0,0.0,0.0,0.0,67.343,
77,MAC,MRQ,2002-03-31,2002-03-31,2002-03-31,2021-08-07,-5492000.0,2309136000.0,,,,,11.352,-6810000.0,68566000.0,68566000.0,25698000.0,22363000.0,,3.921,1486219000.0,,,1486219000.0,0.0,16624000.0,0.0,0.072,0.55,47487000.0,64111000.0,0.833,64111000.0,47487000.0,22363000.0,0.5,0.5,0.5,394292000.0,,394292000.0,2583951152.0,13.0,9.858,32783000.0,0.944,1.0,51252000.0,0.666,0.0,25124000.0,3726789000.0,,0.0,275324000.0,,,1545938000.0,,,1086761152.0,42096000.0,9508000.0,52214000.0,-37449000.0,-22214000.0,-13100000.0,15603000.0,0.0,39593000.0,0.0,22363000.0,17350000.0,17350000.0,-288000.0,0.0,0.225,18194000.0,33058000.0,32617000.0,1.1,2.756,15.758,14.852,1872441000.0,5013000.0,30.15,3.305,3.185,35371000.0,-6551000.0,76950000.0,76950000.0,0.0,,,,,0.0,1533000.0,1.0,36045146.0,34734000,45887000.0,2.215,2309136000.0,0.0,0.0,0.0,66.481,
78,MAC,MRQ,2001-12-31,2001-12-31,2001-12-31,2021-08-07,-5820000.0,2294502000.0,,,,,10.278,-31399000.0,26470000.0,26470000.0,29292000.0,40533000.0,,4.54,1523660000.0,,,1523660000.0,0.0,16891000.0,0.0,0.08,0.55,67137000.0,84028000.0,0.94,84028000.0,67137000.0,40533000.0,1.05,1.05,1.05,348954000.0,,348954000.0,2462952627.0,13.0,9.721,9636000.0,0.284,1.0,60077000.0,0.672,0.0,26604000.0,3791692000.0,,0.0,278526000.0,,,1584226000.0,,,901899627.0,-1412000.0,9600000.0,0.0,-7281000.0,-27946000.0,-40825000.0,-1622000.0,0.0,41035000.0,0.0,40533000.0,35520000.0,35520000.0,-2236000.0,0.0,0.397,-6291000.0,66368000.0,32172000.0,0.524,2.585,15.541,15.465,1887329000.0,5013000.0,26.6,2.74,2.732,42537000.0,-4944000.0,89369000.0,89369000.0,0.0,,,,,0.0,2302000.0,1.0,33906001.0,33953000,45107000.0,2.632,2294502000.0,0.0,0.0,0.0,67.579,
79,MAC,MRQ,2001-09-30,2001-09-30,2001-09-30,2021-08-07,-6155000.0,2332021000.0,,,,,9.729,-14639000.0,27882000.0,27882000.0,28461000.0,14283000.0,,4.998,1588935000.0,,,1588935000.0,0.0,16601000.0,0.0,0.096,0.53,41832000.0,58433000.0,0.708,58433000.0,41832000.0,14283000.0,0.28,0.28,0.28,329533000.0,,329533000.0,2304655919.0,14.0,9.823,30522000.0,0.901,1.0,54020000.0,0.655,0.0,27549000.0,3893074000.0,,0.0,276087000.0,,,1647054000.0,,,749943919.0,518000.0,3164000.0,0.0,6851000.0,-19603000.0,-18533000.0,-26110000.0,0.0,45161000.0,0.0,14283000.0,9270000.0,9270000.0,-151000.0,0.0,0.112,17584000.0,36436000.0,33320000.0,1.893,2.276,19.036,19.052,1934233000.0,5013000.0,22.1,2.282,2.278,35988000.0,,82481000.0,82481000.0,0.0,,,,,0.0,963000.0,1.0,33934114.0,33871000,45025000.0,2.435,2332021000.0,0.0,0.0,0.0,68.85,
80,MAC,MRQ,2001-06-30,2001-06-30,2001-06-30,2021-08-07,-6489000.0,2321909000.0,,,,,9.957,-10429000.0,27364000.0,27364000.0,27677000.0,11657000.0,,4.84,1582076000.0,,,1582076000.0,0.0,16387000.0,0.0,0.085,0.53,39154000.0,55541000.0,0.694,55541000.0,39154000.0,11657000.0,0.2,0.2,0.2,336281000.0,,336281000.0,2374634820.0,14.0,10.323,22318000.0,0.661,1.0,52336000.0,0.654,0.0,27497000.0,3876621000.0,,0.0,271041000.0,,,1627587000.0,,,837006820.0,5602000.0,8246000.0,0.0,22677000.0,-30160000.0,-12604000.0,-14541000.0,0.0,32747000.0,0.0,11657000.0,6826000.0,6826000.0,-442000.0,0.0,0.085,18000000.0,34336000.0,27446000.0,2.65,2.489,22.443,22.752,1932654000.0,4831000.0,24.8,2.59,2.592,34327000.0,,80013000.0,80013000.0,0.0,,,,,0.0,1833000.0,1.0,33750275.0,33772000,44924000.0,2.369,2321909000.0,0.0,0.0,0.0,68.752,
81,MAC,MRQ,2001-03-31,2001-03-31,2001-03-31,2021-08-07,-9118000.0,2314114000.0,,,,,10.182,-11686000.0,21762000.0,21762000.0,24050000.0,11250000.0,,4.695,1559390000.0,,,1559390000.0,0.0,16104000.0,0.0,0.095,0.53,39246000.0,55350000.0,0.716,55350000.0,39246000.0,11250000.0,0.19,0.19,0.19,342529000.0,,342529000.0,2252846426.0,14.0,9.85,9877000.0,0.294,1.0,53239000.0,0.689,0.0,27996000.0,3851742000.0,,0.0,272661000.0,,,1608013000.0,,,738184426.0,-14511000.0,6534000.0,0.0,8447000.0,-23435000.0,-21028000.0,-15046000.0,0.0,21563000.0,0.0,11250000.0,6419000.0,6419000.0,-286000.0,0.0,0.083,18020000.0,35219000.0,31618000.0,2.789,2.155,19.393,19.775,1933533000.0,4831000.0,21.95,2.311,2.312,32759000.0,,77289000.0,77289000.0,0.0,,,,,0.0,1682000.0,1.0,33630270.0,33640000,44796000.0,2.298,2314114000.0,0.0,0.0,0.0,68.791,
82,MAC,MRQ,2000-12-31,2000-12-31,2000-12-31,2021-08-07,0.0,2337242000.0,,,,,10.662,-22220000.0,36273000.0,36273000.0,27833000.0,21894000.0,,4.436,1550935000.0,,,1550935000.0,0.0,17015000.0,0.0,0.107,0.53,48280000.0,65295000.0,0.735,65295000.0,48280000.0,21894000.0,0.49,0.49,0.49,362272000.0,,362272000.0,2138126372.0,13.0,9.418,12999000.0,0.383,1.0,61038000.0,0.687,0.0,26386000.0,3851904000.0,,0.0,273140000.0,,,1607134000.0,,,655815372.0,474000.0,5405000.0,0.0,32817000.0,-29769000.0,-2350000.0,-32395000.0,0.0,35219000.0,0.0,21894000.0,16881000.0,16881000.0,-1765000.0,0.0,0.19,19618000.0,41420000.0,38312000.0,1.082,1.81,17.271,17.288,1933584000.0,5013000.0,19.19,2.066,2.062,38922000.0,10314000.0,88871000.0,88871000.0,0.0,,,,,0.0,1477000.0,1.0,34174850.0,33978000,44948000.0,2.616,2337242000.0,0.0,0.0,0.0,68.787,
83,MAC,MRQ,2000-09-30,2000-09-30,2000-09-30,2021-08-07,0.0,2312987000.0,,,,,17.233,-15384000.0,35799000.0,35799000.0,25123000.0,11817000.0,,2.676,1518110000.0,,,1518110000.0,0.0,15064000.0,0.0,0.096,0.51,38779000.0,53843000.0,0.7,53843000.0,38779000.0,11817000.0,0.21,0.21,0.21,588705000.0,,588705000.0,2204408212.0,9.0,7.516,21955000.0,0.643,1.0,51816000.0,0.673,0.0,26962000.0,3795298000.0,,0.0,268684000.0,,,1575437000.0,,,726002212.0,845000.0,9392000.0,0.0,4725000.0,-19585000.0,-19508000.0,-16986000.0,0.0,37339000.0,0.0,11817000.0,7169000.0,7169000.0,0.0,0.0,0.093,17104000.0,34712000.0,34933000.0,2.429,1.233,6.917,6.877,1924403000.0,4648000.0,21.25,2.318,2.318,27978000.0,11790000.0,76939000.0,76939000.0,0.0,,,,,0.0,851000.0,1.0,34164810.0,34162000,45106000.0,2.252,2312987000.0,0.0,0.0,0.0,67.706,
84,MAC,MRQ,2000-06-30,2000-06-30,2000-06-30,2021-08-07,0.0,2310156000.0,,,,,17.539,-6699000.0,34954000.0,34954000.0,24208000.0,12244000.0,,2.604,1513360000.0,,,1513360000.0,0.0,15040000.0,0.0,0.091,0.51,39192000.0,54232000.0,0.711,54232000.0,39192000.0,12244000.0,0.22,0.22,0.22,598930000.0,,598930000.0,2286246853.0,10.0,7.646,16581000.0,0.486,1.0,52046000.0,0.683,0.0,26948000.0,3788562000.0,,0.0,270724000.0,,,1559702000.0,,,753985853.0,4198000.0,78814000.0,0.0,-49649000.0,-25286000.0,-79584000.0,60502000.0,0.0,23280000.0,0.0,12244000.0,7595000.0,7595000.0,0.0,0.0,0.1,16858000.0,35188000.0,23875000.0,2.318,1.259,7.052,7.032,1921806000.0,4649000.0,22.08,2.36,2.36,27342000.0,22243000.0,76254000.0,76254000.0,0.0,,,,,0.0,1712000.0,1.0,34147910.0,34149000,44796000.0,2.233,2310156000.0,0.0,0.0,0.0,67.649,
85,MAC,MRQ,2000-03-31,2000-03-31,2000-03-31,2021-08-07,0.0,2382249000.0,,,,,17.862,-6144000.0,30756000.0,30756000.0,23900000.0,10974000.0,,2.659,1563017000.0,,,1563017000.0,0.0,14528000.0,0.0,0.096,0.51,39125000.0,53653000.0,0.712,53653000.0,39125000.0,10974000.0,0.19,0.19,0.19,608928000.0,,608928000.0,2224309663.0,9.0,7.364,19238000.0,0.564,1.0,51403000.0,0.683,0.0,28151000.0,3914510000.0,,0.0,343152000.0,,,1619277000.0,,,703637663.0,-9699000.0,6506000.0,0.0,1882000.0,-23277000.0,-26043000.0,-9038000.0,0.0,25382000.0,0.0,10974000.0,6326000.0,6326000.0,0.0,0.0,0.084,15999000.0,35404000.0,29610000.0,2.684,1.156,6.497,6.467,1926340000.0,4648000.0,20.63,2.172,2.171,28155000.0,32308000.0,75303000.0,75303000.0,0.0,,,,,0.0,1469000.0,1.0,34107497.0,34091000,45350000.0,2.209,2382249000.0,0.0,0.0,0.0,69.879,
86,MAC,MRQ,1999-12-31,1999-12-31,1999-12-31,2021-08-07,0.0,2404293000.0,,,,,11.778,-171975000.0,40455000.0,40455000.0,27790000.0,88422000.0,,4.053,1561127000.0,,,1561127000.0,0.0,14949000.0,0.0,0.094,0.51,116602000.0,131551000.0,1.554,131551000.0,116602000.0,88422000.0,2.47,2.2,2.47,401254000.0,,401254000.0,2403383689.0,10.0,7.913,-129369000.0,-3.797,1.0,56886000.0,0.672,0.0,28180000.0,3924965000.0,,0.0,342935000.0,,,1626408000.0,,,709006689.0,17130000.0,66309000.0,0.0,45416000.0,-114259000.0,-11151000.0,-14325000.0,0.0,42606000.0,0.0,88422000.0,83865000.0,83865000.0,0.0,0.0,0.99,-79465000.0,136351000.0,39432000.0,0.206,1.767,6.395,6.383,1931415000.0,4557000.0,20.81,2.165,2.161,34423000.0,43514000.0,84676000.0,84676000.0,0.0,,,,,0.0,1405000.0,1.0,34070480.0,34067000,60893000.0,2.486,2404293000.0,0.0,0.0,0.0,70.575,
87,MAC,MRQ,1999-09-30,1999-09-30,1999-09-30,2021-08-07,0.0,2486237000.0,,,,,16.33,-14845000.0,23325000.0,23325000.0,25316000.0,13865000.0,,3.192,1717702000.0,,,1717702000.0,0.0,15895000.0,0.0,0.084,0.485,43678000.0,59573000.0,0.716,59573000.0,43678000.0,13865000.0,0.26,0.26,0.26,555524000.0,,555524000.0,2455784618.0,11.0,8.506,23224000.0,0.683,1.0,57928000.0,0.696,0.0,29813000.0,4180614000.0,,0.0,317586000.0,,,1773204000.0,,,787148618.0,-1285000.0,-12255000.0,0.0,24448000.0,0.0,-3092000.0,-36262000.0,0.0,38069000.0,0.0,13865000.0,9125000.0,9125000.0,0.0,0.0,0.11,16973000.0,40955000.0,31213000.0,1.865,1.417,19.308,18.805,1975841000.0,4740000.0,23.13,2.393,2.392,113734000.0,,83244000.0,83244000.0,0.0,,,,,0.0,1240000.0,1.0,34031501.0,34019000,46286000.0,2.447,2486237000.0,0.0,0.0,0.0,73.084,
88,MAC,MRQ,1999-06-30,1999-06-30,1999-06-30,2021-08-07,0.0,2466670000.0,,,,,16.545,-12114000.0,24610000.0,24610000.0,23956000.0,13406000.0,,3.098,1693246000.0,,,1693246000.0,0.0,15286000.0,0.0,0.073,0.485,42008000.0,57294000.0,0.71,57294000.0,42008000.0,13406000.0,0.27,0.27,0.27,562783000.0,,562783000.0,2483247140.0,13.0,9.712,24508000.0,0.721,1.0,56719000.0,0.703,0.0,28602000.0,4135306000.0,,0.0,300390000.0,,,1743269000.0,,,892129140.0,731000.0,-65766000.0,0.0,78240000.0,0.0,52024000.0,-87915000.0,0.0,36622000.0,0.0,13406000.0,8986000.0,8986000.0,0.0,0.0,0.111,16726000.0,39993000.0,21900000.0,1.796,1.585,24.63,23.864,1973543000.0,4420000.0,26.25,2.781,2.783,111657000.0,,80675000.0,80675000.0,0.0,,,,,0.0,1440000.0,1.0,33985872.0,34015000,46007000.0,2.372,2466670000.0,0.0,0.0,0.0,72.517,
89,MAC,MRQ,1999-03-31,1999-03-31,1999-03-31,2021-08-07,0.0,2401653000.0,,,,,16.806,-18190000.0,23879000.0,23879000.0,23265000.0,13318000.0,,2.927,1614997000.0,,,1614997000.0,0.0,15253000.0,0.0,0.083,0.485,40071000.0,55324000.0,0.702,55324000.0,40071000.0,13318000.0,0.26,0.26,0.26,570168000.0,,570168000.0,2252183941.0,14.0,10.133,4089000.0,0.121,1.0,55584000.0,0.705,0.0,26753000.0,3992771000.0,,0.0,301595000.0,,,1668700000.0,,,770208941.0,-1264000.0,-75243000.0,0.0,107714000.0,0.0,81183000.0,-104726000.0,0.0,22279000.0,0.0,13318000.0,8897000.0,8897000.0,0.0,0.0,0.113,16656000.0,38928000.0,25908000.0,1.865,1.351,22.258,21.206,1973522000.0,4421000.0,22.69,2.554,2.553,39833000.0,,78849000.0,78849000.0,0.0,,,,,0.0,1403000.0,1.0,33944863.0,33927000,46565000.0,2.324,2401653000.0,0.0,0.0,0.0,70.789,
90,MAC,MRQ,1998-12-31,1998-12-31,1998-12-31,2021-08-07,0.0,2322056000.0,,,,,17.627,-115401000.0,25143000.0,25143000.0,27856000.0,18408000.0,,2.735,1507118000.0,,,1507118000.0,0.0,14222000.0,0.0,0.073,0.485,102286000.0,116508000.0,1.352,116508000.0,102286000.0,18408000.0,0.44,0.44,0.44,577413000.0,,577413000.0,2220108312.0,16.0,11.768,-113051000.0,-3.451,1.0,58344000.0,0.677,0.0,83878000.0,3804031000.0,,0.0,230022000.0,,,1579119000.0,,,833025312.0,8241000.0,20573000.0,33995000.0,103438000.0,-77998000.0,111210000.0,-105319000.0,0.0,2350000.0,0.0,18408000.0,13759000.0,13759000.0,0.0,0.0,0.16,-43069000.0,101413000.0,35074000.0,1.102,1.443,25.609,24.179,1966845000.0,4649000.0,25.63,2.935,2.781,37373000.0,,86200000.0,86200000.0,0.0,,,,,0.0,1254000.0,1.0,32501963.0,32758000,45752000.0,2.631,2322056000.0,0.0,0.0,0.0,70.885,
91,MAC,MRQ,1998-09-30,1998-09-30,1998-09-30,2021-08-07,0.0,2204301000.0,,,,,16.871,-301989000.0,16902000.0,16902000.0,24134000.0,8771000.0,,2.721,1403985000.0,,,1403985000.0,0.0,15312000.0,0.0,0.068,0.46,11243000.0,26555000.0,0.354,26555000.0,11243000.0,8771000.0,0.13,0.13,0.13,548502000.0,,548502000.0,1965190725.0,20.0,13.112,-270390000.0,-8.317,1.0,50945000.0,0.679,0.0,2472000.0,3591384000.0,,0.0,229474000.0,,,1492700000.0,,,872765725.0,-79464000.0,51986000.0,-189000.0,175490000.0,0.0,150907000.0,-261970000.0,0.0,31599000.0,0.0,8771000.0,4579000.0,4579000.0,0.0,0.0,0.061,38670000.0,12275000.0,28179000.0,3.538,1.591,33.54,29.867,1862142000.0,4192000.0,26.88,3.367,3.372,27951000.0,,75079000.0,75079000.0,0.0,,,,,0.0,942000.0,1.0,32468963.0,32512000,45396000.0,2.309,2204301000.0,0.0,0.0,0.0,67.8,
92,MAC,MRQ,1998-06-30,1998-06-30,1998-06-30,2021-08-07,0.0,1957382000.0,,,,,18.062,-94442000.0,96366000.0,96366000.0,19279000.0,9425000.0,,2.228,1188791000.0,,,1188791000.0,0.0,11895000.0,0.0,0.062,0.46,11981000.0,23876000.0,0.389,23876000.0,11981000.0,9425000.0,0.24,0.24,0.24,556259000.0,,556259000.0,2077586786.0,22.0,15.07,-70632000.0,-2.293,1.0,42128000.0,0.686,0.0,2556000.0,3049807000.0,,0.0,279903000.0,,,1239443000.0,,,896430786.0,77640000.0,-25522000.0,242459000.0,-41166000.0,0.0,179664000.0,-125834000.0,0.0,23810000.0,0.0,9425000.0,7368000.0,7368000.0,0.0,0.0,0.12,31119000.0,11009000.0,5601000.0,1.917,1.612,38.452,34.893,1522107000.0,2057000.0,29.31,3.717,3.743,23967000.0,,61407000.0,61407000.0,0.0,,,,,0.0,1153000.0,1.0,30584469.0,30797000,43457000.0,1.994,1957382000.0,0.0,0.0,0.0,63.558,
93,MAC,MRQ,1998-03-31,1998-03-31,1998-03-31,2021-08-07,0.0,1738029000.0,,,,,12.999,-10448000.0,18726000.0,18726000.0,18722000.0,7471000.0,,3.551,1199882000.0,,,1199882000.0,0.0,11712000.0,0.0,0.061,0.46,9998000.0,21710000.0,0.355,21710000.0,9998000.0,7471000.0,0.25,0.25,0.25,352959000.0,,352959000.0,1957546710.0,22.0,14.72,16969000.0,0.625,1.0,42453000.0,0.694,0.0,2527000.0,2919185000.0,,0.0,249224000.0,,,1253528000.0,,,859741710.0,-6428000.0,-251505000.0,174563000.0,76915000.0,0.0,234179000.0,-268024000.0,0.0,27417000.0,0.0,7471000.0,6822000.0,6822000.0,0.0,0.0,0.112,30785000.0,11668000.0,2624000.0,1.84,2.436,38.872,35.417,1407686000.0,649000.0,29.75,3.704,3.481,23826000.0,,61175000.0,61175000.0,0.0,,,,,0.0,1024000.0,1.0,28898881.0,27153000,39907000.0,2.253,1738029000.0,0.0,0.0,0.0,64.009,
94,MAC,MRQ,1997-12-31,1997-12-31,1997-12-31,2021-08-07,0.0,1505002000.0,,,,,8.354,-52908000.0,25154000.0,25154000.0,19071000.0,7253000.0,,5.494,1122959000.0,,,1122959000.0,0.0,11720000.0,0.0,0.062,0.46,66012000.0,77732000.0,1.263,77732000.0,66012000.0,7253000.0,0.28,0.28,0.28,216295000.0,,216295000.0,,,,-29791000.0,-1.151,1.0,42459000.0,0.69,0.0,58759000.0,2602807000.0,,0.0,7969000.0,,,1188244000.0,,,823618108.0,12334000.0,5486000.0,0.0,58415000.0,-65844000.0,41446000.0,-52229000.0,0.0,23117000.0,0.0,7253000.0,7253000.0,7253000.0,0.0,0.0,0.118,-27374000.0,69833000.0,32444000.0,1.643,3.808,37.359,33.529,1407179000.0,0.0,28.5,3.723,3.336,26801000.0,,61530000.0,61530000.0,0.0,,,,,0.0,659000.0,1.0,28898881.0,25891000,38403000.0,2.377,1505002000.0,0.0,0.0,0.0,58.128,
95,MAC,MRQ,1997-09-30,1997-09-30,1997-09-30,2021-08-07,,,,,,,,-97459000.0,,,19896000.0,1870000.0,,,,,,,,10134000.0,,0.061,0.44,4408000.0,14542000.0,0.255,14542000.0,4408000.0,1870000.0,0.07,0.07,0.07,,,,,,,-79978000.0,-3.081,1.0,37136000.0,0.651,,2538000.0,,,,,,,,,,,4437000.0,-6548000.0,0.0,97077000.0,0.0,80491000.0,-93535000.0,0.0,17481000.0,0.0,1870000.0,1870000.0,1870000.0,0.0,0.0,0.033,23125000.0,14011000.0,,6.286,,,,,0.0,29.0,,,,,57032000.0,57032000.0,0.0,,,,,0.0,910000.0,1.0,,25956000,38444000.0,2.197,,,0.0,,,
96,MAC,MRQ,1997-06-30,1997-06-30,1997-06-30,2021-08-07,,,,,,,,-4550000.0,,,16173000.0,6172000.0,,,,,,,,10207000.0,,0.063,0.44,8792000.0,18999000.0,0.363,18999000.0,8792000.0,6172000.0,0.24,0.24,0.24,,,,,,,8516000.0,0.328,1.0,36177000.0,0.691,,2620000.0,,,,,,,,,,,-1245000.0,2201000.0,0.0,10236000.0,0.0,-5791000.0,-8520000.0,0.0,13066000.0,0.0,6172000.0,6172000.0,6172000.0,0.0,0.0,0.118,24424000.0,11753000.0,,1.833,,,,,0.0,27.75,,,,,52350000.0,52350000.0,0.0,,,,,0.0,440000.0,1.0,,25953000,38480000.0,2.017,,,0.0,,,
97,MAC,MRQ,1997-03-31,1997-03-31,1997-03-31,2021-08-07,,,,,,,,-57741000.0,,,15761000.0,6751000.0,,,,,,,,9474000.0,,0.061,0.44,9241000.0,18715000.0,0.372,18715000.0,9241000.0,6751000.0,0.26,0.26,0.26,,,,,,,-32929000.0,-1.276,1.0,34541000.0,0.687,,2490000.0,,,,,,,,,,,-6015000.0,-741000.0,0.0,46157000.0,0.0,29895000.0,-60722000.0,0.0,24812000.0,0.0,6751000.0,6751000.0,6751000.0,0.0,0.0,0.134,22500000.0,12041000.0,,1.692,,,,,0.0,28.0,,,,,50302000.0,50302000.0,0.0,,,,,0.0,750000.0,1.0,,25799000,38325000.0,1.95,,,0.0,,,
98,MAC,MRQ,1996-12-31,1996-12-31,1996-12-31,2021-08-07,0.0,1187753000.0,,,,,11.441,,15643000.0,15643000.0,,,,3.524,789239000.0,,,789239000.0,0.0,,0.0,0.065,0.44,,,,,,,,,,237749000.0,,237749000.0,,,,,,1.0,,,0.0,,1961349000.0,,0.0,16429000.0,,,837762000.0,,,,,,,,,,,,,,,,,,,,,,4627000.0,,,,28.703,1108668000.0,,26.12,,3.501,26297000.0,,,,,,,,,,,1.0,,20781000,,,1187753000.0,0.0,,0.0,57.156,
0,MAC,MRT,2021-06-30,2021-06-30,2021-06-30,2021-08-07,-2775000.0,8643452000.0,9170082250.0,,,0.086,14.427,-68404000.0,263326000.0,263326000.0,358854000.0,-299258000.0,,1.858,5103402000.0,,,5103402000.0,0.0,322910000.0,0.0,0.033,0.6,-229848000.0,93062000.0,0.118,93062000.0,-229848000.0,-277290000.0,-1.91,-1.91,-1.91,2968494000.0,2630941750.0,2968494000.0,8853705807.0,-39.0,95.138,184842000.0,0.898,1.0,427530000.0,0.544,0.0,47442000.0,13483528000.0,14494701750.0,0.0,1370299000.0,,,5516506000.0,,,3768957807.0,-244338000.0,-85463000.0,792699000.0,-1157753000.0,-117867000.0,-508768000.0,11184000.0,1300000.0,253246000.0,0.0,-287978000.0,-287978000.0,-287978000.0,0.0,-11280000.0,-0.366,370722000.0,56808000.0,51514000.0,-0.314,1.27,-13.088,-9.555,6547798000.0,0.0,18.25,4.793,4.775,191066000.0,-2469336000.0,786384000.0,786384000.0,0.0,-0.031,-0.109,-0.016,-0.292,13810000.0,30042000.0,1.0,206518236.0,205757000,205757000.0,3.822,8643452000.0,0.0,10688000.0,0.0,42.008,
1,MAC,MRT,2021-03-31,2021-03-31,2021-03-31,2021-08-07,-5514000.0,9669584000.0,9316306250.0,,,0.08,17.87,-63525000.0,1151068000.0,1151068000.0,349769000.0,-321923000.0,,2.354,6235816000.0,,,6235816000.0,0.0,323043000.0,0.0,0.047,0.55,-251830000.0,71213000.0,0.095,71213000.0,-251830000.0,-299272000.0,-2.03,-2.03,-2.03,2833896000.0,2514417500.0,2833896000.0,7591071963.0,-30.0,106.597,63831000.0,0.403,1.0,399729000.0,0.533,0.0,47442000.0,14754332000.0,14843804750.0,0.0,1356426000.0,,,6672279000.0,,,1810785963.0,487961000.0,-140383000.0,598538000.0,-51078000.0,-91860000.0,448305000.0,-87700000.0,1300000.0,127356000.0,0.0,-301329000.0,-301329000.0,-301329000.0,0.0,-20594000.0,-0.402,374949000.0,24780000.0,59316000.0,-0.271,0.639,-6.009,-5.764,6635240000.0,0.0,11.7,2.416,2.476,233060000.0,-2426555000.0,749498000.0,749498000.0,0.0,-0.032,-0.12,-0.017,-0.336,13649000.0,31605000.0,1.0,154768031.0,158580000,158580000.0,4.726,9669584000.0,0.0,2057000.0,0.0,60.976,
2,MAC,MRT,2020-12-31,2020-12-31,2020-12-31,2021-08-07,-8208000.0,9184005000.0,9223822250.0,,,0.085,15.435,-68304000.0,482659000.0,482659000.0,347979000.0,-245462000.0,,2.986,6262945000.0,,,6262945000.0,0.0,326058000.0,0.0,0.108,1.15,-155100000.0,170958000.0,0.217,170958000.0,-155100000.0,-230650000.0,-1.58,-1.58,-1.58,2257049000.0,2439441250.0,2257049000.0,7188238839.0,-46.0,42.047,56533000.0,0.387,1.0,438047000.0,0.557,0.0,75550000.0,14964291000.0,14865382250.0,0.0,1340647000.0,,,6738745000.0,,,1594870839.0,368443000.0,-148228000.0,1531000.0,628609000.0,-179862000.0,446454000.0,-202848000.0,0.0,124837000.0,0.0,-230203000.0,-230203000.0,-230203000.0,0.0,-15259000.0,-0.293,418070000.0,19977000.0,68825000.0,-0.728,0.707,-6.928,-6.753,6812934000.0,0.0,10.67,2.029,1.985,240806000.0,-2339619000.0,786026000.0,786026000.0,0.0,-0.025,-0.094,-0.01,-0.197,13843000.0,30339000.0,1.0,149472431.0,146232000,146232000.0,5.375,9184005000.0,0.0,-447000.0,0.0,62.804,
3,MAC,MRT,2020-09-30,2020-09-30,2020-09-30,2021-08-07,-10889000.0,9183288000.0,9141213750.0,,,0.091,16.47,-126312000.0,541801000.0,541801000.0,350222000.0,-10879000.0,,2.652,6135169000.0,,,6135169000.0,0.0,332221000.0,0.0,0.258,1.75,71481000.0,403702000.0,0.485,403702000.0,71481000.0,-13692000.0,-0.09,-0.09,-0.09,2464328000.0,2533244500.0,2464328000.0,6666450306.0,93.0,16.513,21995000.0,0.147,1.0,483002000.0,0.58,0.0,85173000.0,14776656000.0,14708667500.0,0.0,1569887000.0,,,6534751000.0,,,1014858306.0,434533000.0,-145437000.0,1552000.0,810761000.0,-270345000.0,537625000.0,-251399000.0,3028000.0,148307000.0,0.0,-12894000.0,-12894000.0,-12894000.0,0.0,2015000.0,-0.015,338266000.0,144736000.0,71939000.0,-19.444,0.412,-78.708,-75.444,6572911000.0,0.0,6.79,1.218,1.219,251562000.0,-2126749000.0,833224000.0,833224000.0,0.0,-0.001,-0.005,0.005,0.086,13267000.0,28451000.0,1.0,149463668.0,149626000,149626000.0,5.569,9183288000.0,0.0,-798000.0,0.0,61.375,
4,MAC,MRT,2020-06-30,2020-06-30,2020-06-30,2021-08-07,-13701000.0,9228348000.0,9039385000.0,,,0.097,17.365,-165169000.0,507664000.0,507664000.0,358971000.0,61768000.0,,2.613,6159256000.0,,,6159256000.0,0.0,336047000.0,0.0,0.262,2.35,117230000.0,453277000.0,0.516,453277000.0,117230000.0,54442000.0,0.39,0.39,0.39,2502397000.0,2593965250.0,2502397000.0,6810562833.0,58.0,15.025,9528000.0,0.066,1.0,519536000.0,0.591,0.0,62788000.0,14879940000.0,14541841750.0,0.0,1568878000.0,,,6539789000.0,,,1269568833.0,359236000.0,-37190000.0,1552000.0,743964000.0,-360518000.0,382769000.0,-198230000.0,3250000.0,174697000.0,0.0,55668000.0,55668000.0,55668000.0,0.0,6100000.0,0.063,352061000.0,167475000.0,58672000.0,6.026,0.507,22.806,23.0,6639198000.0,0.0,8.97,1.445,1.471,247868000.0,-2082082000.0,878507000.0,878507000.0,0.0,0.006,0.021,0.008,0.133,12092000.0,26147000.0,1.0,141534987.0,144102000,144102000.0,6.096,9228348000.0,0.0,-1226000.0,0.0,64.04,
5,MAC,MRT,2020-03-31,2020-03-31,2020-03-31,2021-08-07,-15446000.0,9299648000.0,8968322750.0,,,0.103,17.916,-179073000.0,663107000.0,663107000.0,366204000.0,102442000.0,,2.595,6204101000.0,,,6204101000.0,0.0,338261000.0,0.0,0.533,3.0,197392000.0,535653000.0,0.577,535653000.0,197392000.0,97495000.0,0.68,0.68,0.68,2533991000.0,2659402000.0,2533991000.0,6279361838.0,32.0,11.723,126944000.0,0.898,1.0,561688000.0,0.605,0.0,99897000.0,14840642000.0,14409071500.0,0.0,1540826000.0,,,6575288000.0,,,795500838.0,509032000.0,22923000.0,1519000.0,827279000.0,-474810000.0,355228000.0,-152213000.0,3471000.0,306017000.0,0.0,96518000.0,96518000.0,96518000.0,0.0,5924000.0,0.104,359558000.0,202130000.0,66991000.0,4.412,0.314,8.242,8.279,6701712000.0,0.0,5.63,0.857,0.858,143355000.0,-2042688000.0,927892000.0,927892000.0,0.0,0.011,0.036,0.014,0.213,10737000.0,22494000.0,1.0,141296774.0,141437000,141437000.0,6.56,9299648000.0,0.0,977000.0,0.0,65.751,
6,MAC,MRT,2019-12-31,2019-12-31,2019-12-31,2021-08-07,-9051000.0,8853571000.0,8894141000.0,,,0.104,18.624,-187905000.0,114216000.0,114216000.0,367953000.0,102554000.0,,2.288,5598077000.0,,,5598077000.0,0.0,337667000.0,0.0,0.111,3.0,236663000.0,574330000.0,0.619,574330000.0,236663000.0,98409000.0,0.68,0.68,0.68,2632262000.0,2739582500.0,2632262000.0,9136244110.0,39.0,15.908,167252000.0,1.183,1.0,559509000.0,0.603,0.0,138254000.0,14337432000.0,14285458750.0,0.0,1519697000.0,,,6022601000.0,,,3802864110.0,-35085000.0,13446000.0,1519000.0,199494000.0,-474534000.0,-278216000.0,-112026000.0,68819000.0,355157000.0,0.0,96820000.0,96820000.0,96820000.0,0.0,5734000.0,0.104,365269000.0,194240000.0,51027000.0,4.412,1.445,39.278,39.588,6791600000.0,0.0,26.92,4.1,4.102,150192000.0,-1944012000.0,927462000.0,927462000.0,0.0,0.011,0.035,0.017,0.255,12032000.0,22634000.0,1.0,141265383.0,141340000,141340000.0,6.562,8853571000.0,0.0,1589000.0,0.0,62.64,
7,MAC,MRT,2019-09-30,2019-09-30,2019-09-30,2021-08-07,-10946000.0,8775973000.0,8937450250.0,,,0.104,19.15,-197067000.0,107268000.0,107268000.0,361094000.0,86061000.0,,2.168,5440648000.0,,,5440648000.0,0.0,340590000.0,0.0,0.095,3.0,218326000.0,558916000.0,0.599,558916000.0,218326000.0,81576000.0,0.57,0.57,0.57,2707211000.0,2819075000.0,2707211000.0,9867333449.0,45.0,17.654,172060000.0,1.217,1.0,571401000.0,0.613,0.0,136750000.0,14109353000.0,14260713750.0,0.0,1436788000.0,,,5868204000.0,,,4462573449.0,-36832000.0,79571000.0,1583000.0,138380000.0,-473567000.0,-342698000.0,-63261000.0,66005000.0,369127000.0,0.0,81678000.0,81678000.0,81678000.0,0.0,4383000.0,0.088,402866000.0,168535000.0,61348000.0,5.263,1.648,54.636,55.421,6814762000.0,0.0,31.59,4.786,4.789,139356000.0,-1864807000.0,932495000.0,932495000.0,0.0,0.009,0.029,0.015,0.234,14478000.0,22581000.0,1.0,141265383.0,141368000,141368000.0,6.596,8775973000.0,0.0,-102000.0,0.0,62.079,
8,MAC,MRT,2019-06-30,2019-06-30,2019-06-30,2021-08-07,-10792000.0,8944099000.0,8996139500.0,,,0.105,19.556,-195261000.0,148428000.0,148428000.0,362717000.0,117277000.0,,2.162,5553188000.0,,,5553188000.0,0.0,339635000.0,0.0,0.089,2.99,275899000.0,615534000.0,0.652,615534000.0,275899000.0,109021000.0,0.76,0.76,0.76,2764144000.0,2903384250.0,2764144000.0,10073350145.0,37.0,16.365,149278000.0,1.056,1.0,580849000.0,0.616,0.0,166878000.0,14348859000.0,14264386500.0,0.0,1517771000.0,,,5974729000.0,,,4730080145.0,5916000.0,-23284000.0,1583000.0,253742000.0,-471442000.0,-225924000.0,-112699000.0,65994000.0,344539000.0,0.0,109335000.0,109335000.0,109335000.0,0.0,7942000.0,0.116,355389000.0,225460000.0,52894000.0,3.934,1.711,43.262,44.066,6842701000.0,0.0,33.49,5.013,5.017,135056000.0,-1805097000.0,943566000.0,943566000.0,0.0,0.012,0.038,0.019,0.292,15710000.0,22735000.0,1.0,141238583.0,141344000,141344000.0,6.676,8944099000.0,0.0,-314000.0,0.0,63.279,
9,MAC,MRT,2019-03-31,2019-03-31,2019-03-31,2021-08-07,-6511000.0,9002921000.0,9038919000.0,,,0.105,20.209,-220104000.0,154075000.0,154075000.0,364294000.0,112196000.0,,2.073,5497345000.0,,,5497345000.0,0.0,336391000.0,0.0,0.069,2.98,269792000.0,606183000.0,0.638,606183000.0,269792000.0,101108000.0,0.7,0.7,0.7,2854713000.0,2979975750.0,2854713000.0,11330986052.0,42.0,18.692,128079000.0,0.907,1.0,585845000.0,0.617,0.0,168684000.0,14346191000.0,14259653250.0,0.0,1528080000.0,,,5917652000.0,,,6119342052.0,-13777000.0,-43593000.0,1570000.0,240193000.0,-454248000.0,-225660000.0,-136300000.0,66189000.0,348183000.0,0.0,101417000.0,101417000.0,101417000.0,0.0,10779000.0,0.107,372067000.0,213778000.0,59024000.0,4.257,2.144,60.338,61.929,6893458000.0,0.0,43.35,6.44,6.445,119641000.0,-1714789000.0,950139000.0,950139000.0,0.0,0.011,0.034,0.019,0.284,21883000.0,23102000.0,1.0,141161293.0,141262000,141262000.0,6.726,9002921000.0,0.0,-309000.0,0.0,63.732,
10,MAC,MRT,2018-12-31,2018-12-31,2018-12-31,2021-08-07,-4466000.0,9026808000.0,9077507000.0,,,0.106,20.903,-237231000.0,149301000.0,149301000.0,381004000.0,68972000.0,,1.979,5360945000.0,,,5360945000.0,0.0,334682000.0,0.0,0.069,2.97,239378000.0,574060000.0,0.598,574060000.0,239378000.0,56416000.0,0.42,0.42,0.42,2950232000.0,3055737500.0,2950232000.0,11217997039.0,47.0,19.542,107080000.0,0.759,1.0,579347000.0,0.603,0.0,182962000.0,14238452000.0,14245943750.0,0.0,1492655000.0,,,5838376000.0,,,6104683039.0,6196000.0,355404000.0,1570000.0,-54814000.0,-453634000.0,-514438000.0,176323000.0,1043000.0,344311000.0,0.0,60020000.0,60020000.0,60020000.0,0.0,8952000.0,0.062,402790000.0,176557000.0,59392000.0,7.071,2.069,101.711,103.048,6785776000.0,0.0,43.28,6.357,6.361,208673000.0,-1614357000.0,960351000.0,960351000.0,0.0,0.007,0.02,0.017,0.249,27367000.0,24160000.0,1.0,141050902.0,141142000,141144000.0,6.804,9026808000.0,0.0,-3604000.0,0.0,63.956,
11,MAC,MRT,2018-09-30,2018-09-30,2018-09-30,2021-08-07,142000.0,9010730000.0,9222270500.0,,,0.105,21.562,-243150000.0,144100000.0,144100000.0,391503000.0,94310000.0,,1.88,5257414000.0,,,5257414000.0,0.0,333520000.0,0.0,0.054,2.96,276361000.0,609881000.0,0.629,609881000.0,276361000.0,94995000.0,0.56,0.56,0.56,3044448000.0,3238574000.0,3044448000.0,13013413372.0,47.0,21.338,90550000.0,0.641,1.0,578717000.0,0.596,0.0,181366000.0,14124044000.0,14344586000.0,0.0,1465174000.0,,,5722801000.0,,,7798704372.0,22276000.0,366882000.0,1688000.0,-37999000.0,-454549000.0,-581880000.0,270456000.0,7274000.0,333700000.0,0.0,81022000.0,81022000.0,81022000.0,0.0,13288000.0,0.084,366693000.0,212024000.0,61308000.0,5.286,2.562,96.254,98.732,6821038000.0,0.0,55.29,8.038,8.046,192969000.0,-1520209000.0,970220000.0,970220000.0,0.0,0.009,0.025,0.019,0.285,28284000.0,25446000.0,1.0,141050902.0,141196000,141196000.0,6.871,9010730000.0,0.0,13973000.0,0.0,63.817,
12,MAC,MRT,2018-06-30,2018-06-30,2018-06-30,2021-08-07,-33000.0,9115217000.0,9371315750.0,,,0.104,21.756,-241070000.0,142512000.0,142512000.0,395520000.0,32297000.0,,1.889,5357221000.0,,,5357221000.0,0.0,334477000.0,0.0,0.052,2.93,220572000.0,555049000.0,0.572,555049000.0,220572000.0,40868000.0,0.16,0.16,0.16,3070510000.0,3414042250.0,3070510000.0,13146682297.0,60.0,23.686,119942000.0,0.85,1.0,574953000.0,0.592,0.0,179704000.0,14329926000.0,14447454500.0,0.0,1381358000.0,,,5800042000.0,,,8012602297.0,5075000.0,404045000.0,-38000000.0,-15647000.0,-450638000.0,-610285000.0,254348000.0,7072000.0,361012000.0,0.0,24492000.0,24492000.0,24492000.0,0.0,7805000.0,0.025,426255000.0,148698000.0,57880000.0,18.312,2.61,327.152,355.188,6868844000.0,0.0,56.83,8.256,8.265,175418000.0,-1489742000.0,970473000.0,970473000.0,0.0,0.003,0.007,0.015,0.227,30237000.0,25294000.0,1.0,140992474.0,141137000,141137000.0,6.876,9115217000.0,0.0,16376000.0,0.0,64.584,
13,MAC,MRT,2018-03-31,2018-03-31,2018-03-31,2021-08-07,19000.0,9157273000.0,9513063000.0,,,0.103,22.392,-218997000.0,167852000.0,167852000.0,403730000.0,52483000.0,,1.82,5301932000.0,,,5301932000.0,0.0,338248000.0,0.0,0.052,2.9,242553000.0,580801000.0,0.591,580801000.0,242553000.0,59443000.0,0.3,0.3,0.3,3157760000.0,3611303750.0,3157760000.0,12917694650.0,53.0,22.241,159656000.0,1.132,1.0,579621000.0,0.589,0.0,183110000.0,14291353000.0,14498043750.0,0.0,1360486000.0,,,5748688000.0,,,7890535650.0,25542000.0,439834000.0,-87010000.0,6556000.0,-447000000.0,-636334000.0,283223000.0,7063000.0,378653000.0,0.0,43314000.0,43314000.0,43314000.0,0.0,9169000.0,0.044,404722000.0,174899000.0,67430000.0,9.667,2.499,182.171,186.733,6908416000.0,0.0,56.02,8.024,8.034,178755000.0,-1393418000.0,983351000.0,983351000.0,0.0,0.005,0.012,0.017,0.247,27997000.0,27796000.0,1.0,140852118.0,141024000,141050000.0,6.973,9157273000.0,0.0,16129000.0,0.0,64.934,
14,MAC,MRT,2017-12-31,2017-12-31,2017-12-31,2021-08-07,-42000.0,9605862000.0,9651760750.0,,,0.103,25.949,-202150000.0,143105000.0,143105000.0,395311000.0,161673000.0,,1.531,5170264000.0,,,5170264000.0,0.0,341275000.0,0.0,0.044,2.87,333500000.0,674775000.0,0.679,674775000.0,333500000.0,161724000.0,1.02,1.02,1.02,3681578000.0,3811227000.0,3681578000.0,14174569233.0,43.0,21.006,184239000.0,1.299,1.0,598351000.0,0.602,0.0,171776000.0,14633021000.0,14543246000.0,0.0,1709522000.0,,,5637863000.0,,,9245962233.0,-892000.0,150426000.0,-219560000.0,210272000.0,-443839000.0,-566269000.0,178988000.0,7073000.0,386389000.0,0.0,146130000.0,146130000.0,146130000.0,0.0,15543000.0,0.147,321225000.0,277126000.0,58412000.0,2.814,2.511,63.272,64.392,7109230000.0,0.0,65.68,9.305,9.378,194815000.0,-830279000.0,993662000.0,993662000.0,0.0,0.015,0.038,0.023,0.336,30799000.0,28240000.0,1.0,140772872.0,141877000,141913000.0,7.004,9605862000.0,0.0,15594000.0,0.0,67.706,
15,MAC,MRT,2017-09-30,2017-09-30,2017-09-30,2021-08-07,0.0,9606911000.0,9739832250.0,,,0.104,26.513,-206893000.0,121824000.0,121824000.0,400224000.0,163923000.0,,1.487,5050431000.0,,,5050431000.0,0.0,345637000.0,0.0,0.052,2.84,317923000.0,663560000.0,0.658,663560000.0,317923000.0,148315000.0,1.06,1.06,1.06,3746321000.0,3917304250.0,3746321000.0,12623628657.0,40.0,19.024,191404000.0,1.355,1.0,608695000.0,0.603,0.0,169608000.0,14535518000.0,14580003500.0,0.0,1688606000.0,,,5569817000.0,,,7773551657.0,-3746000.0,152365000.0,-219579000.0,155244000.0,-440256000.0,-526674000.0,124631000.0,944000.0,398297000.0,0.0,150507000.0,150507000.0,150507000.0,0.0,13416000.0,0.149,338507000.0,270188000.0,69617000.0,2.679,2.075,51.649,51.858,7164649000.0,0.0,54.97,7.705,7.699,192337000.0,-758758000.0,1008919000.0,1008919000.0,0.0,0.015,0.038,0.022,0.315,30804000.0,26185000.0,1.0,141414438.0,141299000,141310000.0,7.14,9606911000.0,0.0,-2192000.0,0.0,67.99,
16,MAC,MRT,2017-06-30,2017-06-30,2017-06-30,2021-08-07,0.0,9682206000.0,9823545750.0,,,0.104,27.238,-215000000.0,137437000.0,137437000.0,402175000.0,157891000.0,,1.431,4987514000.0,,,4987514000.0,0.0,349484000.0,0.0,0.048,2.81,308909000.0,658393000.0,0.646,658393000.0,308909000.0,142583000.0,1.03,1.03,1.03,3859556000.0,4021524500.0,3859556000.0,12991809790.0,42.0,19.733,185052000.0,1.306,1.0,617660000.0,0.606,0.0,166326000.0,14532283000.0,14620801500.0,0.0,1696572000.0,,,5521531000.0,,,8231711790.0,22910000.0,207056000.0,-179891000.0,115268000.0,-437643000.0,-537199000.0,160057000.0,1135000.0,400052000.0,0.0,146739000.0,146739000.0,146739000.0,0.0,11152000.0,0.144,351446000.0,266214000.0,56596000.0,2.728,2.133,56.098,56.369,7198283000.0,0.0,58.06,8.072,8.067,197634000.0,-663805000.0,1019835000.0,1019835000.0,0.0,0.015,0.036,0.021,0.303,30932000.0,27828000.0,1.0,141779397.0,141695000,141728000.0,7.197,9682206000.0,0.0,-4156000.0,0.0,68.331,
17,MAC,MRT,2017-03-31,2017-03-31,2017-03-31,2021-08-07,0.0,9712064000.0,9902414000.0,,,0.104,27.56,-230636000.0,142310000.0,142310000.0,403136000.0,178273000.0,,1.374,4902408000.0,,,4902408000.0,0.0,351733000.0,0.0,0.043,2.78,326444000.0,678177000.0,0.657,678177000.0,326444000.0,161244000.0,1.15,1.15,1.15,3957453000.0,4115678500.0,3957453000.0,14089374181.0,43.0,20.775,181733000.0,1.266,1.0,629180000.0,0.609,0.0,165200000.0,14472162000.0,14685744750.0,0.0,1710617000.0,,,5438167000.0,,,9267471181.0,-5584000.0,270370000.0,-530853000.0,283885000.0,-437704000.0,-720770000.0,302817000.0,2957000.0,412369000.0,0.0,165323000.0,165323000.0,165323000.0,0.0,12950000.0,0.16,342224000.0,286956000.0,63398000.0,2.417,2.342,56.057,56.0,7206598000.0,0.0,64.4,8.977,8.958,192715000.0,-574597000.0,1032316000.0,1032316000.0,0.0,0.017,0.04,0.022,0.316,30653000.0,28051000.0,1.0,143904832.0,143596000,143655000.0,7.189,9712064000.0,0.0,-4079000.0,0.0,67.635,
18,MAC,MRT,2016-12-31,2016-12-31,2016-12-31,2021-08-07,0.0,9958148000.0,10027234250.0,,,0.104,28.008,-259479000.0,143997000.0,143997000.0,405946000.0,554839000.0,,1.347,4965900000.0,,,4965900000.0,0.0,355358000.0,0.0,0.039,2.75,681392000.0,1036750000.0,0.996,1036750000.0,681392000.0,517717000.0,3.52,3.52,3.52,4105887000.0,4293068000.0,4105887000.0,14938429455.0,22.0,14.409,170055000.0,1.16,1.0,635325000.0,0.61,0.0,163675000.0,14780051000.0,14748098000.0,0.0,1773558000.0,,,5530980000.0,,,10181484455.0,16098000.0,13667000.0,-798321000.0,748828000.0,-779308000.0,-867502000.0,454066000.0,3677000.0,429534000.0,0.0,516995000.0,516995000.0,516995000.0,0.0,37844000.0,0.497,-38643000.0,673968000.0,61316000.0,0.781,2.48,19.694,20.125,7357310000.0,0.0,70.84,9.778,9.973,205225000.0,-488782000.0,1041271000.0,1041271000.0,0.0,0.052,0.12,0.046,0.654,33288000.0,28217000.0,1.0,143725077.0,146599000,146711000.0,7.103,9958148000.0,0.0,722000.0,0.0,67.928,
19,MAC,MRT,2016-09-30,2016-09-30,2016-09-30,2021-08-07,0.0,9941765000.0,10346593250.0,,,0.105,28.927,-272912000.0,137157000.0,137157000.0,418973000.0,958190000.0,,1.309,4894102000.0,,,4894102000.0,0.0,372153000.0,0.0,0.083,6.72,1066175000.0,1438328000.0,1.32,1438328000.0,1066175000.0,896416000.0,5.79,5.79,5.79,4163202000.0,4445449750.0,4163202000.0,16409371185.0,15.0,11.409,199480000.0,1.386,1.0,671056000.0,0.616,0.0,169759000.0,14698710000.0,15145194000.0,0.0,1753524000.0,,,5451257000.0,,,11614994185.0,-8828000.0,-43261000.0,-1198561000.0,922981000.0,-1122492000.0,-1426081000.0,944861000.0,3826000.0,472392000.0,0.0,894826000.0,894826000.0,894826000.0,0.0,63364000.0,0.821,-414794000.0,1085850000.0,62018000.0,1.161,2.79,12.98,13.967,7376768000.0,0.0,80.87,10.656,10.678,196292000.0,-419777000.0,1090029000.0,1090029000.0,0.0,0.086,0.201,0.07,0.978,32381000.0,30450000.0,1.0,143625500.0,143923000,144036000.0,7.574,9941765000.0,0.0,1590000.0,0.0,69.077,
20,MAC,MRT,2016-06-30,2016-06-30,2016-06-30,2021-08-07,0.0,9997679000.0,11198697250.0,,,0.104,28.887,-310938000.0,118135000.0,118135000.0,435340000.0,981308000.0,,1.28,4912512000.0,,,4912512000.0,0.0,402884000.0,0.0,0.078,6.69,1099251000.0,1502135000.0,1.292,1502135000.0,1099251000.0,914519000.0,5.91,5.91,5.91,4236172000.0,4761643250.0,4236172000.0,17190018664.0,16.0,11.444,190848000.0,1.301,1.0,727584000.0,0.626,0.0,184732000.0,14792056000.0,16488458000.0,0.0,1766330000.0,,,5420578000.0,,,12679788664.0,-37188000.0,-128463000.0,-1198561000.0,990436000.0,-1126809000.0,-1380854000.0,841880000.0,4085000.0,501786000.0,0.0,914693000.0,914693000.0,914693000.0,0.0,66615000.0,0.787,-400296000.0,1127880000.0,52836000.0,1.132,2.993,13.862,14.448,7442988000.0,0.0,85.39,10.903,10.768,181285000.0,-378389000.0,1162924000.0,1162924000.0,0.0,0.082,0.192,0.067,0.945,31168000.0,30208000.0,1.0,148492665.0,146644000,146769000.0,7.93,9997679000.0,0.0,-174000.0,0.0,68.177,
21,MAC,MRT,2016-03-31,2016-03-31,2016-03-31,2021-08-07,0.0,10211345000.0,12039371500.0,,,0.102,30.707,-310363000.0,148738000.0,148738000.0,451247000.0,947620000.0,,1.11,4658968000.0,,,4658968000.0,0.0,437078000.0,0.0,0.084,6.66,1081328000.0,1518406000.0,1.239,1518406000.0,1081328000.0,882895000.0,5.69,5.69,5.69,4667011000.0,5075932250.0,4667011000.0,16974454134.0,16.0,11.179,202332000.0,1.331,1.0,774567000.0,0.632,0.0,198433000.0,14721575000.0,17784757250.0,0.0,1844516000.0,,,5181475000.0,,,11818611134.0,-11656000.0,-469126000.0,-798346000.0,1041793000.0,-1127872000.0,-931762000.0,407411000.0,2313000.0,512695000.0,0.0,883866000.0,883866000.0,883866000.0,0.0,63754000.0,0.721,-339261000.0,1113828000.0,64549000.0,1.17,2.532,13.371,13.926,7526652000.0,0.0,79.24,9.641,9.825,186275000.0,-175775000.0,1225814000.0,1225814000.0,0.0,0.073,0.174,0.061,0.882,30339000.0,30077000.0,1.0,149149560.0,151984000,152103000.0,8.065,10211345000.0,0.0,-971000.0,0.0,67.187,
22,MAC,MRT,2015-12-31,2015-12-31,2015-12-31,2021-08-07,0.0,11235584000.0,12785702000.0,,,0.101,29.86,-364419000.0,127899000.0,127899000.0,472155000.0,522912000.0,,1.307,5260750000.0,,,5260750000.0,0.0,471320000.0,0.0,0.082,6.63,696282000.0,1167602000.0,0.906,1167602000.0,696282000.0,484339000.0,3.08,3.08,3.08,4715414000.0,5303313750.0,4715414000.0,19497047839.0,28.0,16.698,190537000.0,1.207,1.0,815994000.0,0.633,0.0,211943000.0,16368435000.0,18988772500.0,0.0,1532552000.0,,,6164345000.0,,,12775462839.0,1603000.0,-320546000.0,-398632000.0,781879000.0,-787109000.0,-452329000.0,-101024000.0,1833000.0,554956000.0,0.0,487562000.0,487562000.0,487562000.0,0.0,35350000.0,0.378,119209000.0,696785000.0,74398000.0,2.153,2.709,26.203,26.198,8796912000.0,0.0,80.69,9.918,9.892,213930000.0,-212760000.0,1288149000.0,1288149000.0,0.0,0.038,0.092,0.037,0.541,28367000.0,29870000.0,1.0,158327709.0,157916000,158060000.0,8.157,11235584000.0,0.0,-3223000.0,0.0,71.149,
23,MAC,MRT,2015-09-30,2015-09-30,2015-09-30,2021-08-07,0.0,13350181000.0,13257250500.0,,,0.097,34.242,-359281000.0,104573000.0,104573000.0,477371000.0,1609285000.0,,1.388,6826158000.0,,,6826158000.0,0.0,476701000.0,0.0,0.034,2.6,1713123000.0,2189824000.0,1.697,2189824000.0,1713123000.0,1499237000.0,10.42,10.41,10.42,5427976000.0,5534490250.0,5427976000.0,18779111200.0,11.0,8.576,158170000.0,0.998,1.0,812929000.0,0.63,0.0,213886000.0,20071766000.0,19725599000.0,0.0,1278216000.0,,,7535965000.0,,,12162234200.0,34530000.0,-294036000.0,-4172000.0,538041000.0,-431921000.0,-17770000.0,-465151000.0,-62106000.0,517451000.0,0.0,1501824000.0,1501824000.0,1501824000.0,0.0,107461000.0,1.164,-983200000.0,1796129000.0,92207000.0,0.25,2.241,8.098,7.372,11031476000.0,0.0,76.82,9.426,9.438,201543000.0,338693000.0,1290300000.0,1290300000.0,0.0,0.113,0.271,0.087,1.328,27875000.0,34733000.0,1.0,158321195.0,158517000,158634000.0,8.14,13350181000.0,0.0,-2587000.0,0.0,84.219,
24,MAC,MRT,2015-06-30,2015-06-30,2015-06-30,2021-08-07,0.0,13360376000.0,12221232250.0,,,0.1,34.658,-330389000.0,122331000.0,122331000.0,468269000.0,1611715000.0,,1.361,6739208000.0,,,6739208000.0,0.0,450937000.0,0.0,0.034,2.57,1708457000.0,2159394000.0,1.759,2159394000.0,1708457000.0,1501724000.0,10.46,10.45,10.46,5493328000.0,4975201250.0,5493328000.0,18147334790.0,11.0,8.404,152624000.0,0.963,1.0,759261000.0,0.619,0.0,206733000.0,19977253000.0,18223669250.0,0.0,1263356000.0,,,7475729000.0,,,11806365790.0,53826000.0,-417220000.0,-4172000.0,617366000.0,-416436000.0,109925000.0,-539112000.0,-59396000.0,483013000.0,0.0,1504141000.0,1504141000.0,1504141000.0,0.0,107574000.0,1.225,-1025406000.0,1784667000.0,109396000.0,0.246,2.149,7.849,7.132,11046427000.0,0.0,74.6,9.618,9.632,196405000.0,415017000.0,1227530000.0,1227530000.0,0.0,0.123,0.302,0.094,1.392,27831000.0,33384000.0,1.0,158262276.0,158501000,158633000.0,7.745,13360376000.0,0.0,-2417000.0,0.0,84.292,
25,MAC,MRT,2015-03-31,2015-03-31,2015-03-31,2021-08-07,0.0,13196667000.0,11146704000.0,,,0.104,35.22,-353255000.0,133385000.0,133385000.0,456914000.0,1613955000.0,,1.295,6474354000.0,,,6474354000.0,0.0,419634000.0,0.0,0.03,2.54,1698439000.0,2118073000.0,1.827,2118073000.0,1698439000.0,1500802000.0,10.48,10.47,10.48,5576537000.0,4411275500.0,5576537000.0,19531616124.0,11.0,9.221,111670000.0,0.705,1.0,702159000.0,0.606,0.0,197637000.0,19537636000.0,16666967750.0,0.0,1006652000.0,,,7223102000.0,,,13337653124.0,53235000.0,-239976000.0,-4576000.0,463211000.0,-401845000.0,-28130000.0,-383560000.0,-59853000.0,464925000.0,0.0,1505834000.0,1505834000.0,1505834000.0,0.0,108121000.0,1.299,-1066018000.0,1768177000.0,114991000.0,0.242,2.392,8.857,8.047,11110841000.0,0.0,84.33,11.507,11.52,193087000.0,510506000.0,1159073000.0,1159073000.0,0.0,0.135,0.341,0.102,1.465,27426000.0,30957000.0,1.0,158160241.0,158336000,158544000.0,7.32,13196667000.0,0.0,-5032000.0,0.0,83.346,
26,MAC,MRT,2014-12-31,2014-12-31,2014-12-31,2021-08-07,0.0,13121778000.0,10099635000.0,,,0.109,39.402,-267363000.0,98437000.0,98437000.0,441929000.0,1606931000.0,,1.256,6292400000.0,,,6292400000.0,0.0,387785000.0,0.0,0.03,2.51,1685462000.0,2073247000.0,1.876,2073247000.0,1685462000.0,1494773000.0,10.46,10.45,10.46,5640120000.0,3843100250.0,5640120000.0,16595046547.0,10.0,8.004,133343000.0,0.932,1.0,663318000.0,0.6,0.0,190689000.0,19315741000.0,15167256000.0,0.0,984132000.0,,,7081929000.0,,,11737107547.0,15192000.0,-226753000.0,-4272000.0,351866000.0,-385725000.0,-129723000.0,-255791000.0,-60305000.0,400706000.0,0.0,1499042000.0,1499042000.0,1499042000.0,0.0,107889000.0,1.356,-1088448000.0,1751766000.0,115406000.0,0.24,2.081,7.83,7.974,11067890000.0,0.0,83.41,10.619,10.803,212258000.0,596741000.0,1105247000.0,1105247000.0,0.0,0.148,0.39,0.111,1.525,29463000.0,29412000.0,1.0,140715832.0,143144000,143291000.0,7.721,13121778000.0,0.0,-4269000.0,0.0,91.668,
27,MAC,MRT,2014-09-30,2014-09-30,2014-09-30,2021-08-07,0.0,9206108000.0,9088003000.0,,,0.117,22.643,-230951000.0,72600000.0,72600000.0,436387000.0,227163000.0,,1.776,4930539000.0,,,4930539000.0,0.0,370834000.0,0.0,0.039,2.48,399039000.0,769873000.0,0.723,769873000.0,399039000.0,211511000.0,1.53,1.52,1.53,3190820000.0,3272757500.0,3190820000.0,13669971003.0,34.0,17.756,159134000.0,1.129,1.0,628094000.0,0.59,0.0,187528000.0,14064047000.0,13731175500.0,0.0,930785000.0,,,5667055000.0,,,8981787003.0,-3629000.0,-212647000.0,1256000.0,328652000.0,-380570000.0,-88724000.0,-304990000.0,3169000.0,390085000.0,0.0,214699000.0,214699000.0,214699000.0,-152824000.0,12464000.0,0.202,426407000.0,201687000.0,89659000.0,1.621,2.815,41.834,41.719,7570636000.0,0.0,63.83,8.438,8.45,139390000.0,-740906000.0,1064481000.0,1064481000.0,0.0,0.024,0.066,0.029,0.375,35511000.0,26439000.0,1.0,140714194.0,140916000,141060000.0,7.554,9206108000.0,0.0,-3188000.0,0.0,65.33,
28,MAC,MRT,2014-06-30,2014-06-30,2014-06-30,2021-08-07,0.0,9062263000.0,9087857750.0,,,0.117,22.979,-248283000.0,71923000.0,71923000.0,435912000.0,229244000.0,,1.69,4760107000.0,,,4760107000.0,0.0,371945000.0,0.0,0.037,2.44,403194000.0,775139000.0,0.732,775139000.0,403194000.0,213866000.0,1.55,1.54,1.55,3237625000.0,3299207250.0,3237625000.0,13921622842.0,35.0,17.96,181537000.0,1.288,1.0,623231000.0,0.588,0.0,189328000.0,13750447000.0,13685230500.0,0.0,800406000.0,,,5471585000.0,,,9391224842.0,9557000.0,267083000.0,1302000.0,-235092000.0,-373289000.0,-637810000.0,217547000.0,31427000.0,429820000.0,0.0,216908000.0,216908000.0,216908000.0,-143980000.0,12336000.0,0.205,427030000.0,196201000.0,66652000.0,1.574,2.901,43.296,43.065,7556064000.0,0.0,66.75,8.867,8.88,127092000.0,-689497000.0,1059143000.0,1059143000.0,0.0,0.024,0.066,0.029,0.381,36266000.0,27055000.0,1.0,140692507.0,140894000,141036000.0,7.517,9062263000.0,0.0,-3042000.0,0.0,64.32,
29,MAC,MRT,2014-03-31,2014-03-31,2014-03-31,2021-08-07,0.0,9008391000.0,9209764250.0,,,0.114,23.47,-243332000.0,80734000.0,80734000.0,434649000.0,446074000.0,,1.618,4611132000.0,,,4611132000.0,0.0,378106000.0,0.0,0.039,2.4,612099000.0,990205000.0,0.942,990205000.0,612099000.0,418196000.0,3.01,3.0,3.01,3303836000.0,3323527750.0,3303836000.0,13256853509.0,22.0,13.388,169071000.0,1.201,1.0,616035000.0,0.586,0.0,193903000.0,13538789000.0,13903057000.0,0.0,728004000.0,,,5345271000.0,,,8760684509.0,-3888000.0,435221000.0,172290000.0,-897371000.0,-364641000.0,-1122523000.0,706232000.0,32017000.0,412403000.0,0.0,419817000.0,419817000.0,419817000.0,-287378000.0,26257000.0,0.4,420721000.0,195314000.0,89146000.0,0.797,2.652,20.868,20.708,7553979000.0,0.0,62.33,8.338,8.351,129397000.0,-618277000.0,1050684000.0,1050684000.0,0.0,0.046,0.126,0.044,0.583,37012000.0,28625000.0,1.0,140553257.0,140767000,140817000.0,7.464,9008391000.0,0.0,-1621000.0,0.0,63.995,
30,MAC,MRT,2013-12-31,2013-12-31,2013-12-31,2021-08-07,0.0,9075250000.0,9398337500.0,,,0.11,24.06,-726604000.0,86558000.0,86558000.0,423256000.0,448959000.0,,1.595,4582727000.0,,,4582727000.0,0.0,383002000.0,0.0,0.04,2.36,615645000.0,998647000.0,0.97,998647000.0,615645000.0,418398000.0,3.01,3.0,3.01,3358749000.0,3251823750.0,3358749000.0,12951145665.0,21.0,12.969,-304569000.0,-2.182,1.0,606219000.0,0.589,0.0,197247000.0,13571419000.0,14349243500.0,0.0,704239000.0,,,5356533000.0,,,8276405665.0,3922000.0,520739000.0,172290000.0,-478308000.0,-355506000.0,-689980000.0,271867000.0,18786000.0,422035000.0,0.0,420090000.0,420090000.0,420090000.0,-289936000.0,28869000.0,0.408,411789000.0,194430000.0,76941000.0,0.784,2.464,19.702,19.565,7621766000.0,0.0,58.89,8.039,7.986,129629000.0,-548806000.0,1029475000.0,1029475000.0,0.0,0.045,0.129,0.043,0.598,24207000.0,27772000.0,1.0,140540086.0,139598000,139680000.0,7.375,9075250000.0,0.0,-1692000.0,0.0,65.01,
31,MAC,MRT,2013-09-30,2013-09-30,2013-09-30,2021-08-07,0.0,9205527000.0,9457327250.0,,,0.101,23.428,-1772672000.0,88812000.0,88812000.0,394884000.0,484466000.0,,1.684,4763552000.0,,,4763552000.0,0.0,374243000.0,0.0,0.041,2.32,633952000.0,1008195000.0,1.059,1008195000.0,633952000.0,445196000.0,3.26,3.26,3.26,3296619000.0,3181518750.0,3296619000.0,13003794066.0,21.0,12.898,-1348699000.0,-9.585,1.0,557071000.0,0.585,0.0,188756000.0,13880267000.0,14563420750.0,0.0,709186000.0,,,5550757000.0,,,7931930066.0,-14445000.0,587499000.0,172066000.0,598855000.0,-346692000.0,381975000.0,-820393000.0,19376000.0,423973000.0,0.0,449459000.0,449459000.0,449459000.0,-119405000.0,35007000.0,0.472,157295000.0,399776000.0,85394000.0,0.712,2.406,17.648,17.313,7733929000.0,0.0,56.44,8.332,8.343,127018000.0,-606464000.0,951955000.0,951955000.0,0.0,0.048,0.141,0.044,0.666,17287000.0,23849000.0,1.0,140537386.0,140712000,140773000.0,6.765,9205527000.0,0.0,-4263000.0,0.0,65.421,
32,MAC,MRT,2013-06-30,2013-06-30,2013-06-30,2021-08-07,0.0,9549889000.0,9058409500.0,,,0.099,23.928,-1736537000.0,119203000.0,119203000.0,372451000.0,490916000.0,,1.761,5191067000.0,,,5191067000.0,0.0,357308000.0,0.0,0.038,2.29,631293000.0,988601000.0,1.101,988601000.0,631293000.0,450575000.0,3.32,3.32,3.32,3334907000.0,3091871500.0,3334907000.0,13944140093.0,22.0,14.105,-1347052000.0,-9.665,1.0,525442000.0,0.585,0.0,180718000.0,14621753000.0,13908622000.0,0.0,975537000.0,,,5872120000.0,,,8383289093.0,-42854000.0,374420000.0,348120000.0,713789000.0,-338463000.0,659216000.0,-1091555000.0,-11952000.0,389485000.0,0.0,455229000.0,455229000.0,455229000.0,-130599000.0,35687000.0,0.507,122986000.0,402456000.0,71641000.0,0.69,2.514,18.416,18.364,7778785000.0,0.0,60.97,9.337,9.464,127135000.0,-562995000.0,897893000.0,897893000.0,0.0,0.05,0.147,0.045,0.703,15594000.0,22957000.0,1.0,137498591.0,139372000,139526000.0,6.442,9549889000.0,0.0,-4654000.0,0.0,68.521,
33,MAC,MRT,2013-03-31,2013-03-31,2013-03-31,2021-08-07,0.0,9762684000.0,8603700500.0,,,0.099,21.936,-1710140000.0,146942000.0,146942000.0,356719000.0,400643000.0,,2.123,5707793000.0,,,5707793000.0,0.0,337183000.0,0.0,0.035,2.26,536974000.0,874157000.0,1.031,874157000.0,536974000.0,363334000.0,2.75,2.75,2.75,3017020000.0,2957209250.0,3017020000.0,13960256941.0,26.0,15.97,-1337522000.0,-9.725,1.0,490953000.0,0.579,0.0,173640000.0,15323535000.0,13165471500.0,0.0,972913000.0,,,6406093000.0,,,8843337941.0,-160446000.0,288703000.0,176912000.0,1035550000.0,-330748000.0,815439000.0,-1348503000.0,-11952000.0,372618000.0,0.0,369586000.0,369586000.0,369586000.0,-121040000.0,31057000.0,0.436,103268000.0,387685000.0,89237000.0,0.822,2.931,23.928,23.411,7932563000.0,0.0,64.38,10.432,10.446,130964000.0,-701447000.0,847672000.0,847672000.0,0.0,0.043,0.125,0.041,0.633,13226000.0,21919000.0,1.0,137361571.0,137538000,137616000.0,6.163,9762684000.0,0.0,-6252000.0,0.0,70.982,
34,MAC,MRT,2012-12-31,2012-12-31,2012-12-31,2021-08-07,0.0,9311209000.0,8180488250.0,,,0.097,22.955,-1279715000.0,144451000.0,144451000.0,337533000.0,366389000.0,,1.915,5261370000.0,,,5261370000.0,0.0,322720000.0,0.0,0.038,2.23,497659000.0,820379000.0,1.029,820379000.0,497659000.0,333267000.0,2.51,2.51,2.51,3077529000.0,2884134750.0,3077529000.0,11615937079.0,23.0,14.159,-928419000.0,-6.925,1.0,459984000.0,0.577,0.0,164392000.0,14428128000.0,12356348250.0,0.0,1001270000.0,,,5894958000.0,,,7964721079.0,-1455000.0,227534000.0,176912000.0,821561000.0,-326185000.0,610623000.0,-963374000.0,-11122000.0,351296000.0,0.0,337426000.0,337426000.0,337426000.0,-63223000.0,28963000.0,0.423,69343000.0,390641000.0,70251000.0,0.888,2.588,23.604,23.227,7479546000.0,0.0,58.3,9.987,9.801,120812000.0,-639741000.0,797517000.0,797517000.0,0.0,0.041,0.117,0.04,0.624,12324000.0,20412000.0,1.0,136616142.0,134067000,134148000.0,5.949,9311209000.0,0.0,-4159000.0,0.0,69.452,
35,MAC,MRT,2012-09-30,2012-09-30,2012-09-30,2021-08-07,0.0,7609856000.0,7837323250.0,,,0.094,21.89,-219894000.0,138296000.0,138296000.0,311883000.0,355735000.0,,1.472,3789512000.0,,,3789512000.0,0.0,308221000.0,0.0,0.038,2.2,482035000.0,790256000.0,1.069,790256000.0,482035000.0,323828000.0,2.46,2.46,2.46,2938030000.0,2818086750.0,2938030000.0,11536668915.0,24.0,14.599,93085000.0,0.694,1.0,427658000.0,0.578,0.0,158207000.0,11261072000.0,11751503000.0,0.0,1054267000.0,,,4324148000.0,,,7618570915.0,-62867000.0,186799000.0,177188000.0,-264294000.0,-319984000.0,-439753000.0,63907000.0,-22488000.0,312979000.0,0.0,326286000.0,326286000.0,326286000.0,-56398000.0,29449000.0,0.441,261511000.0,166147000.0,74754000.0,0.894,2.593,23.349,23.264,5942141000.0,0.0,57.23,10.302,10.387,115924000.0,-734684000.0,739541000.0,739541000.0,0.0,0.042,0.116,0.041,0.652,11810000.0,20473000.0,1.0,133121980.0,134220000,134330000.0,5.51,7609856000.0,0.0,-2458000.0,0.0,56.697,
36,MAC,MRT,2012-06-30,2012-06-30,2012-06-30,2021-08-07,0.0,7731053000.0,7842135250.0,,,0.093,21.061,-289529000.0,148666000.0,148666000.0,311269000.0,322716000.0,,1.643,4066764000.0,,,4066764000.0,0.0,302134000.0,0.0,0.036,2.15,452647000.0,754781000.0,1.036,754781000.0,452647000.0,292244000.0,2.23,2.23,2.23,2796258000.0,2763512000.0,2796258000.0,11844929326.0,26.0,15.693,2494000.0,0.019,1.0,417499000.0,0.573,0.0,160403000.0,11649151000.0,11804733750.0,0.0,1148492000.0,,,4593275000.0,,,7827722326.0,16568000.0,172320000.0,1137000.0,62993000.0,-312685000.0,-268331000.0,-7124000.0,-22487000.0,292023000.0,0.0,295334000.0,295334000.0,295334000.0,-49492000.0,27382000.0,0.405,277410000.0,140089000.0,57619000.0,0.964,2.799,26.505,26.48,5945007000.0,0.0,59.05,10.741,10.758,101770000.0,-705292000.0,728768000.0,728768000.0,0.0,0.038,0.107,0.038,0.621,11224000.0,19900000.0,1.0,132560920.0,132768000,132877000.0,5.489,7731053000.0,0.0,-3090000.0,0.0,58.23,
37,MAC,MRT,2012-03-31,2012-03-31,2012-03-31,2021-08-07,0.0,8069835000.0,7771817000.0,,,0.092,20.599,-298233000.0,300178000.0,300178000.0,305491000.0,157262000.0,,1.834,4317385000.0,,,4317385000.0,0.0,295642000.0,0.0,0.036,2.1,302153000.0,597795000.0,0.837,597795000.0,302153000.0,140981000.0,1.08,1.08,1.08,2724722000.0,2756708750.0,2724722000.0,11692792248.0,39.0,19.56,-16275000.0,-0.123,1.0,408919000.0,0.572,0.0,161172000.0,12087042000.0,11685779500.0,0.0,1126951000.0,,,4997711000.0,,,7622594248.0,41235000.0,103086000.0,1032000.0,305363000.0,-305469000.0,-30493000.0,-210230000.0,-22405000.0,281958000.0,0.0,142764000.0,142764000.0,142764000.0,124863000.0,14498000.0,0.2,264439000.0,144480000.0,77250000.0,1.944,2.798,53.393,53.472,6090562000.0,0.0,57.75,10.67,10.692,103172000.0,-765674000.0,714410000.0,714410000.0,0.0,0.018,0.052,0.026,0.423,12715000.0,17987000.0,1.0,131992974.0,132273000,132273000.0,5.401,8069835000.0,0.0,-1783000.0,0.0,61.009,
38,MAC,MRT,2011-12-31,2011-12-31,2011-12-31,2021-08-07,0.0,7938549000.0,7628927750.0,,,0.09,21.373,-247011000.0,135876000.0,135876000.0,300419000.0,169075000.0,,1.697,4206074000.0,,,4206074000.0,0.0,282643000.0,0.0,0.041,2.05,318005000.0,600648000.0,0.877,600648000.0,318005000.0,150756000.0,1.18,1.18,1.18,2813337000.0,2781968500.0,2813337000.0,10521113848.0,33.0,17.516,-9726000.0,-0.074,1.0,384325000.0,0.561,0.0,167249000.0,12008747000.0,11428534250.0,0.0,1127388000.0,,,4773898000.0,,,6676222848.0,-378397000.0,59400000.0,1032000.0,-50683000.0,-296948000.0,-403596000.0,-212086000.0,-10004000.0,237285000.0,0.0,156866000.0,156866000.0,156866000.0,70367000.0,12209000.0,0.229,271130000.0,113195000.0,72870000.0,1.737,2.373,42.56,42.881,6079043000.0,0.0,50.6,9.75,9.727,112479000.0,-678631000.0,684744000.0,684744000.0,0.0,0.021,0.056,0.028,0.464,12288000.0,21113000.0,1.0,131941163.0,131628000,131628000.0,5.202,7938549000.0,0.0,-6110000.0,0.0,60.31,
39,MAC,MRT,2011-09-30,2011-09-30,2011-09-30,2021-08-07,3019000.0,7629104000.0,7555543000.0,,,0.095,20.589,-263317000.0,217100000.0,217100000.0,313190000.0,19194000.0,,1.707,4061991000.0,,,4061991000.0,0.0,277366000.0,0.0,0.047,2.0,183738000.0,461104000.0,0.641,461104000.0,183738000.0,7555000.0,0.14,0.14,0.14,2719731000.0,2801204000.0,2719731000.0,9347152818.0,51.0,20.271,-9222000.0,-0.07,1.0,406098000.0,0.565,0.0,176183000.0,11473995000.0,11181347750.0,0.0,1130440000.0,,,4642564000.0,,,5623598818.0,-347006000.0,76885000.0,844000.0,-34389000.0,-289630000.0,-386866000.0,-214235000.0,-7791000.0,254095000.0,0.0,17317000.0,17317000.0,17317000.0,60003000.0,1877000.0,0.024,250216000.0,155882000.0,87243000.0,14.286,2.068,324.744,304.5,5827308000.0,0.0,42.63,7.818,7.829,99244000.0,-768816000.0,719288000.0,719288000.0,0.0,0.002,0.006,0.016,0.255,13056000.0,20875000.0,1.0,131916463.0,132096000,132096000.0,5.445,7629104000.0,0.0,-9762000.0,0.0,57.754,
40,MAC,MRT,2011-06-30,2011-06-30,2011-06-30,2021-08-07,2951000.0,7449780000.0,7573147500.0,,,0.094,21.027,-210680000.0,155684000.0,155684000.0,315853000.0,14406000.0,,1.588,3879238000.0,,,3879238000.0,0.0,272336000.0,0.0,0.037,2.0,186031000.0,458367000.0,0.641,458367000.0,186031000.0,1947000.0,0.1,0.1,0.1,2769045000.0,2850537750.0,2769045000.0,10562914970.0,57.0,23.045,6829000.0,0.052,1.0,399587000.0,0.559,0.0,184084000.0,11173334000.0,11089617000.0,0.0,1234310000.0,,,4397655000.0,,,7003131970.0,-523489000.0,-31099000.0,795000.0,-73830000.0,-289479000.0,-425335000.0,-315663000.0,-7891000.0,217509000.0,0.0,12805000.0,12805000.0,12805000.0,55224000.0,1601000.0,0.018,249223000.0,150364000.0,69808000.0,20.0,2.529,546.906,535.0,5619750000.0,0.0,53.5,9.789,9.848,91828000.0,-715510000.0,715440000.0,715440000.0,0.0,0.002,0.004,0.017,0.26,14440000.0,20931000.0,1.0,130899663.0,131691000,131691000.0,5.433,7449780000.0,0.0,-10858000.0,0.0,56.57,
41,MAC,MRT,2011-03-31,2011-03-31,2011-03-31,2021-08-07,1593000.0,7498278000.0,7645279000.0,,,0.094,21.641,-154593000.0,264884000.0,264884000.0,316627000.0,35372000.0,,1.543,3824667000.0,,,3824667000.0,0.0,266349000.0,0.0,0.04,2.0,213372000.0,479721000.0,0.671,479721000.0,213372000.0,21116000.0,0.24,0.24,0.24,2825761000.0,2899203500.0,2825761000.0,9831197574.0,46.0,20.494,22473000.0,0.172,1.0,398740000.0,0.557,0.0,192256000.0,11058061000.0,11063021000.0,0.0,1099656000.0,,,4360624000.0,,,6456206574.0,91799000.0,47044000.0,1221731000.0,-784816000.0,-289962000.0,78643000.0,-163910000.0,3854000.0,177066000.0,0.0,31581000.0,31581000.0,31581000.0,15109000.0,3791000.0,0.044,248267000.0,150473000.0,74287000.0,8.333,2.285,204.433,206.375,5686779000.0,0.0,49.53,9.025,9.041,100872000.0,-630017000.0,715367000.0,715367000.0,0.0,0.004,0.011,0.019,0.298,14399000.0,20831000.0,1.0,130349416.0,130574000,130574000.0,5.479,7498278000.0,0.0,-10465000.0,0.0,57.426,
42,MAC,MRT,2010-12-31,2010-12-31,2010-12-31,2021-08-07,-3237000.0,7645010000.0,7587446750.0,,,0.094,24.016,-185789000.0,517079000.0,517079000.0,314187000.0,28420000.0,,1.538,3892070000.0,,,3892070000.0,0.0,260252000.0,0.0,0.044,2.1,214031000.0,474283000.0,0.667,474283000.0,214031000.0,15988000.0,0.19,0.19,0.19,2890279000.0,2656988500.0,2890279000.0,9570892722.0,45.0,20.18,14646000.0,0.122,1.0,397370000.0,0.558,0.0,198043000.0,11020001000.0,11236715750.0,0.0,1035153000.0,,,4445648000.0,,,6163342722.0,352390000.0,99875000.0,1221731000.0,-658838000.0,-225958000.0,294127000.0,-142172000.0,3854000.0,200435000.0,0.0,25190000.0,25190000.0,25190000.0,10350000.0,3230000.0,0.035,246756000.0,150614000.0,70585000.0,11.053,2.132,244.674,249.316,5674127000.0,0.0,47.37,8.662,8.012,101682000.0,-564357000.0,711557000.0,711557000.0,0.0,0.003,0.009,0.019,0.301,14832000.0,20703000.0,1.0,130110676.0,120346000,120346000.0,5.913,7645010000.0,0.0,-9202000.0,0.0,63.525,
43,MAC,MRT,2010-09-30,2010-09-30,2010-09-30,2021-08-07,-8153000.0,7699522000.0,7489312000.0,,,0.099,22.402,-193440000.0,566528000.0,566528000.0,319764000.0,-14512000.0,,1.532,3974078000.0,,,3974078000.0,0.0,270010000.0,0.0,0.051,2.2,194071000.0,464081000.0,0.627,464081000.0,194071000.0,-21879000.0,-0.29,-0.29,-0.29,2917066000.0,2398811500.0,2917066000.0,8916600578.0,46.0,19.213,-19460000.0,-0.149,1.0,420404000.0,0.568,0.0,215950000.0,11107072000.0,11394023250.0,0.0,1049486000.0,,,4468023000.0,,,5587956578.0,406868000.0,88149000.0,1619556000.0,-1079995000.0,-162755000.0,315976000.0,-83088000.0,10326000.0,173980000.0,0.0,-12744000.0,-12744000.0,-12744000.0,23004000.0,-1768000.0,-0.017,271233000.0,149171000.0,72720000.0,-7.586,1.916,-438.477,-148.103,5670183000.0,0.0,42.95,7.55,7.556,91163000.0,-522335000.0,740168000.0,740168000.0,0.0,-0.002,-0.005,0.017,0.262,13580000.0,24650000.0,1.0,130103762.0,130213000,130213000.0,5.684,7699522000.0,0.0,-9135000.0,0.0,59.13,
44,MAC,MRT,2010-06-30,2010-06-30,2010-06-30,2021-08-07,-12209000.0,7738306000.0,7394288250.0,,,0.101,24.008,-166524000.0,639191000.0,639191000.0,314269000.0,140391000.0,,1.5,3967835000.0,,,3967835000.0,0.0,268179000.0,0.0,0.062,2.3,345561000.0,613740000.0,0.82,613740000.0,345561000.0,115494000.0,1.4,1.4,1.4,2963708000.0,2043476000.0,2963708000.0,9327718347.0,27.0,15.198,-38635000.0,-0.313,1.0,434220000.0,0.58,0.0,230067000.0,11066950000.0,11669227000.0,0.0,1056364000.0,,,4445791000.0,,,4841827347.0,538829000.0,88993000.0,1619556000.0,-1558003000.0,-96564000.0,96160000.0,314780000.0,10326000.0,127889000.0,0.0,121665000.0,121665000.0,121665000.0,18396000.0,18726000.0,0.163,114869000.0,319351000.0,59163000.0,1.643,1.634,39.796,26.657,5655410000.0,0.0,37.32,6.469,6.155,89952000.0,-465143000.0,748489000.0,748489000.0,0.0,0.016,0.06,0.03,0.462,10025000.0,27189000.0,1.0,129738139.0,123446000,123446000.0,6.063,7738306000.0,0.0,-6171000.0,0.0,62.686,
45,MAC,MRT,2010-03-31,2010-03-31,2010-03-31,2021-08-07,-17418000.0,7266949000.0,7451948750.0,,,0.103,19.153,-208715000.0,139517000.0,139517000.0,318291000.0,115970000.0,,2.757,4625408000.0,,,4625408000.0,0.0,271982000.0,0.0,0.063,2.4,344936000.0,616918000.0,0.802,616918000.0,344936000.0,95193000.0,1.12,1.12,1.12,1856901000.0,1638667500.0,1856901000.0,8166574715.0,24.0,13.238,-44481000.0,-0.459,1.0,451147000.0,0.586,0.0,249743000.0,11752840000.0,12368314500.0,0.0,1063713000.0,,,5119423000.0,,,3702762715.0,16690000.0,82545000.0,398668000.0,-921167000.0,-33521000.0,-400537000.0,252993000.0,-1453000.0,164234000.0,0.0,100369000.0,100369000.0,100369000.0,44341000.0,15601000.0,0.13,118004000.0,333143000.0,68541000.0,2.143,1.994,36.891,34.205,5645778000.0,0.0,38.31,4.812,4.827,121659000.0,-399284000.0,769438000.0,769438000.0,0.0,0.013,0.061,0.028,0.448,8284000.0,28195000.0,1.0,96652642.0,96951000,96951000.0,7.936,7266949000.0,0.0,-5176000.0,0.0,74.955,
46,MAC,MRT,2009-12-31,2009-12-31,2009-12-31,2021-08-07,-25397000.0,7252471000.0,7644087500.0,,,0.104,22.869,-197483000.0,134874000.0,134874000.0,328132000.0,139250000.0,,2.747,4531634000.0,,,4531634000.0,0.0,277472000.0,0.0,0.072,2.6,380256000.0,657728000.0,0.829,657728000.0,380256000.0,115981000.0,1.45,1.45,1.45,1857571000.0,1513286750.0,1857571000.0,8294998884.0,22.0,12.612,-76593000.0,-0.943,1.0,464916000.0,0.586,0.0,264275000.0,11649231000.0,12917794750.0,0.0,1075482000.0,,,5103414000.0,,,3406538884.0,26726000.0,117404000.0,398668000.0,-858407000.0,-95665000.0,-396520000.0,302356000.0,-1453000.0,120890000.0,0.0,120742000.0,120742000.0,120742000.0,41984000.0,18508000.0,0.152,119227000.0,345689000.0,70482000.0,1.793,1.834,28.213,24.793,5657939000.0,0.0,35.95,4.296,3.682,107254000.0,-345930000.0,793048000.0,793048000.0,0.0,0.016,0.08,0.029,0.479,8095000.0,25933000.0,1.0,94757688.0,81226000,81226000.0,9.763,7252471000.0,0.0,-4761000.0,0.0,89.288,
47,MAC,MRT,2009-09-30,2009-09-30,2009-09-30,2021-08-07,-33121000.0,7319427000.0,7853578500.0,,,0.104,18.815,-215948000.0,147743000.0,147743000.0,337321000.0,215350000.0,,3.704,5036203000.0,,,5036203000.0,0.0,300641000.0,0.0,0.092,2.8,467273000.0,767914000.0,0.939,767914000.0,467273000.0,187067000.0,2.31,2.31,2.31,1495724000.0,1397335500.0,1495724000.0,8299510839.0,18.0,10.808,-66096000.0,-0.831,1.0,480246000.0,0.587,0.0,280206000.0,12207887000.0,13501370000.0,0.0,1083446000.0,,,5539840000.0,,,2405158839.0,30736000.0,104626000.0,717000.0,-362492000.0,-162159000.0,-351193000.0,232077000.0,-17527000.0,149852000.0,0.0,186070000.0,186070000.0,186070000.0,24912000.0,29280000.0,0.228,148376000.0,331870000.0,79970000.0,1.212,1.608,12.926,13.13,5692278000.0,0.0,30.33,2.942,2.949,110843000.0,-275337000.0,817567000.0,817567000.0,0.0,0.024,0.133,0.035,0.572,8967000.0,22092000.0,1.0,79299665.0,79496000,79694000.0,10.284,7319427000.0,0.0,997000.0,0.0,92.073,
48,MAC,MRT,2009-06-30,2009-06-30,2009-06-30,2021-08-07,-35936000.0,7968948000.0,8042389250.0,,,0.105,17.4,-305875000.0,127859000.0,127859000.0,349030000.0,55377000.0,,4.732,6022211000.0,,,6022211000.0,0.0,299936000.0,0.0,0.17,3.0,335352000.0,635288000.0,0.754,635288000.0,335352000.0,47038000.0,0.59,0.59,0.59,1344474000.0,1366271750.0,1344474000.0,7271816495.0,22.0,11.446,-95387000.0,-1.234,1.0,493006000.0,0.585,0.0,288314000.0,13863300000.0,13948388500.0,0.0,1062266000.0,,,6362099000.0,,,1356559495.0,4082000.0,150973000.0,8298000.0,164370000.0,-226635000.0,-64457000.0,-141949000.0,-17527000.0,210488000.0,0.0,46705000.0,45870000.0,45870000.0,28757000.0,8672000.0,0.054,311038000.0,181968000.0,77344000.0,5.085,1.009,29.574,29.847,6360530000.0,835000.0,17.61,1.611,1.616,100341000.0,-383503000.0,842036000.0,842036000.0,0.0,0.006,0.034,0.024,0.398,10991000.0,17890000.0,1.0,77033475.0,77270000,77270000.0,10.897,7968948000.0,0.0,333000.0,0.0,103.131,
49,MAC,MRT,2009-03-31,2009-03-31,2009-03-31,2021-08-07,-24783000.0,8035504000.0,8064843500.0,,,0.106,17.626,-464063000.0,142465000.0,142465000.0,353783000.0,99771000.0,,4.712,6057722000.0,,,6057722000.0,0.0,292453000.0,0.0,0.511,3.2,373467000.0,665920000.0,0.777,665920000.0,373467000.0,85025000.0,1.09,1.09,1.09,1355378000.0,1376152500.0,1355378000.0,6410177554.0,17.0,9.626,-225539000.0,-2.933,1.0,502869000.0,0.587,0.0,288442000.0,13950761000.0,13962086000.0,0.0,1076019000.0,,,6387213000.0,,,482229554.0,15276000.0,135600000.0,8394000.0,381383000.0,-278592000.0,93177000.0,-316425000.0,-17550000.0,238524000.0,0.0,85001000.0,83331000.0,83331000.0,2110000.0,14770000.0,0.097,306598000.0,196271000.0,79763000.0,2.936,0.356,5.787,5.743,6381085000.0,1670000.0,6.26,0.563,0.562,103333000.0,-322437000.0,856652000.0,856652000.0,0.0,0.01,0.061,0.027,0.436,11379000.0,17377000.0,1.0,77033475.0,76897000,88551000.0,11.14,8035504000.0,0.0,24000.0,0.0,104.497,
50,MAC,MRT,2008-12-31,2008-12-31,2008-12-31,2021-08-07,-53425000.0,8090435000.0,8015515750.0,,,0.108,18.754,-535263000.0,128236000.0,128236000.0,348742000.0,195015000.0,,4.61,6021333000.0,,,6021333000.0,0.0,287917000.0,0.0,0.176,3.2,460048000.0,747965000.0,0.866,747965000.0,460048000.0,167175000.0,2.17,2.17,2.17,1393766000.0,1373442250.0,1393766000.0,7303493328.0,16.0,9.764,-283316000.0,-3.812,1.0,514775000.0,0.596,0.0,292873000.0,13983532000.0,13843881250.0,0.0,1123720000.0,,,6425224000.0,,,1382202328.0,-18744000.0,-19625000.0,9284000.0,575750000.0,-274634000.0,288265000.0,-558956000.0,-17358000.0,251947000.0,0.0,166049000.0,161925000.0,161925000.0,-98326000.0,28966000.0,0.188,302061000.0,212714000.0,114745000.0,1.475,0.992,8.536,8.369,6371319000.0,4124000.0,18.16,1.601,1.563,127498000.0,-274834000.0,863517000.0,863517000.0,0.0,0.02,0.118,0.033,0.533,11650000.0,16520000.0,1.0,76112463.0,74319000,86794000.0,11.619,8090435000.0,0.0,1126000.0,0.0,108.861,
51,MAC,MRT,2008-09-30,2008-09-30,2008-09-30,2021-08-07,-23975000.0,8074670000.0,7977181250.0,,,0.107,18.303,-1114611000.0,112518000.0,112518000.0,345112000.0,191529000.0,,4.681,6033809000.0,,,6033809000.0,0.0,250773000.0,0.0,0.05,3.2,446161000.0,696934000.0,0.814,696934000.0,446161000.0,145990000.0,1.92,1.9,1.92,1371469000.0,1312463000.0,1371469000.0,10610282508.0,24.0,15.224,-820782000.0,-10.954,1.0,510975000.0,0.597,0.0,300171000.0,13995961000.0,13734597750.0,0.0,1041274000.0,,,6419610000.0,,,4750957508.0,5972000.0,-23090000.0,9544000.0,1157489000.0,-258913000.0,880733000.0,-1168590000.0,1217000.0,293829000.0,0.0,146732000.0,141329000.0,141329000.0,-123101000.0,44797000.0,0.165,241205000.0,269770000.0,74703000.0,1.667,3.464,33.616,33.151,6404703000.0,5403000.0,63.65,5.55,5.571,122677000.0,-246055000.0,856087000.0,856087000.0,0.0,0.018,0.108,0.032,0.521,9627000.0,16244000.0,1.0,74641909.0,74931000,87439000.0,11.425,8074670000.0,0.0,-742000.0,0.0,107.761,
52,MAC,MRT,2008-06-30,2008-06-30,2008-06-30,2021-08-07,-24424000.0,8058765000.0,7823503750.0,,,0.107,18.758,-1198990000.0,116964000.0,116964000.0,337379000.0,211495000.0,,4.592,5976289000.0,,,5976289000.0,0.0,245923000.0,0.0,0.05,3.11,446852000.0,692775000.0,0.829,692775000.0,446852000.0,164230000.0,2.16,2.14,2.16,1383997000.0,1301080250.0,1383997000.0,10283599374.0,23.0,14.844,-867646000.0,-11.76,1.0,498571000.0,0.596,0.0,282622000.0,13918090000.0,13353702500.0,0.0,1088453000.0,,,6355980000.0,,,4643850374.0,4773000.0,93145000.0,2374000.0,1092800000.0,-256118000.0,810152000.0,-1136723000.0,1405000.0,331344000.0,0.0,164181000.0,158057000.0,158057000.0,-123740000.0,47314000.0,0.189,224502000.0,274069000.0,75900000.0,1.44,3.355,29.381,28.764,6084946000.0,6124000.0,62.13,5.555,5.484,117333000.0,-192482000.0,835950000.0,835950000.0,0.0,0.02,0.121,0.033,0.535,10845000.0,15353000.0,1.0,74744091.0,73780000,86781000.0,11.33,8058765000.0,0.0,49000.0,0.0,109.227,
53,MAC,MRT,2008-03-31,2008-03-31,2008-03-31,2021-08-07,-48124000.0,7838193000.0,7683516000.0,,,0.106,18.586,-1117284000.0,127949000.0,127949000.0,328234000.0,211001000.0,,4.557,5767698000.0,,,5767698000.0,0.0,245533000.0,0.0,0.043,3.02,434472000.0,680005000.0,0.836,680005000.0,434472000.0,165166000.0,2.1,2.08,2.1,1344537000.0,1297824000.0,1344537000.0,10692405336.0,25.0,15.724,-812512000.0,-11.232,1.0,485249000.0,0.597,0.0,269306000.0,13477942000.0,12999857500.0,0.0,1061621000.0,,,6126538000.0,,,5083104336.0,16315000.0,108156000.0,1910000.0,1025680000.0,-255809000.0,744492000.0,-1032949000.0,1192000.0,304772000.0,0.0,165215000.0,153232000.0,153232000.0,-123686000.0,45786000.0,0.188,219168000.0,266081000.0,74187000.0,1.438,3.781,33.173,33.462,5938751000.0,11983000.0,70.27,6.249,6.249,125871000.0,-153896000.0,813483000.0,813483000.0,0.0,0.02,0.118,0.033,0.534,11837000.0,15630000.0,1.0,72336763.0,72342000,88290000.0,11.245,7838193000.0,0.0,-49000.0,0.0,108.349,
54,MAC,MRT,2007-12-31,2007-12-31,2007-12-31,2021-08-07,-24508000.0,7937097000.0,7571772000.0,,,0.104,16.022,-1095743000.0,153657000.0,153657000.0,319037000.0,106062000.0,,5.354,5762958000.0,,,5762958000.0,0.0,238645000.0,0.0,0.041,2.93,334722000.0,573367000.0,0.727,573367000.0,334722000.0,75765000.0,0.88,0.88,0.88,1149849000.0,1309444000.0,1149849000.0,10165553983.0,30.0,17.73,-769673000.0,-10.724,1.0,469713000.0,0.596,0.0,258957000.0,13546398000.0,12698553000.0,0.0,815290000.0,,,6156060000.0,,,5153133983.0,-184162000.0,235638000.0,-73417000.0,761513000.0,-245991000.0,355051000.0,-865283000.0,1322000.0,326070000.0,0.0,76235000.0,64131000.0,64131000.0,-24040000.0,29827000.0,0.081,209785000.0,259928000.0,103442000.0,3.33,4.482,80.353,80.75,6187473000.0,12104000.0,71.06,6.533,6.466,143227000.0,-193932000.0,788750000.0,788750000.0,0.0,0.008,0.049,0.026,0.424,12344000.0,16600000.0,1.0,72518069.0,71768000,84760000.0,10.99,7937097000.0,0.0,-470000.0,0.0,110.594,
55,MAC,MRT,2007-09-30,2007-09-30,2007-09-30,2021-08-07,-6776000.0,7459960000.0,7430916750.0,,,0.1,18.5,-764458000.0,112059000.0,112059000.0,300371000.0,222633000.0,,4.129,5124479000.0,,,5124479000.0,0.0,227478000.0,0.0,0.032,2.84,425759000.0,653237000.0,0.879,653237000.0,425759000.0,190253000.0,2.41,2.39,2.41,1325938000.0,1366764750.0,1325938000.0,11298381651.0,27.0,17.296,-483442000.0,-6.745,1.0,442638000.0,0.596,0.0,235506000.0,12472380000.0,12319889500.0,0.0,848579000.0,,,5474270000.0,,,6294485651.0,-19197000.0,247903000.0,-73970000.0,265117000.0,-247683000.0,-143195000.0,-157018000.0,1172000.0,281016000.0,0.0,190917000.0,171086000.0,171086000.0,-135526000.0,31716000.0,0.23,199028000.0,243610000.0,92523000.0,1.178,4.747,36.791,36.34,6045958000.0,19831000.0,87.58,8.472,8.448,130131000.0,-298095000.0,743009000.0,743009000.0,0.0,0.023,0.125,0.035,0.573,14193000.0,15769000.0,1.0,71871268.0,71674000,84529000.0,10.367,7459960000.0,0.0,-664000.0,0.0,104.082,
56,MAC,MRT,2007-06-30,2007-06-30,2007-06-30,2021-08-07,10572000.0,7498814000.0,7386057500.0,,,0.101,19.167,-705234000.0,119653000.0,119653000.0,297822000.0,260337000.0,,3.979,5123549000.0,,,5123549000.0,0.0,224533000.0,0.0,0.034,2.81,469125000.0,693658000.0,0.934,693658000.0,469125000.0,222604000.0,2.8,2.78,2.8,1370972000.0,1394392000.0,1370972000.0,10789153692.0,23.0,15.554,-475663000.0,-6.65,1.0,445140000.0,0.599,0.0,246521000.0,12502710000.0,12201370500.0,0.0,1016937000.0,,,5455702000.0,,,5907646692.0,3545000.0,87286000.0,-74354000.0,361932000.0,-241329000.0,-44624000.0,-181402000.0,-29139000.0,229571000.0,0.0,223162000.0,198688000.0,198688000.0,-181677000.0,37175000.0,0.267,198249000.0,246891000.0,85307000.0,1.004,4.309,29.733,29.436,5914882000.0,24474000.0,82.42,7.951,7.935,120877000.0,-264360000.0,742962000.0,742962000.0,0.0,0.027,0.142,0.038,0.631,12456000.0,16328000.0,1.0,71677344.0,71528000,84552000.0,10.387,7498814000.0,0.0,-558000.0,0.0,104.837,
57,MAC,MRT,2007-03-31,2007-03-31,2007-03-31,2021-08-07,-1115000.0,7391217000.0,7307665500.0,,,0.102,19.409,-665849000.0,116672000.0,116672000.0,293553000.0,277215000.0,,3.824,4998179000.0,,,4998179000.0,0.0,224655000.0,0.0,0.03,2.78,493600000.0,718255000.0,0.968,718255000.0,493600000.0,237657000.0,3.01,2.99,3.01,1391017000.0,1412738750.0,1391017000.0,11302917159.0,23.0,15.737,-449296000.0,-6.269,1.0,448176000.0,0.604,0.0,255943000.0,12272724000.0,12037724500.0,0.0,1017761000.0,,,5318556000.0,,,6644849159.0,-18863000.0,168566000.0,-74004000.0,139074000.0,-267394000.0,-292923000.0,57507000.0,-29541000.0,216553000.0,0.0,237210000.0,213460000.0,213460000.0,-211222000.0,40005000.0,0.288,201765000.0,246411000.0,72995000.0,0.924,4.777,31.129,30.684,5806357000.0,23750000.0,92.36,8.959,8.924,115661000.0,-226886000.0,741729000.0,741729000.0,0.0,0.029,0.151,0.041,0.665,10521000.0,15208000.0,1.0,71945097.0,71669000,85034000.0,10.349,7391217000.0,0.0,447000.0,0.0,103.13,
58,MAC,MRT,2006-12-31,2006-12-31,2006-12-31,2021-08-07,2340000.0,7373676000.0,7285952750.0,,,0.103,19.472,-822903000.0,335811000.0,335811000.0,290342000.0,285376000.0,,3.842,4993879000.0,,,4993879000.0,0.0,232220000.0,0.0,0.032,2.75,505287000.0,737507000.0,0.984,737507000.0,505287000.0,244582000.0,3.07,3.05,3.07,1379132000.0,1430247750.0,1379132000.0,10934387590.0,22.0,14.826,-611053000.0,-8.628,1.0,459277000.0,0.613,0.0,260705000.0,12031744000.0,11979903750.0,0.0,990024000.0,,,5298454000.0,,,6216606590.0,114322000.0,156477000.0,747268000.0,-417648000.0,-269419000.0,29208000.0,-126736000.0,-29863000.0,211850000.0,0.0,244549000.0,217404000.0,217404000.0,-214855000.0,40827000.0,0.29,210376000.0,248901000.0,92326000.0,0.896,4.508,28.595,28.199,5617879000.0,27145000.0,86.57,8.293,8.179,122137000.0,-66974000.0,749619000.0,749619000.0,0.0,0.03,0.152,0.042,0.674,9607000.0,13532000.0,1.0,71810172.0,70826000,88058000.0,10.584,7373676000.0,0.0,33000.0,0.0,104.11,
59,MAC,MRT,2006-09-30,2006-09-30,2006-09-30,2021-08-07,1185000.0,7280523000.0,7237269750.0,,,0.1,20.096,-554130000.0,134855000.0,134855000.0,282788000.0,141781000.0,,3.579,4852636000.0,,,4852636000.0,0.0,235268000.0,0.0,0.036,2.72,416338000.0,651606000.0,0.899,651606000.0,416338000.0,156130000.0,-0.94,-0.93,-0.94,1436447000.0,1292241750.0,1436447000.0,10146170798.0,24.0,15.571,-364907000.0,-5.105,1.0,442310000.0,0.61,0.0,260208000.0,11998304000.0,12070443250.0,0.0,1032054000.0,,,5140851000.0,,,5483290798.0,-6170000.0,164023000.0,747440000.0,-426388000.0,-262318000.0,25675000.0,-221068000.0,-30123000.0,189223000.0,0.0,155736000.0,-42475000.0,-42475000.0,-86243000.0,-13955000.0,-0.059,207630000.0,234680000.0,80768000.0,-2.894,3.817,-129.095,-81.234,5675959000.0,198211000.0,76.36,7.562,7.527,108215000.0,-275435000.0,725098000.0,725098000.0,0.0,-0.006,-0.033,0.034,0.574,8721000.0,11710000.0,1.0,71808418.0,71479000,85021000.0,10.144,7280523000.0,0.0,394000.0,0.0,101.855,
60,MAC,MRT,2006-06-30,2006-06-30,2006-06-30,2021-08-07,12193000.0,7185246000.0,7182898250.0,,,0.101,20.213,-458213000.0,101297000.0,101297000.0,282040000.0,91457000.0,,3.485,4764177000.0,,,4764177000.0,0.0,237093000.0,0.0,0.038,2.69,374515000.0,611608000.0,0.844,611608000.0,374515000.0,111600000.0,-1.53,-1.52,-1.53,1444359000.0,1142596500.0,1444359000.0,9776569785.0,26.0,15.985,-230505000.0,-3.226,1.0,442571000.0,0.611,0.0,262915000.0,11848126000.0,12127645000.0,0.0,996258000.0,,,5033819000.0,,,5039494785.0,-28289000.0,153139000.0,750974000.0,-506386000.0,-252260000.0,-34339000.0,-221658000.0,0.0,227708000.0,0.0,112907000.0,-85379000.0,-85379000.0,-39568000.0,-21450000.0,-0.118,211696000.0,230875000.0,69526000.0,-1.758,3.489,-59.025,-45.882,5644885000.0,198286000.0,70.2,6.955,6.923,104956000.0,-273284000.0,724611000.0,724611000.0,0.0,-0.012,-0.075,0.031,0.517,8550000.0,12579000.0,1.0,71787675.0,71458000,85023000.0,10.14,7185246000.0,0.0,-1307000.0,0.0,100.552,
61,MAC,MRT,2006-03-31,2006-03-31,2006-03-31,2021-08-07,7003000.0,7304366000.0,7156943750.0,,,0.1,21.255,-403683000.0,125323000.0,125323000.0,277963000.0,66358000.0,,3.52,4862398000.0,,,4862398000.0,0.0,231849000.0,0.0,0.036,2.66,346079000.0,577928000.0,0.805,577928000.0,346079000.0,90524000.0,-1.78,-1.77,-1.78,1461053000.0,998246500.0,1461053000.0,10496756662.0,30.0,18.163,-176849000.0,-2.573,1.0,440063000.0,0.613,0.0,255555000.0,12041441000.0,12224932000.0,0.0,1075777000.0,,,5142313000.0,,,5281798662.0,13720000.0,126399000.0,751432000.0,-409967000.0,-214438000.0,102966000.0,-316080000.0,0.0,226834000.0,0.0,92578000.0,-104304000.0,-104304000.0,-9712000.0,-26220000.0,-0.145,209765000.0,230298000.0,77000000.0,-1.494,3.615,-50.639,-41.545,5671809000.0,196882000.0,73.95,7.356,7.079,85305000.0,-250057000.0,718026000.0,718026000.0,0.0,-0.015,-0.104,0.028,0.482,9140000.0,13152000.0,1.0,71423917.0,68738000,82518000.0,10.446,7304366000.0,0.0,-2054000.0,0.0,106.264,
62,MAC,MRT,2005-12-31,2005-12-31,2005-12-31,2021-08-07,87000.0,7178944000.0,6496348250.0,,,0.102,13.953,-171842000.0,209772000.0,209772000.0,256669000.0,77654000.0,,6.931,5424730000.0,,,5424730000.0,0.0,205965000.0,0.0,0.039,2.63,325685000.0,531650000.0,0.805,531650000.0,325685000.0,97624000.0,-1.58,-1.57,-1.58,827108000.0,857326000.0,827108000.0,9188451105.0,28.0,17.283,63454000.0,1.07,1.0,403478000.0,0.611,0.0,228061000.0,12393902000.0,11181965750.0,0.0,1077036000.0,,,5732806000.0,,,4024377105.0,82999000.0,59336000.0,4597000.0,196758000.0,-202078000.0,-20349000.0,-131948000.0,0.0,235296000.0,0.0,99655000.0,-93614000.0,-93614000.0,-9496000.0,-22001000.0,-0.142,182840000.0,220638000.0,81091000.0,-1.665,4.866,-42.989,-42.494,5438496000.0,193269000.0,67.14,6.096,6.029,93423000.0,-209005000.0,660147000.0,660147000.0,0.0,-0.014,-0.109,0.029,0.493,8286000.0,12106000.0,1.0,59940082.0,59279000,73573000.0,11.136,7178944000.0,0.0,-2031000.0,0.0,121.104,
63,MAC,MRT,2005-09-30,2005-09-30,2005-09-30,2021-08-07,742000.0,7063037000.0,5860886250.0,,,0.111,14.142,-385680000.0,128271000.0,128271000.0,261312000.0,95747000.0,,6.679,5292345000.0,,,5292345000.0,0.0,190887000.0,0.0,0.04,2.6,268675000.0,459562000.0,0.709,459562000.0,268675000.0,66801000.0,1.0,0.99,1.0,837866000.0,878932250.0,837866000.0,9032418324.0,34.0,19.654,-153702000.0,-2.594,1.0,387046000.0,0.597,0.0,201874000.0,12227111000.0,10029178000.0,0.0,1076254000.0,,,5596053000.0,,,3876572324.0,28590000.0,59249000.0,4785000.0,298067000.0,-194176000.0,94116000.0,-297504000.0,0.0,231978000.0,0.0,74471000.0,58916000.0,58916000.0,-19724000.0,21276000.0,0.091,184263000.0,202783000.0,72645000.0,2.6,4.627,65.798,64.94,5409852000.0,15555000.0,64.94,5.979,5.934,77603000.0,-189793000.0,648358000.0,648358000.0,0.0,0.01,0.067,0.027,0.414,7823000.0,12930000.0,1.0,59694677.0,59247000,73660000.0,10.943,7063037000.0,0.0,-7670000.0,0.0,119.213,
64,MAC,MRT,2005-06-30,2005-06-30,2005-06-30,2021-08-07,1115000.0,7081428000.0,5195220250.0,,,0.111,14.67,-466360000.0,128159000.0,128159000.0,223174000.0,103659000.0,,6.432,5284005000.0,,,5284005000.0,0.0,168589000.0,0.0,0.038,2.56,246539000.0,415128000.0,0.72,415128000.0,246539000.0,77285000.0,1.22,1.21,1.22,866959000.0,898808000.0,866959000.0,7205879918.0,29.0,17.358,-249722000.0,-4.225,1.0,353601000.0,0.613,0.0,169254000.0,12237274000.0,8807674500.0,0.0,1068415000.0,,,5576335000.0,,,3998287918.0,-13079000.0,55577000.0,3171000.0,359801000.0,-190197000.0,153655000.0,-383372000.0,0.0,216638000.0,0.0,83789000.0,72150000.0,72150000.0,-19657000.0,19870000.0,0.125,162213000.0,191388000.0,65976000.0,2.098,4.612,55.416,54.959,5392694000.0,11639000.0,67.05,6.932,6.87,75710000.0,-155313000.0,576775000.0,576775000.0,0.0,0.014,0.08,0.028,0.427,10317000.0,12298000.0,1.0,59631438.0,59099000,73616000.0,9.759,7081428000.0,0.0,-6504000.0,0.0,119.823,
65,MAC,MRT,2005-03-31,2005-03-31,2005-03-31,2021-08-07,1690000.0,4661984000.0,4494140250.0,,,0.116,15.245,-506465000.0,69573000.0,69573000.0,202605000.0,111673000.0,,3.846,3277165000.0,,,3277165000.0,0.0,149730000.0,0.0,0.047,2.52,229076000.0,378806000.0,0.728,378806000.0,229076000.0,85828000.0,1.4,1.39,1.4,897371000.0,915366000.0,897371000.0,6308895686.0,28.0,16.655,-294209000.0,-4.998,1.0,317752000.0,0.611,0.0,143248000.0,7869576000.0,7510624000.0,0.0,681288000.0,,,3450970000.0,,,3163240686.0,-19819000.0,-35389000.0,2667000.0,476085000.0,-181568000.0,279462000.0,-511537000.0,0.0,212256000.0,0.0,91803000.0,82517000.0,82517000.0,-21314000.0,19870000.0,0.159,140177000.0,177575000.0,52651000.0,1.8,3.525,38.334,38.057,3589374000.0,9286000.0,53.28,6.079,6.027,68807000.0,-123605000.0,520357000.0,520357000.0,0.0,0.018,0.09,0.031,0.44,7861000.0,10703000.0,1.0,59370133.0,58865000,73284000.0,8.84,4661984000.0,0.0,-5975000.0,0.0,79.198,
66,MAC,MRT,2004-12-31,2004-12-31,2004-12-31,2021-08-07,1092000.0,4637096000.0,4380410250.0,,,0.113,15.606,-538529000.0,84465000.0,84465000.0,190545000.0,111503000.0,,3.725,3230120000.0,,,3230120000.0,0.0,146378000.0,0.0,0.039,2.48,220716000.0,367094000.0,0.741,367094000.0,220716000.0,86167000.0,1.41,1.4,1.41,913533000.0,927969500.0,913533000.0,6663145958.0,30.0,18.151,-325332000.0,-5.558,1.0,304630000.0,0.615,0.0,134549000.0,7782751000.0,7261802250.0,0.0,625166000.0,,,3403314000.0,,,3722421958.0,31758000.0,24446000.0,9514000.0,494303000.0,-177717000.0,308383000.0,-489822000.0,0.0,213197000.0,0.0,91633000.0,82493000.0,82493000.0,-21918000.0,19870000.0,0.167,139017000.0,165613000.0,50113000.0,1.759,4.075,45.124,44.539,3574553000.0,9140000.0,62.8,7.517,7.424,72218000.0,-103489000.0,495175000.0,495175000.0,0.0,0.019,0.089,0.03,0.446,6236000.0,11077000.0,1.0,59274235.0,58537000,73099000.0,8.459,4637096000.0,0.0,-5466000.0,0.0,79.216,
67,MAC,MRT,2004-09-30,2004-09-30,2004-09-30,2021-08-07,18000.0,4400373000.0,4257534500.0,,,0.122,15.635,-345716000.0,52706000.0,52706000.0,199585000.0,87159000.0,,3.446,2993430000.0,,,2993430000.0,0.0,140434000.0,0.0,0.046,2.44,224056000.0,364490000.0,0.701,364490000.0,224056000.0,86715000.0,1.32,1.34,1.32,917369000.0,937957500.0,917369000.0,5923643791.0,26.0,16.252,-108549000.0,-1.85,1.0,320632000.0,0.616,0.0,137341000.0,7341097000.0,7011372250.0,0.0,638152000.0,,,3161419000.0,,,3151679791.0,-34708000.0,-16846000.0,12881000.0,300578000.0,-172162000.0,124040000.0,-395915000.0,0.0,237167000.0,0.0,87159000.0,78018000.0,78018000.0,-9559000.0,0.0,0.15,142544000.0,178088000.0,52867000.0,1.848,3.436,40.397,40.371,3382285000.0,9141000.0,53.29,6.058,6.01,63876000.0,-94983000.0,520217000.0,520217000.0,0.0,0.018,0.083,0.032,0.431,4511000.0,9822000.0,1.0,59142049.0,58673000,73209000.0,8.866,4400373000.0,0.0,-444000.0,0.0,74.998,
68,MAC,MRT,2004-06-30,2004-06-30,2004-06-30,2021-08-07,375000.0,4277108000.0,4165149500.0,,,0.122,16.002,-418272000.0,93382000.0,93382000.0,199266000.0,109299000.0,,3.235,2865346000.0,,,2865346000.0,0.0,130152000.0,0.0,0.05,2.4,240614000.0,370766000.0,0.731,370766000.0,240614000.0,108855000.0,1.78,1.77,1.78,933191000.0,944715250.0,933191000.0,5472592640.0,23.0,14.76,-208941000.0,-3.583,1.0,308165000.0,0.607,0.0,131759000.0,7049072000.0,6819810750.0,0.0,634747000.0,,,3018670000.0,,,2805367640.0,10461000.0,-10713000.0,13081000.0,383893000.0,-161908000.0,225295000.0,-424165000.0,0.0,209331000.0,0.0,109299000.0,100449000.0,100449000.0,-31012000.0,0.0,0.198,131211000.0,176954000.0,45409000.0,1.348,3.006,27.928,26.893,3236521000.0,8850000.0,47.87,5.529,5.502,71748000.0,-76109000.0,507431000.0,507431000.0,0.0,0.024,0.106,0.035,0.474,0.0,8721000.0,1.0,58603878.0,58318000,72945000.0,8.701,4277108000.0,0.0,-444000.0,0.0,73.341,
69,MAC,MRT,2004-03-31,2004-03-31,2004-03-31,2021-08-07,-3525000.0,4207064000.0,4053395250.0,,,0.122,16.232,-392254000.0,80937000.0,80937000.0,190379000.0,123742000.0,,3.092,2748162000.0,,,2748162000.0,0.0,119416000.0,0.0,0.044,2.36,253256000.0,372672000.0,0.755,372672000.0,253256000.0,123298000.0,2.04,2.03,2.04,947785000.0,909433250.0,947785000.0,5809341416.0,23.0,15.588,-195195000.0,-3.343,1.0,303294000.0,0.614,0.0,129958000.0,6874289000.0,6607348750.0,0.0,607667000.0,,,2930968000.0,,,3173902416.0,-29530000.0,10418000.0,14959000.0,227478000.0,-153036000.0,74256000.0,-300845000.0,0.0,197059000.0,0.0,123742000.0,111909000.0,111909000.0,-30323000.0,0.0,0.227,111356000.0,191938000.0,49681000.0,1.157,3.349,28.361,26.422,3226656000.0,11833000.0,53.9,6.429,6.375,68485000.0,-56464000.0,493673000.0,493673000.0,0.0,0.028,0.123,0.038,0.513,0.0,9170000.0,1.0,58885017.0,58390000,72987000.0,8.455,4207064000.0,0.0,-444000.0,0.0,72.051,
70,MAC,MRT,2003-12-31,2003-12-31,2003-12-31,2021-08-07,-2335000.0,4145593000.0,3985091250.0,,,0.121,17.766,-362935000.0,47160000.0,47160000.0,183356000.0,128034000.0,,2.995,2682598000.0,,,2682598000.0,0.0,109029000.0,0.0,0.052,2.32,258297000.0,367326000.0,0.76,367326000.0,258297000.0,127590000.0,2.11,2.09,2.11,953485000.0,869885250.0,953485000.0,5112829494.0,20.0,13.919,-147183000.0,-2.742,1.0,300221000.0,0.621,0.0,130707000.0,6781031000.0,6484573500.0,0.0,607145000.0,,,2855559000.0,,,2568811494.0,-9886000.0,-66882000.0,10986000.0,272464000.0,-149605000.0,115703000.0,-341341000.0,0.0,215752000.0,0.0,128034000.0,113218000.0,113218000.0,-28787000.0,0.0,0.234,100982000.0,199239000.0,56894000.0,1.1,2.694,22.689,21.09,3186725000.0,14816000.0,44.5,5.312,4.939,73171000.0,-38541000.0,483577000.0,483577000.0,0.0,0.028,0.13,0.04,0.534,0.0,8482000.0,1.0,57726101.0,53669000,75198000.0,9.01,4145593000.0,0.0,-444000.0,0.0,77.244,
71,MAC,MRT,2003-09-30,2003-09-30,2003-09-30,2021-08-07,-3042000.0,4030833000.0,3864213000.0,,,0.118,17.669,-338941000.0,77652000.0,77652000.0,164468000.0,138598000.0,,2.928,2621670000.0,,,2621670000.0,0.0,97461000.0,0.0,0.06,2.28,271572000.0,369033000.0,0.808,369033000.0,271572000.0,138598000.0,2.53,2.49,2.53,944400000.0,830963500.0,944400000.0,4354624072.0,16.0,11.8,-162429000.0,-3.039,1.0,292180000.0,0.64,0.0,132974000.0,6574851000.0,6264423000.0,0.0,597246000.0,,,2764865000.0,,,1985491072.0,14664000.0,-47183000.0,431400000.0,-154417000.0,-146915000.0,109759000.0,-271607000.0,0.0,176512000.0,0.0,138598000.0,120945000.0,120945000.0,-40920000.0,0.0,0.265,89882000.0,202298000.0,50121000.0,0.901,2.102,16.416,14.921,3222753000.0,17653000.0,37.75,4.348,4.419,56269000.0,-26919000.0,456648000.0,456648000.0,0.0,0.031,0.146,0.043,0.595,0.0,8747000.0,1.0,52595790.0,53449000,75124000.0,8.544,4030833000.0,0.0,0.0,0.0,75.415,
72,MAC,MRT,2003-06-30,2003-06-30,2003-06-30,2021-08-07,-3742000.0,3830091000.0,3753517500.0,,,0.116,15.322,-446624000.0,79713000.0,79713000.0,155202000.0,113672000.0,,3.256,2448846000.0,,,2448846000.0,0.0,93576000.0,0.0,0.064,2.26,250790000.0,344366000.0,0.788,344366000.0,250790000.0,113672000.0,2.11,2.09,2.11,792063000.0,698547750.0,792063000.0,4293397380.0,17.0,12.468,-253959000.0,-4.913,1.0,281875000.0,0.645,0.0,137118000.0,6199224000.0,6170822500.0,0.0,595261000.0,,,2579160000.0,,,1844057380.0,20285000.0,-411868000.0,429231000.0,361389000.0,-134375000.0,620288000.0,-792668000.0,0.0,192665000.0,0.0,113672000.0,92890000.0,92890000.0,-33222000.0,0.0,0.213,86328000.0,195547000.0,52539000.0,1.071,2.328,19.852,16.649,3035130000.0,20782000.0,35.13,4.219,4.155,53704000.0,-36245000.0,437077000.0,437077000.0,0.0,0.025,0.133,0.041,0.574,0.0,8946000.0,1.0,52492382.0,51693000,65907000.0,8.455,3830091000.0,0.0,0.0,0.0,74.093,
73,MAC,MRT,2003-03-31,2003-03-31,2003-03-31,2021-08-07,-4293000.0,3933848000.0,3406495000.0,,,0.117,15.251,-575556000.0,105754000.0,105754000.0,140267000.0,83639000.0,,3.401,2555094000.0,,,2555094000.0,0.0,86127000.0,0.0,0.071,2.24,212811000.0,298938000.0,0.748,298938000.0,212811000.0,83639000.0,1.51,1.49,1.51,789593000.0,594215250.0,789593000.0,3889331608.0,18.0,13.01,-372286000.0,-7.191,1.0,259588000.0,0.649,0.0,129172000.0,6383188000.0,5626844250.0,0.0,589741000.0,,,2685527000.0,,,1650982608.0,37365000.0,-399045000.0,426798000.0,554724000.0,-126239000.0,820729000.0,-986634000.0,0.0,203270000.0,0.0,83639000.0,63040000.0,63040000.0,-32322000.0,0.0,0.158,93534000.0,166054000.0,51388000.0,1.483,2.091,26.189,20.98,3127902000.0,20599000.0,31.68,4.129,4.102,50124000.0,-35022000.0,399855000.0,399855000.0,0.0,0.019,0.106,0.038,0.532,0.0,8238000.0,1.0,52114350.0,51773000,65923000.0,7.723,3933848000.0,0.0,0.0,0.0,75.983,
74,MAC,MRT,2002-12-31,2002-12-31,2002-12-31,2021-08-07,-4811000.0,3662080000.0,3000317000.0,,,0.121,21.361,-548790000.0,53559000.0,53559000.0,126989000.0,81382000.0,,3.003,2291908000.0,,,2291908000.0,0.0,78837000.0,0.0,0.072,2.22,201670000.0,280507000.0,0.773,280507000.0,201670000.0,81382000.0,1.63,1.62,1.63,797798000.0,495390000.0,797798000.0,3728959067.0,18.0,13.294,-385614000.0,-10.325,1.0,235921000.0,0.65,0.0,120288000.0,5900429000.0,4962744500.0,0.0,645738000.0,,,2395449000.0,,,1116561067.0,27266000.0,-326565000.0,476138000.0,406345000.0,-108583000.0,739122000.0,-875032000.0,0.0,163176000.0,0.0,81382000.0,60965000.0,60965000.0,-32253000.0,0.0,0.168,85759000.0,150162000.0,35750000.0,1.362,1.4,18.315,18.865,2842177000.0,20417000.0,30.75,3.077,3.165,49059000.0,-23870000.0,362910000.0,362910000.0,0.0,0.02,0.123,0.041,0.556,0.0,7435000.0,1.0,36310929.0,37348000,50066000.0,9.717,3662080000.0,0.0,0.0,0.0,98.053,
75,MAC,MRT,2002-09-30,2002-09-30,2002-09-30,2021-08-07,-5173000.0,3588051000.0,2658422500.0,,,0.129,11.45,-521606000.0,63165000.0,63165000.0,116107000.0,83503000.0,,6.654,2675563000.0,,,2675563000.0,0.0,72120000.0,0.0,0.071,2.2,196268000.0,268388000.0,0.782,268388000.0,196268000.0,83503000.0,1.83,1.82,1.83,414737000.0,383179000.0,414737000.0,2704554803.0,14.0,10.077,-349125000.0,-9.639,1.0,226970000.0,0.662,0.0,112765000.0,6200449000.0,4435560250.0,0.0,629951000.0,,,2759749000.0,,,1123244803.0,35283000.0,-320870000.0,51941000.0,782614000.0,-98484000.0,700926000.0,-838124000.0,0.0,172481000.0,0.0,83503000.0,63268000.0,63268000.0,-17317000.0,0.0,0.184,57273000.0,169697000.0,46097000.0,1.202,2.708,17.754,16.929,2779423000.0,20235000.0,30.98,3.274,3.271,39568000.0,-35901000.0,343077000.0,343077000.0,0.0,0.024,0.165,0.044,0.572,0.0,7732000.0,1.0,36257095.0,36221000,50665000.0,9.472,3588051000.0,0.0,0.0,0.0,99.06,
76,MAC,MRT,2002-06-30,2002-06-30,2002-06-30,2021-08-07,-5161000.0,2442001000.0,2344415000.0,,,0.14,10.334,-219811000.0,59605000.0,59605000.0,111106000.0,80916000.0,,4.549,1640915000.0,,,1640915000.0,0.0,67242000.0,0.0,0.07,2.18,185228000.0,252470000.0,0.77,252470000.0,185228000.0,80916000.0,1.78,1.78,1.78,374733000.0,361878000.0,374733000.0,2541095945.0,14.0,10.065,-68285000.0,-1.883,1.0,216802000.0,0.661,0.0,104312000.0,4023311000.0,3858716500.0,0.0,260985000.0,,,1704695000.0,,,1123442945.0,32241000.0,35711000.0,51963000.0,116808000.0,-93736000.0,51821000.0,-171106000.0,0.0,151526000.0,0.0,80916000.0,60864000.0,60864000.0,-2679000.0,0.0,0.186,52173000.0,164629000.0,37620000.0,1.225,2.998,18.458,17.416,2024896000.0,20052000.0,31.0,3.426,3.428,34562000.0,-27658000.0,327908000.0,327908000.0,0.0,0.026,0.168,0.048,0.565,0.0,6809000.0,1.0,36240095.0,36262000,47415000.0,9.043,2442001000.0,0.0,0.0,0.0,67.343,
77,MAC,MRT,2002-03-31,2002-03-31,2002-03-31,2021-08-07,-5492000.0,2309136000.0,2314392000.0,,,0.142,11.352,-63277000.0,68566000.0,68566000.0,111128000.0,88836000.0,,3.921,1486219000.0,,,1486219000.0,0.0,66503000.0,0.0,0.072,2.16,195610000.0,262113000.0,0.797,262113000.0,195610000.0,88836000.0,2.03,2.03,2.03,394292000.0,352265000.0,394292000.0,2583951152.0,13.0,9.858,95259000.0,2.743,1.0,217685000.0,0.662,0.0,106774000.0,3726789000.0,3822044000.0,0.0,275324000.0,,,1545938000.0,,,1086761152.0,46804000.0,30518000.0,52214000.0,-15202000.0,-99923000.0,-85062000.0,-26670000.0,0.0,158536000.0,0.0,88836000.0,68966000.0,68966000.0,-3117000.0,0.0,0.21,47487000.0,170198000.0,32617000.0,1.064,2.756,15.758,14.852,1872441000.0,19870000.0,30.15,3.305,3.185,35371000.0,-6551000.0,328813000.0,328813000.0,0.0,0.03,0.196,0.051,0.595,0.0,6631000.0,1.0,36045146.0,34734000,45887000.0,9.467,2309136000.0,0.0,0.0,0.0,66.481,
78,MAC,MRT,2001-12-31,2001-12-31,2001-12-31,2021-08-07,-5820000.0,2294502000.0,2315636500.0,,,0.142,10.321,-68153000.0,26470000.0,26470000.0,109480000.0,77723000.0,,4.54,1523660000.0,,,1523660000.0,0.0,65983000.0,0.0,0.08,2.14,187369000.0,253352000.0,0.77,253352000.0,187369000.0,77723000.0,1.72,1.72,1.72,348954000.0,339324250.0,348954000.0,2462952627.0,13.0,9.721,72353000.0,2.14,1.0,219672000.0,0.667,0.0,109646000.0,3791692000.0,3853282250.0,0.0,278526000.0,,,1584226000.0,,,901899627.0,-9803000.0,27544000.0,0.0,30694000.0,-101144000.0,-92990000.0,-57319000.0,0.0,140506000.0,0.0,77723000.0,58035000.0,58035000.0,-3115000.0,0.0,0.176,47313000.0,172359000.0,32172000.0,1.244,2.585,15.541,15.465,1887329000.0,19688000.0,26.6,2.74,2.732,42537000.0,-4944000.0,329152000.0,329152000.0,0.0,0.025,0.171,0.049,0.569,0.0,6780000.0,1.0,33906001.0,33809000,44963000.0,9.736,2294502000.0,0.0,0.0,0.0,67.867,
79,MAC,MRT,2001-09-30,2001-09-30,2001-09-30,2021-08-07,-6155000.0,2332021000.0,2326321500.0,,,0.141,9.729,-58974000.0,27882000.0,27882000.0,108021000.0,59084000.0,,4.998,1588935000.0,,,1588935000.0,0.0,66107000.0,0.0,0.096,2.12,168512000.0,234619000.0,0.714,234619000.0,168512000.0,59084000.0,1.16,1.16,1.16,329533000.0,342653750.0,329533000.0,2304655919.0,14.0,9.823,75716000.0,2.235,1.0,220633000.0,0.671,0.0,109428000.0,3893074000.0,3868335250.0,0.0,276087000.0,,,1647054000.0,,,749943919.0,-7917000.0,23349000.0,0.0,70792000.0,-102967000.0,-54515000.0,-88092000.0,0.0,134690000.0,0.0,59084000.0,39396000.0,39396000.0,-2644000.0,0.0,0.12,73222000.0,147411000.0,33320000.0,1.828,2.276,19.036,19.052,1934233000.0,19688000.0,22.1,2.282,2.278,35988000.0,,328654000.0,328654000.0,0.0,0.017,0.115,0.044,0.513,0.0,5955000.0,1.0,33934114.0,33871000,45025000.0,9.703,2332021000.0,0.0,0.0,0.0,68.85,
80,MAC,MRT,2001-06-30,2001-06-30,2001-06-30,2021-08-07,-6489000.0,2321909000.0,2321563000.0,,,0.139,9.957,-59719000.0,27364000.0,27364000.0,104683000.0,56618000.0,,4.84,1582076000.0,,,1582076000.0,0.0,64570000.0,0.0,0.085,2.1,165459000.0,230029000.0,0.712,230029000.0,165459000.0,56618000.0,1.09,1.09,1.09,336281000.0,407446750.0,336281000.0,2374634820.0,14.0,10.323,67149000.0,1.988,1.0,218429000.0,0.676,0.0,108841000.0,3876621000.0,3843891250.0,0.0,271041000.0,,,1627587000.0,,,837006820.0,-7590000.0,29577000.0,0.0,68666000.0,-102949000.0,-55490000.0,-78968000.0,0.0,126868000.0,0.0,56618000.0,37295000.0,37295000.0,-2493000.0,0.0,0.115,72742000.0,145687000.0,27446000.0,1.927,2.489,22.443,22.752,1932654000.0,19323000.0,24.8,2.59,2.592,34327000.0,,323112000.0,323112000.0,0.0,0.016,0.092,0.043,0.512,0.0,5843000.0,1.0,33750275.0,33772000,44924000.0,9.567,2321909000.0,0.0,0.0,0.0,68.752,
81,MAC,MRT,2001-03-31,2001-03-31,2001-03-31,2021-08-07,-9118000.0,2314114000.0,2318624750.0,,,0.138,10.182,-55989000.0,21762000.0,21762000.0,101214000.0,57205000.0,,4.695,1559390000.0,,,1559390000.0,0.0,63223000.0,0.0,0.095,2.08,165497000.0,228720000.0,0.716,228720000.0,165497000.0,57205000.0,1.11,1.11,1.11,342529000.0,473109000.0,342529000.0,2252846426.0,14.0,9.85,61412000.0,1.826,1.0,218139000.0,0.683,0.0,108292000.0,3851742000.0,3821876500.0,0.0,272661000.0,,,1608013000.0,,,738184426.0,-8994000.0,100145000.0,0.0,-3660000.0,-98075000.0,-122470000.0,-3925000.0,0.0,117401000.0,0.0,57205000.0,38064000.0,38064000.0,-2051000.0,0.0,0.119,71600000.0,146539000.0,31618000.0,1.874,2.155,19.393,19.775,1933533000.0,19141000.0,21.95,2.311,2.312,32759000.0,,319353000.0,319353000.0,0.0,0.016,0.08,0.043,0.518,0.0,5722000.0,1.0,33630270.0,33640000,44796000.0,9.493,2314114000.0,0.0,0.0,0.0,68.791,
82,MAC,MRT,2000-12-31,2000-12-31,2000-12-31,2021-08-07,0.0,2337242000.0,2335658500.0,,,0.136,10.625,-50447000.0,36273000.0,36273000.0,101064000.0,56929000.0,,4.436,1550935000.0,,,1550935000.0,0.0,61647000.0,0.0,0.107,2.06,165376000.0,227023000.0,0.715,227023000.0,165376000.0,56929000.0,1.11,1.11,1.11,362272000.0,539708750.0,362272000.0,2138126372.0,13.0,9.418,70773000.0,2.076,1.0,216303000.0,0.682,0.0,108447000.0,3851904000.0,3837568500.0,0.0,273140000.0,,,1607134000.0,,,655815372.0,-4182000.0,100117000.0,0.0,-10225000.0,-97917000.0,-127485000.0,2083000.0,0.0,121220000.0,0.0,56929000.0,37971000.0,37971000.0,-1765000.0,0.0,0.12,69579000.0,146724000.0,38312000.0,1.856,1.81,17.271,17.288,1933584000.0,18958000.0,19.19,2.066,2.062,38922000.0,10314000.0,317367000.0,317367000.0,0.0,0.016,0.07,0.043,0.521,0.0,5509000.0,1.0,34174850.0,34095000,45050000.0,9.308,2337242000.0,0.0,0.0,0.0,68.551,
83,MAC,MRT,2000-09-30,2000-09-30,2000-09-30,2021-08-07,0.0,2312987000.0,2352421250.0,,,0.133,17.233,-200202000.0,35799000.0,35799000.0,101021000.0,123457000.0,,2.676,1518110000.0,,,1518110000.0,0.0,59581000.0,0.0,0.096,2.04,233698000.0,293279000.0,0.936,293279000.0,233698000.0,123457000.0,3.09,2.82,3.09,588705000.0,549454250.0,588705000.0,2204408212.0,9.0,7.516,-71595000.0,-2.096,1.0,212151000.0,0.677,0.0,110241000.0,3795298000.0,3855833750.0,0.0,268684000.0,,,1575437000.0,,,726002212.0,12474000.0,161021000.0,0.0,2374000.0,-182407000.0,-136286000.0,20153000.0,0.0,128607000.0,0.0,123457000.0,104955000.0,104955000.0,0.0,0.0,0.335,-29504000.0,241655000.0,34933000.0,0.66,1.233,6.917,6.877,1924403000.0,18502000.0,21.25,2.318,2.318,27978000.0,11790000.0,313172000.0,313172000.0,0.0,0.045,0.191,0.061,0.746,0.0,5437000.0,1.0,34164810.0,34162000,45106000.0,9.167,2312987000.0,0.0,0.0,0.0,67.706,
84,MAC,MRT,2000-06-30,2000-06-30,2000-06-30,2021-08-07,0.0,2310156000.0,2395733750.0,,,0.133,17.539,-199663000.0,34954000.0,34954000.0,101214000.0,125505000.0,,2.604,1513360000.0,,,1513360000.0,0.0,60412000.0,0.0,0.091,2.015,238597000.0,299009000.0,0.936,299009000.0,238597000.0,125505000.0,3.14,2.87,3.14,598930000.0,541159000.0,598930000.0,2286246853.0,10.0,7.646,-70326000.0,-2.059,1.0,218263000.0,0.683,0.0,113092000.0,3788562000.0,3952162750.0,0.0,270724000.0,,,1559702000.0,,,753985853.0,10344000.0,139374000.0,0.0,22097000.0,-162822000.0,-119870000.0,877000.0,0.0,129337000.0,0.0,125505000.0,106911000.0,106911000.0,0.0,0.0,0.335,-29635000.0,247898000.0,23875000.0,0.642,1.259,7.052,7.032,1921806000.0,18594000.0,22.08,2.36,2.36,27342000.0,22243000.0,319477000.0,319477000.0,0.0,0.045,0.198,0.06,0.747,0.0,5826000.0,1.0,34147910.0,34149000,44796000.0,9.355,2310156000.0,0.0,0.0,0.0,67.649,
85,MAC,MRT,2000-03-31,2000-03-31,2000-03-31,2021-08-07,0.0,2382249000.0,2434862250.0,,,0.133,17.862,-205078000.0,30756000.0,30756000.0,100962000.0,126667000.0,,2.659,1563017000.0,,,1563017000.0,0.0,60658000.0,0.0,0.096,1.99,241413000.0,302071000.0,0.933,302071000.0,241413000.0,126667000.0,3.19,2.92,3.19,608928000.0,532122250.0,608928000.0,2224309663.0,9.0,7.364,-62399000.0,-1.83,1.0,222936000.0,0.688,0.0,114746000.0,3914510000.0,4038848750.0,0.0,343152000.0,,,1619277000.0,,,703637663.0,6877000.0,-5206000.0,0.0,149986000.0,-137536000.0,11738000.0,-147540000.0,0.0,142679000.0,0.0,126667000.0,108302000.0,108302000.0,0.0,0.0,0.334,-29767000.0,252703000.0,29610000.0,0.624,1.156,6.497,6.467,1926340000.0,18365000.0,20.63,2.172,2.171,28155000.0,32308000.0,323898000.0,323898000.0,0.0,0.044,0.204,0.06,0.745,0.0,5554000.0,1.0,34107497.0,34091000,45350000.0,9.501,2382249000.0,0.0,0.0,0.0,69.879,
86,MAC,MRT,1999-12-31,1999-12-31,1999-12-31,2021-08-07,0.0,2404293000.0,2439713250.0,,,0.134,11.799,-217124000.0,40455000.0,40455000.0,100327000.0,129011000.0,,4.053,1561127000.0,,,1561127000.0,0.0,61383000.0,0.0,0.094,1.965,242359000.0,303742000.0,0.928,303742000.0,242359000.0,129011000.0,3.26,2.99,3.26,401254000.0,522432250.0,401254000.0,2403383689.0,10.0,7.913,-77548000.0,-2.28,1.0,227117000.0,0.694,0.0,113348000.0,3924965000.0,4058414000.0,0.0,342935000.0,,,1626408000.0,,,709006689.0,15312000.0,-86955000.0,0.0,255818000.0,-114259000.0,118964000.0,-243228000.0,0.0,139576000.0,0.0,129011000.0,110873000.0,110873000.0,0.0,0.0,0.339,-29110000.0,256227000.0,39432000.0,0.603,1.767,6.395,6.383,1931415000.0,18138000.0,20.81,2.165,2.161,34423000.0,43514000.0,327444000.0,327444000.0,0.0,0.045,0.212,0.06,0.74,0.0,5488000.0,1.0,34070480.0,34007000,60893000.0,9.629,2404293000.0,0.0,0.0,0.0,70.7,
87,MAC,MRT,1999-09-30,1999-09-30,1999-09-30,2021-08-07,0.0,2486237000.0,2419154000.0,,,0.136,16.33,-160550000.0,23325000.0,23325000.0,100393000.0,58997000.0,,3.192,1717702000.0,,,1717702000.0,0.0,60656000.0,0.0,0.084,1.94,228043000.0,288699000.0,0.878,288699000.0,228043000.0,58997000.0,1.23,1.23,1.23,555524000.0,566472000.0,555524000.0,2455784618.0,11.0,8.506,-61230000.0,-1.8,1.0,228575000.0,0.695,0.0,169046000.0,4180614000.0,4028180500.0,0.0,317586000.0,,,1773204000.0,,,787148618.0,6423000.0,-132691000.0,33995000.0,313840000.0,-77998000.0,241325000.0,-334222000.0,0.0,99320000.0,0.0,58997000.0,40767000.0,40767000.0,0.0,0.0,0.124,7286000.0,221289000.0,31213000.0,1.577,1.417,19.308,18.805,1975841000.0,18230000.0,23.13,2.393,2.392,113734000.0,,328968000.0,328968000.0,0.0,0.017,0.072,0.057,0.693,0.0,5337000.0,1.0,34031501.0,34019000,46286000.0,9.67,2486237000.0,0.0,0.0,0.0,73.084,
88,MAC,MRT,1999-06-30,1999-06-30,1999-06-30,2021-08-07,0.0,2466670000.0,2348670000.0,,,0.137,16.545,-447694000.0,24610000.0,24610000.0,99211000.0,53903000.0,,3.098,1693246000.0,,,1693246000.0,0.0,60073000.0,0.0,0.073,1.915,195608000.0,255681000.0,0.797,255681000.0,195608000.0,53903000.0,1.1,1.1,1.1,562783000.0,564716500.0,562783000.0,2483247140.0,13.0,9.712,-354844000.0,-10.432,1.0,221592000.0,0.691,0.0,141705000.0,4135306000.0,3880873000.0,0.0,300390000.0,,,1743269000.0,,,892129140.0,-71756000.0,-68450000.0,33806000.0,464882000.0,-77998000.0,395324000.0,-559930000.0,0.0,92850000.0,0.0,53903000.0,36221000.0,36221000.0,0.0,0.0,0.113,28983000.0,192609000.0,21900000.0,1.741,1.585,24.63,23.864,1973543000.0,17682000.0,26.25,2.781,2.783,111657000.0,,320803000.0,320803000.0,0.0,0.015,0.064,0.05,0.61,0.0,5039000.0,1.0,33985872.0,34015000,46007000.0,9.431,2466670000.0,0.0,0.0,0.0,72.517,
89,MAC,MRT,1999-03-31,1999-03-31,1999-03-31,2021-08-07,0.0,2401653000.0,2221348000.0,,,0.136,16.806,-530022000.0,23879000.0,23879000.0,94534000.0,49922000.0,,2.927,1614997000.0,,,1614997000.0,0.0,56682000.0,0.0,0.083,1.89,165581000.0,222263000.0,0.737,222263000.0,165581000.0,49922000.0,1.07,1.07,1.07,570168000.0,563085500.0,570168000.0,2252183941.0,14.0,10.133,-449984000.0,-13.263,1.0,207001000.0,0.686,0.0,115659000.0,3992771000.0,3609498250.0,0.0,301595000.0,,,1668700000.0,,,770208941.0,5153000.0,-28206000.0,276265000.0,345476000.0,-77998000.0,522964000.0,-597849000.0,0.0,80038000.0,0.0,49922000.0,34603000.0,34603000.0,0.0,0.0,0.115,43376000.0,163625000.0,25908000.0,1.766,1.351,22.258,21.206,1973522000.0,15319000.0,22.69,2.554,2.553,39833000.0,,301535000.0,301535000.0,0.0,0.016,0.061,0.046,0.549,0.0,4752000.0,1.0,33944863.0,33927000,46565000.0,8.888,2401653000.0,0.0,0.0,0.0,70.789,
90,MAC,MRT,1998-12-31,1998-12-31,1998-12-31,2021-08-07,0.0,2322056000.0,2055442000.0,,,0.138,18.744,-522280000.0,25143000.0,25143000.0,89991000.0,44075000.0,,2.735,1507118000.0,,,1507118000.0,0.0,53141000.0,0.0,0.073,1.865,135508000.0,188649000.0,0.665,188649000.0,135508000.0,44075000.0,1.06,1.06,1.06,577413000.0,508783250.0,577413000.0,2220108312.0,16.0,11.768,-437104000.0,-14.189,1.0,193870000.0,0.683,0.0,91433000.0,3804031000.0,3341101750.0,0.0,230022000.0,,,1579119000.0,,,833025312.0,-11000.0,-204468000.0,450828000.0,314677000.0,-77998000.0,675960000.0,-761147000.0,0.0,85176000.0,0.0,44075000.0,32528000.0,32528000.0,0.0,0.0,0.115,57505000.0,136365000.0,35074000.0,1.759,1.443,25.609,24.179,1966845000.0,11547000.0,25.63,2.935,2.781,37373000.0,,283861000.0,283861000.0,0.0,0.016,0.064,0.041,0.477,0.0,4373000.0,1.0,32501963.0,30805000,43628000.0,9.215,2322056000.0,0.0,0.0,0.0,75.379,
91,MAC,MRT,1998-09-30,1998-09-30,1998-09-30,2021-08-07,0.0,2204301000.0,1851178500.0,,,0.14,16.871,-459787000.0,16902000.0,16902000.0,81206000.0,32920000.0,,2.721,1403985000.0,,,1403985000.0,0.0,50639000.0,0.0,0.068,1.84,99234000.0,149873000.0,0.578,149873000.0,99234000.0,32920000.0,0.9,0.9,0.9,548502000.0,418503750.0,548502000.0,1965190725.0,20.0,13.112,-353844000.0,-10.883,1.0,177985000.0,0.687,0.0,66314000.0,3591384000.0,3040795750.0,0.0,229474000.0,,,1492700000.0,,,872765725.0,4082000.0,-219555000.0,416833000.0,269654000.0,-65844000.0,606196000.0,-708057000.0,0.0,105943000.0,0.0,32920000.0,26022000.0,26022000.0,0.0,0.0,0.1,73200000.0,104785000.0,28179000.0,2.044,1.591,33.54,29.867,1862142000.0,6898000.0,26.88,3.367,3.372,27951000.0,,259191000.0,259191000.0,0.0,0.014,0.062,0.033,0.383,0.0,3778000.0,1.0,32468963.0,32512000,45396000.0,7.972,2204301000.0,0.0,0.0,0.0,67.8,
92,MAC,MRT,1998-06-30,1998-06-30,1998-06-30,2021-08-07,0.0,1957382000.0,,,,,18.062,-255257000.0,96366000.0,96366000.0,76968000.0,26019000.0,,2.228,1188791000.0,,,1188791000.0,0.0,45461000.0,0.0,0.062,1.82,92399000.0,137860000.0,0.572,137860000.0,92399000.0,26019000.0,0.84,0.84,0.84,556259000.0,,556259000.0,2077586786.0,22.0,15.07,-163432000.0,-5.307,1.0,164176000.0,0.681,0.0,66380000.0,3049807000.0,,0.0,279903000.0,,,1239443000.0,,,896430786.0,87983000.0,-278089000.0,417022000.0,191241000.0,-65844000.0,535780000.0,-539622000.0,0.0,91825000.0,0.0,26019000.0,23313000.0,23313000.0,0.0,0.0,0.097,57655000.0,106521000.0,5601000.0,2.167,1.612,38.452,34.893,1522107000.0,2706000.0,29.31,3.717,3.743,23967000.0,,241144000.0,241144000.0,0.0,,,,0.383,0.0,3746000.0,1.0,30584469.0,30797000,43457000.0,7.83,1957382000.0,0.0,0.0,0.0,63.558,
93,MAC,MRT,1998-03-31,1998-03-31,1998-03-31,2021-08-07,0.0,1738029000.0,,,,,12.999,-165365000.0,18726000.0,18726000.0,73862000.0,22766000.0,,3.551,1199882000.0,,,1199882000.0,0.0,43773000.0,0.0,0.061,1.8,89210000.0,132983000.0,0.573,132983000.0,89210000.0,22766000.0,0.84,0.84,0.84,352959000.0,,352959000.0,1957546710.0,22.0,14.72,-84284000.0,-3.104,1.0,158225000.0,0.682,0.0,66444000.0,2919185000.0,,0.0,249224000.0,,,1253528000.0,,,859741710.0,9098000.0,-250366000.0,174563000.0,242643000.0,-65844000.0,350325000.0,-422308000.0,0.0,81081000.0,0.0,22766000.0,22117000.0,22117000.0,0.0,0.0,0.095,50960000.0,107265000.0,2624000.0,2.143,2.436,38.872,35.417,1407686000.0,649000.0,29.75,3.704,3.481,23826000.0,,232087000.0,232087000.0,0.0,,,,0.384,0.0,3033000.0,1.0,28898881.0,27153000,39907000.0,8.547,1738029000.0,0.0,0.0,0.0,64.009,
94,MAC,MRT,1997-12-31,1997-12-31,1997-12-31,2021-08-07,0.0,1505002000.0,1346377500.0,,,0.164,8.354,-212658000.0,25154000.0,25154000.0,70901000.0,22046000.0,,5.494,1122959000.0,,,1122959000.0,0.0,41535000.0,0.0,0.062,1.78,88453000.0,129988000.0,0.588,129988000.0,88453000.0,22046000.0,0.85,0.85,0.85,216295000.0,227022000.0,216295000.0,,,,-134182000.0,-5.183,1.0,150313000.0,0.679,0.0,66407000.0,2602807000.0,2282078000.0,0.0,7969000.0,,,1188244000.0,,,823618108.0,9511000.0,398000.0,0.0,211885000.0,-65844000.0,146041000.0,-215006000.0,0.0,78476000.0,0.0,22046000.0,22046000.0,22046000.0,0.0,0.0,0.1,42675000.0,107638000.0,32444000.0,2.094,3.808,37.359,33.529,1407179000.0,0.0,28.5,3.723,3.336,26801000.0,,221214000.0,221214000.0,0.0,0.016,0.097,0.039,0.4,0.0,2759000.0,1.0,28898881.0,25891000,38403000.0,8.544,1505002000.0,0.0,0.0,0.0,58.128,
95,MAC,MRT,1997-09-30,1997-09-30,1997-09-30,2021-08-07,,,,,,,,,,,,,,,,,,,,,,0.061,1.76,,,,,,,,,,,,,,,,,,1.0,,,,,,,,,,,,,,,,,,,,,,,,,,,,,,,,,,,,,,,,29.0,,,,,,,,,,,,,,1.0,,25956000,,,,,,,,
96,MAC,MRT,1997-06-30,1997-06-30,1997-06-30,2021-08-07,,,,,,,,,,,,,,,,,,,,,,0.063,1.74,,,,,,,,,,,,,,,,,,1.0,,,,,,,,,,,,,,,,,,,,,,,,,,,,,,,,,,,,,,,,27.75,,,,,,,,,,,,,,1.0,,25953000,,,,,,,,
97,MAC,MRT,1997-03-31,1997-03-31,1997-03-31,2021-08-07,,,,,,,,,,,,,,,,,,,,,,0.061,1.72,,,,,,,,,,,,,,,,,,1.0,,,,,,,,,,,,,,,,,,,,,,,,,,,,,,,,,,,,,,,,28.0,,,,,,,,,,,,,,1.0,,25799000,,,,,,,,
98,MAC,MRT,1996-12-31,1996-12-31,1996-12-31,2021-08-07,0.0,1187753000.0,,,,,11.441,-286258000.0,15643000.0,15643000.0,50792000.0,18911000.0,,3.524,789239000.0,,,789239000.0,0.0,32591000.0,0.0,0.065,1.7,93855000.0,126446000.0,0.815,126446000.0,93855000.0,18911000.0,0.91,0.89,0.91,237749000.0,,237749000.0,,,,-205827000.0,-9.905,1.0,104267000.0,0.672,0.0,74944000.0,1961349000.0,,0.0,16429000.0,,,837762000.0,,,,73000.0,1002000.0,122034000.0,150898000.0,-56615000.0,216317000.0,-296675000.0,0.0,80431000.0,0.0,18911000.0,18911000.0,18911000.0,0.0,0.0,0.122,34969000.0,69298000.0,4627000.0,1.868,,,28.703,1108668000.0,0.0,26.12,,3.501,26297000.0,,155059000.0,155059000.0,0.0,,,,0.605,0.0,2378000.0,1.0,,20781000,33320000.0,7.462,1187753000.0,0.0,0.0,0.0,57.156,
99,MAC,MRT,1995-12-31,1995-12-31,1995-12-31,2021-08-07,,,,,,,,-81863000.0,,,31580000.0,11303000.0,,,,,,,,25749000.0,,0.083,1.66,62583000.0,88332000.0,0.862,88332000.0,62583000.0,11303000.0,0.73,0.73,0.73,,,,,,,-33677000.0,-2.175,1.0,70889000.0,0.692,,51280000.0,,,,,,,,,,,11746000.0,3398000.0,106879000.0,-9800000.0,-45106000.0,51973000.0,-88413000.0,0.0,48186000.0,0.0,11303000.0,11303000.0,11303000.0,0.0,0.0,0.11,27760000.0,43129000.0,,2.274,,,27.397,,0.0,20.0,,3.022,,,102469000.0,102469000.0,0.0,,,,0.611,0.0,2011000.0,1.0,,15482000,15536000.0,6.619,,,0.0,,,
