None,ticker,dimension,calendardate,datekey,reportperiod,lastupdated,accoci,assets,assetsavg,assetsc,assetsnc,assetturnover,bvps,capex,cashneq,cashnequsd,cor,consolinc,currentratio,de,debt,debtc,debtnc,debtusd,deferredrev,depamor,deposits,divyield,dps,ebit,ebitda,ebitdamargin,ebitdausd,ebitusd,ebt,eps,epsdil,epsusd,equity,equityavg,equityusd,ev,evebit,evebitda,fcf,fcfps,fxusd,gp,grossmargin,intangibles,intexp,invcap,invcapavg,inventory,investments,investmentsc,investmentsnc,liabilities,liabilitiesc,liabilitiesnc,marketcap,ncf,ncfbus,ncfcommon,ncfdebt,ncfdiv,ncff,ncfi,ncfinv,ncfo,ncfx,netinc,netinccmn,netinccmnusd,netincdis,netincnci,netmargin,opex,opinc,payables,payoutratio,pb,pe,pe1,ppnenet,prefdivis,price,ps,ps1,receivables,retearn,revenue,revenueusd,rnd,roa,roe,roic,ros,sbcomp,sgna,sharefactor,sharesbas,shareswa,shareswadil,sps,tangibles,taxassets,taxexp,taxliabilities,tbvps,workingcapital
0,INTU,MRY,2021-12-31,2021-07-31,2021-07-31,2021-09-08,-24000000.0,15516000000.0,13894750000.0,5157000000.0,10359000000.0,0.693,36.552,-125000000.0,2562000000.0,2562000000.0,1633000000.0,2062000000.0,1.942,0.572,2414000000.0,0.0,2414000000.0,2414000000.0,684000000.0,425000000.0,457000000.0,0.006,2.95,2585000000.0,3010000000.0,0.312,3010000000.0,2585000000.0,2556000000.0,7.65,7.56,7.65,9869000000.0,8484250000.0,9869000000.0,144053213202.0,56.0,47.858,3125000000.0,11.574,1.0,8000000000.0,0.83,8865000000.0,29000000.0,3848000000.0,3533750000.0,0.0,1351000000.0,1308000000.0,43000000.0,5647000000.0,2655000000.0,2992000000.0,144819213202.0,-3878000000.0,-3064000000.0,-809000000.0,-1338000000.0,-646000000.0,-3176000000.0,-3965000000.0,-806000000.0,3250000000.0,13000000.0,2062000000.0,2062000000.0,2062000000.0,0.0,0.0,0.214,5500000000.0,2500000000.0,623000000.0,0.386,14.674,70.232,69.277,1160000000.0,0.0,529.97,15.034,14.854,391000000.0,12296000000.0,9633000000.0,9633000000.0,1678000000.0,0.148,0.243,0.732,0.268,753000000.0,3626000000.0,1.0,273259266.0,270000000,273000000.0,35.678,6651000000.0,131000000.0,494000000.0,525000000.0,24.633,2502000000.0
1,INTU,MRY,2020-12-31,2020-07-31,2020-07-31,2021-09-08,-32000000.0,10931000000.0,7894750000.0,7980000000.0,2951000000.0,0.973,19.563,-137000000.0,6442000000.0,6442000000.0,1356000000.0,1826000000.0,2.261,1.141,3590000000.0,1338000000.0,2252000000.0,3590000000.0,652000000.0,278000000.0,455000000.0,0.007,2.12,2212000000.0,2490000000.0,0.324,2490000000.0,2212000000.0,2198000000.0,6.99,6.92,6.99,5106000000.0,4301500000.0,5106000000.0,77134515436.0,35.0,30.978,2277000000.0,8.724,1.0,6323000000.0,0.823,1682000000.0,14000000.0,2868000000.0,1785750000.0,0.0,627000000.0,608000000.0,19000000.0,5825000000.0,3529000000.0,2296000000.0,79892515436.0,4345000000.0,0.0,-112000000.0,2933000000.0,-561000000.0,2034000000.0,-97000000.0,69000000.0,2414000000.0,-6000000.0,1826000000.0,1826000000.0,1826000000.0,0.0,0.0,0.238,4147000000.0,2176000000.0,305000000.0,0.303,15.647,43.753,43.83,960000000.0,0.0,306.37,10.404,10.413,149000000.0,10885000000.0,7679000000.0,7679000000.0,1392000000.0,0.231,0.425,1.239,0.288,435000000.0,2727000000.0,1.0,260771340.0,261000000,264000000.0,29.421,9249000000.0,77000000.0,372000000.0,2000000.0,35.437,4451000000.0
2,INTU,MRY,2019-12-31,2019-07-31,2019-07-31,2021-09-08,-36000000.0,6283000000.0,5865750000.0,3594000000.0,2689000000.0,1.157,14.419,-155000000.0,2116000000.0,2116000000.0,1147000000.0,1557000000.0,1.828,0.676,436000000.0,50000000.0,386000000.0,436000000.0,619000000.0,225000000.0,436000000.0,0.007,1.88,1896000000.0,2121000000.0,0.313,2121000000.0,1896000000.0,1881000000.0,5.99,5.89,5.99,3749000000.0,3349250000.0,3749000000.0,69392783094.0,37.0,32.717,2169000000.0,8.342,1.0,5637000000.0,0.831,1709000000.0,15000000.0,928000000.0,858000000.0,0.0,637000000.0,624000000.0,13000000.0,2534000000.0,1966000000.0,568000000.0,71890783094.0,721000000.0,-64000000.0,-272000000.0,-2000000.0,-501000000.0,-965000000.0,-635000000.0,-414000000.0,2324000000.0,-3000000.0,1557000000.0,1557000000.0,1557000000.0,0.0,0.0,0.23,3783000000.0,1854000000.0,274000000.0,0.314,19.176,46.173,46.295,780000000.0,0.0,277.31,10.597,10.628,87000000.0,9621000000.0,6784000000.0,6784000000.0,1233000000.0,0.265,0.465,2.21,0.279,401000000.0,2524000000.0,1.0,259243385.0,260000000,264000000.0,26.092,4574000000.0,66000000.0,324000000.0,37000000.0,17.592,1628000000.0
3,INTU,MRY,2018-12-31,2018-07-31,2018-07-31,2021-09-08,-36000000.0,5134000000.0,4970750000.0,2422000000.0,2712000000.0,1.212,11.0,-124000000.0,1464000000.0,1464000000.0,963000000.0,1329000000.0,1.39,0.823,438000000.0,50000000.0,388000000.0,438000000.0,581000000.0,253000000.0,367000000.0,0.008,1.56,1586000000.0,1839000000.0,0.305,1839000000.0,1586000000.0,1566000000.0,5.18,5.09,5.18,2816000000.0,1885000000.0,2816000000.0,51241590716.0,32.0,27.864,1988000000.0,7.766,1.0,5062000000.0,0.84,1672000000.0,20000000.0,693000000.0,678500000.0,0.0,265000000.0,252000000.0,13000000.0,2318000000.0,1743000000.0,575000000.0,52405590716.0,930000000.0,-363000000.0,23000000.0,-50000000.0,-407000000.0,-639000000.0,-532000000.0,-48000000.0,2112000000.0,-11000000.0,1329000000.0,1329000000.0,1329000000.0,0.0,0.0,0.221,3502000000.0,1560000000.0,178000000.0,0.301,18.61,39.432,39.429,812000000.0,0.0,204.24,8.698,8.678,98000000.0,8564000000.0,6025000000.0,6025000000.0,1186000000.0,0.267,0.705,2.338,0.263,382000000.0,2295000000.0,1.0,256588282.0,256000000,261000000.0,23.535,3462000000.0,39000000.0,237000000.0,68000000.0,13.523,679000000.0
4,INTU,MRY,2017-12-31,2017-07-31,2017-07-31,2021-09-08,-22000000.0,4068000000.0,4335750000.0,1415000000.0,2653000000.0,1.198,5.268,-230000000.0,529000000.0,529000000.0,798000000.0,985000000.0,0.728,2.004,488000000.0,50000000.0,438000000.0,488000000.0,1089000000.0,236000000.0,372000000.0,0.01,1.36,1421000000.0,1657000000.0,0.319,1657000000.0,1421000000.0,1390000000.0,3.83,3.78,3.83,1354000000.0,1193000000.0,1354000000.0,34305523730.0,24.0,20.703,1369000000.0,5.327,1.0,4398000000.0,0.846,1317000000.0,31000000.0,766000000.0,807750000.0,0.0,279000000.0,248000000.0,31000000.0,2714000000.0,1944000000.0,770000000.0,35155523730.0,-41000000.0,0.0,-613000000.0,-512000000.0,-353000000.0,-1632000000.0,-17000000.0,258000000.0,1599000000.0,9000000.0,985000000.0,985000000.0,985000000.0,0.0,0.0,0.19,2980000000.0,1418000000.0,157000000.0,0.355,25.964,35.691,35.825,1030000000.0,0.0,137.21,6.766,6.787,103000000.0,7297000000.0,5196000000.0,5196000000.0,998000000.0,0.227,0.826,1.759,0.273,326000000.0,1968000000.0,1.0,256216921.0,257000000,261000000.0,20.218,2751000000.0,195000000.0,405000000.0,0.0,10.704,-529000000.0
5,INTU,MRY,2016-12-31,2016-07-31,2016-07-31,2021-09-08,-32000000.0,4250000000.0,4343000000.0,1614000000.0,2636000000.0,1.081,4.431,-522000000.0,638000000.0,638000000.0,730000000.0,979000000.0,0.717,2.661,1000000000.0,512000000.0,488000000.0,1000000000.0,1005000000.0,238000000.0,304000000.0,0.011,1.2,1411000000.0,1649000000.0,0.351,1649000000.0,1411000000.0,1376000000.0,3.73,3.69,3.73,1161000000.0,1025250000.0,1161000000.0,28110151258.0,20.0,17.047,938000000.0,3.58,1.0,3964000000.0,0.844,1326000000.0,35000000.0,1035000000.0,1004750000.0,0.0,470000000.0,442000000.0,28000000.0,3089000000.0,2251000000.0,838000000.0,28399151258.0,-170000000.0,463000000.0,-2067000000.0,500000000.0,-318000000.0,-1999000000.0,371000000.0,385000000.0,1460000000.0,-2000000.0,979000000.0,979000000.0,979000000.0,-173000000.0,0.0,0.209,2722000000.0,1242000000.0,184000000.0,0.322,24.461,29.008,29.756,1031000000.0,0.0,110.99,6.05,6.195,108000000.0,6687000000.0,4694000000.0,4694000000.0,881000000.0,0.225,0.955,1.404,0.301,340000000.0,1807000000.0,1.0,255871261.0,262000000,265000000.0,17.916,2924000000.0,159000000.0,397000000.0,0.0,11.16,-637000000.0
6,INTU,MRY,2015-12-31,2015-07-31,2015-07-31,2021-09-08,-30000000.0,4968000000.0,5136500000.0,2560000000.0,2408000000.0,0.816,8.299,-261000000.0,808000000.0,808000000.0,695000000.0,365000000.0,1.468,1.13,500000000.0,0.0,500000000.0,500000000.0,843000000.0,231000000.0,337000000.0,0.009,1.0,691000000.0,922000000.0,0.22,922000000.0,691000000.0,664000000.0,1.3,1.28,1.3,2332000000.0,2483500000.0,2332000000.0,28463495111.0,41.0,30.871,1328000000.0,4.726,1.0,3497000000.0,0.834,1353000000.0,27000000.0,1563000000.0,1377750000.0,0.0,916000000.0,889000000.0,27000000.0,2636000000.0,1744000000.0,892000000.0,29157495111.0,-41000000.0,-95000000.0,-1025000000.0,0.0,-283000000.0,-1422000000.0,-182000000.0,205000000.0,1589000000.0,-26000000.0,365000000.0,365000000.0,365000000.0,48000000.0,0.0,0.087,2759000000.0,738000000.0,190000000.0,0.769,12.503,79.884,81.362,682000000.0,0.0,105.77,6.956,7.09,91000000.0,6027000000.0,4192000000.0,4192000000.0,798000000.0,0.071,0.147,0.502,0.165,342000000.0,1771000000.0,1.0,275668858.0,281000000,286000000.0,14.918,3615000000.0,320000000.0,299000000.0,0.0,12.865,816000000.0
7,INTU,MRY,2014-12-31,2014-07-31,2014-07-31,2021-09-08,-2000000.0,5201000000.0,4899250000.0,2621000000.0,2580000000.0,0.866,10.8,-186000000.0,849000000.0,849000000.0,603000000.0,907000000.0,1.844,0.69,499000000.0,0.0,499000000.0,499000000.0,498000000.0,197000000.0,289000000.0,0.009,0.76,1385000000.0,1582000000.0,0.373,1582000000.0,1385000000.0,1354000000.0,3.18,3.12,3.18,3078000000.0,2693750000.0,3078000000.0,22195210914.0,16.0,14.03,1260000000.0,4.421,1.0,3640000000.0,0.858,1456000000.0,31000000.0,1974000000.0,1574000000.0,0.0,1096000000.0,1065000000.0,31000000.0,2123000000.0,1421000000.0,702000000.0,23270210914.0,-160000000.0,554000000.0,-1412000000.0,0.0,-220000000.0,-1551000000.0,-49000000.0,-395000000.0,1446000000.0,-6000000.0,907000000.0,907000000.0,907000000.0,-54000000.0,0.0,0.214,2340000000.0,1300000000.0,145000000.0,0.239,7.56,25.656,25.777,589000000.0,0.0,81.97,5.484,5.506,115000000.0,5949000000.0,4243000000.0,4243000000.0,714000000.0,0.185,0.337,0.88,0.326,286000000.0,1601000000.0,1.0,283886921.0,285000000,291000000.0,14.888,3745000000.0,159000000.0,447000000.0,0.0,13.14,1200000000.0
8,INTU,MRY,2013-12-31,2013-07-31,2013-07-31,2021-09-08,20000000.0,5486000000.0,5219750000.0,2396000000.0,3090000000.0,0.756,11.889,-195000000.0,1009000000.0,1009000000.0,527000000.0,858000000.0,1.872,0.554,499000000.0,0.0,499000000.0,499000000.0,495000000.0,232000000.0,235000000.0,0.011,0.68,1266000000.0,1498000000.0,0.38,1498000000.0,1266000000.0,1236000000.0,2.89,2.83,2.89,3531000000.0,3159500000.0,3531000000.0,18066462555.0,14.0,12.06,1171000000.0,3.943,1.0,3419000000.0,0.866,1395000000.0,30000000.0,2301000000.0,1463500000.0,0.0,735000000.0,652000000.0,83000000.0,1955000000.0,1280000000.0,675000000.0,18979462555.0,616000000.0,43000000.0,-127000000.0,0.0,-203000000.0,-262000000.0,-485000000.0,-308000000.0,1366000000.0,-3000000.0,858000000.0,858000000.0,858000000.0,-51000000.0,0.0,0.217,2211000000.0,1208000000.0,137000000.0,0.235,5.375,22.121,22.118,555000000.0,0.0,63.92,4.81,4.811,130000000.0,5262000000.0,3946000000.0,3946000000.0,647000000.0,0.164,0.272,0.865,0.321,264000000.0,1534000000.0,1.0,296925259.0,297000000,303000000.0,13.286,4091000000.0,228000000.0,378000000.0,0.0,13.774,1116000000.0
9,INTU,MRY,2012-12-31,2012-07-31,2012-07-31,2021-09-08,25000000.0,4684000000.0,4861250000.0,1523000000.0,3161000000.0,0.783,9.27,-196000000.0,393000000.0,393000000.0,575000000.0,792000000.0,1.204,0.707,499000000.0,0.0,499000000.0,499000000.0,439000000.0,242000000.0,290000000.0,0.01,0.6,1216000000.0,1458000000.0,0.383,1458000000.0,1216000000.0,1166000000.0,2.67,2.6,2.67,2744000000.0,2540750000.0,2744000000.0,16678673059.0,14.0,11.439,1050000000.0,3.547,1.0,3233000000.0,0.849,1493000000.0,50000000.0,2032000000.0,1616750000.0,0.0,426000000.0,351000000.0,75000000.0,1940000000.0,1265000000.0,675000000.0,17038673059.0,-329000000.0,-392000000.0,-736000000.0,-500000000.0,-178000000.0,-1344000000.0,-225000000.0,349000000.0,1246000000.0,-6000000.0,792000000.0,792000000.0,792000000.0,-28000000.0,0.0,0.208,2065000000.0,1168000000.0,139000000.0,0.225,6.209,21.513,21.73,543000000.0,0.0,58.02,4.474,4.51,142000000.0,4612000000.0,3808000000.0,3808000000.0,618000000.0,0.163,0.312,0.752,0.319,240000000.0,1414000000.0,1.0,293668960.0,296000000,305000000.0,12.865,3191000000.0,236000000.0,374000000.0,0.0,10.78,258000000.0
10,INTU,MRY,2011-12-31,2011-07-31,2011-07-31,2021-09-08,15000000.0,5110000000.0,5149750000.0,2254000000.0,2856000000.0,0.67,8.521,-228000000.0,722000000.0,722000000.0,481000000.0,634000000.0,1.249,0.953,999000000.0,500000000.0,499000000.0,999000000.0,406000000.0,241000000.0,414000000.0,0.0,0.0,1048000000.0,1289000000.0,0.374,1289000000.0,1048000000.0,988000000.0,2.06,2.0,2.06,2616000000.0,2581000000.0,2616000000.0,13825819474.0,13.0,10.726,785000000.0,2.557,1.0,2968000000.0,0.861,2066000000.0,60000000.0,1516000000.0,1750500000.0,0.0,762000000.0,699000000.0,63000000.0,2494000000.0,1805000000.0,689000000.0,14196819474.0,508000000.0,0.0,-1077000000.0,0.0,0.0,-1006000000.0,497000000.0,723000000.0,1013000000.0,4000000.0,634000000.0,634000000.0,634000000.0,54000000.0,0.0,0.184,1886000000.0,1082000000.0,129000000.0,0.0,5.427,22.392,22.67,561000000.0,0.0,46.7,4.116,4.157,171000000.0,4031000000.0,3449000000.0,3449000000.0,566000000.0,0.123,0.246,0.599,0.304,234000000.0,1300000000.0,1.0,304000417.0,307000000,317000000.0,11.235,3044000000.0,221000000.0,354000000.0,0.0,9.915,449000000.0
11,INTU,MRY,2010-12-31,2010-07-31,2010-07-31,2021-09-08,11000000.0,5198000000.0,4964250000.0,2295000000.0,2903000000.0,0.686,8.927,-143000000.0,214000000.0,214000000.0,591000000.0,574000000.0,1.88,0.843,998000000.0,0.0,998000000.0,998000000.0,387000000.0,256000000.0,337000000.0,0.0,0.0,927000000.0,1183000000.0,0.348,1183000000.0,927000000.0,866000000.0,1.82,1.77,1.82,2821000000.0,2551750000.0,2821000000.0,13054151148.0,14.0,11.035,855000000.0,2.706,1.0,2812000000.0,0.826,2170000000.0,61000000.0,2591000000.0,2268500000.0,0.0,1499000000.0,1408000000.0,91000000.0,2377000000.0,1221000000.0,1156000000.0,12486151148.0,-465000000.0,-96000000.0,-484000000.0,0.0,0.0,-467000000.0,-997000000.0,-748000000.0,998000000.0,1000000.0,574000000.0,574000000.0,574000000.0,-10000000.0,0.0,0.169,1908000000.0,904000000.0,143000000.0,0.0,4.426,21.753,21.841,510000000.0,0.0,39.75,3.669,3.691,135000000.0,3397000000.0,3403000000.0,3403000000.0,564000000.0,0.116,0.225,0.409,0.272,171000000.0,1259000000.0,1.0,314117010.0,316000000,325000000.0,10.769,3028000000.0,185000000.0,292000000.0,14000000.0,9.582,1074000000.0
12,INTU,MRY,2009-12-31,2009-07-31,2009-07-31,2021-09-08,7000000.0,4826000000.0,4588683250.0,1968000000.0,2858000000.0,0.678,7.941,-202000000.0,679000000.0,679000000.0,578000000.0,447000000.0,1.815,0.887,998000000.0,0.0,998000000.0,998000000.0,360000000.0,275000000.0,272000000.0,0.0,0.0,704000000.0,979000000.0,0.315,979000000.0,704000000.0,653000000.0,1.39,1.35,1.39,2557000000.0,2284136750.0,2557000000.0,9371121363.0,13.0,9.572,610000000.0,1.894,1.0,2531000000.0,0.814,2045000000.0,51000000.0,2016000000.0,1871105750.0,0.0,765000000.0,668000000.0,97000000.0,2269000000.0,1084000000.0,1185000000.0,9595013363.0,266000000.0,-161000000.0,-102000000.0,0.0,0.0,-110000000.0,-432000000.0,-67000000.0,812000000.0,-4000000.0,447000000.0,447000000.0,447000000.0,0.0,0.0,0.144,1848000000.0,683000000.0,103000000.0,0.0,3.752,21.465,21.367,527000000.0,0.0,29.7,3.086,3.076,135000000.0,2849000000.0,3109000000.0,3109000000.0,556000000.0,0.097,0.196,0.376,0.226,142000000.0,1191000000.0,1.0,323064423.0,322000000,330000000.0,9.655,2781000000.0,195000000.0,206000000.0,0.0,8.637,884000000.0
13,INTU,MRY,2008-12-31,2008-07-31,2008-07-31,2021-09-08,7722000.0,4666584000.0,4384642500.0,1773562000.0,2893022000.0,0.683,6.301,-306000000.0,413340000.0,413340000.0,535000000.0,477000000.0,1.209,1.248,997996000.0,0.0,997996000.0,997996000.0,359936000.0,217000000.0,610748000.0,0.0,0.0,772000000.0,989000000.0,0.33,989000000.0,772000000.0,720000000.0,1.45,1.41,1.45,2072954000.0,1956177500.0,2072954000.0,9299585528.0,12.0,9.403,524000000.0,1.593,1.0,2458000000.0,0.821,1971174000.0,52000000.0,1812828000.0,1834083250.0,0.0,702803000.0,414493000.0,288310000.0,2586723000.0,1467238000.0,1119485000.0,8773138528.0,158000000.0,-124000000.0,-597000000.0,0.0,0.0,-586000000.0,-87000000.0,348000000.0,830000000.0,1000000.0,477000000.0,477000000.0,477000000.0,-30000000.0,0.0,0.159,1814000000.0,644000000.0,115198000.0,0.0,4.232,18.392,18.848,507499000.0,0.0,27.33,2.931,3.004,127230000.0,2443982000.0,2993000000.0,2993000000.0,593000000.0,0.109,0.244,0.421,0.258,130000000.0,1131000000.0,1.0,321007630.0,329000000,339000000.0,9.097,2695410000.0,214785000.0,243000000.0,16211000.0,8.193,306324000.0
14,INTU,MRY,2007-12-31,2007-07-31,2007-07-31,2021-09-08,6096000.0,4252026000.0,3583635000.0,1951932000.0,2300094000.0,0.746,5.939,-153257000.0,255201000.0,255201000.0,478520000.0,440003000.0,1.683,1.089,997819000.0,0.0,997819000.0,997819000.0,313753000.0,158528000.0,314341000.0,0.0,0.0,718701000.0,877229000.0,0.328,877229000.0,718701000.0,691610000.0,1.28,1.24,1.28,2035013000.0,1900102000.0,2035013000.0,10377543998.0,14.0,11.83,573503000.0,1.674,1.0,2194427000.0,0.821,1809920000.0,27091000.0,2024615000.0,1463321750.0,0.0,1048470000.0,1048470000.0,0.0,2215684000.0,1160109000.0,1055575000.0,9644339998.0,75600000.0,-1216891000.0,-293919000.0,997755000.0,0.0,733860000.0,-1392627000.0,-34370000.0,726760000.0,7607000.0,440003000.0,440003000.0,440003000.0,3465000.0,0.0,0.165,1556857000.0,637570000.0,119799000.0,0.0,4.739,21.919,22.375,298396000.0,0.0,28.64,3.608,3.671,131691000.0,1984885000.0,2672947000.0,2672947000.0,472516000.0,0.123,0.232,0.491,0.269,102482000.0,1033451000.0,1.0,336743715.0,342637000,355815000.0,7.801,2442106000.0,210926000.0,251607000.0,33278000.0,7.127,791823000.0
15,INTU,MRY,2006-12-31,2006-07-31,2006-07-31,2021-09-08,1084000.0,2770027000.0,2716363500.0,1817030000.0,952997000.0,0.844,4.997,-82074000.0,179601000.0,179601000.0,398537000.0,416963000.0,1.788,0.593,0.0,0.0,0.0,0.0,282943000.0,126739000.0,357299000.0,0.0,0.0,651555000.0,778294000.0,0.339,778294000.0,651555000.0,651555000.0,1.2,1.16,1.2,1738086000.0,1616386500.0,1738086000.0,10310891260.0,16.0,13.248,527476000.0,1.516,1.0,1894473000.0,0.826,507810000.0,0.0,1066642000.0,917689000.0,0.0,1026464000.0,1017599000.0,8865000.0,1031373000.0,1015974000.0,15399000.0,10548151260.0,95759000.0,-19062000.0,-504880000.0,0.0,0.0,-478822000.0,-38164000.0,-111109000.0,609550000.0,3195000.0,416963000.0,416963000.0,416963000.0,-36000000.0,0.0,0.182,1328879000.0,565594000.0,68547000.0,0.0,6.069,25.298,25.725,193617000.0,0.0,30.87,4.6,4.683,88123000.0,1588124000.0,2293010000.0,2293010000.0,385795000.0,0.154,0.258,0.71,0.284,102336000.0,924821000.0,1.0,341695862.0,347854000,360471000.0,6.592,2262217000.0,256074000.0,234592000.0,33560000.0,6.503,801056000.0
16,INTU,MRY,2005-12-31,2005-07-31,2005-07-31,2021-09-08,174000.0,2716451000.0,2744143250.0,1614339000.0,1102112000.0,0.726,4.592,-66384000.0,83842000.0,83842000.0,350589000.0,381627000.0,1.609,0.602,17308000.0,0.0,17308000.0,17308000.0,279382000.0,118344000.0,357838000.0,0.0,0.0,564516000.0,682860000.0,0.343,682860000.0,564516000.0,564516000.0,1.03,1.01,1.03,1695499000.0,1724273250.0,1695499000.0,8594934112.0,15.0,12.587,531222000.0,1.439,1.0,1642513000.0,0.824,579177000.0,0.0,1067336000.0,978766000.0,0.0,919661000.0,910416000.0,9245000.0,1020952000.0,1003404000.0,17548000.0,8699582112.0,57850000.0,-4337000.0,-544090000.0,-3911000.0,0.0,-548001000.0,8061000.0,39812000.0,597606000.0,184000.0,381627000.0,381627000.0,381627000.0,-3884000.0,0.0,0.191,1113812000.0,528701000.0,65812000.0,0.0,5.131,22.796,23.301,208548000.0,0.0,24.0,4.365,4.446,86125000.0,1291487000.0,1993102000.0,1993102000.0,292605000.0,0.139,0.221,0.577,0.283,31861000.0,799386000.0,1.0,362482588.0,369202000,376796000.0,5.398,2137274000.0,211994000.0,182889000.0,30423000.0,5.789,610935000.0
17,INTU,MRY,2004-12-31,2004-07-31,2004-07-31,2021-09-08,-3375000.0,2730741000.0,2791857500.0,1528784000.0,1201957000.0,0.646,4.662,-117623000.0,25992000.0,25992000.0,353031000.0,317030000.0,1.714,0.498,16106000.0,0.0,16106000.0,16106000.0,207196000.0,93429000.0,323041000.0,0.0,0.0,445320000.0,538749000.0,0.299,538749000.0,445320000.0,445320000.0,0.81,0.79,0.81,1822419000.0,1881557250.0,1822419000.0,7170967845.0,16.0,13.31,461240000.0,1.18,1.0,1449193000.0,0.804,602759000.0,0.0,1226168000.0,1021334250.0,0.0,1007780000.0,991971000.0,15809000.0,908322000.0,891928000.0,16394000.0,7171720845.0,-141346000.0,-123549000.0,-491044000.0,0.0,0.0,-510015000.0,-210366000.0,12836000.0,578863000.0,172000.0,317030000.0,317030000.0,317030000.0,6292000.0,0.0,0.176,1029710000.0,419483000.0,68303000.0,0.0,3.935,22.622,23.111,232194000.0,0.0,18.72,3.979,4.06,81615000.0,984391000.0,1802224000.0,1802224000.0,276049000.0,0.114,0.168,0.436,0.247,33293000.0,720040000.0,1.0,383104746.0,390910000,400162000.0,4.61,2127982000.0,192596000.0,128290000.0,56828000.0,5.444,636856000.0
18,INTU,MRY,2003-12-31,2003-07-31,2003-07-31,2021-09-08,-789000.0,2790267000.0,2873223250.0,1668870000.0,1121397000.0,0.556,4.785,-84137000.0,170043000.0,170043000.0,337048000.0,343034000.0,2.096,0.42,29265000.0,0.0,29265000.0,29265000.0,178840000.0,76048000.0,306007000.0,0.0,0.0,470843000.0,546891000.0,0.342,546891000.0,470843000.0,470843000.0,0.835,0.815,0.835,1964837000.0,2037403250.0,1964837000.0,8087752490.0,17.0,14.789,478253000.0,1.165,1.0,1260023000.0,0.789,716536000.0,0.0,1136788000.0,813320500.0,0.0,1056448000.0,1036758000.0,19690000.0,825430000.0,796165000.0,29265000.0,8851394490.0,-241510000.0,-114471000.0,-658466000.0,0.0,0.0,-661738000.0,-146193000.0,46880000.0,562390000.0,4031000.0,343034000.0,343034000.0,343034000.0,-82879000.0,0.0,0.215,921403000.0,338620000.0,56786000.0,0.0,4.505,25.803,25.826,188253000.0,0.0,21.565,5.542,5.544,88156000.0,742248000.0,1597071000.0,1597071000.0,250675000.0,0.119,0.168,0.579,0.295,50494000.0,625589000.0,1.0,410451866.0,410588000,421910000.0,3.89,2073731000.0,217885000.0,127809000.0,76725000.0,5.051,872705000.0
19,INTU,MRY,2002-12-31,2002-07-31,2002-07-31,2021-09-08,-3675000.0,2928005000.0,3039095250.0,1954672000.0,973333000.0,0.432,5.231,-63419000.0,709357000.0,709357000.0,289373000.0,140160000.0,2.875,0.322,32592000.0,0.0,32592000.0,32592000.0,147120000.0,66000000.0,0.0,0.0,0.0,157094000.0,223094000.0,0.17,223094000.0,157094000.0,157094000.0,0.33,0.32,0.33,2215639000.0,2198431250.0,2215639000.0,8596841037.0,55.0,38.535,288204000.0,0.68,1.0,1022855000.0,0.779,554422000.0,0.0,1017044000.0,1150596000.0,0.0,853403000.0,832133000.0,21270000.0,712366000.0,679774000.0,32592000.0,9306720037.0,342038000.0,-284065000.0,-184785000.0,0.0,0.0,-196118000.0,-38386000.0,267593000.0,351623000.0,-291000.0,140160000.0,140160000.0,140160000.0,-86545000.0,0.0,0.107,964047000.0,58808000.0,71069000.0,0.0,4.2,66.401,66.636,179122000.0,0.0,21.99,7.092,7.098,51999000.0,511342000.0,1312228000.0,1312228000.0,198471000.0,0.046,0.064,0.137,0.12,55780000.0,372797000.0,1.0,423225104.0,423588000,435794000.0,3.098,2373583000.0,246539000.0,16934000.0,0.0,5.604,1274898000.0
20,INTU,MRY,2001-12-31,2001-07-31,2001-07-31,2021-09-08,28180000.0,2862273000.0,2997935250.0,2048757000.0,813516000.0,0.366,5.197,-71851000.0,299555000.0,299555000.0,269860000.0,-82793000.0,2.974,0.324,50822000.0,38672000.0,12150000.0,50822000.0,137041000.0,69273000.0,0.0,0.0,0.0,-95270000.0,-25997000.0,-0.024,-25997000.0,-95270000.0,-95270000.0,-0.2,-0.2,-0.2,2161326000.0,2159236750.0,2161326000.0,6546587679.0,-69.0,-251.821,158885000.0,0.382,1.0,826202000.0,0.754,415135000.0,0.0,1509608000.0,1304372250.0,0.0,1241578000.0,1204612000.0,36966000.0,700947000.0,688797000.0,12150000.0,7190349679.0,-282269000.0,-198062000.0,88434000.0,0.0,0.0,87584000.0,-300040000.0,-37891000.0,230736000.0,2538000.0,-82793000.0,-82793000.0,-82793000.0,-27549000.0,0.0,-0.076,907560000.0,-81358000.0,62994000.0,0.0,3.327,-86.847,-85.95,174659000.0,0.0,17.19,6.56,6.523,26778000.0,437873000.0,1096062000.0,1096062000.0,196119000.0,-0.028,-0.038,-0.073,-0.087,62077000.0,311277000.0,1.0,418286776.0,415918000,415918000.0,2.635,2447138000.0,219647000.0,-12477000.0,82486000.0,5.884,1359960000.0
21,INTU,MRY,2000-12-31,2000-07-31,2000-07-31,2021-09-08,55586000.0,2824968000.0,2888481000.0,2074860000.0,750108000.0,0.359,5.158,-94562000.0,598631000.0,598631000.0,261785000.0,305661000.0,2.756,0.364,34824000.0,34286000.0,538000.0,34824000.0,107578000.0,54725000.0,0.0,0.0,0.0,522211000.0,576936000.0,0.556,576936000.0,522211000.0,522211000.0,0.76,0.725,0.76,2071289000.0,1949057750.0,2071289000.0,5846004940.0,11.0,10.133,-2701000.0,-0.007,1.0,775564000.0,0.748,438878000.0,0.0,1069380000.0,894750000.0,0.0,1367588000.0,1336428000.0,31160000.0,753679000.0,752903000.0,776000.0,6916973940.0,-147415000.0,-76714000.0,89978000.0,-3323000.0,0.0,86655000.0,-255823000.0,-48509000.0,91861000.0,-498000.0,305661000.0,305661000.0,305661000.0,16517000.0,0.0,0.295,766460000.0,9104000.0,102743000.0,0.0,3.339,22.63,22.368,167707000.0,0.0,17.0,6.668,6.58,67420000.0,520666000.0,1037349000.0,1037349000.0,165907000.0,0.106,0.157,0.584,0.503,94781000.0,295524000.0,1.0,406880820.0,401540000,422542000.0,2.583,2386090000.0,134828000.0,216550000.0,110743000.0,5.942,1321957000.0
22,INTU,MRY,1999-12-31,1999-07-31,1999-07-31,2021-09-08,79144000.0,2477460000.0,2168817000.0,1721456000.0,756004000.0,0.434,4.089,-81308000.0,700066000.0,700066000.0,217463000.0,386564000.0,1.958,0.587,66510000.0,29896000.0,36614000.0,66510000.0,65994000.0,49746000.0,0.0,0.0,0.0,632114000.0,681860000.0,0.725,681860000.0,632114000.0,632114000.0,1.01,0.965,1.01,1561388000.0,1445092250.0,1561388000.0,4797744965.0,8.0,7.036,64434000.0,0.169,1.0,722972000.0,0.769,481151000.0,0.0,483510000.0,836567000.0,0.0,903159000.0,821427000.0,81732000.0,916072000.0,879243000.0,36829000.0,5091926965.0,384365000.0,-117608000.0,136397000.0,-79654000.0,-1464000.0,55279000.0,187352000.0,385274000.0,145742000.0,-4008000.0,386564000.0,386564000.0,386564000.0,0.0,0.0,0.411,688406000.0,34566000.0,115605000.0,0.0,3.261,13.172,13.5,119220000.0,0.0,13.635,5.414,5.536,63677000.0,215167000.0,940435000.0,940435000.0,143437000.0,0.178,0.268,0.756,0.672,58150000.0,307105000.0,1.0,373445322.0,381854000,399632000.0,2.463,1996309000.0,129500000.0,245550000.0,279875000.0,5.228,842213000.0
23,INTU,MRY,1998-12-31,1998-07-31,1998-07-31,2021-09-08,182602000.0,1498596000.0,1077094750.0,980125000.0,518471000.0,0.64,3.463,-30778000.0,138133000.0,138133000.0,135656000.0,6182000.0,2.616,0.377,35566000.0,0.0,35566000.0,35566000.0,58560000.0,31246000.0,0.0,0.0,0.0,1100000.0,32346000.0,0.047,32346000.0,1100000.0,1100000.0,0.02,0.02,0.02,1088361000.0,688722750.0,1088361000.0,2899389659.0,2636.0,89.637,47187000.0,0.15,1.0,553626000.0,0.803,371590000.0,0.0,649770000.0,549432250.0,3695000.0,789509000.0,743984000.0,45525000.0,410235000.0,374669000.0,35566000.0,2923407659.0,110934000.0,-350288000.0,532358000.0,5494000.0,-25974000.0,511878000.0,-478909000.0,-97232000.0,77965000.0,0.0,6182000.0,6182000.0,6182000.0,0.0,0.0,0.009,569285000.0,-15659000.0,44035000.0,0.0,2.686,472.89,414.583,69413000.0,0.0,8.292,4.241,3.781,59417000.0,-175388000.0,689282000.0,689282000.0,108604000.0,0.006,0.009,0.002,0.002,21594000.0,255825000.0,1.0,352571778.0,314294000,327782000.0,2.193,1127006000.0,21006000.0,-5082000.0,123526000.0,3.586,605456000.0
24,INTU,MRY,1997-12-31,1997-07-31,1997-07-31,2021-09-08,19432000.0,663676000.0,540848000.0,454777000.0,208899000.0,1.107,1.49,-27597000.0,46780000.0,46780000.0,137281000.0,68308000.0,2.149,0.599,36444000.0,0.0,36444000.0,36444000.0,22732000.0,58667000.0,0.0,0.0,0.0,81049000.0,139716000.0,0.233,139716000.0,81049000.0,81049000.0,0.245,0.24,0.245,415061000.0,357148000.0,415061000.0,1092520129.0,13.0,7.82,53552000.0,0.192,1.0,461644000.0,0.771,46771000.0,0.0,394987000.0,315837000.0,3295000.0,425035000.0,349119000.0,75916000.0,248615000.0,211582000.0,37033000.0,1174736129.0,2196000.0,-34224000.0,9426000.0,29616000.0,0.0,39042000.0,-117995000.0,-55204000.0,81149000.0,0.0,68308000.0,68308000.0,68308000.0,-71240000.0,0.0,0.114,461684000.0,-40000.0,35688000.0,0.0,2.83,17.198,17.136,83404000.0,0.0,4.198,1.961,1.953,42190000.0,-163231000.0,598925000.0,598925000.0,93018000.0,0.126,0.191,0.257,0.135,0.0,199507000.0,1.0,279810114.0,278544000,284688000.0,2.15,616905000.0,0.0,12741000.0,31710000.0,2.215,243195000.0
25,INTU,MRY,1996-12-31,1996-07-31,1996-07-31,2021-09-08,-502000.0,418020000.0,,280413000.0,137607000.0,,1.105,-69321000.0,44584000.0,44584000.0,136470000.0,-20699000.0,2.533,0.397,5583000.0,0.0,5583000.0,5583000.0,18974000.0,23853000.0,0.0,0.0,0.0,-4474000.0,19379000.0,0.036,19379000.0,-4474000.0,-4474000.0,-0.077,-0.077,-0.077,299235000.0,,299235000.0,,,,-7846000.0,-0.029,1.0,402138000.0,0.747,31643000.0,0.0,236687000.0,,4448000.0,153434000.0,153434000.0,0.0,118785000.0,110689000.0,8096000.0,,-31714000.0,40000.0,12864000.0,-3187000.0,0.0,9677000.0,-102866000.0,-31957000.0,61475000.0,0.0,-20699000.0,-20699000.0,-20699000.0,6344000.0,0.0,-0.038,407914000.0,-5776000.0,33972000.0,0.0,,,-78.193,95611000.0,0.0,6.021,,3.028,49473000.0,-231539000.0,538608000.0,538608000.0,75558000.0,,,,-0.008,0.0,175472000.0,1.0,,270894000,270894000.0,1.988,386377000.0,26097000.0,16225000.0,2513000.0,1.426,169724000.0
26,INTU,MRY,1995-12-31,1995-07-31,1995-07-31,2021-09-08,,,,,,,,-33087000.0,,,110322000.0,-44296000.0,,,,,,,,64434000.0,,0.0,0.0,-20000000.0,44434000.0,0.106,44434000.0,-20000000.0,-20000000.0,-0.178,,-0.178,,,,,,,44391000.0,0.179,1.0,308838000.0,0.737,,0.0,,,,,,,,,,,53455000.0,-26323000.0,87015000.0,4484000.0,0.0,91499000.0,-115522000.0,-57136000.0,77478000.0,0.0,-44296000.0,-44296000.0,-44296000.0,0.0,0.0,-0.106,373879000.0,-65041000.0,,0.0,,,-40.847,,0.0,7.271,,4.31,,,419160000.0,419160000.0,57332000.0,,,,-0.048,0.0,135819000.0,1.0,,248466000,,1.687,,,24296000.0,,,
0,INTU,MRQ,2021-06-30,2021-07-31,2021-07-31,2021-09-08,-24000000.0,15516000000.0,,5157000000.0,10359000000.0,,36.15,-24000000.0,2562000000.0,2562000000.0,450000000.0,380000000.0,1.942,0.572,2414000000.0,0.0,2414000000.0,2414000000.0,684000000.0,130000000.0,457000000.0,0.006,0.59,410000000.0,540000000.0,0.211,540000000.0,410000000.0,403000000.0,1.39,1.36,1.39,9869000000.0,,9869000000.0,144053213202.0,56.0,47.858,518000000.0,1.897,1.0,2111000000.0,0.824,8865000000.0,7000000.0,3848000000.0,,0.0,1351000000.0,1308000000.0,43000000.0,5647000000.0,2655000000.0,2992000000.0,144819213202.0,-493000000.0,0.0,-404000000.0,0.0,-164000000.0,-597000000.0,-437000000.0,-406000000.0,542000000.0,-1000000.0,380000000.0,380000000.0,380000000.0,0.0,0.0,0.148,1709000000.0,402000000.0,623000000.0,0.424,14.674,70.232,69.277,1160000000.0,0.0,529.97,15.034,14.854,391000000.0,12296000000.0,2561000000.0,2561000000.0,521000000.0,,,,,244000000.0,1119000000.0,1.0,273259266.0,273000000,279000000.0,9.381,6651000000.0,131000000.0,23000000.0,525000000.0,24.363,2502000000.0
1,INTU,MRQ,2021-03-31,2021-04-30,2021-04-30,2021-09-08,-24000000.0,15758000000.0,,5327000000.0,10431000000.0,,36.465,-30000000.0,3164000000.0,3164000000.0,581000000.0,1464000000.0,1.964,0.583,2398000000.0,0.0,2398000000.0,2398000000.0,650000000.0,130000000.0,348000000.0,0.007,0.59,1928000000.0,2058000000.0,0.493,2058000000.0,1928000000.0,1921000000.0,5.36,5.3,5.36,9955000000.0,,9955000000.0,113662844529.0,43.0,37.55,2354000000.0,8.623,1.0,3592000000.0,0.861,8935000000.0,7000000.0,3345000000.0,,0.0,993000000.0,952000000.0,41000000.0,5803000000.0,2712000000.0,3091000000.0,112865844529.0,1134000000.0,-19000000.0,-349000000.0,-325000000.0,-161000000.0,-992000000.0,-262000000.0,-202000000.0,2384000000.0,4000000.0,1464000000.0,1464000000.0,1464000000.0,0.0,0.0,0.351,1678000000.0,1914000000.0,601000000.0,0.11,11.338,53.063,52.305,1161000000.0,0.0,412.16,12.699,12.66,554000000.0,12081000000.0,4173000000.0,4173000000.0,464000000.0,,,,,218000000.0,1146000000.0,1.0,273839879.0,273000000,276000000.0,15.286,6823000000.0,11000000.0,457000000.0,855000000.0,24.993,2615000000.0
2,INTU,MRQ,2020-12-31,2021-01-31,2021-01-31,2021-09-08,-23000000.0,14598000000.0,,4094000000.0,10504000000.0,,32.844,-33000000.0,1952000000.0,1952000000.0,353000000.0,20000000.0,1.529,0.646,2749000000.0,325000000.0,2424000000.0,2749000000.0,752000000.0,106000000.0,426000000.0,0.008,0.59,29000000.0,135000000.0,0.086,135000000.0,29000000.0,22000000.0,0.07,0.07,0.07,8868000000.0,,8868000000.0,92320754789.0,43.0,37.728,246000000.0,0.911,1.0,1223000000.0,0.776,8982000000.0,7000000.0,3736000000.0,,0.0,827000000.0,786000000.0,41000000.0,5730000000.0,2677000000.0,3053000000.0,94909754789.0,-3280000000.0,-2960000000.0,-144000000.0,0.0,-163000000.0,-434000000.0,-3136000000.0,-204000000.0,279000000.0,11000000.0,20000000.0,20000000.0,20000000.0,0.0,0.0,0.013,1248000000.0,-25000000.0,486000000.0,8.429,10.702,54.327,54.157,1184000000.0,0.0,361.23,12.299,12.639,465000000.0,10783000000.0,1576000000.0,1576000000.0,368000000.0,,,,,180000000.0,830000000.0,1.0,262740511.0,270000000,273000000.0,5.837,5616000000.0,159000000.0,2000000.0,580000000.0,20.8,1417000000.0
3,INTU,MRQ,2020-09-30,2020-10-31,2020-10-31,2021-09-08,-35000000.0,9707000000.0,,6651000000.0,3056000000.0,,19.943,-38000000.0,5174000000.0,5174000000.0,249000000.0,198000000.0,3.091,0.851,2585000000.0,325000000.0,2260000000.0,2585000000.0,574000000.0,59000000.0,484000000.0,0.009,1.18,218000000.0,277000000.0,0.209,277000000.0,218000000.0,210000000.0,0.75,0.75,0.75,5245000000.0,,5245000000.0,79533490955.0,33.0,29.788,7000000.0,0.027,1.0,1074000000.0,0.812,1760000000.0,8000000.0,3206000000.0,,0.0,647000000.0,619000000.0,28000000.0,4462000000.0,2152000000.0,2310000000.0,82385490955.0,-1239000000.0,-85000000.0,88000000.0,-1013000000.0,-158000000.0,-1153000000.0,-130000000.0,6000000.0,45000000.0,-1000000.0,198000000.0,198000000.0,198000000.0,0.0,0.0,0.15,865000000.0,209000000.0,256000000.0,1.573,15.707,41.884,41.846,975000000.0,0.0,314.68,10.512,10.56,99000000.0,10926000000.0,1323000000.0,1323000000.0,325000000.0,,,,,111000000.0,531000000.0,1.0,261807204.0,263000000,265000000.0,5.03,7947000000.0,89000000.0,12000000.0,0.0,30.217,4499000000.0
4,INTU,MRQ,2020-06-30,2020-07-31,2020-07-31,2021-09-08,-32000000.0,10931000000.0,,7980000000.0,2951000000.0,,19.563,-30000000.0,6442000000.0,6442000000.0,317000000.0,445000000.0,2.261,1.141,3590000000.0,1338000000.0,2252000000.0,3590000000.0,652000000.0,64000000.0,455000000.0,0.007,0.53,493000000.0,557000000.0,0.307,557000000.0,493000000.0,486000000.0,1.7,1.68,1.7,5106000000.0,,5106000000.0,77134515436.0,35.0,30.978,257000000.0,0.985,1.0,1499000000.0,0.825,1682000000.0,7000000.0,2868000000.0,,0.0,627000000.0,608000000.0,19000000.0,5825000000.0,3529000000.0,2296000000.0,79892515436.0,3137000000.0,0.0,51000000.0,2971000000.0,-142000000.0,2830000000.0,14000000.0,54000000.0,287000000.0,6000000.0,445000000.0,445000000.0,445000000.0,0.0,0.0,0.245,1016000000.0,483000000.0,305000000.0,0.312,15.647,43.753,43.83,960000000.0,0.0,306.37,10.404,10.413,149000000.0,10885000000.0,1816000000.0,1816000000.0,393000000.0,,,,,114000000.0,617000000.0,1.0,260771340.0,261000000,264000000.0,6.958,9249000000.0,77000000.0,41000000.0,2000000.0,35.437,4451000000.0
5,INTU,MRQ,2020-03-31,2020-04-30,2020-04-30,2021-09-08,-44000000.0,7764000000.0,,4862000000.0,2902000000.0,,18.161,-39000000.0,3371000000.0,3371000000.0,421000000.0,1084000000.0,1.792,0.638,613000000.0,350000000.0,263000000.0,613000000.0,632000000.0,68000000.0,389000000.0,0.008,0.53,1410000000.0,1478000000.0,0.492,1478000000.0,1410000000.0,1408000000.0,4.15,4.11,4.15,4740000000.0,,4740000000.0,69338662012.0,44.0,37.319,1898000000.0,7.272,1.0,2581000000.0,0.86,1687000000.0,2000000.0,606000000.0,,0.0,619000000.0,600000000.0,19000000.0,3024000000.0,2713000000.0,311000000.0,70282662012.0,1658000000.0,0.0,-6000000.0,-13000000.0,-139000000.0,-254000000.0,-15000000.0,23000000.0,1937000000.0,-10000000.0,1084000000.0,1084000000.0,1084000000.0,0.0,0.0,0.361,1168000000.0,1413000000.0,384000000.0,0.128,14.828,52.567,52.697,965000000.0,0.0,269.81,10.25,10.27,219000000.0,10581000000.0,3002000000.0,3002000000.0,332000000.0,,,,,103000000.0,829000000.0,1.0,260489463.0,261000000,264000000.0,11.502,6077000000.0,6000000.0,324000000.0,347000000.0,23.284,2149000000.0
6,INTU,MRQ,2019-12-31,2020-01-31,2020-01-31,2021-09-08,-35000000.0,6701000000.0,,3690000000.0,3011000000.0,,14.28,-30000000.0,1641000000.0,1641000000.0,334000000.0,240000000.0,1.674,0.798,697000000.0,38000000.0,659000000.0,697000000.0,671000000.0,73000000.0,461000000.0,0.007,0.53,285000000.0,358000000.0,0.211,358000000.0,285000000.0,282000000.0,0.92,0.91,0.92,3727000000.0,,3727000000.0,72073009049.0,36.0,32.247,287000000.0,1.1,1.0,1362000000.0,0.803,1696000000.0,3000000.0,1857000000.0,,0.0,638000000.0,625000000.0,13000000.0,2974000000.0,2204000000.0,770000000.0,72983009049.0,59000000.0,0.0,-80000000.0,-12000000.0,-139000000.0,-217000000.0,-39000000.0,-8000000.0,317000000.0,-2000000.0,240000000.0,240000000.0,240000000.0,0.0,0.0,0.142,1092000000.0,270000000.0,455000000.0,0.576,19.582,44.747,44.718,1055000000.0,0.0,280.38,10.24,10.268,603000000.0,9637000000.0,1696000000.0,1696000000.0,333000000.0,,,,,107000000.0,752000000.0,1.0,260300339.0,261000000,264000000.0,6.498,5005000000.0,52000000.0,42000000.0,55000000.0,19.176,1486000000.0
7,INTU,MRQ,2019-09-30,2019-10-31,2019-10-31,2021-09-08,-35000000.0,6183000000.0,,3162000000.0,3021000000.0,,13.92,-38000000.0,1630000000.0,1630000000.0,284000000.0,57000000.0,1.8,0.702,720000000.0,50000000.0,670000000.0,720000000.0,554000000.0,73000000.0,413000000.0,0.008,0.53,24000000.0,97000000.0,0.083,97000000.0,24000000.0,22000000.0,0.22,0.22,0.22,3633000000.0,,3633000000.0,65288962815.0,34.0,30.073,-165000000.0,-0.632,1.0,881000000.0,0.756,1704000000.0,2000000.0,1812000000.0,,0.0,638000000.0,625000000.0,13000000.0,2550000000.0,1757000000.0,793000000.0,66968962815.0,-509000000.0,0.0,-77000000.0,-13000000.0,-141000000.0,-325000000.0,-57000000.0,0.0,-127000000.0,0.0,57000000.0,57000000.0,57000000.0,0.0,0.0,0.049,871000000.0,10000000.0,272000000.0,2.409,18.434,42.385,42.352,1080000000.0,0.0,257.5,9.659,9.694,104000000.0,9537000000.0,1165000000.0,1165000000.0,334000000.0,,,,,111000000.0,529000000.0,1.0,260073642.0,261000000,264000000.0,4.464,4479000000.0,86000000.0,-35000000.0,68000000.0,17.161,1405000000.0
8,INTU,MRQ,2019-06-30,2019-07-31,2019-07-31,2021-09-08,-36000000.0,6283000000.0,,3594000000.0,2689000000.0,,14.419,-26000000.0,2116000000.0,2116000000.0,276000000.0,-44000000.0,1.828,0.676,436000000.0,50000000.0,386000000.0,436000000.0,619000000.0,59000000.0,436000000.0,0.007,0.47,-134000000.0,-75000000.0,-0.075,-75000000.0,-134000000.0,-137000000.0,-0.17,-0.17,-0.17,3749000000.0,,3749000000.0,69392783094.0,37.0,32.717,-148000000.0,-0.569,1.0,718000000.0,0.722,1709000000.0,3000000.0,928000000.0,,0.0,637000000.0,624000000.0,13000000.0,2534000000.0,1966000000.0,568000000.0,71890783094.0,-777000000.0,-64000000.0,-95000000.0,-12000000.0,-127000000.0,-340000000.0,-318000000.0,-223000000.0,-122000000.0,3000000.0,-44000000.0,-44000000.0,-44000000.0,0.0,0.0,-0.044,871000000.0,-153000000.0,274000000.0,-2.765,19.176,46.173,46.295,780000000.0,0.0,277.31,10.597,10.628,87000000.0,9621000000.0,994000000.0,994000000.0,333000000.0,,,,,98000000.0,531000000.0,1.0,259243385.0,260000000,264000000.0,3.823,4574000000.0,66000000.0,-93000000.0,37000000.0,17.592,1628000000.0
9,INTU,MRQ,2019-03-31,2019-04-30,2019-04-30,2021-09-08,-38000000.0,6917000000.0,,4249000000.0,2668000000.0,,15.654,-49000000.0,2946000000.0,2946000000.0,349000000.0,1378000000.0,1.855,0.7,448000000.0,50000000.0,398000000.0,448000000.0,572000000.0,54000000.0,383000000.0,0.007,0.47,1801000000.0,1855000000.0,0.567,1855000000.0,1801000000.0,1797000000.0,5.3,5.22,5.3,4070000000.0,,4070000000.0,64380865874.0,35.0,31.117,2199000000.0,8.458,1.0,2923000000.0,0.893,1654000000.0,4000000.0,474000000.0,,0.0,413000000.0,400000000.0,13000000.0,2847000000.0,2291000000.0,556000000.0,65042865874.0,1820000000.0,0.0,-57000000.0,35000000.0,-123000000.0,-215000000.0,-209000000.0,-150000000.0,2248000000.0,-4000000.0,1378000000.0,1378000000.0,1378000000.0,0.0,0.0,0.421,1139000000.0,1784000000.0,383000000.0,0.089,15.981,41.614,41.843,799000000.0,0.0,251.06,9.775,9.81,262000000.0,9789000000.0,3272000000.0,3272000000.0,311000000.0,,,,,98000000.0,822000000.0,1.0,259072994.0,260000000,264000000.0,12.585,5263000000.0,3000000.0,419000000.0,351000000.0,20.242,1958000000.0
10,INTU,MRQ,2018-12-31,2019-01-31,2019-01-31,2021-09-08,-36000000.0,5335000000.0,,2644000000.0,2691000000.0,,10.754,-45000000.0,1075000000.0,1075000000.0,280000000.0,189000000.0,1.321,0.908,413000000.0,50000000.0,363000000.0,413000000.0,639000000.0,55000000.0,434000000.0,0.008,0.47,239000000.0,294000000.0,0.196,294000000.0,239000000.0,235000000.0,0.73,0.72,0.73,2796000000.0,,2796000000.0,55348139146.0,34.0,29.347,296000000.0,1.138,1.0,1222000000.0,0.814,1660000000.0,4000000.0,1012000000.0,,0.0,271000000.0,258000000.0,13000000.0,2539000000.0,2001000000.0,538000000.0,56007139146.0,-13000000.0,0.0,-145000000.0,-12000000.0,-122000000.0,-299000000.0,-57000000.0,-21000000.0,341000000.0,2000000.0,189000000.0,189000000.0,189000000.0,0.0,0.0,0.126,989000000.0,233000000.0,400000000.0,0.644,20.031,40.851,40.568,810000000.0,0.0,215.82,8.898,8.915,554000000.0,8537000000.0,1502000000.0,1502000000.0,295000000.0,,,,,100000000.0,688000000.0,1.0,259508568.0,260000000,264000000.0,5.777,3675000000.0,70000000.0,46000000.0,51000000.0,14.135,643000000.0
11,INTU,MRQ,2018-09-30,2018-10-31,2018-10-31,2021-09-08,-40000000.0,4928000000.0,,2232000000.0,2696000000.0,,10.7,-35000000.0,1084000000.0,1084000000.0,242000000.0,34000000.0,1.407,0.771,425000000.0,50000000.0,375000000.0,425000000.0,513000000.0,57000000.0,438000000.0,0.008,0.47,-10000000.0,47000000.0,0.046,47000000.0,-10000000.0,-14000000.0,0.13,0.13,0.13,2782000000.0,,2782000000.0,53553711820.0,33.0,28.901,-178000000.0,-0.685,1.0,774000000.0,0.762,1665000000.0,4000000.0,1018000000.0,,0.0,261000000.0,248000000.0,13000000.0,2146000000.0,1586000000.0,560000000.0,54579711820.0,-309000000.0,0.0,25000000.0,-13000000.0,-129000000.0,-111000000.0,-51000000.0,-20000000.0,-143000000.0,-4000000.0,34000000.0,34000000.0,34000000.0,0.0,0.0,0.033,784000000.0,-10000000.0,209000000.0,3.615,19.619,39.985,39.736,805000000.0,0.0,211.0,8.902,8.948,77000000.0,8472000000.0,1016000000.0,1016000000.0,294000000.0,,,,,105000000.0,483000000.0,1.0,258671620.0,260000000,264000000.0,3.908,3263000000.0,116000000.0,-48000000.0,65000000.0,12.55,646000000.0
12,INTU,MRQ,2018-06-30,2018-07-31,2018-07-31,2021-09-08,-36000000.0,5134000000.0,,2422000000.0,2712000000.0,,11.0,-27000000.0,1464000000.0,1464000000.0,224000000.0,-38000000.0,1.39,0.823,438000000.0,50000000.0,388000000.0,438000000.0,581000000.0,62000000.0,367000000.0,0.008,0.39,-189000000.0,-127000000.0,-0.147,-127000000.0,-189000000.0,-193000000.0,-0.16,-0.16,-0.16,2816000000.0,,2816000000.0,51241590716.0,32.0,27.864,-64000000.0,-0.25,1.0,640000000.0,0.741,1672000000.0,4000000.0,693000000.0,,0.0,265000000.0,252000000.0,13000000.0,2318000000.0,1743000000.0,575000000.0,52405590716.0,-202000000.0,0.0,90000000.0,-12000000.0,-102000000.0,-170000000.0,9000000.0,17000000.0,-37000000.0,-4000000.0,-38000000.0,-38000000.0,-38000000.0,0.0,0.0,-0.044,840000000.0,-200000000.0,178000000.0,-2.438,18.61,39.432,39.429,812000000.0,0.0,204.24,8.698,8.678,98000000.0,8564000000.0,864000000.0,864000000.0,311000000.0,,,,,99000000.0,522000000.0,1.0,256588282.0,256000000,264000000.0,3.375,3462000000.0,39000000.0,-155000000.0,68000000.0,13.523,679000000.0
13,INTU,MRQ,2018-03-31,2018-04-30,2018-04-30,2021-09-08,-30000000.0,5787000000.0,,2845000000.0,2942000000.0,,9.198,-20000000.0,1614000000.0,1614000000.0,300000000.0,1186000000.0,1.053,1.448,450000000.0,50000000.0,400000000.0,450000000.0,1213000000.0,64000000.0,419000000.0,0.008,0.39,1608000000.0,1672000000.0,0.574,1672000000.0,1608000000.0,1603000000.0,4.62,4.53,4.62,2364000000.0,,2364000000.0,47951763517.0,27.0,23.46,1955000000.0,7.607,1.0,2612000000.0,0.897,1681000000.0,5000000.0,239000000.0,,0.0,350000000.0,322000000.0,28000000.0,3423000000.0,2703000000.0,720000000.0,47326763517.0,1133000000.0,-1000000.0,36000000.0,-653000000.0,-100000000.0,-727000000.0,-105000000.0,-90000000.0,1975000000.0,-10000000.0,1186000000.0,1186000000.0,1186000000.0,0.0,0.0,0.407,1011000000.0,1601000000.0,325000000.0,0.084,20.02,33.685,33.721,950000000.0,0.0,184.79,7.859,7.886,309000000.0,8155000000.0,2912000000.0,2912000000.0,296000000.0,,,,,92000000.0,708000000.0,1.0,256111064.0,257000000,262000000.0,11.331,4106000000.0,130000000.0,417000000.0,356000000.0,15.977,142000000.0
14,INTU,MRQ,2017-12-31,2018-01-31,2018-01-31,2021-09-08,-20000000.0,4898000000.0,,1902000000.0,2996000000.0,,4.52,-27000000.0,478000000.0,478000000.0,243000000.0,183000000.0,0.627,3.233,1103000000.0,690000000.0,413000000.0,1103000000.0,1290000000.0,62000000.0,422000000.0,0.009,0.39,199000000.0,261000000.0,0.195,261000000.0,199000000.0,193000000.0,0.72,0.7,0.72,1157000000.0,,1157000000.0,43269601420.0,27.0,23.004,225000000.0,0.879,1.0,1096000000.0,0.819,1690000000.0,6000000.0,801000000.0,,0.0,276000000.0,248000000.0,28000000.0,3741000000.0,3032000000.0,709000000.0,42923601420.0,52000000.0,-362000000.0,-18000000.0,228000000.0,-100000000.0,100000000.0,-308000000.0,88000000.0,252000000.0,8000000.0,183000000.0,183000000.0,183000000.0,0.0,0.0,0.137,902000000.0,194000000.0,343000000.0,0.542,37.099,36.284,36.342,984000000.0,0.0,167.9,7.596,7.606,532000000.0,7057000000.0,1339000000.0,1339000000.0,286000000.0,,,,,94000000.0,612000000.0,1.0,255649800.0,256000000,260000000.0,5.23,3208000000.0,165000000.0,10000000.0,0.0,12.531,-1130000000.0
15,INTU,MRQ,2017-09-30,2017-10-31,2017-10-31,2021-09-08,-28000000.0,4064000000.0,,1415000000.0,2649000000.0,,4.699,-50000000.0,529000000.0,529000000.0,196000000.0,-2000000.0,0.668,2.378,875000000.0,450000000.0,425000000.0,875000000.0,990000000.0,65000000.0,319000000.0,0.009,0.39,-32000000.0,33000000.0,0.036,33000000.0,-32000000.0,-37000000.0,-0.01,-0.01,-0.01,1203000000.0,,1203000000.0,38465098574.0,26.0,22.653,-128000000.0,-0.5,1.0,714000000.0,0.785,1312000000.0,5000000.0,981000000.0,,0.0,279000000.0,248000000.0,31000000.0,2861000000.0,2117000000.0,744000000.0,38506098574.0,-53000000.0,0.0,-85000000.0,387000000.0,-105000000.0,158000000.0,-128000000.0,-63000000.0,-78000000.0,-5000000.0,-2000000.0,-2000000.0,-2000000.0,0.0,0.0,-0.002,749000000.0,-35000000.0,220000000.0,-39.0,32.008,38.012,38.233,1016000000.0,0.0,151.02,7.227,7.256,116000000.0,7180000000.0,910000000.0,910000000.0,293000000.0,,,,,97000000.0,453000000.0,1.0,254973504.0,256000000,256000000.0,3.555,2752000000.0,205000000.0,-35000000.0,0.0,10.75,-702000000.0
16,INTU,MRQ,2017-06-30,2017-07-31,2017-07-31,2021-09-08,-22000000.0,4068000000.0,,1415000000.0,2653000000.0,,5.268,-52000000.0,529000000.0,529000000.0,181000000.0,38000000.0,0.728,2.004,488000000.0,50000000.0,438000000.0,488000000.0,1089000000.0,62000000.0,372000000.0,0.01,0.34,16000000.0,78000000.0,0.091,78000000.0,16000000.0,13000000.0,0.15,0.15,0.15,1354000000.0,,1354000000.0,34305523730.0,24.0,20.703,-342000000.0,-1.331,1.0,680000000.0,0.79,1317000000.0,3000000.0,766000000.0,,0.0,279000000.0,248000000.0,31000000.0,2714000000.0,1944000000.0,770000000.0,35155523730.0,-753000000.0,0.0,-290000000.0,-12000000.0,-88000000.0,-483000000.0,5000000.0,44000000.0,-290000000.0,15000000.0,38000000.0,38000000.0,38000000.0,0.0,0.0,0.044,667000000.0,13000000.0,157000000.0,2.267,25.964,35.691,35.825,1030000000.0,0.0,137.21,6.766,6.787,103000000.0,7297000000.0,861000000.0,861000000.0,263000000.0,,,,,85000000.0,401000000.0,1.0,256216921.0,257000000,261000000.0,3.35,2751000000.0,195000000.0,-25000000.0,0.0,10.704,-529000000.0
17,INTU,MRQ,2017-03-31,2017-04-30,2017-04-30,2021-09-08,-36000000.0,4969000000.0,,2255000000.0,2714000000.0,,6.629,-46000000.0,1350000000.0,1350000000.0,234000000.0,964000000.0,0.904,1.928,500000000.0,50000000.0,450000000.0,500000000.0,1133000000.0,62000000.0,323000000.0,0.011,0.34,1447000000.0,1509000000.0,0.594,1509000000.0,1447000000.0,1439000000.0,3.76,3.7,3.76,1697000000.0,,1697000000.0,32784880543.0,24.0,20.632,1756000000.0,6.859,1.0,2307000000.0,0.908,1321000000.0,8000000.0,304000000.0,,0.0,271000000.0,243000000.0,28000000.0,3272000000.0,2494000000.0,778000000.0,32026880543.0,958000000.0,0.0,-26000000.0,-650000000.0,-88000000.0,-774000000.0,-65000000.0,0.0,1802000000.0,-5000000.0,964000000.0,964000000.0,964000000.0,0.0,0.0,0.379,863000000.0,1444000000.0,269000000.0,0.09,18.873,35.311,35.171,1041000000.0,0.0,125.21,6.293,6.299,245000000.0,7363000000.0,2541000000.0,2541000000.0,246000000.0,,,,,71000000.0,613000000.0,1.0,255785325.0,256000000,260000000.0,9.926,3648000000.0,183000000.0,475000000.0,435000000.0,14.25,-239000000.0
18,INTU,MRQ,2016-12-31,2017-01-31,2017-01-31,2021-09-08,-34000000.0,4373000000.0,,1679000000.0,2694000000.0,,3.054,-46000000.0,392000000.0,392000000.0,203000000.0,13000000.0,0.599,4.571,1150000000.0,687000000.0,463000000.0,1150000000.0,1254000000.0,57000000.0,324000000.0,0.011,0.34,21000000.0,78000000.0,0.077,78000000.0,21000000.0,10000000.0,0.05,0.05,0.05,785000000.0,,785000000.0,31172139850.0,23.0,19.398,246000000.0,0.957,1.0,813000000.0,0.8,1327000000.0,11000000.0,1001000000.0,,0.0,273000000.0,245000000.0,28000000.0,3588000000.0,2803000000.0,785000000.0,30432139850.0,32000000.0,0.0,-165000000.0,50000000.0,-88000000.0,-209000000.0,-55000000.0,-3000000.0,292000000.0,4000000.0,13000000.0,13000000.0,13000000.0,0.0,0.0,0.013,791000000.0,22000000.0,258000000.0,6.8,38.767,31.406,31.205,1047000000.0,0.0,118.58,6.272,6.281,521000000.0,6488000000.0,1016000000.0,1016000000.0,243000000.0,,,,,81000000.0,545000000.0,1.0,256638049.0,257000000,260000000.0,3.953,3046000000.0,213000000.0,-3000000.0,0.0,11.852,-1124000000.0
19,INTU,MRQ,2016-09-30,2016-10-31,2016-10-31,2021-09-08,-37000000.0,3933000000.0,,1262000000.0,2671000000.0,,3.628,-86000000.0,360000000.0,360000000.0,180000000.0,-30000000.0,0.579,3.202,1100000000.0,625000000.0,475000000.0,1100000000.0,936000000.0,55000000.0,326000000.0,0.011,0.34,-63000000.0,-8000000.0,-0.01,-8000000.0,-63000000.0,-72000000.0,-0.12,-0.12,-0.12,936000000.0,,936000000.0,28410183774.0,21.0,17.548,-291000000.0,-1.128,1.0,598000000.0,0.769,1332000000.0,9000000.0,1160000000.0,,0.0,273000000.0,245000000.0,28000000.0,2997000000.0,2181000000.0,816000000.0,28048183774.0,-278000000.0,0.0,-132000000.0,100000000.0,-89000000.0,-166000000.0,98000000.0,217000000.0,-205000000.0,-5000000.0,-30000000.0,-30000000.0,-30000000.0,0.0,0.0,-0.039,659000000.0,-61000000.0,165000000.0,-2.833,29.966,28.621,28.318,1047000000.0,0.0,108.74,5.894,5.895,121000000.0,6564000000.0,778000000.0,778000000.0,246000000.0,,,,,89000000.0,409000000.0,1.0,257938052.0,258000000,258000000.0,3.016,2601000000.0,208000000.0,-42000000.0,0.0,10.081,-919000000.0
20,INTU,MRQ,2016-06-30,2016-07-31,2016-07-31,2021-09-08,-32000000.0,4250000000.0,,1614000000.0,2636000000.0,,4.535,-73000000.0,638000000.0,638000000.0,166000000.0,-40000000.0,0.717,2.661,1000000000.0,512000000.0,488000000.0,1000000000.0,1005000000.0,63000000.0,304000000.0,0.011,0.3,-53000000.0,10000000.0,0.013,10000000.0,-53000000.0,-62000000.0,-0.13,-0.12,-0.13,1161000000.0,,1161000000.0,28110151258.0,20.0,17.047,-354000000.0,-1.383,1.0,588000000.0,0.78,1326000000.0,9000000.0,1035000000.0,,0.0,470000000.0,442000000.0,28000000.0,3089000000.0,2251000000.0,838000000.0,28399151258.0,-651000000.0,0.0,-2000000.0,0.0,-80000000.0,-155000000.0,-207000000.0,-211000000.0,-281000000.0,-8000000.0,-40000000.0,-40000000.0,-40000000.0,0.0,0.0,-0.053,644000000.0,-56000000.0,184000000.0,-2.308,24.461,29.008,29.756,1031000000.0,0.0,110.99,6.05,6.195,108000000.0,6687000000.0,754000000.0,754000000.0,235000000.0,,,,,110000000.0,398000000.0,1.0,255871261.0,256000000,259000000.0,2.945,2924000000.0,159000000.0,-22000000.0,0.0,11.422,-637000000.0
21,INTU,MRQ,2016-03-31,2016-04-30,2016-04-30,2021-09-08,-26000000.0,4940000000.0,,2311000000.0,2629000000.0,,4.856,-55000000.0,1289000000.0,1289000000.0,211000000.0,1026000000.0,0.807,2.958,1000000000.0,500000000.0,500000000.0,1000000000.0,1028000000.0,62000000.0,372000000.0,0.011,0.3,1465000000.0,1527000000.0,0.663,1527000000.0,1465000000.0,1455000000.0,4.0,3.94,4.0,1248000000.0,,1248000000.0,26821693289.0,19.0,15.927,1557000000.0,6.058,1.0,2093000000.0,0.908,1339000000.0,10000000.0,447000000.0,,0.0,352000000.0,324000000.0,28000000.0,3692000000.0,2865000000.0,827000000.0,25910693289.0,955000000.0,463000000.0,-425000000.0,-245000000.0,-77000000.0,-759000000.0,85000000.0,-326000000.0,1612000000.0,17000000.0,1026000000.0,1026000000.0,1026000000.0,-178000000.0,0.0,0.445,808000000.0,1285000000.0,270000000.0,0.075,20.762,25.083,24.973,989000000.0,0.0,100.89,5.589,5.593,214000000.0,6805000000.0,2304000000.0,2304000000.0,228000000.0,,,,,73000000.0,572000000.0,1.0,256821224.0,257000000,260000000.0,8.965,3601000000.0,169000000.0,429000000.0,442000000.0,14.012,-554000000.0
22,INTU,MRQ,2015-12-31,2016-01-31,2016-01-31,2021-09-08,-42000000.0,4349000000.0,,1467000000.0,2882000000.0,,2.437,-324000000.0,334000000.0,334000000.0,193000000.0,24000000.0,0.625,5.785,1245000000.0,245000000.0,1000000000.0,1245000000.0,1114000000.0,58000000.0,373000000.0,0.012,0.3,32000000.0,90000000.0,0.098,90000000.0,32000000.0,23000000.0,0.09,0.09,0.09,641000000.0,,641000000.0,25591053558.0,29.0,22.687,-7000000.0,-0.027,1.0,730000000.0,0.791,1345000000.0,9000000.0,1566000000.0,,0.0,28000000.0,0.0,28000000.0,3708000000.0,2349000000.0,1359000000.0,25215053558.0,-140000000.0,0.0,-434000000.0,395000000.0,-79000000.0,-124000000.0,-323000000.0,25000000.0,317000000.0,-10000000.0,24000000.0,24000000.0,24000000.0,5000000.0,0.0,0.026,688000000.0,42000000.0,286000000.0,3.333,39.337,49.636,51.627,980000000.0,0.0,95.51,5.645,5.623,512000000.0,5857000000.0,923000000.0,923000000.0,205000000.0,,,,,79000000.0,476000000.0,1.0,264004330.0,263000000,266000000.0,3.51,3004000000.0,319000000.0,-1000000.0,0.0,11.422,-882000000.0
23,INTU,MRQ,2015-09-30,2015-10-31,2015-10-31,2021-09-08,-32000000.0,3833000000.0,,1427000000.0,2406000000.0,,3.864,-70000000.0,474000000.0,474000000.0,160000000.0,-31000000.0,0.756,2.647,850000000.0,350000000.0,500000000.0,850000000.0,792000000.0,55000000.0,347000000.0,0.011,0.3,-33000000.0,22000000.0,0.031,22000000.0,-33000000.0,-40000000.0,-0.11,-0.11,-0.11,1051000000.0,,1051000000.0,26709982623.0,35.0,26.657,-258000000.0,-0.949,1.0,553000000.0,0.776,1351000000.0,7000000.0,971000000.0,,0.0,28000000.0,0.0,28000000.0,2782000000.0,1887000000.0,895000000.0,27017982623.0,-334000000.0,0.0,-1206000000.0,350000000.0,-82000000.0,-961000000.0,816000000.0,897000000.0,-188000000.0,-1000000.0,-31000000.0,-31000000.0,-31000000.0,0.0,0.0,-0.043,582000000.0,-29000000.0,178000000.0,-2.727,25.707,64.636,63.68,701000000.0,0.0,97.43,6.293,6.173,124000000.0,5914000000.0,713000000.0,713000000.0,213000000.0,,,,,78000000.0,361000000.0,1.0,277306606.0,272000000,272000000.0,2.621,2482000000.0,344000000.0,-9000000.0,0.0,9.125,-460000000.0
24,INTU,MRQ,2015-06-30,2015-07-31,2015-07-31,2021-09-08,-30000000.0,4968000000.0,,2560000000.0,2408000000.0,,8.388,-78000000.0,808000000.0,808000000.0,168000000.0,14000000.0,1.468,1.13,500000000.0,0.0,500000000.0,500000000.0,843000000.0,61000000.0,337000000.0,0.009,0.25,-16000000.0,45000000.0,0.065,45000000.0,-16000000.0,-22000000.0,0.06,0.06,0.06,2332000000.0,,2332000000.0,28463495111.0,41.0,30.871,-211000000.0,-0.759,1.0,528000000.0,0.759,1353000000.0,6000000.0,1563000000.0,,0.0,916000000.0,889000000.0,27000000.0,2636000000.0,1744000000.0,892000000.0,29157495111.0,-385000000.0,0.0,80000000.0,0.0,-71000000.0,-156000000.0,-87000000.0,50000000.0,-133000000.0,-9000000.0,14000000.0,14000000.0,14000000.0,-116000000.0,0.0,0.02,658000000.0,-130000000.0,190000000.0,4.167,12.503,79.884,81.362,682000000.0,0.0,105.77,6.956,7.09,91000000.0,6027000000.0,696000000.0,696000000.0,215000000.0,,,,,158000000.0,398000000.0,1.0,275668858.0,278000000,280000000.0,2.504,3615000000.0,320000000.0,-36000000.0,0.0,13.004,816000000.0
25,INTU,MRQ,2015-03-31,2015-04-30,2015-04-30,2021-09-08,-20000000.0,5295000000.0,,2867000000.0,2428000000.0,,8.379,-67000000.0,1193000000.0,1193000000.0,194000000.0,501000000.0,1.349,1.281,499000000.0,0.0,499000000.0,499000000.0,941000000.0,59000000.0,330000000.0,0.009,0.25,912000000.0,971000000.0,0.455,971000000.0,912000000.0,905000000.0,1.81,1.78,1.81,2321000000.0,,2321000000.0,27780927305.0,42.0,31.32,1408000000.0,5.083,1.0,1941000000.0,0.909,1615000000.0,7000000.0,860000000.0,,0.0,923000000.0,891000000.0,32000000.0,2974000000.0,2126000000.0,848000000.0,27763927305.0,711000000.0,-19000000.0,-652000000.0,0.0,-69000000.0,-708000000.0,-60000000.0,-12000000.0,1475000000.0,4000000.0,501000000.0,501000000.0,501000000.0,155000000.0,0.0,0.235,875000000.0,1066000000.0,286000000.0,0.138,11.962,86.223,84.311,671000000.0,0.0,100.33,7.034,7.041,210000000.0,6082000000.0,2135000000.0,2135000000.0,206000000.0,,,,,62000000.0,544000000.0,1.0,276726077.0,277000000,282000000.0,7.708,3680000000.0,143000000.0,404000000.0,230000000.0,13.285,741000000.0
26,INTU,MRQ,2014-12-31,2015-01-31,2015-01-31,2021-09-08,-22000000.0,5245000000.0,,2578000000.0,2667000000.0,,8.26,-61000000.0,482000000.0,482000000.0,181000000.0,-66000000.0,1.222,1.228,499000000.0,0.0,499000000.0,499000000.0,971000000.0,57000000.0,354000000.0,0.01,0.25,-93000000.0,-36000000.0,-0.048,-36000000.0,-93000000.0,-100000000.0,-0.23,-0.23,-0.23,2354000000.0,,2354000000.0,24743799184.0,20.0,16.948,304000000.0,1.067,1.0,568000000.0,0.758,1875000000.0,7000000.0,1278000000.0,,0.0,920000000.0,885000000.0,35000000.0,2891000000.0,2109000000.0,782000000.0,24786799184.0,-60000000.0,-67000000.0,-386000000.0,0.0,-69000000.0,-435000000.0,26000000.0,156000000.0,365000000.0,-16000000.0,-66000000.0,-66000000.0,-66000000.0,6000000.0,0.0,-0.088,657000000.0,-89000000.0,273000000.0,-1.087,10.53,30.791,30.463,643000000.0,0.0,86.82,5.902,5.891,459000000.0,5652000000.0,749000000.0,749000000.0,188000000.0,,,,,61000000.0,459000000.0,1.0,285496420.0,285000000,285000000.0,2.628,3370000000.0,295000000.0,-34000000.0,0.0,11.825,469000000.0
27,INTU,MRQ,2014-09-30,2014-10-31,2014-10-31,2021-09-08,-7000000.0,5038000000.0,,2437000000.0,2601000000.0,,10.234,-55000000.0,542000000.0,542000000.0,152000000.0,-84000000.0,1.792,0.721,499000000.0,0.0,499000000.0,499000000.0,563000000.0,54000000.0,358000000.0,0.009,0.25,-112000000.0,-58000000.0,-0.095,-58000000.0,-112000000.0,-119000000.0,-0.29,-0.29,-0.29,2927000000.0,,2927000000.0,24780390274.0,19.0,16.52,-173000000.0,-0.605,1.0,460000000.0,0.752,1825000000.0,7000000.0,1810000000.0,,0.0,1078000000.0,1047000000.0,31000000.0,2111000000.0,1360000000.0,751000000.0,25130390274.0,-307000000.0,-9000000.0,-67000000.0,0.0,-74000000.0,-123000000.0,-61000000.0,11000000.0,-118000000.0,-5000000.0,-84000000.0,-84000000.0,-84000000.0,3000000.0,0.0,-0.137,569000000.0,-109000000.0,198000000.0,-0.862,8.586,30.132,29.834,629000000.0,0.0,88.01,5.937,5.946,140000000.0,5791000000.0,612000000.0,612000000.0,189000000.0,,,,,61000000.0,370000000.0,1.0,285540169.0,286000000,286000000.0,2.14,3213000000.0,231000000.0,-35000000.0,0.0,11.234,1077000000.0
28,INTU,MRQ,2014-06-30,2014-07-31,2014-07-31,2021-09-08,-2000000.0,5201000000.0,,2621000000.0,2580000000.0,,10.8,-65000000.0,849000000.0,849000000.0,132000000.0,-29000000.0,1.844,0.69,499000000.0,0.0,499000000.0,499000000.0,498000000.0,50000000.0,289000000.0,0.009,0.19,-40000000.0,10000000.0,0.022,10000000.0,-40000000.0,-47000000.0,-0.1,-0.1,-0.1,3078000000.0,,3078000000.0,22195210914.0,16.0,14.03,-149000000.0,-0.523,1.0,319000000.0,0.707,1456000000.0,7000000.0,1974000000.0,,0.0,1096000000.0,1065000000.0,31000000.0,2123000000.0,1421000000.0,702000000.0,23270210914.0,-725000000.0,-381000000.0,-148000000.0,0.0,-55000000.0,-174000000.0,-468000000.0,-14000000.0,-84000000.0,1000000.0,-29000000.0,-29000000.0,-29000000.0,-8000000.0,0.0,-0.064,390000000.0,-71000000.0,145000000.0,-1.9,7.56,25.656,25.777,589000000.0,0.0,81.97,5.484,5.506,115000000.0,5949000000.0,451000000.0,451000000.0,166000000.0,,,,,138000000.0,231000000.0,1.0,283886921.0,285000000,291000000.0,1.582,3745000000.0,159000000.0,-18000000.0,0.0,13.14,1200000000.0
29,INTU,MRQ,2014-03-31,2014-04-30,2014-04-30,2021-09-08,12000000.0,5610000000.0,,3438000000.0,2172000000.0,,11.401,-28000000.0,1574000000.0,1574000000.0,164000000.0,984000000.0,2.043,0.733,499000000.0,0.0,499000000.0,499000000.0,499000000.0,47000000.0,273000000.0,0.01,0.19,1497000000.0,1544000000.0,0.647,1544000000.0,1497000000.0,1489000000.0,3.47,3.39,3.47,3238000000.0,,3238000000.0,21335021638.0,15.0,13.368,1360000000.0,4.789,1.0,2224000000.0,0.931,1468000000.0,8000000.0,1384000000.0,,0.0,1090000000.0,1059000000.0,31000000.0,2372000000.0,1683000000.0,689000000.0,21461021638.0,949000000.0,-24000000.0,13000000.0,0.0,-54000000.0,-32000000.0,-409000000.0,-353000000.0,1388000000.0,2000000.0,984000000.0,984000000.0,984000000.0,0.0,0.0,0.412,730000000.0,1494000000.0,193000000.0,0.055,6.628,23.327,23.38,566000000.0,0.0,75.75,5.109,5.121,277000000.0,6033000000.0,2388000000.0,2388000000.0,186000000.0,,,,,49000000.0,533000000.0,1.0,283313817.0,284000000,290000000.0,8.408,4142000000.0,139000000.0,505000000.0,277000000.0,14.585,1755000000.0
30,INTU,MRQ,2013-12-31,2014-01-31,2014-01-31,2021-09-08,10000000.0,4718000000.0,,2541000000.0,2177000000.0,,7.87,-46000000.0,625000000.0,625000000.0,170000000.0,-37000000.0,1.42,1.111,499000000.0,0.0,499000000.0,499000000.0,833000000.0,50000000.0,290000000.0,0.01,0.19,-46000000.0,4000000.0,0.005,4000000.0,-46000000.0,-54000000.0,-0.13,-0.13,-0.13,2235000000.0,,2235000000.0,20947479686.0,18.0,15.414,286000000.0,1.007,1.0,612000000.0,0.783,1453000000.0,8000000.0,1349000000.0,,0.0,751000000.0,706000000.0,45000000.0,2483000000.0,1790000000.0,693000000.0,20865479686.0,208000000.0,-57000000.0,51000000.0,0.0,-56000000.0,5000000.0,-121000000.0,-15000000.0,332000000.0,-8000000.0,-37000000.0,-37000000.0,-37000000.0,0.0,0.0,-0.047,658000000.0,-46000000.0,225000000.0,-1.462,9.336,27.527,28.839,573000000.0,0.0,73.25,5.345,5.329,435000000.0,5103000000.0,782000000.0,782000000.0,186000000.0,,,,,52000000.0,461000000.0,1.0,284852965.0,284000000,284000000.0,2.754,3265000000.0,358000000.0,-17000000.0,0.0,11.496,751000000.0
31,INTU,MRQ,2013-09-30,2013-10-31,2013-10-31,2021-09-08,19000000.0,4068000000.0,,1950000000.0,2118000000.0,,7.722,-47000000.0,417000000.0,417000000.0,137000000.0,-11000000.0,1.691,0.829,499000000.0,0.0,499000000.0,499000000.0,474000000.0,50000000.0,228000000.0,0.01,0.19,-26000000.0,24000000.0,0.039,24000000.0,-26000000.0,-34000000.0,-0.04,-0.04,-0.04,2224000000.0,,2224000000.0,19678523833.0,15.0,13.084,-237000000.0,-0.823,1.0,485000000.0,0.78,1408000000.0,8000000.0,1589000000.0,,0.0,744000000.0,699000000.0,45000000.0,1844000000.0,1153000000.0,691000000.0,20188523833.0,-592000000.0,1016000000.0,-1328000000.0,0.0,-55000000.0,-1350000000.0,949000000.0,-13000000.0,-190000000.0,-1000000.0,-11000000.0,-11000000.0,-11000000.0,-46000000.0,0.0,-0.018,562000000.0,-77000000.0,168000000.0,-4.75,9.078,23.312,24.54,563000000.0,0.0,71.41,5.04,5.134,137000000.0,5196000000.0,622000000.0,622000000.0,176000000.0,,,,,47000000.0,376000000.0,1.0,282712839.0,288000000,288000000.0,2.16,2660000000.0,327000000.0,-23000000.0,0.0,9.236,797000000.0
32,INTU,MRQ,2013-06-30,2013-07-31,2013-07-31,2021-09-08,20000000.0,5486000000.0,,2396000000.0,3090000000.0,,11.77,-48000000.0,1009000000.0,1009000000.0,91000000.0,-16000000.0,1.872,0.554,499000000.0,0.0,499000000.0,499000000.0,495000000.0,63000000.0,235000000.0,0.011,0.17,-39000000.0,24000000.0,0.059,24000000.0,-39000000.0,-46000000.0,-0.06,-0.06,-0.06,3531000000.0,,3531000000.0,18066462555.0,14.0,12.06,-242000000.0,-0.807,1.0,318000000.0,0.778,1395000000.0,7000000.0,2301000000.0,,0.0,735000000.0,652000000.0,83000000.0,1955000000.0,1280000000.0,675000000.0,18979462555.0,-403000000.0,-6000000.0,-20000000.0,0.0,-51000000.0,-68000000.0,-138000000.0,-77000000.0,-194000000.0,-3000000.0,-16000000.0,-16000000.0,-16000000.0,-46000000.0,0.0,-0.039,403000000.0,-85000000.0,137000000.0,-2.833,5.375,22.121,22.118,555000000.0,0.0,63.92,4.81,4.811,130000000.0,5262000000.0,409000000.0,409000000.0,144000000.0,,,,,122000000.0,264000000.0,1.0,296925259.0,300000000,303000000.0,1.363,4091000000.0,228000000.0,-30000000.0,0.0,13.637,1116000000.0
33,INTU,MRQ,2013-03-31,2013-04-30,2013-04-30,2021-09-08,29000000.0,5810000000.0,,2700000000.0,3110000000.0,,12.02,-32000000.0,1412000000.0,1412000000.0,140000000.0,822000000.0,1.746,0.627,499000000.0,0.0,499000000.0,499000000.0,423000000.0,57000000.0,184000000.0,0.011,0.17,1250000000.0,1307000000.0,0.625,1307000000.0,1250000000.0,1242000000.0,2.77,2.71,2.77,3570000000.0,,3570000000.0,17776630477.0,14.0,11.749,1417000000.0,4.771,1.0,1951000000.0,0.933,2324000000.0,8000000.0,1027000000.0,,0.0,671000000.0,583000000.0,88000000.0,2240000000.0,1546000000.0,694000000.0,17676630477.0,1013000000.0,-6000000.0,-48000000.0,0.0,-51000000.0,-90000000.0,-345000000.0,-306000000.0,1449000000.0,-1000000.0,822000000.0,822000000.0,822000000.0,36000000.0,0.0,0.393,669000000.0,1282000000.0,231000000.0,0.061,4.951,20.133,20.081,588000000.0,0.0,59.64,4.597,4.607,312000000.0,5334000000.0,2091000000.0,2091000000.0,166000000.0,,,,,46000000.0,491000000.0,1.0,296388841.0,297000000,304000000.0,7.04,3486000000.0,137000000.0,420000000.0,274000000.0,11.737,1154000000.0
34,INTU,MRQ,2012-12-31,2013-01-31,2013-01-31,2021-09-08,29000000.0,5089000000.0,,1912000000.0,3177000000.0,,9.432,-45000000.0,399000000.0,399000000.0,161000000.0,71000000.0,1.198,0.823,499000000.0,0.0,499000000.0,499000000.0,649000000.0,58000000.0,284000000.0,0.01,0.17,91000000.0,149000000.0,0.169,149000000.0,91000000.0,84000000.0,0.24,0.23,0.24,2792000000.0,,2792000000.0,18750835919.0,16.0,13.627,211000000.0,0.713,1.0,723000000.0,0.818,2378000000.0,7000000.0,1215000000.0,,0.0,367000000.0,279000000.0,88000000.0,2297000000.0,1596000000.0,701000000.0,18467835919.0,183000000.0,-2000000.0,-32000000.0,0.0,-51000000.0,-71000000.0,-2000000.0,60000000.0,256000000.0,0.0,71000000.0,71000000.0,71000000.0,-6000000.0,0.0,0.08,639000000.0,84000000.0,213000000.0,0.708,6.615,23.377,23.19,599000000.0,0.0,62.38,5.018,5.018,541000000.0,4563000000.0,884000000.0,884000000.0,169000000.0,,,,,47000000.0,458000000.0,1.0,296053798.0,296000000,303000000.0,2.986,2711000000.0,299000000.0,13000000.0,0.0,9.159,316000000.0
35,INTU,MRQ,2012-09-30,2012-10-31,2012-10-31,2021-09-08,29000000.0,4494000000.0,,1334000000.0,3160000000.0,,9.274,-70000000.0,216000000.0,216000000.0,135000000.0,-19000000.0,1.242,0.637,499000000.0,0.0,499000000.0,499000000.0,421000000.0,54000000.0,209000000.0,0.01,0.17,-36000000.0,18000000.0,0.032,18000000.0,-36000000.0,-44000000.0,-0.06,-0.06,-0.06,2745000000.0,,2745000000.0,17659922421.0,14.0,11.908,-215000000.0,-0.726,1.0,427000000.0,0.76,2392000000.0,8000000.0,1311000000.0,,0.0,417000000.0,342000000.0,75000000.0,1749000000.0,1074000000.0,675000000.0,17553922421.0,-177000000.0,57000000.0,-27000000.0,0.0,-50000000.0,-33000000.0,0.0,15000000.0,-145000000.0,1000000.0,-19000000.0,-19000000.0,-19000000.0,-35000000.0,0.0,-0.034,500000000.0,-73000000.0,167000000.0,-2.833,6.395,20.972,20.853,595000000.0,0.0,59.43,4.626,4.635,184000000.0,4543000000.0,562000000.0,562000000.0,168000000.0,,,,,49000000.0,321000000.0,1.0,295371402.0,296000000,296000000.0,1.899,2102000000.0,298000000.0,-25000000.0,0.0,7.101,260000000.0
36,INTU,MRQ,2012-06-30,2012-07-31,2012-07-31,2021-09-08,25000000.0,4684000000.0,,1523000000.0,3161000000.0,,9.365,-71000000.0,393000000.0,393000000.0,15000000.0,4000000.0,1.204,0.707,499000000.0,0.0,499000000.0,499000000.0,439000000.0,57000000.0,290000000.0,0.01,0.15,-18000000.0,39000000.0,0.127,39000000.0,-18000000.0,-26000000.0,0.02,0.02,0.02,2744000000.0,,2744000000.0,16678673059.0,14.0,11.439,-253000000.0,-0.863,1.0,293000000.0,0.951,1493000000.0,8000000.0,2032000000.0,,0.0,426000000.0,351000000.0,75000000.0,1940000000.0,1265000000.0,675000000.0,17038673059.0,-466000000.0,-392000000.0,-103000000.0,0.0,-44000000.0,-139000000.0,-143000000.0,321000000.0,-182000000.0,-2000000.0,4000000.0,4000000.0,4000000.0,-39000000.0,0.0,0.013,347000000.0,-54000000.0,139000000.0,7.5,6.209,21.513,21.73,543000000.0,0.0,58.02,4.474,4.51,142000000.0,4612000000.0,308000000.0,308000000.0,128000000.0,,,,,118000000.0,228000000.0,1.0,293668960.0,293000000,302000000.0,1.051,3191000000.0,236000000.0,-30000000.0,0.0,10.891,258000000.0
37,INTU,MRQ,2012-03-31,2012-04-30,2012-04-30,2021-09-08,29000000.0,5116000000.0,,2330000000.0,2786000000.0,,9.61,-33000000.0,859000000.0,859000000.0,194000000.0,734000000.0,1.468,0.805,499000000.0,0.0,499000000.0,499000000.0,368000000.0,52000000.0,325000000.0,0.008,0.15,1118000000.0,1170000000.0,0.607,1170000000.0,1118000000.0,1106000000.0,2.49,2.42,2.49,2835000000.0,,2835000000.0,17817837050.0,15.0,12.356,1245000000.0,4.22,1.0,1732000000.0,0.899,2021000000.0,12000000.0,1148000000.0,,0.0,753000000.0,663000000.0,90000000.0,2281000000.0,1587000000.0,694000000.0,17095837050.0,582000000.0,0.0,-153000000.0,-500000000.0,-45000000.0,-679000000.0,-17000000.0,16000000.0,1278000000.0,0.0,734000000.0,734000000.0,734000000.0,2000000.0,0.0,0.381,621000000.0,1111000000.0,209000000.0,0.06,6.03,23.387,23.096,555000000.0,0.0,57.97,4.632,4.633,294000000.0,4677000000.0,1926000000.0,1926000000.0,163000000.0,,,,,37000000.0,453000000.0,1.0,294908350.0,295000000,303000000.0,6.529,3095000000.0,142000000.0,372000000.0,257000000.0,10.492,743000000.0
38,INTU,MRQ,2011-12-31,2012-01-31,2012-01-31,2021-09-08,9000000.0,4962000000.0,,2174000000.0,2788000000.0,,7.485,-48000000.0,277000000.0,277000000.0,202000000.0,118000000.0,1.059,1.232,999000000.0,500000000.0,499000000.0,999000000.0,586000000.0,61000000.0,330000000.0,0.005,0.15,195000000.0,256000000.0,0.256,256000000.0,195000000.0,180000000.0,0.4,0.39,0.4,2223000000.0,,2223000000.0,17442712226.0,15.0,12.459,212000000.0,0.714,1.0,797000000.0,0.798,2020000000.0,15000000.0,1611000000.0,,0.0,741000000.0,682000000.0,59000000.0,2739000000.0,2053000000.0,686000000.0,16776712226.0,-56000000.0,0.0,-270000000.0,0.0,-44000000.0,-300000000.0,-15000000.0,32000000.0,260000000.0,-1000000.0,118000000.0,118000000.0,118000000.0,3000000.0,0.0,0.118,602000000.0,195000000.0,212000000.0,0.375,7.547,24.492,24.646,564000000.0,0.0,56.44,4.643,4.64,592000000.0,3991000000.0,999000000.0,999000000.0,164000000.0,,,,,44000000.0,425000000.0,1.0,297248622.0,297000000,306000000.0,3.364,2942000000.0,243000000.0,62000000.0,0.0,9.906,121000000.0
39,INTU,MRQ,2011-09-30,2011-10-31,2011-10-31,2021-09-08,9000000.0,4683000000.0,,1880000000.0,2803000000.0,,7.87,-44000000.0,333000000.0,333000000.0,164000000.0,-64000000.0,1.149,0.983,999000000.0,500000000.0,499000000.0,999000000.0,379000000.0,72000000.0,321000000.0,0.003,0.15,-79000000.0,-7000000.0,-0.012,-7000000.0,-79000000.0,-94000000.0,-0.21,-0.21,-0.21,2361000000.0,,2361000000.0,16421691083.0,15.0,12.422,-154000000.0,-0.513,1.0,411000000.0,0.715,2037000000.0,15000000.0,1676000000.0,,0.0,777000000.0,718000000.0,59000000.0,2322000000.0,1636000000.0,686000000.0,16144691083.0,-389000000.0,0.0,-210000000.0,0.0,-45000000.0,-226000000.0,-50000000.0,-20000000.0,-110000000.0,-3000000.0,-64000000.0,-64000000.0,-64000000.0,6000000.0,0.0,-0.111,495000000.0,-84000000.0,168000000.0,-0.714,6.838,25.226,25.197,560000000.0,0.0,53.67,4.623,4.611,166000000.0,3917000000.0,575000000.0,575000000.0,163000000.0,,,,,41000000.0,308000000.0,1.0,300814069.0,300000000,300000000.0,1.917,2646000000.0,290000000.0,-30000000.0,0.0,8.82,244000000.0
40,INTU,MRQ,2011-06-30,2011-07-31,2011-07-31,2021-09-08,15000000.0,5110000000.0,,2254000000.0,2856000000.0,,8.691,-59000000.0,722000000.0,722000000.0,-13000000.0,-57000000.0,1.249,0.953,999000000.0,500000000.0,499000000.0,999000000.0,406000000.0,63000000.0,414000000.0,0.0,0.0,-40000000.0,23000000.0,0.12,23000000.0,-40000000.0,-55000000.0,-0.17,-0.16,-0.17,2616000000.0,,2616000000.0,13825819474.0,13.0,10.726,-231000000.0,-0.767,1.0,204000000.0,1.068,2066000000.0,15000000.0,1516000000.0,,0.0,762000000.0,699000000.0,63000000.0,2494000000.0,1805000000.0,689000000.0,14196819474.0,-647000000.0,0.0,-202000000.0,0.0,0.0,-190000000.0,-283000000.0,-224000000.0,-172000000.0,-2000000.0,-57000000.0,-57000000.0,-57000000.0,54000000.0,0.0,-0.298,190000000.0,14000000.0,129000000.0,0.0,5.427,22.392,22.67,561000000.0,0.0,46.7,4.116,4.157,171000000.0,4031000000.0,191000000.0,191000000.0,88000000.0,,,,,113000000.0,128000000.0,1.0,304000417.0,301000000,311000000.0,0.635,3044000000.0,221000000.0,2000000.0,0.0,10.113,449000000.0
41,INTU,MRQ,2011-03-31,2011-04-30,2011-04-30,2021-09-08,15000000.0,5567000000.0,,2644000000.0,2923000000.0,,9.31,-31000000.0,1369000000.0,1369000000.0,164000000.0,688000000.0,1.294,0.973,998000000.0,500000000.0,498000000.0,998000000.0,337000000.0,61000000.0,383000000.0,0.0,0.0,1067000000.0,1128000000.0,0.61,1128000000.0,1067000000.0,1052000000.0,2.27,2.2,2.27,2821000000.0,,2821000000.0,17376384637.0,17.0,13.607,1107000000.0,3.653,1.0,1684000000.0,0.911,2113000000.0,15000000.0,1039000000.0,,0.0,540000000.0,459000000.0,81000000.0,2746000000.0,2044000000.0,702000000.0,16811384637.0,936000000.0,0.0,-202000000.0,0.0,0.0,-184000000.0,-24000000.0,8000000.0,1138000000.0,6000000.0,688000000.0,688000000.0,688000000.0,0.0,0.0,0.372,623000000.0,1061000000.0,196000000.0,0.0,5.959,26.145,25.963,565000000.0,0.0,55.56,4.491,4.498,266000000.0,4088000000.0,1848000000.0,1848000000.0,164000000.0,,,,,41000000.0,444000000.0,1.0,302580717.0,303000000,313000000.0,6.099,3454000000.0,155000000.0,364000000.0,209000000.0,11.399,600000000.0
42,INTU,MRQ,2010-12-31,2011-01-31,2011-01-31,2021-09-08,11000000.0,4979000000.0,,2024000000.0,2955000000.0,,7.377,-84000000.0,433000000.0,433000000.0,175000000.0,73000000.0,1.346,1.191,998000000.0,0.0,998000000.0,998000000.0,564000000.0,61000000.0,337000000.0,0.0,0.0,117000000.0,178000000.0,0.203,178000000.0,117000000.0,102000000.0,0.24,0.23,0.24,2272000000.0,,2272000000.0,15462966580.0,18.0,14.096,174000000.0,0.565,1.0,703000000.0,0.801,2133000000.0,15000000.0,1907000000.0,,0.0,548000000.0,459000000.0,89000000.0,2707000000.0,1504000000.0,1203000000.0,14576966580.0,321000000.0,0.0,-469000000.0,0.0,0.0,-455000000.0,519000000.0,595000000.0,258000000.0,-1000000.0,73000000.0,73000000.0,73000000.0,0.0,0.0,0.083,592000000.0,111000000.0,199000000.0,0.0,6.416,27.452,27.606,576000000.0,0.0,46.93,4.162,4.127,481000000.0,3400000000.0,878000000.0,878000000.0,158000000.0,,,,,40000000.0,418000000.0,1.0,310610837.0,308000000,318000000.0,2.851,2846000000.0,286000000.0,29000000.0,1000000.0,9.24,520000000.0
43,INTU,MRQ,2010-09-30,2010-10-31,2010-10-31,2021-09-08,12000000.0,4943000000.0,,2010000000.0,2933000000.0,,8.275,-54000000.0,112000000.0,112000000.0,155000000.0,-70000000.0,1.769,0.89,998000000.0,0.0,998000000.0,998000000.0,360000000.0,56000000.0,363000000.0,0.0,0.0,-96000000.0,-40000000.0,-0.075,-40000000.0,-96000000.0,-111000000.0,-0.22,-0.22,-0.22,2615000000.0,,2615000000.0,16019356025.0,17.0,13.786,-265000000.0,-0.839,1.0,377000000.0,0.709,2153000000.0,15000000.0,2540000000.0,,0.0,1151000000.0,1062000000.0,89000000.0,2328000000.0,1136000000.0,1192000000.0,15235356025.0,-102000000.0,0.0,-204000000.0,0.0,0.0,-177000000.0,285000000.0,344000000.0,-211000000.0,1000000.0,-70000000.0,-70000000.0,-70000000.0,0.0,0.0,-0.132,481000000.0,-104000000.0,158000000.0,0.0,5.826,26.635,26.363,547000000.0,0.0,47.98,4.402,4.381,147000000.0,3327000000.0,532000000.0,532000000.0,156000000.0,,,,,40000000.0,310000000.0,1.0,317535557.0,316000000,316000000.0,1.684,2790000000.0,294000000.0,-41000000.0,1000000.0,8.829,874000000.0
44,INTU,MRQ,2010-06-30,2010-07-31,2010-07-31,2021-09-08,11000000.0,5198000000.0,,2295000000.0,2903000000.0,,8.927,-40000000.0,214000000.0,214000000.0,133000000.0,-48000000.0,1.88,0.843,998000000.0,0.0,998000000.0,998000000.0,387000000.0,58000000.0,337000000.0,0.0,0.0,-47000000.0,11000000.0,0.023,11000000.0,-47000000.0,-62000000.0,-0.15,-0.14,-0.15,2821000000.0,,2821000000.0,13054151148.0,14.0,11.035,-191000000.0,-0.604,1.0,352000000.0,0.726,2170000000.0,15000000.0,2591000000.0,,0.0,1499000000.0,1408000000.0,91000000.0,2377000000.0,1221000000.0,1156000000.0,12486151148.0,-216000000.0,-77000000.0,-60000000.0,0.0,0.0,-32000000.0,-31000000.0,87000000.0,-151000000.0,-2000000.0,-48000000.0,-48000000.0,-48000000.0,25000000.0,0.0,-0.099,375000000.0,-23000000.0,143000000.0,0.0,4.426,21.753,21.841,510000000.0,0.0,39.75,3.669,3.691,135000000.0,3397000000.0,485000000.0,485000000.0,138000000.0,,,,,60000000.0,226000000.0,1.0,314117010.0,316000000,325000000.0,1.535,3028000000.0,185000000.0,-14000000.0,14000000.0,9.582,1074000000.0
45,INTU,MRQ,2010-03-31,2010-04-30,2010-04-30,2021-09-08,11000000.0,5427000000.0,,2577000000.0,2850000000.0,,9.102,-37000000.0,430000000.0,430000000.0,152000000.0,576000000.0,1.832,0.899,998000000.0,0.0,998000000.0,998000000.0,310000000.0,55000000.0,275000000.0,0.0,0.0,893000000.0,948000000.0,0.59,948000000.0,893000000.0,878000000.0,1.83,1.78,1.83,2858000000.0,,2858000000.0,12021722602.0,14.0,10.445,1007000000.0,3.207,1.0,1455000000.0,0.905,2105000000.0,15000000.0,2483000000.0,,0.0,1591000000.0,1499000000.0,92000000.0,2569000000.0,1407000000.0,1162000000.0,11360722602.0,93000000.0,0.0,-24000000.0,0.0,0.0,-19000000.0,-934000000.0,-894000000.0,1044000000.0,2000000.0,576000000.0,576000000.0,576000000.0,0.0,0.0,0.358,567000000.0,888000000.0,166000000.0,0.0,3.975,20.618,20.562,518000000.0,0.0,36.19,3.366,3.367,204000000.0,3445000000.0,1607000000.0,1607000000.0,141000000.0,,,,,41000000.0,411000000.0,1.0,313918834.0,314000000,323000000.0,5.118,3322000000.0,153000000.0,302000000.0,283000000.0,10.58,1170000000.0
46,INTU,MRQ,2009-12-31,2010-01-31,2010-01-31,2021-09-08,8000000.0,4778000000.0,,1916000000.0,2862000000.0,,7.185,-34000000.0,337000000.0,337000000.0,162000000.0,114000000.0,1.415,1.118,998000000.0,0.0,998000000.0,998000000.0,511000000.0,68000000.0,313000000.0,0.0,0.0,175000000.0,243000000.0,0.29,243000000.0,175000000.0,160000000.0,0.36,0.35,0.36,2256000000.0,,2256000000.0,10064288887.0,14.0,9.705,211000000.0,0.672,1.0,675000000.0,0.806,2122000000.0,15000000.0,1963000000.0,,0.0,701000000.0,609000000.0,92000000.0,2522000000.0,1354000000.0,1168000000.0,9379288887.0,24000000.0,-19000000.0,-165000000.0,0.0,0.0,-168000000.0,-54000000.0,2000000.0,245000000.0,1000000.0,114000000.0,114000000.0,114000000.0,-34000000.0,0.0,0.136,536000000.0,139000000.0,159000000.0,0.0,4.157,20.39,20.562,518000000.0,0.0,29.61,2.945,2.919,468000000.0,2869000000.0,837000000.0,837000000.0,144000000.0,,,,,40000000.0,365000000.0,1.0,316760854.0,314000000,323000000.0,2.666,2656000000.0,146000000.0,46000000.0,2000000.0,8.459,562000000.0
47,INTU,MRQ,2009-09-30,2009-10-31,2009-10-31,2021-09-08,7000000.0,4454000000.0,,1636000000.0,2818000000.0,,7.1,-32000000.0,313000000.0,313000000.0,144000000.0,-68000000.0,1.604,0.96,998000000.0,0.0,998000000.0,998000000.0,355000000.0,75000000.0,293000000.0,0.0,0.0,-94000000.0,-19000000.0,-0.04,-19000000.0,-94000000.0,-110000000.0,-0.21,-0.21,-0.21,2272000000.0,,2272000000.0,9677977218.0,14.0,9.916,-172000000.0,-0.537,1.0,330000000.0,0.696,2082000000.0,16000000.0,2037000000.0,,0.0,706000000.0,614000000.0,92000000.0,2182000000.0,1020000000.0,1162000000.0,9358695218.0,-366000000.0,0.0,-235000000.0,0.0,0.0,-248000000.0,22000000.0,-30000000.0,-140000000.0,0.0,-68000000.0,-68000000.0,-68000000.0,-1000000.0,0.0,-0.143,430000000.0,-100000000.0,114000000.0,0.0,4.119,21.714,21.533,522000000.0,0.0,29.07,2.999,2.981,160000000.0,2759000000.0,474000000.0,474000000.0,141000000.0,,,,,30000000.0,257000000.0,1.0,321936540.0,320000000,320000000.0,1.481,2372000000.0,230000000.0,-42000000.0,0.0,7.412,616000000.0
48,INTU,MRQ,2009-06-30,2009-07-31,2009-07-31,2021-09-08,7000000.0,4826000000.0,,1968000000.0,2858000000.0,,7.941,-54000000.0,679000000.0,679000000.0,141000000.0,-71000000.0,1.815,0.887,998000000.0,0.0,998000000.0,998000000.0,360000000.0,86000000.0,272000000.0,0.0,0.0,-107000000.0,-21000000.0,-0.046,-21000000.0,-107000000.0,-122000000.0,-0.22,-0.22,-0.22,2557000000.0,,2557000000.0,9371121363.0,13.0,9.572,-120000000.0,-0.373,1.0,316000000.0,0.691,2045000000.0,15000000.0,2016000000.0,,0.0,765000000.0,668000000.0,97000000.0,2269000000.0,1084000000.0,1185000000.0,9595013363.0,-543000000.0,-153000000.0,-28000000.0,0.0,0.0,-26000000.0,-457000000.0,-248000000.0,-66000000.0,6000000.0,-71000000.0,-71000000.0,-71000000.0,-1000000.0,0.0,-0.155,434000000.0,-118000000.0,103000000.0,0.0,3.752,21.465,21.367,527000000.0,0.0,29.7,3.086,3.076,135000000.0,2849000000.0,457000000.0,457000000.0,152000000.0,,,,,47000000.0,258000000.0,1.0,323064423.0,322000000,333000000.0,1.419,2781000000.0,195000000.0,-51000000.0,0.0,8.637,884000000.0
49,INTU,MRQ,2009-03-31,2009-04-30,2009-04-30,2021-09-08,2539000.0,5032975000.0,,2219133000.0,2813842000.0,,8.07,-31000000.0,1222028000.0,1222028000.0,149000000.0,485000000.0,1.695,0.936,998136000.0,0.0,998136000.0,998136000.0,298939000.0,63000000.0,343589000.0,0.0,0.0,771000000.0,834000000.0,0.589,834000000.0,771000000.0,759000000.0,1.51,1.47,1.51,2598519000.0,,2598519000.0,8089246068.0,11.0,8.28,904000000.0,2.807,1.0,1268000000.0,0.895,1896323000.0,12000000.0,1603622000.0,,0.0,518467000.0,250072000.0,268395000.0,2433088000.0,1309138000.0,1123950000.0,7429865068.0,883000000.0,-8000000.0,31000000.0,0.0,0.0,30000000.0,-82000000.0,-40000000.0,935000000.0,0.0,485000000.0,485000000.0,485000000.0,0.0,0.0,0.342,503000000.0,765000000.0,147662000.0,0.0,2.859,16.28,16.062,535603000.0,0.0,23.13,2.419,2.425,272676000.0,2926151000.0,1417000000.0,1417000000.0,130000000.0,,,,,38000000.0,348000000.0,1.0,321222009.0,322000000,329000000.0,4.401,3136652000.0,113973000.0,274000000.0,149355000.0,9.741,909995000.0
50,INTU,MRQ,2008-12-31,2009-01-31,2009-01-31,2021-09-08,-8286000.0,4390008000.0,,1569870000.0,2820138000.0,,6.336,-50000000.0,338708000.0,338708000.0,154000000.0,85000000.0,1.27,1.158,998089000.0,0.0,998089000.0,998089000.0,471903000.0,66000000.0,293683000.0,0.0,0.0,116000000.0,182000000.0,0.235,182000000.0,116000000.0,104000000.0,0.27,0.26,0.27,2034003000.0,,2034003000.0,8077864453.0,12.0,8.99,93000000.0,0.29,1.0,619000000.0,0.801,1912805000.0,12000000.0,1900324000.0,,0.0,463470000.0,209143000.0,254327000.0,2354413000.0,1236260000.0,1118153000.0,7249379453.0,170000000.0,0.0,-17000000.0,0.0,0.0,-21000000.0,50000000.0,99000000.0,143000000.0,-2000000.0,85000000.0,85000000.0,85000000.0,1000000.0,0.0,0.11,508000000.0,111000000.0,122544000.0,0.0,3.564,17.445,17.423,539854000.0,0.0,22.65,2.443,2.45,441572000.0,2445894000.0,773000000.0,773000000.0,140000000.0,,,,,31000000.0,341000000.0,1.0,320060903.0,321000000,326000000.0,2.408,2477203000.0,232590000.0,19000000.0,187000.0,7.717,333610000.0
51,INTU,MRQ,2008-09-30,2008-10-31,2008-10-31,2021-09-08,1155000.0,4105750000.0,,1235836000.0,2869914000.0,,6.028,-67000000.0,169557000.0,169557000.0,145000000.0,-52000000.0,1.202,1.105,998042000.0,0.0,998042000.0,998042000.0,339857000.0,60000000.0,327526000.0,0.0,0.0,-76000000.0,-16000000.0,-0.033,-16000000.0,-76000000.0,-89000000.0,-0.16,-0.16,-0.16,1947025000.0,,1947025000.0,8703162816.0,12.0,9.073,-267000000.0,-0.827,1.0,336000000.0,0.699,1942020000.0,13000000.0,1964477000.0,,0.0,577385000.0,289031000.0,288354000.0,2151543000.0,1027738000.0,1123805000.0,8118506816.0,-244000000.0,0.0,-88000000.0,0.0,0.0,-94000000.0,58000000.0,123000000.0,-200000000.0,-8000000.0,-52000000.0,-52000000.0,-52000000.0,0.0,0.0,-0.108,412000000.0,-76000000.0,131238000.0,0.0,4.17,18.211,18.159,533427000.0,0.0,25.06,2.68,2.672,142980000.0,2370173000.0,481000000.0,481000000.0,136000000.0,,,,,27000000.0,251000000.0,1.0,323962762.0,323000000,323000000.0,1.489,2163730000.0,276148000.0,-37000000.0,174000.0,6.699,208098000.0
52,INTU,MRQ,2008-06-30,2008-07-31,2008-07-31,2021-09-08,7722000.0,4666584000.0,,1773562000.0,2893022000.0,,6.41,-88746000.0,413340000.0,413340000.0,104133000.0,-61622000.0,1.209,1.248,997996000.0,0.0,997996000.0,997996000.0,359936000.0,59832000.0,610748000.0,0.0,0.0,-82850000.0,-23018000.0,-0.058,-23018000.0,-82850000.0,-94461000.0,-0.18,-0.17,-0.18,2072954000.0,,2072954000.0,9299585528.0,12.0,9.403,-128239000.0,-0.397,1.0,296047000.0,0.74,1971174000.0,11611000.0,1812828000.0,,0.0,702803000.0,414493000.0,288310000.0,2586723000.0,1467238000.0,1119485000.0,8773138528.0,-58303000.0,6813000.0,49208000.0,0.0,0.0,50055000.0,-67710000.0,17137000.0,-39493000.0,-1155000.0,-61622000.0,-61622000.0,-61622000.0,-3988000.0,0.0,-0.154,396979000.0,-100932000.0,115198000.0,0.0,4.232,18.392,18.848,507499000.0,0.0,27.33,2.931,3.004,127230000.0,2443982000.0,400180000.0,400180000.0,143912000.0,,,,,33366000.0,228604000.0,1.0,321007630.0,323414000,330393000.0,1.237,2695410000.0,214785000.0,-32839000.0,16211000.0,8.334,306324000.0
53,INTU,MRQ,2008-03-31,2008-04-30,2008-04-30,2021-09-08,8138000.0,4548433000.0,,1628492000.0,2919941000.0,,6.34,-95335000.0,471504000.0,471504000.0,139948000.0,444179000.0,1.172,1.215,997951000.0,0.0,997951000.0,997951000.0,280244000.0,56938000.0,358001000.0,0.0,0.0,698621000.0,755559000.0,0.575,755559000.0,698621000.0,685791000.0,1.37,1.33,1.37,2050424000.0,,2050424000.0,9606654736.0,12.0,9.12,736614000.0,2.278,1.0,1173060000.0,0.893,1988561000.0,12830000.0,1696724000.0,,0.0,729080000.0,425396000.0,303684000.0,2491829000.0,1389595000.0,1102234000.0,8838896736.0,241356000.0,-121192000.0,-267887000.0,0.0,0.0,-265851000.0,-324541000.0,-112398000.0,831949000.0,-201000.0,444179000.0,444179000.0,444179000.0,0.0,0.0,0.338,498559000.0,674501000.0,156531000.0,0.0,4.311,16.837,16.648,469675000.0,0.0,26.97,2.921,2.883,225047000.0,2509361000.0,1313008000.0,1313008000.0,149985000.0,,,,,31128000.0,325245000.0,1.0,327730691.0,323408000,333436000.0,4.06,2559872000.0,182562000.0,241612000.0,214523000.0,7.915,238897000.0
54,INTU,MRQ,2007-12-31,2008-01-31,2008-01-31,2021-09-08,9169000.0,4371856000.0,,1909294000.0,2462562000.0,,5.564,-56644000.0,230148000.0,230148000.0,159718000.0,115247000.0,1.338,1.371,997906000.0,0.0,997906000.0,997906000.0,336627000.0,51360000.0,533180000.0,0.0,0.0,191312000.0,242672000.0,0.291,242672000.0,191312000.0,177802000.0,0.35,0.34,0.35,1842522000.0,,1842522000.0,11062871198.0,15.0,11.938,142263000.0,0.43,1.0,675156000.0,0.809,1901467000.0,13510000.0,1811184000.0,,0.0,615254000.0,607029000.0,8225000.0,2525396000.0,1426963000.0,1098433000.0,10211076198.0,84080000.0,-124315000.0,-185855000.0,0.0,0.0,-183050000.0,71656000.0,252245000.0,198907000.0,-3433000.0,115247000.0,115247000.0,115247000.0,755000.0,0.0,0.138,501526000.0,173630000.0,144169000.0,0.0,5.542,22.792,23.075,384700000.0,0.0,30.69,3.581,3.564,372385000.0,2068302000.0,834874000.0,834874000.0,149767000.0,,,,,35260000.0,330377000.0,1.0,332716722.0,331139000,342751000.0,2.521,2470389000.0,188827000.0,62555000.0,19131000.0,7.46,482331000.0
55,INTU,MRQ,2007-09-30,2007-10-31,2007-10-31,2021-09-08,8711000.0,3951697000.0,,1651868000.0,2299829000.0,,5.506,-65275000.0,146068000.0,146068000.0,131201000.0,-20804000.0,1.656,1.125,997863000.0,0.0,997863000.0,997863000.0,299780000.0,48870000.0,275246000.0,0.0,0.0,-52274000.0,-3404000.0,-0.008,-3404000.0,-52274000.0,-49132000.0,-0.06,-0.06,-0.06,1858810000.0,,1858810000.0,11645010540.0,15.0,12.446,-226638000.0,-0.671,1.0,313737000.0,0.705,1790249000.0,-3142000.0,2015597000.0,,0.0,866248000.0,857383000.0,8865000.0,2090933000.0,997646000.0,1093287000.0,10902392540.0,-109133000.0,117169000.0,-196515000.0,0.0,0.0,-187154000.0,233595000.0,230111000.0,-161363000.0,5789000.0,-20804000.0,-20804000.0,-20804000.0,-26767000.0,0.0,-0.047,416936000.0,-103199000.0,159940000.0,0.0,5.865,22.802,22.979,346369000.0,0.0,32.17,3.94,3.924,144418000.0,1959089000.0,444938000.0,444938000.0,149336000.0,,,,,30246000.0,246774000.0,1.0,338899364.0,337584000,337584000.0,1.318,2161448000.0,244188000.0,-28328000.0,8265000.0,6.403,654222000.0
56,INTU,MRQ,2007-06-30,2007-07-31,2007-07-31,2021-09-08,6096000.0,4252026000.0,,1951932000.0,2300094000.0,,6.03,-63949000.0,255201000.0,255201000.0,117877000.0,-13640000.0,1.683,1.089,997819000.0,0.0,997819000.0,997819000.0,313753000.0,64500000.0,314341000.0,0.0,0.0,-5913000.0,58587000.0,0.135,58587000.0,-5913000.0,-20181000.0,-0.04,-0.03,-0.04,2035013000.0,,2035013000.0,10377543998.0,14.0,11.83,-151854000.0,-0.45,1.0,314795000.0,0.728,1809920000.0,14268000.0,2024615000.0,,0.0,1048470000.0,1048470000.0,0.0,2215684000.0,1160109000.0,1055575000.0,9644339998.0,-9372000.0,8073000.0,61904000.0,7622000.0,0.0,81319000.0,-6576000.0,50160000.0,-87905000.0,3790000.0,-13640000.0,-13640000.0,-13640000.0,781000.0,0.0,-0.032,371503000.0,-56708000.0,119799000.0,0.0,4.739,21.919,22.375,298396000.0,0.0,28.64,3.608,3.671,131691000.0,1984885000.0,432672000.0,432672000.0,125902000.0,,,,,29848000.0,224524000.0,1.0,336743715.0,337495000,349959000.0,1.282,2442106000.0,210926000.0,-6541000.0,33278000.0,7.236,791823000.0
57,INTU,MRQ,2007-03-31,2007-04-30,2007-04-30,2021-09-08,3858000.0,4213356000.0,,1933207000.0,2280149000.0,,5.724,-36402000.0,264573000.0,264573000.0,130982000.0,367211000.0,1.572,1.168,997777000.0,0.0,997777000.0,997777000.0,244356000.0,40496000.0,259086000.0,0.0,0.0,588378000.0,628874000.0,0.552,628874000.0,588378000.0,575555000.0,1.08,1.04,1.08,1943322000.0,,1943322000.0,9478114749.0,14.0,11.425,671832000.0,1.979,1.0,1008163000.0,0.885,1895505000.0,12823000.0,1821446000.0,,0.0,1109394000.0,1100529000.0,8865000.0,2269067000.0,1229609000.0,1039458000.0,9746064749.0,-21755000.0,-1162971000.0,-274647000.0,991448000.0,0.0,718312000.0,-1453100000.0,-252171000.0,708234000.0,4799000.0,367211000.0,367211000.0,367211000.0,736000.0,0.0,0.322,430083000.0,578080000.0,129343000.0,0.0,5.015,22.416,22.227,254128000.0,0.0,28.45,3.846,3.812,190776000.0,2019614000.0,1139145000.0,1139145000.0,116200000.0,,,,,21753000.0,291650000.0,1.0,342568181.0,339495000,351686000.0,3.355,2317851000.0,122962000.0,208344000.0,191559000.0,6.827,703598000.0
58,INTU,MRQ,2006-12-31,2007-01-31,2007-01-31,2021-09-08,13790000.0,3033999000.0,,2023994000.0,1010005000.0,,5.253,-23683000.0,286328000.0,286328000.0,131454000.0,145362000.0,1.699,0.664,18378000.0,0.0,18378000.0,18378000.0,295463000.0,26378000.0,411774000.0,0.0,0.0,225191000.0,251569000.0,0.335,251569000.0,225191000.0,225191000.0,0.42,0.4,0.42,1823649000.0,,1823649000.0,10814102967.0,18.0,15.072,219454000.0,0.632,1.0,619183000.0,0.825,612373000.0,0.0,962682000.0,,0.0,858093000.0,849228000.0,8865000.0,1210350000.0,1190994000.0,19356000.0,10965228967.0,120254000.0,-1991000.0,-164074000.0,0.0,0.0,-156981000.0,35942000.0,67069000.0,243137000.0,-1844000.0,145362000.0,145362000.0,145362000.0,218000.0,0.0,0.194,404466000.0,214717000.0,120300000.0,0.0,6.013,29.941,29.393,205377000.0,0.0,31.45,4.671,4.652,310506000.0,1654308000.0,750637000.0,750637000.0,113048000.0,,,,,23979000.0,287745000.0,1.0,348655929.0,347185000,360573000.0,2.162,2421626000.0,200692000.0,79829000.0,35984000.0,6.975,833000000.0
59,INTU,MRQ,2006-09-30,2006-10-31,2006-10-31,2021-09-08,1799000.0,2835159000.0,,1817878000.0,1017281000.0,,5.195,-29223000.0,166074000.0,166074000.0,98207000.0,-58930000.0,1.781,0.576,14948000.0,0.0,14948000.0,14948000.0,276647000.0,27154000.0,436212000.0,0.0,0.0,-88955000.0,-61801000.0,-0.176,-61801000.0,-88955000.0,-88955000.0,-0.17,-0.17,-0.17,1798424000.0,,1798424000.0,12022450888.0,19.0,15.642,-165929000.0,-0.479,1.0,252286000.0,0.72,618516000.0,0.0,1044544000.0,,0.0,901952000.0,893087000.0,8865000.0,1036735000.0,1020973000.0,15762000.0,12186652888.0,-13527000.0,-60002000.0,82898000.0,0.0,0.0,91210000.0,31107000.0,46097000.0,-136706000.0,862000.0,-58930000.0,-58930000.0,-58930000.0,1730000.0,0.0,-0.168,350805000.0,-98519000.0,97854000.0,0.0,6.776,30.177,30.171,201700000.0,0.0,35.3,5.209,5.224,95499000.0,1523049000.0,350493000.0,350493000.0,117366000.0,,,,,26902000.0,229532000.0,1.0,345230960.0,346214000,346214000.0,1.012,2216643000.0,297188000.0,-30025000.0,17992000.0,6.403,796905000.0
60,INTU,MRQ,2006-06-30,2006-07-31,2006-07-31,2021-09-08,1084000.0,2770027000.0,,1817030000.0,952997000.0,,5.075,-25649000.0,179601000.0,179601000.0,63795000.0,-18854000.0,1.788,0.593,0.0,0.0,0.0,0.0,282943000.0,43044000.0,357299000.0,0.0,0.0,-32126000.0,10918000.0,0.037,10918000.0,-32126000.0,-32126000.0,-0.05,-0.04,-0.05,1738086000.0,,1738086000.0,10310891260.0,16.0,13.248,-161807000.0,-0.473,1.0,229837000.0,0.783,507810000.0,0.0,1066642000.0,,0.0,1026464000.0,1017599000.0,8865000.0,1031373000.0,1015974000.0,15399000.0,10548151260.0,-73368000.0,17796000.0,57559000.0,1344000.0,0.0,62012000.0,1156000.0,51989000.0,-136158000.0,-378000.0,-18854000.0,-18854000.0,-18854000.0,3533000.0,0.0,-0.064,280701000.0,-50864000.0,68547000.0,0.0,6.069,25.298,25.725,193617000.0,0.0,30.87,4.6,4.683,88123000.0,1588124000.0,293632000.0,293632000.0,91096000.0,,,,,23812000.0,189933000.0,1.0,341695862.0,342448000,355206000.0,0.857,2262217000.0,256074000.0,-13272000.0,33560000.0,6.606,801056000.0
61,INTU,MRQ,2006-03-31,2006-04-30,2006-04-30,2021-09-08,2482000.0,2958786000.0,,1977107000.0,981679000.0,,4.868,-8847000.0,252969000.0,252969000.0,107931000.0,298648000.0,1.557,0.769,15709000.0,0.0,15709000.0,15709000.0,220271000.0,27932000.0,408790000.0,0.0,0.0,488877000.0,516809000.0,0.543,516809000.0,488877000.0,488877000.0,0.87,0.84,0.87,1672935000.0,,1672935000.0,9325312977.0,14.0,11.894,650180000.0,1.892,1.0,844672000.0,0.887,592191000.0,0.0,859193000.0,,0.0,1038073000.0,1029208000.0,8865000.0,1285851000.0,1270142000.0,15709000.0,9431503977.0,130263000.0,-2977000.0,-215009000.0,-450000.0,0.0,-205895000.0,-324480000.0,-298093000.0,659027000.0,1611000.0,298648000.0,298648000.0,298648000.0,0.0,0.0,0.314,364565000.0,480107000.0,92985000.0,0.0,5.638,22.682,22.384,197495000.0,0.0,27.085,4.18,4.125,144940000.0,1640576000.0,952603000.0,952603000.0,97335000.0,,,,,24660000.0,261663000.0,1.0,348218718.0,343670000,355918000.0,2.772,2366595000.0,209525000.0,190229000.0,241049000.0,6.886,706965000.0
62,INTU,MRQ,2005-12-31,2006-01-31,2006-01-31,2021-09-08,1312000.0,2694275000.0,,1716163000.0,978112000.0,,4.436,-22521000.0,122706000.0,122706000.0,135132000.0,182973000.0,1.527,0.734,16515000.0,0.0,16515000.0,16515000.0,256698000.0,27638000.0,424008000.0,0.0,0.0,275047000.0,302685000.0,0.408,302685000.0,275047000.0,275047000.0,0.52,0.5,0.52,1553902000.0,,1553902000.0,9201299465.0,15.0,12.518,147939000.0,0.422,1.0,607572000.0,0.818,597066000.0,0.0,867160000.0,,0.0,720035000.0,711170000.0,8865000.0,1140373000.0,1123858000.0,16515000.0,9259580465.0,47732000.0,-23733000.0,-174098000.0,0.0,0.0,-161912000.0,38094000.0,-164136000.0,170460000.0,1090000.0,182973000.0,182973000.0,182973000.0,-27726000.0,0.0,0.246,368600000.0,238972000.0,126042000.0,0.0,5.959,22.169,22.556,211582000.0,0.0,26.165,4.329,4.285,319493000.0,1372384000.0,742704000.0,742704000.0,100084000.0,,,,,31857000.0,262200000.0,1.0,353891858.0,350292000,363582000.0,2.12,2097209000.0,175888000.0,92074000.0,31341000.0,5.987,592305000.0
63,INTU,MRQ,2005-09-30,2005-10-31,2005-10-31,2021-09-08,1291000.0,2442366000.0,,1341736000.0,1100630000.0,,4.229,-25057000.0,74974000.0,74974000.0,91679000.0,-45804000.0,1.451,0.628,16693000.0,0.0,16693000.0,16693000.0,274315000.0,28125000.0,345432000.0,0.0,0.0,-80243000.0,-52118000.0,-0.171,-52118000.0,-80243000.0,-80243000.0,-0.13,-0.13,-0.13,1500623000.0,,1500623000.0,8143115501.0,14.0,11.911,-108836000.0,-0.307,1.0,212392000.0,0.698,581495000.0,0.0,877761000.0,,0.0,631575000.0,622330000.0,9245000.0,941743000.0,924829000.0,16914000.0,8209649501.0,-8868000.0,-10148000.0,-173332000.0,0.0,0.0,-173027000.0,247066000.0,299131000.0,-83779000.0,872000.0,-45804000.0,-45804000.0,-45804000.0,-11807000.0,0.0,-0.151,315013000.0,-102621000.0,96928000.0,0.0,5.471,21.494,22.188,210974000.0,0.0,22.965,4.016,3.986,73226000.0,1238527000.0,304071000.0,304071000.0,97280000.0,,,,,22007000.0,211025000.0,1.0,357485282.0,354812000,354812000.0,0.857,1860871000.0,242327000.0,-34439000.0,13707000.0,5.245,416907000.0
64,INTU,MRQ,2005-06-30,2005-07-31,2005-07-31,2021-09-08,174000.0,2716451000.0,,1614339000.0,1102112000.0,,4.704,-13218000.0,83842000.0,83842000.0,56794000.0,-19996000.0,1.609,0.602,17308000.0,0.0,17308000.0,17308000.0,279382000.0,27402000.0,357838000.0,0.0,0.0,-10714000.0,16688000.0,0.065,16688000.0,-10714000.0,-10714000.0,-0.05,-0.05,-0.05,1695499000.0,,1695499000.0,8594934112.0,15.0,12.587,-124075000.0,-0.344,1.0,200424000.0,0.779,579177000.0,0.0,1067336000.0,,0.0,919661000.0,910416000.0,9245000.0,1020952000.0,1003404000.0,17548000.0,8699582112.0,-36917000.0,-9800000.0,-140828000.0,-3911000.0,0.0,-141846000.0,216095000.0,233889000.0,-110857000.0,-309000.0,-19996000.0,-19996000.0,-19996000.0,189000.0,0.0,-0.078,229974000.0,-29550000.0,65812000.0,0.0,5.131,22.796,23.301,208548000.0,0.0,24.0,4.365,4.446,86125000.0,1291487000.0,257218000.0,257218000.0,62900000.0,,,,,13288000.0,165538000.0,1.0,362482588.0,360436000,368336000.0,0.714,2137274000.0,211994000.0,9282000.0,30423000.0,5.93,610935000.0
65,INTU,MRQ,2005-03-31,2005-04-30,2005-04-30,2021-09-08,-1696000.0,3028784000.0,,1891040000.0,1137744000.0,,5.019,-15606000.0,122353000.0,122353000.0,101970000.0,300507000.0,1.616,0.645,17705000.0,0.0,17705000.0,17705000.0,210096000.0,37279000.0,361232000.0,0.0,0.0,430499000.0,467778000.0,0.56,467778000.0,430499000.0,430499000.0,0.82,0.805,0.82,1841165000.0,,1841165000.0,7451912097.0,14.0,11.528,560007000.0,1.527,1.0,732894000.0,0.878,739934000.0,0.0,1014288000.0,,0.0,1148282000.0,1138043000.0,10239000.0,1187619000.0,1169914000.0,17705000.0,7472310097.0,85892000.0,422000.0,-179421000.0,0.0,0.0,-180973000.0,-308377000.0,-323704000.0,575613000.0,-371000.0,300507000.0,300507000.0,300507000.0,-2434000.0,0.0,0.36,310680000.0,422214000.0,96174000.0,0.0,4.058,20.784,20.251,217801000.0,0.0,20.15,3.821,3.78,141728000.0,1332726000.0,834864000.0,834864000.0,78394000.0,,,,,6273000.0,225778000.0,1.0,370834248.0,366844000,373774000.0,2.276,2288850000.0,209774000.0,129992000.0,227292000.0,6.239,721126000.0
66,INTU,MRQ,2004-12-31,2005-01-31,2005-01-31,2021-09-08,-702000.0,2775819000.0,,1625382000.0,1150437000.0,,4.601,-13163000.0,36566000.0,36566000.0,116432000.0,147252000.0,1.556,0.619,16168000.0,0.0,16168000.0,16168000.0,252812000.0,27829000.0,330886000.0,0.0,0.0,223508000.0,251337000.0,0.388,251337000.0,223508000.0,223508000.0,0.395,0.385,0.395,1714800000.0,,1714800000.0,7274844956.0,16.0,13.203,207073000.0,0.556,1.0,531812000.0,0.82,749525000.0,0.0,961045000.0,,0.0,863432000.0,848063000.0,15369000.0,1061019000.0,1044851000.0,16168000.0,7309855956.0,-15924000.0,5041000.0,-84237000.0,0.0,0.0,-84954000.0,-151193000.0,-141135000.0,220236000.0,-13000.0,147252000.0,147252000.0,147252000.0,-2278000.0,0.0,0.227,313624000.0,218188000.0,102284000.0,0.0,4.263,22.628,22.807,226542000.0,0.0,19.5,3.993,3.97,307765000.0,1044356000.0,648244000.0,648244000.0,76946000.0,,,,,5522000.0,229883000.0,1.0,374864408.0,372662000,380200000.0,1.739,2026294000.0,165951000.0,76256000.0,58631000.0,5.437,580531000.0
67,INTU,MRQ,2004-09-30,2004-10-31,2004-10-31,2021-09-08,-1283000.0,2455519000.0,,1272120000.0,1183399000.0,,4.369,-24397000.0,52008000.0,52008000.0,75393000.0,-46136000.0,1.604,0.492,16997000.0,0.0,16997000.0,16997000.0,217992000.0,25834000.0,333098000.0,0.0,0.0,-78777000.0,-52943000.0,-0.209,-52943000.0,-78777000.0,-78777000.0,-0.12,-0.12,-0.12,1645629000.0,,1645629000.0,8566610004.0,19.0,15.594,-111783000.0,-0.297,1.0,177383000.0,0.702,755220000.0,0.0,872395000.0,,0.0,723384000.0,707645000.0,15739000.0,809890000.0,792893000.0,16997000.0,8577465004.0,24799000.0,0.0,-139604000.0,0.0,0.0,-140228000.0,251536000.0,270762000.0,-87386000.0,877000.0,-46136000.0,-46136000.0,-46136000.0,639000.0,0.0,-0.183,259534000.0,-82151000.0,83526000.0,0.0,5.212,26.404,27.162,236999000.0,0.0,22.68,4.724,4.705,69122000.0,914205000.0,252776000.0,252776000.0,74365000.0,,,,,6778000.0,178187000.0,1.0,378195106.0,376692000,376692000.0,0.671,1700299000.0,176637000.0,-32641000.0,0.0,4.514,479227000.0
68,INTU,MRQ,2004-06-30,2004-07-31,2004-07-31,2021-09-08,-3375000.0,2730741000.0,,1528784000.0,1201957000.0,,4.773,-31915000.0,25992000.0,25992000.0,70772000.0,-42104000.0,1.714,0.498,16106000.0,0.0,16106000.0,16106000.0,207196000.0,31770000.0,323041000.0,0.0,0.0,-51526000.0,-19756000.0,-0.09,-19756000.0,-51526000.0,-51526000.0,-0.1,-0.1,-0.1,1822419000.0,,1822419000.0,7170967845.0,16.0,13.31,-59966000.0,-0.157,1.0,148921000.0,0.678,602759000.0,0.0,1226168000.0,,0.0,1007780000.0,991971000.0,15809000.0,908322000.0,891928000.0,16394000.0,7171720845.0,9894000.0,-2812000.0,-84433000.0,0.0,0.0,-92260000.0,130090000.0,163753000.0,-28051000.0,115000.0,-42104000.0,-42104000.0,-42104000.0,5122000.0,0.0,-0.192,207683000.0,-58762000.0,68303000.0,0.0,3.935,22.622,23.111,232194000.0,0.0,18.72,3.979,4.06,81615000.0,984391000.0,219693000.0,219693000.0,62223000.0,,,,,2656000.0,140116000.0,1.0,383104746.0,381784000,387970000.0,0.575,2127982000.0,192596000.0,-9422000.0,56828000.0,5.574,636856000.0
69,INTU,MRQ,2004-03-31,2004-04-30,2004-04-30,2021-09-08,-4102000.0,2963868000.0,,1727442000.0,1236426000.0,,5.0,-38506000.0,18520000.0,18520000.0,94915000.0,264033000.0,1.726,0.524,17767000.0,0.0,17767000.0,17767000.0,152721000.0,20178000.0,0.0,0.0,0.0,352173000.0,372351000.0,0.525,372351000.0,352173000.0,352173000.0,0.68,0.665,0.68,1945354000.0,,1945354000.0,8299658513.0,18.0,15.173,434517000.0,1.117,1.0,614923000.0,0.866,803487000.0,0.0,1158881000.0,,0.0,1176775000.0,1159976000.0,16799000.0,1018514000.0,1000747000.0,17767000.0,8368625513.0,-69353000.0,73000.0,-232040000.0,0.0,0.0,-232627000.0,-309551000.0,-315582000.0,473023000.0,-198000.0,264033000.0,264033000.0,264033000.0,253000.0,0.0,0.372,267371000.0,347552000.0,77905000.0,0.0,4.302,25.022,24.572,215825000.0,0.0,21.255,4.717,4.661,138446000.0,1039476000.0,709838000.0,709838000.0,70548000.0,,,,,4555000.0,187317000.0,1.0,393725030.0,389034000,397496000.0,1.825,2160381000.0,218635000.0,88140000.0,188329000.0,5.553,726695000.0
70,INTU,MRQ,2003-12-31,2004-01-31,2004-01-31,2021-09-08,-2616000.0,2873138000.0,,1640697000.0,1232441000.0,,4.832,-26488000.0,87831000.0,87831000.0,113980000.0,149066000.0,1.738,0.504,18864000.0,0.0,18864000.0,18864000.0,203686000.0,23552000.0,0.0,0.0,0.0,226158000.0,249710000.0,0.394,249710000.0,226158000.0,226158000.0,0.375,0.365,0.375,1910115000.0,,1910115000.0,9598438319.0,19.0,16.18,183603000.0,0.464,1.0,519391000.0,0.82,815631000.0,0.0,1044381000.0,,0.0,909287000.0,891081000.0,18206000.0,963023000.0,944159000.0,18864000.0,9998141319.0,-59553000.0,-2785000.0,-103434000.0,0.0,0.0,-115784000.0,-152648000.0,-122562000.0,210091000.0,-1212000.0,149066000.0,149066000.0,149066000.0,455000.0,0.0,0.235,300038000.0,219353000.0,104448000.0,0.0,5.234,27.438,27.983,196913000.0,0.0,25.185,5.885,5.861,283959000.0,785951000.0,633371000.0,633371000.0,72644000.0,,,,,16998000.0,217597000.0,1.0,396987942.0,395330000,406860000.0,1.602,2057507000.0,217885000.0,77092000.0,103523000.0,5.205,696538000.0
71,INTU,MRQ,2003-09-30,2003-10-31,2003-10-31,2021-09-08,-1539000.0,2599683000.0,,1366197000.0,1233486000.0,,4.65,-20714000.0,430761000.0,430761000.0,73364000.0,-53965000.0,1.897,0.406,31058000.0,0.0,31058000.0,31058000.0,183189000.0,24408000.0,0.0,0.0,0.0,-81485000.0,-57077000.0,-0.238,-57077000.0,-81485000.0,-81485000.0,-0.135,-0.135,-0.135,1848341000.0,,1848341000.0,9516920486.0,20.0,17.331,-96914000.0,-0.244,1.0,165958000.0,0.693,823789000.0,0.0,655907000.0,,0.0,790446000.0,771036000.0,19410000.0,751342000.0,720284000.0,31058000.0,9963705486.0,-22334000.0,-118025000.0,-71137000.0,0.0,0.0,-69344000.0,121743000.0,287227000.0,-76200000.0,1467000.0,-53965000.0,-53965000.0,-53965000.0,462000.0,0.0,-0.225,254618000.0,-88660000.0,84633000.0,0.0,5.391,28.985,30.0,188997000.0,0.0,25.05,6.137,6.133,76828000.0,669801000.0,239322000.0,239322000.0,70634000.0,,,,,9084000.0,175010000.0,1.0,397752714.0,397494000,397494000.0,0.602,1775894000.0,217802000.0,-27520000.0,42248000.0,4.468,645913000.0
72,INTU,MRQ,2003-06-30,2003-07-31,2003-07-31,2021-09-08,-789000.0,2790267000.0,,1668870000.0,1121397000.0,,4.868,-13545000.0,170043000.0,170043000.0,62645000.0,-24688000.0,2.096,0.42,29265000.0,0.0,29265000.0,29265000.0,178840000.0,9598000.0,306007000.0,0.0,0.0,-27581000.0,-17983000.0,-0.094,-17983000.0,-27581000.0,-27581000.0,-0.055,-0.05,-0.055,1964837000.0,,1964837000.0,8087752490.0,17.0,14.789,-29553000.0,-0.073,1.0,128780000.0,0.673,716536000.0,0.0,1136788000.0,,0.0,1056448000.0,1036758000.0,19690000.0,825430000.0,796165000.0,29265000.0,8851394490.0,-277041000.0,101493000.0,-285563000.0,0.0,0.0,-284883000.0,364437000.0,268110000.0,-16008000.0,785000.0,-24688000.0,-24688000.0,-24688000.0,-3047000.0,0.0,-0.129,173909000.0,-45129000.0,56786000.0,0.0,4.505,25.803,25.826,188253000.0,0.0,21.565,5.542,5.544,88156000.0,742248000.0,191425000.0,191425000.0,58466000.0,,,,,6876000.0,257600000.0,1.0,410451866.0,403640000,412964000.0,0.474,2073731000.0,217885000.0,-2893000.0,76725000.0,5.138,872705000.0
73,INTU,MRQ,2003-03-31,2003-04-30,2003-04-30,2021-09-08,-210000.0,3182249000.0,,2066859000.0,1115390000.0,,5.492,-15622000.0,775449000.0,775449000.0,88706000.0,293977000.0,2.269,0.408,11807000.0,0.0,11807000.0,11807000.0,129185000.0,23836000.0,0.0,0.0,0.0,394743000.0,418579000.0,0.659,418579000.0,394743000.0,394743000.0,0.715,0.7,0.715,2259507000.0,,2259507000.0,7361009622.0,16.0,13.943,397692000.0,0.967,1.0,545992000.0,0.86,719694000.0,0.0,787978000.0,,0.0,1092025000.0,1072124000.0,19901000.0,922742000.0,910935000.0,11807000.0,7985399622.0,70364000.0,-30737000.0,-40286000.0,0.0,0.0,-42294000.0,-379939000.0,-333060000.0,413314000.0,2450000.0,293977000.0,293977000.0,293977000.0,-71009000.0,0.0,0.463,237465000.0,308527000.0,73406000.0,0.0,3.534,23.769,23.671,192629000.0,0.0,19.41,5.014,5.015,119475000.0,782311000.0,634698000.0,634698000.0,62002000.0,,,,,11972000.0,117351000.0,1.0,411406472.0,411418000,420896000.0,1.543,2462555000.0,236776000.0,100766000.0,117338000.0,5.986,1155924000.0
74,INTU,MRQ,2002-12-31,2003-01-31,2003-01-31,2021-09-08,3603000.0,2840630000.0,,1728063000.0,1112567000.0,,4.856,-27182000.0,639873000.0,639873000.0,115783000.0,128430000.0,2.081,0.422,15483000.0,2717000.0,12766000.0,15483000.0,170500000.0,21258000.0,0.0,0.0,0.0,184335000.0,205593000.0,0.368,205593000.0,184335000.0,184335000.0,0.31,0.3,0.31,1997658000.0,,1997658000.0,8467062410.0,32.0,25.279,191511000.0,0.466,1.0,442293000.0,0.793,708196000.0,0.0,677838000.0,,0.0,756953000.0,736985000.0,19968000.0,842972000.0,830206000.0,12766000.0,9050977410.0,90999000.0,-13485000.0,-75596000.0,0.0,0.0,-77223000.0,-219205000.0,-178557000.0,218693000.0,1114000.0,128430000.0,128430000.0,128430000.0,-3059000.0,0.0,0.23,271614000.0,170679000.0,107189000.0,0.0,4.531,48.54,49.551,195990000.0,0.0,22.05,6.247,6.26,244437000.0,519029000.0,558076000.0,558076000.0,66080000.0,,,,,14581000.0,136201000.0,1.0,410475166.0,411364000,424910000.0,1.357,2132434000.0,234105000.0,55905000.0,17169000.0,5.184,897857000.0
75,INTU,MRQ,2002-09-30,2002-10-31,2002-10-31,2021-09-08,1376000.0,2679747000.0,,1577301000.0,1102446000.0,,4.634,-27788000.0,616325000.0,616325000.0,69914000.0,-54685000.0,2.138,0.39,32410000.0,18026000.0,14384000.0,32410000.0,166075000.0,21356000.0,0.0,0.0,0.0,-80654000.0,-59298000.0,-0.279,-59298000.0,-80654000.0,-80654000.0,-0.13,-0.13,-0.13,1927611000.0,,1927611000.0,10156811879.0,50.0,36.883,-81397000.0,-0.196,1.0,142958000.0,0.672,707402000.0,0.0,650678000.0,,0.0,571027000.0,550442000.0,20585000.0,752136000.0,737752000.0,14384000.0,10859771879.0,-125832000.0,-171742000.0,-257021000.0,0.0,0.0,-257338000.0,88514000.0,290387000.0,-53609000.0,-318000.0,-54685000.0,-54685000.0,-54685000.0,-5764000.0,0.0,-0.257,238415000.0,-95457000.0,80847000.0,0.0,5.634,61.044,62.554,189550000.0,0.0,25.96,7.946,7.9,65353000.0,424190000.0,212872000.0,212872000.0,64127000.0,,,,,17065000.0,114437000.0,1.0,418327114.0,415930000,415930000.0,0.512,1972345000.0,295300000.0,-25969000.0,0.0,4.742,839549000.0
76,INTU,MRQ,2002-06-30,2002-07-31,2002-07-31,2021-09-08,-3675000.0,2928005000.0,,1954672000.0,973333000.0,,5.225,-21810000.0,709357000.0,709357000.0,55677000.0,-31762000.0,2.875,0.322,32592000.0,0.0,32592000.0,32592000.0,147120000.0,8988000.0,0.0,0.0,0.0,-45920000.0,-36932000.0,-0.198,-36932000.0,-45920000.0,-45920000.0,-0.075,-0.075,-0.075,2215639000.0,,2215639000.0,8596841037.0,55.0,38.535,-109587000.0,-0.258,1.0,131173000.0,0.702,554422000.0,0.0,1017044000.0,,0.0,853403000.0,832133000.0,21270000.0,712366000.0,679774000.0,32592000.0,9306720037.0,302597000.0,-276533000.0,-108106000.0,0.0,0.0,-107045000.0,184723000.0,439732000.0,-87777000.0,-810000.0,-31762000.0,-31762000.0,-31762000.0,-43915000.0,0.0,-0.17,209060000.0,-77887000.0,71069000.0,0.0,4.2,66.401,66.636,179122000.0,0.0,21.99,7.092,7.098,51999000.0,511342000.0,186850000.0,186850000.0,48835000.0,,,,,23013000.0,87124000.0,1.0,423225104.0,424008000,437174000.0,0.441,2373583000.0,246539000.0,-14158000.0,0.0,5.598,1274898000.0
77,INTU,MRQ,2002-03-31,2002-04-30,2002-04-30,2021-09-08,8996000.0,3223498000.0,,2555770000.0,667728000.0,,5.458,-15240000.0,738539000.0,738539000.0,67441000.0,144481000.0,2.833,0.395,28660000.0,17451000.0,11209000.0,28660000.0,97509000.0,18542000.0,0.0,0.0,0.0,207033000.0,225575000.0,0.459,225575000.0,207033000.0,207033000.0,0.34,0.335,0.34,2310016000.0,,2310016000.0,7637351669.0,84.0,44.498,347087000.0,0.82,1.0,423711000.0,0.863,310949000.0,0.0,1300397000.0,,0.0,1638257000.0,1625108000.0,13149000.0,913482000.0,902273000.0,11209000.0,8333217669.0,-14749000.0,0.0,-60023000.0,330000.0,0.0,-72087000.0,-311616000.0,-292931000.0,362327000.0,-1000000.0,144481000.0,144481000.0,144481000.0,-11779000.0,0.0,0.294,245305000.0,178406000.0,144315000.0,0.0,3.607,75.323,78.36,181442000.0,0.0,19.59,7.174,7.138,69216000.0,609795000.0,491152000.0,491152000.0,50814000.0,,,,,7691000.0,99674000.0,1.0,425381198.0,423228000,434346000.0,1.16,2912549000.0,233836000.0,62552000.0,104293000.0,6.882,1653497000.0
78,INTU,MRQ,2001-12-31,2002-01-31,2002-01-31,2021-09-08,5477000.0,3150878000.0,,2445863000.0,705015000.0,,5.207,-12093000.0,744868000.0,744868000.0,106250000.0,119868000.0,2.643,0.424,49002000.0,36753000.0,12249000.0,49002000.0,156337000.0,21490000.0,0.0,0.0,0.0,124546000.0,146036000.0,0.307,146036000.0,124546000.0,124546000.0,0.28,0.275,0.28,2213095000.0,,2213095000.0,7735144565.0,-102.0,2915.622,104839000.0,0.247,1.0,369658000.0,0.777,348600000.0,0.0,1180913000.0,,0.0,1328753000.0,1315583000.0,13170000.0,937783000.0,925499000.0,12284000.0,8323507565.0,53443000.0,-7532000.0,-17538000.0,-702000.0,0.0,-18240000.0,29995000.0,49457000.0,116932000.0,2179000.0,119868000.0,119868000.0,119868000.0,-19972000.0,0.0,0.252,274351000.0,95307000.0,171402000.0,0.0,3.761,-172.87,-157.0,183389000.0,0.0,19.625,7.597,7.613,262513000.0,465314000.0,475908000.0,475908000.0,51402000.0,,,,,14869000.0,103481000.0,1.0,424127774.0,425040000,438710000.0,1.12,2802278000.0,236452000.0,4678000.0,42091000.0,6.593,1520364000.0
79,INTU,MRQ,2001-09-30,2001-10-31,2001-10-31,2021-09-08,1836000.0,2854000000.0,,2120334000.0,733666000.0,,4.869,-14276000.0,640048000.0,640048000.0,61789000.0,-92427000.0,2.695,0.389,51685000.0,39532000.0,12153000.0,51685000.0,139510000.0,16980000.0,0.0,0.0,0.0,-128690000.0,-111710000.0,-0.662,-111710000.0,-128690000.0,-128690000.0,-0.22,-0.22,-0.22,2054975000.0,,2054975000.0,7865944093.0,-49.0,-89.757,-54135000.0,-0.128,1.0,106938000.0,0.634,374770000.0,0.0,1104030000.0,,0.0,1321717000.0,1307609000.0,14108000.0,799025000.0,786837000.0,12188000.0,8495373093.0,747000.0,0.0,882000.0,372000.0,0.0,1254000.0,58512000.0,71335000.0,-39859000.0,-660000.0,-92427000.0,-92427000.0,-92427000.0,-9729000.0,0.0,-0.548,242913000.0,-135975000.0,169487000.0,0.0,4.134,-60.057,-59.147,184973000.0,0.0,20.11,7.886,7.879,43024000.0,345446000.0,168727000.0,168727000.0,48857000.0,,,,,10207000.0,86510000.0,1.0,422445206.0,422078000,422078000.0,0.4,2479230000.0,238115000.0,-36263000.0,44514000.0,5.874,1333497000.0
80,INTU,MRQ,2001-06-30,2001-07-31,2001-07-31,2021-09-08,28180000.0,2862273000.0,,2048757000.0,813516000.0,,5.151,-13840000.0,299555000.0,299555000.0,21634000.0,-61289000.0,2.974,0.324,50822000.0,38672000.0,12150000.0,50822000.0,137041000.0,24065000.0,0.0,0.0,0.0,-112332000.0,-88267000.0,-3.425,-88267000.0,-112332000.0,-112332000.0,-0.15,-0.15,-0.15,2161326000.0,,2161326000.0,6546587679.0,-69.0,-251.821,-10170000.0,-0.024,1.0,4136000.0,0.16,415135000.0,0.0,1509608000.0,,0.0,1241578000.0,1204612000.0,36966000.0,700947000.0,688797000.0,12150000.0,7190349679.0,-302920000.0,-34003000.0,23348000.0,1485000.0,0.0,23983000.0,-27543000.0,20274000.0,3670000.0,57000.0,-61289000.0,-61289000.0,-61289000.0,-27549000.0,0.0,-2.378,126772000.0,-122636000.0,62994000.0,0.0,3.327,-86.847,-85.95,174659000.0,0.0,17.19,6.56,6.523,26778000.0,437873000.0,25770000.0,25770000.0,40945000.0,,,,,14039000.0,18517000.0,1.0,418286776.0,419602000,419602000.0,0.061,2447138000.0,219647000.0,-51043000.0,82486000.0,5.832,1359960000.0
81,INTU,MRQ,2001-03-31,2001-04-30,2001-04-30,2021-09-08,31562000.0,3091916000.0,,2290949000.0,800967000.0,,5.244,-12047000.0,659548000.0,659548000.0,77513000.0,-14301000.0,2.585,0.412,15786000.0,0.0,15786000.0,15786000.0,82374000.0,15601000.0,0.0,0.0,0.0,40993000.0,56594000.0,0.133,56594000.0,40993000.0,40993000.0,-0.035,-0.035,-0.035,2189205000.0,,2189205000.0,6325998359.0,115.0,52.113,146340000.0,0.351,1.0,347697000.0,0.818,487667000.0,0.0,1074398000.0,,0.0,1414698000.0,1393387000.0,21311000.0,902711000.0,886089000.0,16622000.0,6684619359.0,60197000.0,-69929000.0,8036000.0,-3732000.0,0.0,4304000.0,-104975000.0,-31991000.0,158387000.0,2481000.0,-14301000.0,-14301000.0,-14301000.0,0.0,0.0,-0.034,309819000.0,37878000.0,74709000.0,0.0,3.053,-1533.521,-1602.0,181635000.0,0.0,16.02,5.684,5.686,103310000.0,499162000.0,425210000.0,425210000.0,52697000.0,,,,,48038000.0,92396000.0,1.0,417267126.0,417430000,417430000.0,1.019,2604249000.0,0.0,55294000.0,102692000.0,6.239,1404860000.0
82,INTU,MRQ,2000-12-31,2001-01-31,2001-01-31,2021-09-08,57396000.0,3179129000.0,,2314512000.0,864617000.0,,5.335,-16581000.0,377407000.0,377407000.0,103819000.0,26562000.0,2.449,0.435,18786000.0,0.0,18786000.0,18786000.0,143215000.0,14997000.0,0.0,0.0,0.0,40750000.0,55747000.0,0.122,55747000.0,40750000.0,40750000.0,0.065,0.06,0.065,2214849000.0,,2214849000.0,7912846498.0,15.0,13.786,67296000.0,0.162,1.0,353741000.0,0.773,542744000.0,0.0,1332655000.0,,0.0,1293461000.0,1268663000.0,24798000.0,964280000.0,945109000.0,19171000.0,8173060498.0,98688000.0,11730000.0,23149000.0,4633000.0,0.0,27782000.0,-12971000.0,-6866000.0,83877000.0,0.0,26562000.0,26562000.0,26562000.0,0.0,0.0,0.058,259146000.0,94595000.0,118234000.0,0.0,3.69,26.62,25.987,184461000.0,0.0,19.75,7.568,7.593,253659000.0,513463000.0,457560000.0,457560000.0,54599000.0,,,,,-32006000.0,111481000.0,1.0,413825848.0,415188000,431854000.0,1.102,2636385000.0,0.0,14188000.0,107284000.0,6.35,1369403000.0
83,INTU,MRQ,2000-09-30,2000-10-31,2000-10-31,2021-09-08,21949000.0,2858423000.0,,1990333000.0,868090000.0,,5.035,-29383000.0,278719000.0,278719000.0,66894000.0,-33765000.0,2.591,0.38,18505000.0,0.0,18505000.0,18505000.0,121169000.0,14610000.0,0.0,0.0,0.0,-64681000.0,-50071000.0,-0.267,-50071000.0,-64681000.0,-64681000.0,-0.08,-0.08,-0.08,2071567000.0,,2071567000.0,12112685074.0,22.0,20.636,-44581000.0,-0.108,1.0,120628000.0,0.643,529318000.0,0.0,1300828000.0,,0.0,1290591000.0,1247312000.0,43279000.0,786856000.0,768063000.0,18793000.0,12673912074.0,-138234000.0,-105860000.0,33901000.0,-2386000.0,0.0,31515000.0,-154551000.0,-19308000.0,-15198000.0,0.0,-33765000.0,-33765000.0,-33765000.0,0.0,0.0,-0.18,211823000.0,-91195000.0,81877000.0,0.0,6.118,37.524,36.571,183243000.0,0.0,30.72,12.094,12.062,67938000.0,486901000.0,187522000.0,187522000.0,47878000.0,,,,,32006000.0,88883000.0,1.0,412562242.0,411454000,411454000.0,0.456,2329105000.0,0.0,-30916000.0,81953000.0,5.661,1222270000.0
84,INTU,MRQ,2000-06-30,2000-07-31,2000-07-31,2021-09-08,55586000.0,2824968000.0,,2074860000.0,750108000.0,,5.084,-22879000.0,598631000.0,598631000.0,29711000.0,17145000.0,2.756,0.364,34824000.0,34286000.0,538000.0,34824000.0,107578000.0,21043000.0,0.0,0.0,0.0,38078000.0,59121000.0,0.559,59121000.0,38078000.0,38078000.0,0.04,0.04,0.04,2071289000.0,,2071289000.0,5846004940.0,11.0,10.133,-133366000.0,-0.327,1.0,76072000.0,0.719,438878000.0,0.0,1069380000.0,,0.0,1367588000.0,1336428000.0,31160000.0,753679000.0,752903000.0,776000.0,6916973940.0,-555292000.0,-22130000.0,19091000.0,11130000.0,0.0,30221000.0,-405837000.0,-324790000.0,-110487000.0,421000.0,17145000.0,17145000.0,17145000.0,16517000.0,0.0,0.162,118821000.0,-42749000.0,102743000.0,0.0,3.339,22.63,22.368,167707000.0,0.0,17.0,6.668,6.58,67420000.0,520666000.0,105783000.0,105783000.0,39378000.0,,,,,94781000.0,14490000.0,1.0,406880820.0,407438000,423874000.0,0.26,2386090000.0,134828000.0,20933000.0,110743000.0,5.856,1321957000.0
85,INTU,MRQ,2000-03-31,2000-04-30,2000-04-30,2021-09-08,110095000.0,3153227000.0,,2377086000.0,776141000.0,,5.143,-19782000.0,1124931000.0,1124931000.0,77647000.0,297085000.0,2.244,0.515,53962000.0,53449000.0,513000.0,53962000.0,89128000.0,11884000.0,0.0,0.0,0.0,497289000.0,509173000.0,1.547,509173000.0,497289000.0,497289000.0,0.735,0.695,0.735,2081197000.0,,2081197000.0,6776276602.0,7.0,7.33,138230000.0,0.342,1.0,251492000.0,0.764,475557000.0,0.0,547236000.0,,1890000.0,1063111000.0,1011844000.0,51267000.0,1072030000.0,1059465000.0,12565000.0,7248272602.0,584422000.0,0.0,22523000.0,12160000.0,0.0,34683000.0,392646000.0,397577000.0,158012000.0,-919000.0,297085000.0,297085000.0,297085000.0,0.0,0.0,0.903,190979000.0,60513000.0,122770000.0,0.0,3.483,13.143,12.836,157223000.0,0.0,17.97,6.59,6.612,128167000.0,505147000.0,329139000.0,329139000.0,40779000.0,,,,,0.0,80200000.0,1.0,403354068.0,404684000,428724000.0,0.813,2677670000.0,145215000.0,200204000.0,334386000.0,6.617,1317621000.0
86,INTU,MRQ,1999-12-31,2000-01-31,2000-01-31,2021-09-08,448207000.0,3200809000.0,,2370107000.0,830702000.0,,5.261,-24644000.0,513141000.0,513141000.0,95555000.0,57292000.0,2.176,0.553,41145000.0,3283000.0,37862000.0,41145000.0,106395000.0,-18128000.0,0.0,0.0,0.0,86874000.0,68746000.0,0.162,68746000.0,86874000.0,86874000.0,0.145,0.135,0.145,2061541000.0,,2061541000.0,11233103159.0,20.0,20.024,42966000.0,0.11,1.0,329944000.0,0.775,514149000.0,0.0,1125401000.0,,9351000.0,1575459000.0,1497474000.0,77985000.0,1139268000.0,1089263000.0,50005000.0,11480942159.0,51210000.0,40977000.0,37808000.0,-20372000.0,0.0,17436000.0,-33836000.0,-35318000.0,67610000.0,0.0,57292000.0,57292000.0,57292000.0,0.0,0.0,0.135,247348000.0,82596000.0,136454000.0,0.0,5.569,34.815,35.064,149324000.0,0.0,30.155,11.122,11.448,249146000.0,208062000.0,425499000.0,425499000.0,44038000.0,,,,,-52796000.0,109437000.0,1.0,380730962.0,391870000,419132000.0,1.086,2686660000.0,146414000.0,29582000.0,396403000.0,6.856,1280844000.0
87,INTU,MRQ,1999-09-30,1999-10-31,1999-10-31,2021-09-08,164108000.0,2374920000.0,,1564243000.0,810677000.0,,4.008,-27257000.0,286427000.0,286427000.0,58871000.0,-65861000.0,2.074,0.501,38588000.0,0.0,38588000.0,38588000.0,84541000.0,39926000.0,0.0,0.0,0.0,-100031000.0,-60105000.0,-0.34,-60105000.0,-100031000.0,-100031000.0,-0.165,-0.165,-0.165,1582204000.0,,1582204000.0,5034911619.0,9.0,7.828,-50531000.0,-0.128,1.0,118057000.0,0.667,535970000.0,0.0,836983000.0,,7174000.0,1030625000.0,955457000.0,75168000.0,792716000.0,754128000.0,38588000.0,5516908619.0,-227755000.0,-95561000.0,10556000.0,-6241000.0,0.0,4315000.0,-208796000.0,-85978000.0,-23274000.0,0.0,-65861000.0,-65861000.0,-65861000.0,0.0,0.0,-0.372,209314000.0,-91257000.0,87591000.0,0.0,3.487,15.09,15.172,128515000.0,0.0,14.565,5.627,5.864,86766000.0,139432000.0,176928000.0,176928000.0,41713000.0,,,,,52796000.0,91397000.0,1.0,378778484.0,394724000,394724000.0,0.448,1838950000.0,256818000.0,-34170000.0,206871000.0,4.659,810115000.0
88,INTU,MRQ,1999-06-30,1999-07-31,1999-07-31,2021-09-08,79144000.0,2477460000.0,,1721456000.0,756004000.0,,3.989,-31334000.0,700066000.0,700066000.0,54430000.0,262984000.0,1.958,0.587,66510000.0,29896000.0,36614000.0,66510000.0,65994000.0,-45607000.0,0.0,0.0,0.0,452241000.0,406634000.0,2.416,406634000.0,452241000.0,452241000.0,0.685,0.655,0.685,1561388000.0,,1561388000.0,4797744965.0,8.0,7.036,-152509000.0,-0.39,1.0,113899000.0,0.677,481151000.0,0.0,483510000.0,,0.0,903159000.0,821427000.0,81732000.0,916072000.0,879243000.0,36829000.0,5091926965.0,158447000.0,-117608000.0,73928000.0,-86099000.0,-1464000.0,-12395000.0,296025000.0,428906000.0,-121175000.0,-4008000.0,262984000.0,262984000.0,262984000.0,0.0,0.0,1.562,177880000.0,-63981000.0,115605000.0,0.0,3.261,13.172,13.5,119220000.0,0.0,13.635,5.414,5.536,63677000.0,215167000.0,168329000.0,168329000.0,39091000.0,,,,,58150000.0,72917000.0,1.0,373445322.0,391448000,408962000.0,0.43,1996309000.0,129500000.0,189257000.0,279875000.0,5.1,842213000.0
89,INTU,MRQ,1999-03-31,1999-04-30,1999-04-30,2021-09-08,544135000.0,2469865000.0,,1954809000.0,515056000.0,,4.34,-22526000.0,330225000.0,330225000.0,53802000.0,75352000.0,2.573,0.476,36043000.0,0.0,36043000.0,36043000.0,69237000.0,31718000.0,0.0,0.0,0.0,113979000.0,145697000.0,0.557,145697000.0,113979000.0,113979000.0,0.195,0.185,0.195,1673405000.0,,1673405000.0,5142658821.0,39.0,23.158,246447000.0,0.639,1.0,207690000.0,0.794,317169000.0,0.0,1098867000.0,,2267000.0,1508766000.0,1430975000.0,77791000.0,796460000.0,759647000.0,36813000.0,5266412821.0,172299000.0,0.0,24150000.0,-73577000.0,0.0,-50490000.0,-46184000.0,-15853000.0,268973000.0,0.0,75352000.0,75352000.0,75352000.0,0.0,0.0,0.288,157651000.0,50039000.0,95368000.0,0.0,3.147,53.417,63.238,91195000.0,0.0,14.355,5.48,5.759,114188000.0,-62166000.0,261492000.0,261492000.0,34325000.0,,,,,0.0,70971000.0,1.0,366869580.0,385572000,406322000.0,0.678,2152696000.0,21006000.0,38627000.0,362149000.0,5.583,1195162000.0
90,INTU,MRQ,1998-12-31,1999-01-31,1999-01-31,2021-09-08,549892000.0,2344795000.0,,1854103000.0,490692000.0,,4.141,-13837000.0,163030000.0,163030000.0,70234000.0,93125000.0,2.503,0.499,39276000.0,0.0,39276000.0,39276000.0,45979000.0,26601000.0,0.0,0.0,0.0,124353000.0,150954000.0,0.404,150954000.0,124353000.0,124353000.0,0.245,0.235,0.245,1563795000.0,,1563795000.0,5386286700.0,445.0,65.242,-14975000.0,-0.04,1.0,303499000.0,0.812,329220000.0,0.0,1150980000.0,,5865000.0,1446156000.0,1393219000.0,52937000.0,781000000.0,740841000.0,40159000.0,5443228700.0,95477000.0,0.0,33875000.0,80022000.0,0.0,113720000.0,-17105000.0,-3749000.0,-1138000.0,0.0,93125000.0,93125000.0,93125000.0,0.0,0.0,0.249,193184000.0,110315000.0,69825000.0,0.0,3.481,258.807,659.42,77545000.0,0.0,15.167,6.468,6.806,241276000.0,-134721000.0,373733000.0,373733000.0,36353000.0,,,,,0.0,90828000.0,1.0,358894200.0,377626000,396826000.0,0.99,2015575000.0,21006000.0,31228000.0,367570000.0,5.337,1113262000.0
91,INTU,MRQ,1998-09-30,1998-10-31,1998-10-31,2021-09-08,119244000.0,1383148000.0,,868883000.0,514265000.0,,2.754,-13611000.0,96275000.0,96275000.0,35215000.0,-49190000.0,2.406,0.409,39333000.0,0.0,39333000.0,39333000.0,68216000.0,37034000.0,0.0,0.0,0.0,-64723000.0,-27689000.0,-0.247,-27689000.0,-64723000.0,-64723000.0,-0.14,-0.14,-0.14,981781000.0,,981781000.0,2901222187.0,-65.0,241.93,-14529000.0,-0.041,1.0,76753000.0,0.685,352152000.0,0.0,612911000.0,,0.0,715288000.0,658289000.0,56999000.0,401367000.0,361143000.0,40224000.0,3003789187.0,-41858000.0,0.0,4444000.0,0.0,0.0,4444000.0,-45384000.0,-24030000.0,-918000.0,0.0,-49190000.0,-49190000.0,-49190000.0,0.0,0.0,-0.439,144824000.0,-68071000.0,48459000.0,0.0,3.06,-99.302,-112.222,73803000.0,0.0,8.417,4.259,4.254,64725000.0,-224578000.0,111968000.0,111968000.0,33668000.0,,,,,0.0,58559000.0,1.0,356885844.0,356472000,356472000.0,0.314,1030996000.0,36214000.0,-15533000.0,82073000.0,2.892,507740000.0
92,INTU,MRQ,1998-06-30,1998-07-31,1998-07-31,2021-09-08,182602000.0,1498596000.0,,980125000.0,518471000.0,,3.463,-10227000.0,138133000.0,138133000.0,38450000.0,-20697000.0,2.616,0.377,35566000.0,0.0,35566000.0,35566000.0,58560000.0,-3585000.0,0.0,0.0,0.0,-43313000.0,-46898000.0,-0.219,-46898000.0,-43313000.0,-43313000.0,-0.073,-0.07,-0.073,1088361000.0,,1088361000.0,2899389659.0,2636.0,89.637,-6279000.0,-0.02,1.0,175365000.0,0.82,371590000.0,0.0,649770000.0,,3695000.0,789509000.0,743984000.0,45525000.0,410235000.0,374669000.0,35566000.0,2923407659.0,94523000.0,-376638000.0,501405000.0,10132000.0,-25974000.0,535563000.0,-444988000.0,-64197000.0,3948000.0,0.0,-20697000.0,-20697000.0,-20697000.0,0.0,0.0,-0.097,223741000.0,-48376000.0,44035000.0,0.0,2.686,472.89,414.583,69413000.0,0.0,8.292,4.241,3.781,59417000.0,-175388000.0,213815000.0,213815000.0,30445000.0,,,,,21594000.0,94432000.0,1.0,352571778.0,314294000,327782000.0,0.68,1127006000.0,21006000.0,-22616000.0,123526000.0,3.586,605456000.0
93,INTU,MRQ,1998-03-31,1998-04-30,1998-04-30,2021-09-08,169274000.0,1073414000.0,,920486000.0,152928000.0,,2.202,-6070000.0,63191000.0,63191000.0,29331000.0,-2206000.0,2.317,0.686,39173000.0,0.0,39173000.0,39173000.0,28820000.0,10396000.0,0.0,0.0,0.0,-4205000.0,6191000.0,0.044,6191000.0,-4205000.0,-4205000.0,-0.008,-0.008,-0.008,636834000.0,,636834000.0,2481136574.0,166.0,38.979,48353000.0,0.167,1.0,112665000.0,0.793,27903000.0,0.0,624203000.0,,2015000.0,755347000.0,713294000.0,42053000.0,436580000.0,397290000.0,39290000.0,2555415574.0,-42341000.0,0.0,17678000.0,-841000.0,0.0,-33163000.0,-63601000.0,-48448000.0,54423000.0,0.0,-2206000.0,-2206000.0,-2206000.0,0.0,0.0,-0.016,119974000.0,-7309000.0,48218000.0,0.0,4.013,361.803,402.955,69575000.0,0.0,8.865,4.486,4.502,118676000.0,-136352000.0,141996000.0,141996000.0,25381000.0,,,,,0.0,64247000.0,1.0,288258948.0,289254000,289254000.0,0.491,1045511000.0,0.0,-1999000.0,132549000.0,3.615,523196000.0
94,INTU,MRQ,1997-12-31,1998-01-31,1998-01-31,2021-09-08,117568000.0,977081000.0,,836470000.0,140611000.0,,1.967,-5787000.0,105532000.0,105532000.0,45479000.0,41844000.0,2.178,0.74,31253000.0,0.0,31253000.0,31253000.0,38602000.0,12516000.0,0.0,0.0,0.0,67872000.0,80388000.0,0.338,80388000.0,67872000.0,67872000.0,0.147,0.142,0.147,561442000.0,,561442000.0,1743527830.0,87.0,25.087,66670000.0,0.234,1.0,192034000.0,0.809,32866000.0,0.0,485850000.0,,4811000.0,571721000.0,537228000.0,34493000.0,415639000.0,384086000.0,31553000.0,1770957830.0,41582000.0,0.0,7621000.0,-2932000.0,0.0,4689000.0,-35564000.0,-31416000.0,72457000.0,0.0,41844000.0,41844000.0,41844000.0,0.0,0.0,0.176,126403000.0,65631000.0,59535000.0,0.0,3.154,181.506,194.688,70574000.0,0.0,6.23,3.14,3.153,170277000.0,-134146000.0,237513000.0,237513000.0,26634000.0,,,,,0.0,56688000.0,1.0,284262894.0,285360000,296628000.0,0.832,944215000.0,0.0,26028000.0,109387000.0,3.309,452384000.0
95,INTU,MRQ,1997-09-30,1997-10-31,1997-10-31,2021-09-08,77606000.0,759288000.0,,568891000.0,190397000.0,,1.657,-8694000.0,63950000.0,63950000.0,22396000.0,-12759000.0,2.24,0.622,36520000.0,0.0,36520000.0,36520000.0,24218000.0,11919000.0,0.0,0.0,0.0,-19254000.0,-7335000.0,-0.076,-7335000.0,-19254000.0,-19254000.0,-0.045,-0.045,-0.045,468254000.0,,468254000.0,1529543985.0,15.0,10.109,-61557000.0,-0.218,1.0,73562000.0,0.767,39963000.0,0.0,437906000.0,,3888000.0,475091000.0,397679000.0,77412000.0,291034000.0,253989000.0,37045000.0,1539879985.0,17170000.0,26350000.0,5654000.0,-865000.0,0.0,4789000.0,65244000.0,46829000.0,-52863000.0,0.0,-12759000.0,-12759000.0,-12759000.0,0.0,0.0,-0.133,99167000.0,-25605000.0,37493000.0,0.0,3.289,18.364,18.008,70909000.0,0.0,5.438,2.599,2.594,88747000.0,-175990000.0,95958000.0,95958000.0,26144000.0,,,,,0.0,40458000.0,1.0,283152924.0,282510000,282510000.0,0.34,719325000.0,0.0,-6495000.0,61172000.0,2.546,314902000.0
96,INTU,MRQ,1997-06-30,1997-07-31,1997-07-31,2021-09-08,19432000.0,663676000.0,,454777000.0,208899000.0,,1.48,-11702000.0,46780000.0,46780000.0,22698000.0,-19816000.0,2.149,0.599,36444000.0,0.0,36444000.0,36444000.0,22732000.0,13884000.0,0.0,0.0,0.0,-29475000.0,-15591000.0,-0.166,-15591000.0,-29475000.0,-29475000.0,-0.072,-0.07,-0.072,415061000.0,,415061000.0,1092520129.0,13.0,7.82,-50300000.0,-0.179,1.0,71417000.0,0.759,46771000.0,0.0,394987000.0,,3295000.0,425035000.0,349119000.0,75916000.0,248615000.0,211582000.0,37033000.0,1174736129.0,-69869000.0,0.0,4483000.0,766000.0,0.0,5249000.0,-36520000.0,-25050000.0,-38598000.0,0.0,-19816000.0,-19816000.0,-19816000.0,0.0,0.0,-0.211,104129000.0,-32712000.0,35688000.0,0.0,2.83,17.198,17.136,83404000.0,0.0,4.198,1.961,1.953,42190000.0,-163231000.0,94115000.0,94115000.0,25234000.0,,,,,0.0,37314000.0,1.0,279810114.0,280380000,285426000.0,0.336,616905000.0,0.0,-9659000.0,31710000.0,2.2,243195000.0
97,INTU,MRQ,1997-03-31,1997-04-30,1997-04-30,2021-09-08,-6789000.0,717898000.0,,575610000.0,142288000.0,,1.48,-2541000.0,116649000.0,116649000.0,28917000.0,488000.0,2.17,0.738,34433000.0,0.0,34433000.0,34433000.0,24456000.0,11077000.0,0.0,0.0,0.0,959000.0,12036000.0,0.088,12036000.0,959000.0,959000.0,0.002,0.002,0.002,413170000.0,,413170000.0,929601203.0,12.0,9.34,22890000.0,0.082,1.0,107409000.0,0.788,51354000.0,0.0,319104000.0,,2756000.0,356260000.0,356260000.0,0.0,304728000.0,265224000.0,39504000.0,1029380203.0,11790000.0,-33242000.0,588000.0,29353000.0,0.0,29941000.0,-43582000.0,-8711000.0,25431000.0,0.0,488000.0,488000.0,488000.0,0.0,0.0,0.004,109256000.0,-1847000.0,33397000.0,0.0,2.491,15.562,15.695,78434000.0,0.0,3.688,1.744,1.745,67848000.0,-132592000.0,136326000.0,136326000.0,22393000.0,,,,,0.0,48933000.0,1.0,279090882.0,279156000,283512000.0,0.488,666544000.0,29227000.0,471000.0,72509000.0,2.388,310386000.0
98,INTU,MRQ,1996-12-31,1997-01-31,1997-01-31,2021-09-08,-4700000.0,751920000.0,,638747000.0,113173000.0,,1.486,-4734000.0,104859000.0,104859000.0,58621000.0,115940000.0,1.932,0.818,5080000.0,0.0,5080000.0,5080000.0,29595000.0,15582000.0,0.0,0.0,0.0,146607000.0,162189000.0,0.61,162189000.0,146607000.0,146607000.0,0.417,0.407,0.417,413543000.0,,413543000.0,,,,105548000.0,0.379,1.0,207357000.0,0.78,21881000.0,0.0,299670000.0,,4428000.0,350524000.0,350524000.0,0.0,338377000.0,330590000.0,7787000.0,1360568050.0,59264000.0,-1217000.0,2876000.0,-179000.0,0.0,2697000.0,-53715000.0,-45769000.0,110282000.0,0.0,115940000.0,115940000.0,115940000.0,-71240000.0,0.0,0.436,133748000.0,73609000.0,63134000.0,0.0,3.29,20.82,21.013,78924000.0,0.0,4.875,2.322,2.316,146277000.0,-133244000.0,265978000.0,265978000.0,22930000.0,,,,,0.0,63953000.0,1.0,279090882.0,278346000,285786000.0,0.956,730039000.0,28205000.0,30667000.0,80215000.0,2.623,308157000.0
99,INTU,MRQ,1996-09-30,1996-10-31,1996-10-31,2021-09-08,,,,,,,,-8620000.0,,,27045000.0,-28304000.0,,,,,,,,18124000.0,,0.0,0.0,-37042000.0,-18918000.0,-0.185,-18918000.0,-37042000.0,-37042000.0,-0.102,,-0.102,,,,,,,-24586000.0,-0.089,1.0,75461000.0,0.736,,0.0,,,,,,,,,,,1011000.0,235000.0,1479000.0,-324000.0,0.0,1155000.0,15822000.0,24326000.0,-15966000.0,0.0,-28304000.0,-28304000.0,-28304000.0,0.0,0.0,-0.276,114551000.0,-39090000.0,,0.0,,,-42.245,,0.0,4.562,,2.339,,,102506000.0,102506000.0,22461000.0,,,,,0.0,49307000.0,1.0,,276294000,,0.371,,,-8738000.0,,,
100,INTU,MRQ,1996-06-30,1996-07-31,1996-07-31,2021-09-08,-502000.0,418020000.0,,280413000.0,137607000.0,,1.301,-8440000.0,44584000.0,44584000.0,24785000.0,-21979000.0,2.533,0.397,5583000.0,0.0,5583000.0,5583000.0,18974000.0,-24869000.0,0.0,0.0,0.0,-30912000.0,-55781000.0,-0.654,-55781000.0,-30912000.0,-30912000.0,-0.082,,-0.082,299235000.0,,299235000.0,,,,-23035000.0,-0.1,1.0,60508000.0,0.709,31643000.0,0.0,236687000.0,,4448000.0,153434000.0,153434000.0,0.0,118785000.0,110689000.0,8096000.0,,11150000.0,40000.0,3400000.0,-1575000.0,0.0,1825000.0,23920000.0,32658000.0,-14595000.0,0.0,-21979000.0,-21979000.0,-21979000.0,968000.0,0.0,-0.258,92708000.0,-32200000.0,33972000.0,0.0,,,-78.193,95611000.0,0.0,6.021,,3.028,49473000.0,-231539000.0,85293000.0,85293000.0,19189000.0,,,,,0.0,35097000.0,1.0,,229926000,,0.371,386377000.0,26097000.0,-8933000.0,2513000.0,1.68,169724000.0
101,INTU,MRQ,1996-03-31,1996-04-30,1996-04-30,2021-09-08,,,,,,,,-14297000.0,,,35028000.0,-308000.0,,,,,,,,16029000.0,,0.0,0.0,388000.0,16417000.0,0.124,16417000.0,388000.0,388000.0,-0.002,,-0.002,,,,,,,20321000.0,0.075,1.0,97041000.0,0.735,,0.0,,,,,,,,,,,-23860000.0,0.0,-3624000.0,-59000.0,0.0,-3683000.0,-54795000.0,-40639000.0,34618000.0,0.0,-308000.0,-308000.0,-308000.0,1581000.0,0.0,-0.002,97091000.0,-50000.0,,0.0,,,,,0.0,8.583,,,,,132069000.0,132069000.0,18176000.0,,,,,0.0,41399000.0,1.0,,271374000,,0.487,,,696000.0,,,
102,INTU,MRQ,1995-12-31,1996-01-31,1996-01-31,2021-09-08,,,,,,,,,,,49241000.0,21910000.0,,,,,,,,,,0.0,0.0,52876000.0,,,,52876000.0,52876000.0,0.077,,0.077,,,,,,,,,1.0,169755000.0,0.775,,0.0,,,,,,,,,,,,,,,,,,,,,21910000.0,21910000.0,21910000.0,2157000.0,0.0,0.1,116029000.0,53726000.0,,0.0,,,,,0.0,9.375,,,,,218996000.0,218996000.0,18042000.0,,,,,,52543000.0,1.0,,286932000,,0.763,,,30966000.0,,,
0,INTU,MRT,2021-06-30,2021-07-31,2021-07-31,2021-09-08,-24000000.0,15516000000.0,13894750000.0,5157000000.0,10359000000.0,0.693,36.552,-125000000.0,2562000000.0,2562000000.0,1633000000.0,2062000000.0,1.942,0.572,2414000000.0,0.0,2414000000.0,2414000000.0,684000000.0,425000000.0,457000000.0,0.006,2.95,2585000000.0,3010000000.0,0.312,3010000000.0,2585000000.0,2556000000.0,7.65,7.56,7.65,9869000000.0,8484250000.0,9869000000.0,144053213202.0,56.0,47.858,3125000000.0,11.574,1.0,8000000000.0,0.83,8865000000.0,29000000.0,3848000000.0,3533750000.0,0.0,1351000000.0,1308000000.0,43000000.0,5647000000.0,2655000000.0,2992000000.0,144819213202.0,-3878000000.0,-3064000000.0,-809000000.0,-1338000000.0,-646000000.0,-3176000000.0,-3965000000.0,-806000000.0,3250000000.0,13000000.0,2062000000.0,2062000000.0,2062000000.0,0.0,0.0,0.214,5500000000.0,2500000000.0,623000000.0,0.386,14.674,70.232,69.277,1160000000.0,0.0,529.97,15.034,14.854,391000000.0,12296000000.0,9633000000.0,9633000000.0,1678000000.0,0.148,0.243,0.732,0.268,753000000.0,3626000000.0,1.0,273259266.0,270000000,273000000.0,35.678,6651000000.0,131000000.0,494000000.0,525000000.0,24.633,2502000000.0
1,INTU,MRT,2021-03-31,2021-04-30,2021-04-30,2021-09-08,-24000000.0,15758000000.0,12748500000.0,5327000000.0,10431000000.0,0.697,36.465,-131000000.0,3164000000.0,3164000000.0,1500000000.0,2127000000.0,1.964,0.583,2398000000.0,0.0,2398000000.0,2398000000.0,650000000.0,359000000.0,348000000.0,0.007,2.89,2668000000.0,3027000000.0,0.341,3027000000.0,2668000000.0,2639000000.0,7.88,7.8,7.88,9955000000.0,7293500000.0,9955000000.0,113662844529.0,43.0,37.55,2864000000.0,10.491,1.0,7388000000.0,0.831,8935000000.0,29000000.0,3345000000.0,3288750000.0,0.0,993000000.0,952000000.0,41000000.0,5803000000.0,2712000000.0,3091000000.0,112865844529.0,-248000000.0,-3064000000.0,-354000000.0,1633000000.0,-624000000.0,251000000.0,-3514000000.0,-346000000.0,2995000000.0,20000000.0,2127000000.0,2127000000.0,2127000000.0,0.0,0.0,0.239,4807000000.0,2581000000.0,601000000.0,0.367,11.338,53.063,52.305,1161000000.0,0.0,412.16,12.699,12.66,554000000.0,12081000000.0,8888000000.0,8888000000.0,1550000000.0,0.167,0.292,0.811,0.3,623000000.0,3124000000.0,1.0,273839879.0,273000000,276000000.0,32.557,6823000000.0,11000000.0,512000000.0,855000000.0,24.993,2615000000.0
2,INTU,MRT,2020-12-31,2021-01-31,2021-01-31,2021-09-08,-23000000.0,14598000000.0,10750000000.0,4094000000.0,10504000000.0,0.718,32.844,-140000000.0,1952000000.0,1952000000.0,1340000000.0,1747000000.0,1.529,0.646,2749000000.0,325000000.0,2424000000.0,2749000000.0,752000000.0,297000000.0,426000000.0,0.008,2.83,2150000000.0,2447000000.0,0.317,2447000000.0,2150000000.0,2126000000.0,6.67,6.61,6.67,8868000000.0,5989750000.0,8868000000.0,92320754789.0,43.0,37.728,2408000000.0,8.919,1.0,6377000000.0,0.826,8982000000.0,24000000.0,3736000000.0,2604000000.0,0.0,827000000.0,786000000.0,41000000.0,5730000000.0,2677000000.0,3053000000.0,94909754789.0,276000000.0,-3045000000.0,-11000000.0,1945000000.0,-602000000.0,989000000.0,-3267000000.0,-121000000.0,2548000000.0,6000000.0,1747000000.0,1747000000.0,1747000000.0,0.0,0.0,0.226,4297000000.0,2080000000.0,486000000.0,0.424,10.702,54.327,54.157,1184000000.0,0.0,361.23,12.299,12.639,465000000.0,10783000000.0,7717000000.0,7717000000.0,1418000000.0,0.163,0.292,0.826,0.279,508000000.0,2807000000.0,1.0,262740511.0,270000000,273000000.0,28.581,5616000000.0,159000000.0,379000000.0,580000000.0,20.8,1417000000.0
3,INTU,MRT,2020-09-30,2020-10-31,2020-10-31,2021-09-08,-35000000.0,9707000000.0,8775750000.0,6651000000.0,3056000000.0,0.893,19.943,-137000000.0,5174000000.0,5174000000.0,1321000000.0,1967000000.0,3.091,0.851,2585000000.0,325000000.0,2260000000.0,2585000000.0,574000000.0,264000000.0,484000000.0,0.009,2.77,2406000000.0,2670000000.0,0.341,2670000000.0,2406000000.0,2386000000.0,7.52,7.45,7.52,5245000000.0,4704500000.0,5245000000.0,79533490955.0,33.0,29.788,2449000000.0,9.312,1.0,6516000000.0,0.831,1760000000.0,20000000.0,3206000000.0,2134250000.0,0.0,647000000.0,619000000.0,28000000.0,4462000000.0,2152000000.0,2310000000.0,82385490955.0,3615000000.0,-85000000.0,53000000.0,1933000000.0,-578000000.0,1206000000.0,-170000000.0,75000000.0,2586000000.0,-7000000.0,1967000000.0,1967000000.0,1967000000.0,0.0,0.0,0.251,4141000000.0,2375000000.0,256000000.0,0.368,15.707,41.884,41.846,975000000.0,0.0,314.68,10.512,10.56,99000000.0,10926000000.0,7837000000.0,7837000000.0,1383000000.0,0.224,0.418,1.127,0.307,435000000.0,2729000000.0,1.0,261807204.0,263000000,265000000.0,29.798,7947000000.0,89000000.0,419000000.0,0.0,30.217,4499000000.0
4,INTU,MRT,2020-06-30,2020-07-31,2020-07-31,2021-09-08,-32000000.0,10931000000.0,7894750000.0,7980000000.0,2951000000.0,0.973,19.563,-137000000.0,6442000000.0,6442000000.0,1356000000.0,1826000000.0,2.261,1.141,3590000000.0,1338000000.0,2252000000.0,3590000000.0,652000000.0,278000000.0,455000000.0,0.007,2.12,2212000000.0,2490000000.0,0.324,2490000000.0,2212000000.0,2198000000.0,6.99,6.92,6.99,5106000000.0,4301500000.0,5106000000.0,77134515436.0,35.0,30.978,2277000000.0,8.724,1.0,6323000000.0,0.823,1682000000.0,14000000.0,2868000000.0,1785750000.0,0.0,627000000.0,608000000.0,19000000.0,5825000000.0,3529000000.0,2296000000.0,79892515436.0,4345000000.0,0.0,-112000000.0,2933000000.0,-561000000.0,2034000000.0,-97000000.0,69000000.0,2414000000.0,-6000000.0,1826000000.0,1826000000.0,1826000000.0,0.0,0.0,0.238,4147000000.0,2176000000.0,305000000.0,0.303,15.647,43.753,43.83,960000000.0,0.0,306.37,10.404,10.413,149000000.0,10885000000.0,7679000000.0,7679000000.0,1392000000.0,0.231,0.425,1.239,0.288,435000000.0,2727000000.0,1.0,260771340.0,261000000,264000000.0,29.421,9249000000.0,77000000.0,372000000.0,2000000.0,35.437,4451000000.0
5,INTU,MRT,2020-03-31,2020-04-30,2020-04-30,2021-09-08,-44000000.0,7764000000.0,6732750000.0,4862000000.0,2902000000.0,1.018,18.161,-133000000.0,3371000000.0,3371000000.0,1315000000.0,1337000000.0,1.792,0.638,613000000.0,350000000.0,263000000.0,613000000.0,632000000.0,273000000.0,389000000.0,0.008,2.06,1585000000.0,1858000000.0,0.271,1858000000.0,1585000000.0,1575000000.0,5.12,5.07,5.12,4740000000.0,3962250000.0,4740000000.0,69338662012.0,44.0,37.319,1872000000.0,7.172,1.0,5542000000.0,0.808,1687000000.0,10000000.0,606000000.0,1300750000.0,0.0,619000000.0,600000000.0,19000000.0,3024000000.0,2713000000.0,311000000.0,70282662012.0,431000000.0,-64000000.0,-258000000.0,-50000000.0,-546000000.0,-1136000000.0,-429000000.0,-208000000.0,2005000000.0,-9000000.0,1337000000.0,1337000000.0,1337000000.0,0.0,0.0,0.195,4002000000.0,1540000000.0,384000000.0,0.402,14.828,52.567,52.697,965000000.0,0.0,269.81,10.25,10.27,219000000.0,10581000000.0,6857000000.0,6857000000.0,1332000000.0,0.199,0.337,1.219,0.231,419000000.0,2641000000.0,1.0,260489463.0,261000000,264000000.0,26.272,6077000000.0,6000000.0,238000000.0,347000000.0,23.284,2149000000.0
6,INTU,MRT,2019-12-31,2020-01-31,2020-01-31,2021-09-08,-35000000.0,6701000000.0,6521000000.0,3690000000.0,3011000000.0,1.093,14.28,-143000000.0,1641000000.0,1641000000.0,1243000000.0,1631000000.0,1.674,0.798,697000000.0,38000000.0,659000000.0,697000000.0,671000000.0,259000000.0,461000000.0,0.007,2.0,1976000000.0,2235000000.0,0.314,2235000000.0,1976000000.0,1964000000.0,6.27,6.18,6.27,3727000000.0,3794750000.0,3727000000.0,72073009049.0,36.0,32.247,2173000000.0,8.326,1.0,5884000000.0,0.826,1696000000.0,12000000.0,1857000000.0,1267750000.0,0.0,638000000.0,625000000.0,13000000.0,2974000000.0,2204000000.0,770000000.0,72983009049.0,593000000.0,-64000000.0,-309000000.0,-2000000.0,-530000000.0,-1097000000.0,-623000000.0,-381000000.0,2316000000.0,-3000000.0,1631000000.0,1631000000.0,1631000000.0,0.0,0.0,0.229,3973000000.0,1911000000.0,455000000.0,0.319,19.582,44.747,44.718,1055000000.0,0.0,280.38,10.24,10.268,603000000.0,9637000000.0,7127000000.0,7127000000.0,1311000000.0,0.25,0.43,1.559,0.277,414000000.0,2634000000.0,1.0,260300339.0,261000000,264000000.0,27.307,5005000000.0,52000000.0,333000000.0,55000000.0,19.176,1486000000.0
7,INTU,MRT,2019-09-30,2019-10-31,2019-10-31,2021-09-08,-35000000.0,6183000000.0,6179500000.0,3162000000.0,3021000000.0,1.122,13.92,-158000000.0,1630000000.0,1630000000.0,1189000000.0,1580000000.0,1.8,0.702,720000000.0,50000000.0,670000000.0,720000000.0,554000000.0,241000000.0,413000000.0,0.008,1.94,1930000000.0,2171000000.0,0.313,2171000000.0,1930000000.0,1917000000.0,6.08,5.99,6.08,3633000000.0,3562000000.0,3633000000.0,65288962815.0,34.0,30.073,2182000000.0,8.36,1.0,5744000000.0,0.829,1704000000.0,13000000.0,1812000000.0,1056500000.0,0.0,638000000.0,625000000.0,13000000.0,2550000000.0,1757000000.0,793000000.0,66968962815.0,521000000.0,-64000000.0,-374000000.0,-2000000.0,-513000000.0,-1179000000.0,-641000000.0,-394000000.0,2340000000.0,1000000.0,1580000000.0,1580000000.0,1580000000.0,0.0,0.0,0.228,3870000000.0,1874000000.0,272000000.0,0.319,18.434,42.385,42.352,1080000000.0,0.0,257.5,9.659,9.694,104000000.0,9537000000.0,6933000000.0,6933000000.0,1273000000.0,0.256,0.444,1.827,0.278,407000000.0,2570000000.0,1.0,260073642.0,261000000,264000000.0,26.563,4479000000.0,86000000.0,337000000.0,68000000.0,17.161,1405000000.0
8,INTU,MRT,2019-06-30,2019-07-31,2019-07-31,2021-09-08,-36000000.0,6283000000.0,5865750000.0,3594000000.0,2689000000.0,1.157,14.419,-155000000.0,2116000000.0,2116000000.0,1147000000.0,1557000000.0,1.828,0.676,436000000.0,50000000.0,386000000.0,436000000.0,619000000.0,225000000.0,436000000.0,0.007,1.88,1896000000.0,2121000000.0,0.313,2121000000.0,1896000000.0,1881000000.0,5.99,5.89,5.99,3749000000.0,3349250000.0,3749000000.0,69392783094.0,37.0,32.717,2169000000.0,8.342,1.0,5637000000.0,0.831,1709000000.0,15000000.0,928000000.0,858000000.0,0.0,637000000.0,624000000.0,13000000.0,2534000000.0,1966000000.0,568000000.0,71890783094.0,721000000.0,-64000000.0,-272000000.0,-2000000.0,-501000000.0,-965000000.0,-635000000.0,-414000000.0,2324000000.0,-3000000.0,1557000000.0,1557000000.0,1557000000.0,0.0,0.0,0.23,3783000000.0,1854000000.0,274000000.0,0.314,19.176,46.173,46.295,780000000.0,0.0,277.31,10.597,10.628,87000000.0,9621000000.0,6784000000.0,6784000000.0,1233000000.0,0.265,0.465,2.21,0.279,401000000.0,2524000000.0,1.0,259243385.0,260000000,264000000.0,26.092,4574000000.0,66000000.0,324000000.0,37000000.0,17.592,1628000000.0
9,INTU,MRT,2019-03-31,2019-04-30,2019-04-30,2021-09-08,-38000000.0,6917000000.0,5578500000.0,4249000000.0,2668000000.0,1.193,15.654,-156000000.0,2946000000.0,2946000000.0,1095000000.0,1563000000.0,1.855,0.7,448000000.0,50000000.0,398000000.0,448000000.0,572000000.0,228000000.0,383000000.0,0.007,1.8,1841000000.0,2069000000.0,0.311,2069000000.0,1841000000.0,1825000000.0,6.0,5.91,6.0,4070000000.0,3116000000.0,4070000000.0,64380865874.0,35.0,31.117,2253000000.0,8.665,1.0,5559000000.0,0.835,1654000000.0,16000000.0,474000000.0,799250000.0,0.0,413000000.0,400000000.0,13000000.0,2847000000.0,2291000000.0,556000000.0,65042865874.0,1296000000.0,0.0,-87000000.0,-2000000.0,-476000000.0,-795000000.0,-308000000.0,-174000000.0,2409000000.0,-10000000.0,1563000000.0,1563000000.0,1563000000.0,0.0,0.0,0.235,3752000000.0,1807000000.0,383000000.0,0.3,15.981,41.614,41.843,799000000.0,0.0,251.06,9.775,9.81,262000000.0,9789000000.0,6654000000.0,6654000000.0,1211000000.0,0.28,0.502,2.303,0.277,402000000.0,2515000000.0,1.0,259072994.0,260000000,264000000.0,25.592,5263000000.0,3000000.0,262000000.0,351000000.0,20.242,1958000000.0
10,INTU,MRT,2018-12-31,2019-01-31,2019-01-31,2021-09-08,-36000000.0,5335000000.0,5296000000.0,2644000000.0,2691000000.0,1.188,10.754,-127000000.0,1075000000.0,1075000000.0,1046000000.0,1371000000.0,1.321,0.908,413000000.0,50000000.0,363000000.0,413000000.0,639000000.0,238000000.0,434000000.0,0.008,1.72,1648000000.0,1886000000.0,0.3,1886000000.0,1648000000.0,1631000000.0,5.32,5.22,5.32,2796000000.0,2689500000.0,2796000000.0,55348139146.0,34.0,29.347,2009000000.0,7.727,1.0,5248000000.0,0.834,1660000000.0,17000000.0,1012000000.0,740500000.0,0.0,271000000.0,258000000.0,13000000.0,2539000000.0,2001000000.0,538000000.0,56007139146.0,609000000.0,-1000000.0,6000000.0,-690000000.0,-453000000.0,-1307000000.0,-204000000.0,-114000000.0,2136000000.0,-16000000.0,1371000000.0,1371000000.0,1371000000.0,0.0,0.0,0.218,3624000000.0,1624000000.0,400000000.0,0.323,20.031,40.851,40.568,810000000.0,0.0,215.82,8.898,8.915,554000000.0,8537000000.0,6294000000.0,6294000000.0,1196000000.0,0.259,0.51,2.226,0.262,396000000.0,2401000000.0,1.0,259508568.0,260000000,264000000.0,24.208,3675000000.0,70000000.0,260000000.0,51000000.0,14.135,643000000.0
11,INTU,MRT,2018-09-30,2018-10-31,2018-10-31,2021-09-08,-40000000.0,4928000000.0,5186750000.0,2232000000.0,2696000000.0,1.182,10.7,-109000000.0,1084000000.0,1084000000.0,1009000000.0,1365000000.0,1.407,0.771,425000000.0,50000000.0,375000000.0,425000000.0,513000000.0,245000000.0,438000000.0,0.008,1.64,1608000000.0,1853000000.0,0.302,1853000000.0,1608000000.0,1589000000.0,5.31,5.2,5.31,2782000000.0,2279750000.0,2782000000.0,53553711820.0,33.0,28.901,1938000000.0,7.454,1.0,5122000000.0,0.835,1665000000.0,19000000.0,1018000000.0,687750000.0,0.0,261000000.0,248000000.0,13000000.0,2146000000.0,1586000000.0,560000000.0,54579711820.0,674000000.0,-363000000.0,133000000.0,-450000000.0,-431000000.0,-908000000.0,-455000000.0,-5000000.0,2047000000.0,-10000000.0,1365000000.0,1365000000.0,1365000000.0,0.0,0.0,0.223,3537000000.0,1585000000.0,209000000.0,0.309,19.619,39.985,39.736,805000000.0,0.0,211.0,8.902,8.948,77000000.0,8472000000.0,6131000000.0,6131000000.0,1187000000.0,0.263,0.599,2.338,0.262,390000000.0,2325000000.0,1.0,258671620.0,260000000,264000000.0,23.581,3263000000.0,116000000.0,224000000.0,65000000.0,12.55,646000000.0
12,INTU,MRT,2018-06-30,2018-07-31,2018-07-31,2021-09-08,-36000000.0,5134000000.0,4970750000.0,2422000000.0,2712000000.0,1.212,11.0,-124000000.0,1464000000.0,1464000000.0,963000000.0,1329000000.0,1.39,0.823,438000000.0,50000000.0,388000000.0,438000000.0,581000000.0,253000000.0,367000000.0,0.008,1.56,1586000000.0,1839000000.0,0.305,1839000000.0,1586000000.0,1566000000.0,5.18,5.09,5.18,2816000000.0,1885000000.0,2816000000.0,51241590716.0,32.0,27.864,1988000000.0,7.766,1.0,5062000000.0,0.84,1672000000.0,20000000.0,693000000.0,678500000.0,0.0,265000000.0,252000000.0,13000000.0,2318000000.0,1743000000.0,575000000.0,52405590716.0,930000000.0,-363000000.0,23000000.0,-50000000.0,-407000000.0,-639000000.0,-532000000.0,-48000000.0,2112000000.0,-11000000.0,1329000000.0,1329000000.0,1329000000.0,0.0,0.0,0.221,3502000000.0,1560000000.0,178000000.0,0.301,18.61,39.432,39.429,812000000.0,0.0,204.24,8.698,8.678,98000000.0,8564000000.0,6025000000.0,6025000000.0,1186000000.0,0.267,0.705,2.338,0.263,382000000.0,2295000000.0,1.0,256588282.0,256000000,261000000.0,23.535,3462000000.0,39000000.0,237000000.0,68000000.0,13.523,679000000.0
13,INTU,MRT,2018-03-31,2018-04-30,2018-04-30,2021-09-08,-30000000.0,5787000000.0,4704250000.0,2845000000.0,2942000000.0,1.28,9.198,-149000000.0,1614000000.0,1614000000.0,920000000.0,1405000000.0,1.053,1.448,450000000.0,50000000.0,400000000.0,450000000.0,1213000000.0,253000000.0,419000000.0,0.008,1.51,1791000000.0,2044000000.0,0.339,2044000000.0,1791000000.0,1772000000.0,5.48,5.37,5.48,2364000000.0,1519500000.0,2364000000.0,47951763517.0,27.0,23.46,1710000000.0,6.654,1.0,5102000000.0,0.847,1681000000.0,19000000.0,239000000.0,696750000.0,0.0,350000000.0,322000000.0,28000000.0,3423000000.0,2703000000.0,720000000.0,47326763517.0,379000000.0,-363000000.0,-357000000.0,-50000000.0,-393000000.0,-952000000.0,-536000000.0,-21000000.0,1859000000.0,8000000.0,1405000000.0,1405000000.0,1405000000.0,0.0,0.0,0.233,3329000000.0,1773000000.0,325000000.0,0.276,20.02,33.685,33.721,950000000.0,0.0,184.79,7.859,7.886,309000000.0,8155000000.0,6022000000.0,6022000000.0,1138000000.0,0.299,0.925,2.571,0.297,368000000.0,2174000000.0,1.0,256111064.0,257000000,262000000.0,23.432,4106000000.0,130000000.0,367000000.0,356000000.0,15.977,142000000.0
14,INTU,MRT,2017-12-31,2018-01-31,2018-01-31,2021-09-08,-20000000.0,4898000000.0,4499750000.0,1902000000.0,2996000000.0,1.256,4.52,-175000000.0,478000000.0,478000000.0,854000000.0,1183000000.0,0.627,3.233,1103000000.0,690000000.0,413000000.0,1103000000.0,1290000000.0,251000000.0,422000000.0,0.009,1.46,1630000000.0,1881000000.0,0.333,1881000000.0,1630000000.0,1608000000.0,4.62,4.54,4.62,1157000000.0,1352750000.0,1157000000.0,43269601420.0,27.0,23.004,1511000000.0,5.902,1.0,4797000000.0,0.849,1690000000.0,22000000.0,801000000.0,713000000.0,0.0,276000000.0,248000000.0,28000000.0,3741000000.0,3032000000.0,709000000.0,42923601420.0,204000000.0,-362000000.0,-419000000.0,-47000000.0,-381000000.0,-999000000.0,-496000000.0,69000000.0,1686000000.0,13000000.0,1183000000.0,1183000000.0,1183000000.0,0.0,0.0,0.209,3181000000.0,1616000000.0,343000000.0,0.316,37.099,36.284,36.342,984000000.0,0.0,167.9,7.596,7.606,532000000.0,7057000000.0,5651000000.0,5651000000.0,1088000000.0,0.263,0.875,2.286,0.288,347000000.0,2079000000.0,1.0,255649800.0,256000000,260000000.0,22.074,3208000000.0,165000000.0,425000000.0,0.0,12.531,-1130000000.0
15,INTU,MRT,2017-09-30,2017-10-31,2017-10-31,2021-09-08,-28000000.0,4064000000.0,4368500000.0,1415000000.0,2649000000.0,1.22,4.699,-194000000.0,529000000.0,529000000.0,814000000.0,1013000000.0,0.668,2.378,875000000.0,450000000.0,425000000.0,875000000.0,990000000.0,246000000.0,319000000.0,0.009,1.41,1452000000.0,1698000000.0,0.319,1698000000.0,1452000000.0,1425000000.0,3.95,3.89,3.95,1203000000.0,1259750000.0,1203000000.0,38465098574.0,26.0,22.653,1532000000.0,5.984,1.0,4514000000.0,0.847,1312000000.0,27000000.0,981000000.0,763000000.0,0.0,279000000.0,248000000.0,31000000.0,2861000000.0,2117000000.0,744000000.0,38506098574.0,184000000.0,0.0,-566000000.0,-225000000.0,-369000000.0,-1308000000.0,-243000000.0,-22000000.0,1726000000.0,9000000.0,1013000000.0,1013000000.0,1013000000.0,0.0,0.0,0.19,3070000000.0,1444000000.0,220000000.0,0.357,32.008,38.012,38.233,1016000000.0,0.0,151.02,7.227,7.256,116000000.0,7180000000.0,5328000000.0,5328000000.0,1045000000.0,0.232,0.804,1.903,0.273,334000000.0,2012000000.0,1.0,254973504.0,256000000,256000000.0,20.812,2752000000.0,205000000.0,412000000.0,0.0,10.75,-702000000.0
16,INTU,MRT,2017-06-30,2017-07-31,2017-07-31,2021-09-08,-22000000.0,4068000000.0,4335750000.0,1415000000.0,2653000000.0,1.198,5.268,-230000000.0,529000000.0,529000000.0,798000000.0,985000000.0,0.728,2.004,488000000.0,50000000.0,438000000.0,488000000.0,1089000000.0,236000000.0,372000000.0,0.01,1.36,1421000000.0,1657000000.0,0.319,1657000000.0,1421000000.0,1390000000.0,3.83,3.78,3.83,1354000000.0,1193000000.0,1354000000.0,34305523730.0,24.0,20.703,1369000000.0,5.327,1.0,4398000000.0,0.846,1317000000.0,31000000.0,766000000.0,807750000.0,0.0,279000000.0,248000000.0,31000000.0,2714000000.0,1944000000.0,770000000.0,35155523730.0,-41000000.0,0.0,-613000000.0,-512000000.0,-353000000.0,-1632000000.0,-17000000.0,258000000.0,1599000000.0,9000000.0,985000000.0,985000000.0,985000000.0,0.0,0.0,0.19,2980000000.0,1418000000.0,157000000.0,0.355,25.964,35.691,35.825,1030000000.0,0.0,137.21,6.766,6.787,103000000.0,7297000000.0,5196000000.0,5196000000.0,998000000.0,0.227,0.826,1.759,0.273,326000000.0,1968000000.0,1.0,256216921.0,257000000,261000000.0,20.218,2751000000.0,195000000.0,405000000.0,0.0,10.704,-529000000.0
17,INTU,MRT,2017-03-31,2017-04-30,2017-04-30,2021-09-08,-36000000.0,4969000000.0,4381250000.0,2255000000.0,2714000000.0,1.162,6.629,-251000000.0,1350000000.0,1350000000.0,783000000.0,907000000.0,0.904,1.928,500000000.0,50000000.0,450000000.0,500000000.0,1133000000.0,237000000.0,323000000.0,0.011,1.32,1352000000.0,1589000000.0,0.312,1589000000.0,1352000000.0,1315000000.0,3.56,3.51,3.56,1697000000.0,1144750000.0,1697000000.0,32784880543.0,24.0,20.632,1357000000.0,5.301,1.0,4306000000.0,0.846,1321000000.0,37000000.0,304000000.0,875000000.0,0.0,271000000.0,243000000.0,28000000.0,3272000000.0,2494000000.0,778000000.0,32026880543.0,61000000.0,0.0,-325000000.0,-500000000.0,-345000000.0,-1304000000.0,-229000000.0,3000000.0,1608000000.0,-14000000.0,907000000.0,907000000.0,907000000.0,0.0,0.0,0.178,2957000000.0,1349000000.0,269000000.0,0.371,18.873,35.311,35.171,1041000000.0,0.0,125.21,6.293,6.299,245000000.0,7363000000.0,5089000000.0,5089000000.0,970000000.0,0.207,0.792,1.545,0.266,351000000.0,1965000000.0,1.0,255785325.0,256000000,260000000.0,19.879,3648000000.0,183000000.0,408000000.0,435000000.0,14.25,-239000000.0
18,INTU,MRT,2016-12-31,2017-01-31,2017-01-31,2021-09-08,-34000000.0,4373000000.0,4374000000.0,1679000000.0,2694000000.0,1.109,3.054,-260000000.0,392000000.0,392000000.0,760000000.0,969000000.0,0.599,4.571,1150000000.0,687000000.0,463000000.0,1150000000.0,1254000000.0,237000000.0,324000000.0,0.011,1.28,1370000000.0,1607000000.0,0.331,1607000000.0,1370000000.0,1331000000.0,3.8,3.75,3.8,785000000.0,1032500000.0,785000000.0,31172139850.0,23.0,19.398,1158000000.0,4.506,1.0,4092000000.0,0.843,1327000000.0,39000000.0,1001000000.0,910750000.0,0.0,273000000.0,245000000.0,28000000.0,3588000000.0,2803000000.0,785000000.0,30432139850.0,58000000.0,463000000.0,-724000000.0,-95000000.0,-334000000.0,-1289000000.0,-79000000.0,-323000000.0,1418000000.0,8000000.0,969000000.0,969000000.0,969000000.0,-178000000.0,0.0,0.2,2902000000.0,1190000000.0,258000000.0,0.337,38.767,31.406,31.205,1047000000.0,0.0,118.58,6.272,6.281,521000000.0,6488000000.0,4852000000.0,4852000000.0,952000000.0,0.222,0.938,1.504,0.282,353000000.0,1924000000.0,1.0,256638049.0,257000000,260000000.0,18.879,3046000000.0,213000000.0,362000000.0,0.0,11.852,-1124000000.0
19,INTU,MRT,2016-09-30,2016-10-31,2016-10-31,2021-09-08,-37000000.0,3933000000.0,4368000000.0,1262000000.0,2671000000.0,1.09,3.628,-538000000.0,360000000.0,360000000.0,750000000.0,980000000.0,0.579,3.202,1100000000.0,625000000.0,475000000.0,1100000000.0,936000000.0,238000000.0,326000000.0,0.011,1.24,1381000000.0,1619000000.0,0.34,1619000000.0,1381000000.0,1344000000.0,3.84,3.79,3.84,936000000.0,996500000.0,936000000.0,28410183774.0,21.0,17.548,905000000.0,3.508,1.0,4009000000.0,0.842,1332000000.0,37000000.0,1160000000.0,1052000000.0,0.0,273000000.0,245000000.0,28000000.0,2997000000.0,2181000000.0,816000000.0,28048183774.0,-114000000.0,463000000.0,-993000000.0,250000000.0,-325000000.0,-1204000000.0,-347000000.0,-295000000.0,1443000000.0,-6000000.0,980000000.0,980000000.0,980000000.0,-173000000.0,0.0,0.206,2799000000.0,1210000000.0,165000000.0,0.323,29.966,28.621,28.318,1047000000.0,0.0,108.74,5.894,5.895,121000000.0,6564000000.0,4759000000.0,4759000000.0,914000000.0,0.224,0.983,1.313,0.29,351000000.0,1855000000.0,1.0,257938052.0,258000000,258000000.0,18.446,2601000000.0,208000000.0,364000000.0,0.0,10.081,-919000000.0
20,INTU,MRT,2016-06-30,2016-07-31,2016-07-31,2021-09-08,-32000000.0,4250000000.0,4343000000.0,1614000000.0,2636000000.0,1.081,4.431,-522000000.0,638000000.0,638000000.0,730000000.0,979000000.0,0.717,2.661,1000000000.0,512000000.0,488000000.0,1000000000.0,1005000000.0,238000000.0,304000000.0,0.011,1.2,1411000000.0,1649000000.0,0.351,1649000000.0,1411000000.0,1376000000.0,3.73,3.69,3.73,1161000000.0,1025250000.0,1161000000.0,28110151258.0,20.0,17.047,938000000.0,3.58,1.0,3964000000.0,0.844,1326000000.0,35000000.0,1035000000.0,1004750000.0,0.0,470000000.0,442000000.0,28000000.0,3089000000.0,2251000000.0,838000000.0,28399151258.0,-170000000.0,463000000.0,-2067000000.0,500000000.0,-318000000.0,-1999000000.0,371000000.0,385000000.0,1460000000.0,-2000000.0,979000000.0,979000000.0,979000000.0,-173000000.0,0.0,0.209,2722000000.0,1242000000.0,184000000.0,0.322,24.461,29.008,29.756,1031000000.0,0.0,110.99,6.05,6.195,108000000.0,6687000000.0,4694000000.0,4694000000.0,881000000.0,0.225,0.955,1.404,0.301,340000000.0,1807000000.0,1.0,255871261.0,262000000,265000000.0,17.916,2924000000.0,159000000.0,397000000.0,0.0,11.16,-637000000.0
21,INTU,MRT,2016-03-31,2016-04-30,2016-04-30,2021-09-08,-26000000.0,4940000000.0,4522500000.0,2311000000.0,2629000000.0,1.025,4.856,-527000000.0,1289000000.0,1289000000.0,732000000.0,1033000000.0,0.807,2.958,1000000000.0,500000000.0,500000000.0,1000000000.0,1028000000.0,236000000.0,372000000.0,0.011,1.15,1448000000.0,1684000000.0,0.363,1684000000.0,1448000000.0,1416000000.0,4.04,3.98,4.04,1248000000.0,1318000000.0,1248000000.0,26821693289.0,19.0,15.927,1081000000.0,4.206,1.0,3904000000.0,0.842,1339000000.0,32000000.0,447000000.0,1136750000.0,0.0,352000000.0,324000000.0,28000000.0,3692000000.0,2865000000.0,827000000.0,25910693289.0,96000000.0,463000000.0,-1985000000.0,500000000.0,-309000000.0,-2000000000.0,491000000.0,646000000.0,1608000000.0,-3000000.0,1033000000.0,1033000000.0,1033000000.0,-289000000.0,0.0,0.223,2736000000.0,1168000000.0,270000000.0,0.285,20.762,25.083,24.973,989000000.0,0.0,100.89,5.589,5.593,214000000.0,6805000000.0,4636000000.0,4636000000.0,861000000.0,0.228,0.784,1.274,0.312,388000000.0,1807000000.0,1.0,256821224.0,257000000,260000000.0,18.039,3601000000.0,169000000.0,383000000.0,442000000.0,14.012,-554000000.0
22,INTU,MRT,2015-12-31,2016-01-31,2016-01-31,2021-09-08,-42000000.0,4349000000.0,4611250000.0,1467000000.0,2882000000.0,0.969,2.437,-539000000.0,334000000.0,334000000.0,715000000.0,508000000.0,0.625,5.785,1245000000.0,245000000.0,1000000000.0,1245000000.0,1114000000.0,233000000.0,373000000.0,0.012,1.1,895000000.0,1128000000.0,0.253,1128000000.0,895000000.0,866000000.0,1.85,1.82,1.85,641000000.0,1586250000.0,641000000.0,25591053558.0,29.0,22.687,932000000.0,3.544,1.0,3752000000.0,0.84,1345000000.0,29000000.0,1566000000.0,1240000000.0,0.0,28000000.0,0.0,28000000.0,3708000000.0,2349000000.0,1359000000.0,25215053558.0,-148000000.0,-19000000.0,-2212000000.0,745000000.0,-301000000.0,-1949000000.0,346000000.0,960000000.0,1471000000.0,-16000000.0,508000000.0,508000000.0,508000000.0,44000000.0,0.0,0.114,2803000000.0,949000000.0,286000000.0,0.595,39.337,49.636,51.627,980000000.0,0.0,95.51,5.645,5.623,512000000.0,5857000000.0,4467000000.0,4467000000.0,839000000.0,0.11,0.32,0.722,0.2,377000000.0,1779000000.0,1.0,264004330.0,263000000,266000000.0,16.985,3004000000.0,319000000.0,358000000.0,0.0,11.422,-882000000.0
23,INTU,MRT,2015-09-30,2015-10-31,2015-10-31,2021-09-08,-32000000.0,3833000000.0,4835250000.0,1427000000.0,2406000000.0,0.888,3.864,-276000000.0,474000000.0,474000000.0,703000000.0,418000000.0,0.756,2.647,850000000.0,350000000.0,500000000.0,850000000.0,792000000.0,232000000.0,347000000.0,0.011,1.05,770000000.0,1002000000.0,0.233,1002000000.0,770000000.0,743000000.0,1.53,1.5,1.53,1051000000.0,2014500000.0,1051000000.0,26709982623.0,35.0,26.657,1243000000.0,4.57,1.0,3590000000.0,0.836,1351000000.0,27000000.0,971000000.0,1168000000.0,0.0,28000000.0,0.0,28000000.0,2782000000.0,1887000000.0,895000000.0,27017982623.0,-68000000.0,-86000000.0,-2164000000.0,350000000.0,-291000000.0,-2260000000.0,695000000.0,1091000000.0,1519000000.0,-22000000.0,418000000.0,418000000.0,418000000.0,45000000.0,0.0,0.097,2772000000.0,818000000.0,178000000.0,0.686,25.707,64.636,63.68,701000000.0,0.0,97.43,6.293,6.173,124000000.0,5914000000.0,4293000000.0,4293000000.0,822000000.0,0.086,0.207,0.659,0.179,359000000.0,1762000000.0,1.0,277306606.0,272000000,272000000.0,15.783,2482000000.0,344000000.0,325000000.0,0.0,9.125,-460000000.0
24,INTU,MRT,2015-06-30,2015-07-31,2015-07-31,2021-09-08,-30000000.0,4968000000.0,5136500000.0,2560000000.0,2408000000.0,0.816,8.299,-261000000.0,808000000.0,808000000.0,695000000.0,365000000.0,1.468,1.13,500000000.0,0.0,500000000.0,500000000.0,843000000.0,231000000.0,337000000.0,0.009,1.0,691000000.0,922000000.0,0.22,922000000.0,691000000.0,664000000.0,1.3,1.28,1.3,2332000000.0,2483500000.0,2332000000.0,28463495111.0,41.0,30.871,1328000000.0,4.726,1.0,3497000000.0,0.834,1353000000.0,27000000.0,1563000000.0,1377750000.0,0.0,916000000.0,889000000.0,27000000.0,2636000000.0,1744000000.0,892000000.0,29157495111.0,-41000000.0,-95000000.0,-1025000000.0,0.0,-283000000.0,-1422000000.0,-182000000.0,205000000.0,1589000000.0,-26000000.0,365000000.0,365000000.0,365000000.0,48000000.0,0.0,0.087,2759000000.0,738000000.0,190000000.0,0.769,12.503,79.884,81.362,682000000.0,0.0,105.77,6.956,7.09,91000000.0,6027000000.0,4192000000.0,4192000000.0,798000000.0,0.071,0.147,0.502,0.165,342000000.0,1771000000.0,1.0,275668858.0,281000000,286000000.0,14.918,3615000000.0,320000000.0,299000000.0,0.0,12.865,816000000.0
25,INTU,MRT,2015-03-31,2015-04-30,2015-04-30,2021-09-08,-20000000.0,5295000000.0,5194750000.0,2867000000.0,2428000000.0,0.76,8.379,-248000000.0,1193000000.0,1193000000.0,659000000.0,322000000.0,1.349,1.281,499000000.0,0.0,499000000.0,499000000.0,941000000.0,220000000.0,330000000.0,0.009,0.94,667000000.0,887000000.0,0.225,887000000.0,667000000.0,639000000.0,1.19,1.16,1.19,2321000000.0,2670000000.0,2321000000.0,27780927305.0,42.0,31.32,1390000000.0,5.018,1.0,3288000000.0,0.833,1615000000.0,28000000.0,860000000.0,1480500000.0,0.0,923000000.0,891000000.0,32000000.0,2974000000.0,2126000000.0,848000000.0,27763927305.0,-381000000.0,-476000000.0,-1253000000.0,0.0,-267000000.0,-1440000000.0,-563000000.0,141000000.0,1638000000.0,-16000000.0,322000000.0,322000000.0,322000000.0,156000000.0,0.0,0.082,2491000000.0,797000000.0,286000000.0,0.79,11.962,86.223,84.311,671000000.0,0.0,100.33,7.034,7.041,210000000.0,6082000000.0,3947000000.0,3947000000.0,749000000.0,0.062,0.121,0.451,0.169,322000000.0,1604000000.0,1.0,276726077.0,277000000,282000000.0,14.249,3680000000.0,143000000.0,317000000.0,230000000.0,13.285,741000000.0
26,INTU,MRT,2014-12-31,2015-01-31,2015-01-31,2021-09-08,-22000000.0,5245000000.0,5273500000.0,2578000000.0,2667000000.0,0.796,8.26,-209000000.0,482000000.0,482000000.0,629000000.0,805000000.0,1.222,1.228,499000000.0,0.0,499000000.0,499000000.0,971000000.0,208000000.0,354000000.0,0.01,0.88,1252000000.0,1460000000.0,0.348,1460000000.0,1252000000.0,1223000000.0,2.85,2.77,2.85,2354000000.0,2899250000.0,2354000000.0,24743799184.0,20.0,16.948,1342000000.0,4.709,1.0,3571000000.0,0.85,1875000000.0,29000000.0,1278000000.0,1611500000.0,0.0,920000000.0,885000000.0,35000000.0,2891000000.0,2109000000.0,782000000.0,24786799184.0,-143000000.0,-481000000.0,-588000000.0,0.0,-252000000.0,-764000000.0,-912000000.0,-200000000.0,1551000000.0,-18000000.0,805000000.0,805000000.0,805000000.0,1000000.0,0.0,0.192,2346000000.0,1225000000.0,273000000.0,0.309,10.53,30.791,30.463,643000000.0,0.0,86.82,5.902,5.891,459000000.0,5652000000.0,4200000000.0,4200000000.0,729000000.0,0.153,0.278,0.777,0.298,309000000.0,1593000000.0,1.0,285496420.0,285000000,285000000.0,14.737,3370000000.0,295000000.0,418000000.0,0.0,11.825,469000000.0
27,INTU,MRT,2014-09-30,2014-10-31,2014-10-31,2021-09-08,-7000000.0,5038000000.0,5141750000.0,2437000000.0,2601000000.0,0.823,10.234,-194000000.0,542000000.0,542000000.0,618000000.0,834000000.0,1.792,0.721,499000000.0,0.0,499000000.0,499000000.0,563000000.0,201000000.0,358000000.0,0.009,0.82,1299000000.0,1500000000.0,0.354,1500000000.0,1299000000.0,1269000000.0,2.95,2.87,2.95,2927000000.0,2869500000.0,2927000000.0,24780390274.0,19.0,16.52,1324000000.0,4.629,1.0,3615000000.0,0.854,1825000000.0,30000000.0,1810000000.0,1629250000.0,0.0,1078000000.0,1047000000.0,31000000.0,2111000000.0,1360000000.0,751000000.0,25130390274.0,125000000.0,-471000000.0,-151000000.0,0.0,-239000000.0,-324000000.0,-1059000000.0,-371000000.0,1518000000.0,-10000000.0,834000000.0,834000000.0,834000000.0,-5000000.0,0.0,0.197,2347000000.0,1268000000.0,198000000.0,0.278,8.586,30.132,29.834,629000000.0,0.0,88.01,5.937,5.946,140000000.0,5791000000.0,4233000000.0,4233000000.0,727000000.0,0.162,0.291,0.797,0.307,300000000.0,1595000000.0,1.0,285540169.0,286000000,286000000.0,14.801,3213000000.0,231000000.0,435000000.0,0.0,11.234,1077000000.0
28,INTU,MRT,2014-06-30,2014-07-31,2014-07-31,2021-09-08,-2000000.0,5201000000.0,4899250000.0,2621000000.0,2580000000.0,0.866,10.8,-186000000.0,849000000.0,849000000.0,603000000.0,907000000.0,1.844,0.69,499000000.0,0.0,499000000.0,499000000.0,498000000.0,197000000.0,289000000.0,0.009,0.76,1385000000.0,1582000000.0,0.373,1582000000.0,1385000000.0,1354000000.0,3.18,3.12,3.18,3078000000.0,2693750000.0,3078000000.0,22195210914.0,16.0,14.03,1260000000.0,4.421,1.0,3640000000.0,0.858,1456000000.0,31000000.0,1974000000.0,1574000000.0,0.0,1096000000.0,1065000000.0,31000000.0,2123000000.0,1421000000.0,702000000.0,23270210914.0,-160000000.0,554000000.0,-1412000000.0,0.0,-220000000.0,-1551000000.0,-49000000.0,-395000000.0,1446000000.0,-6000000.0,907000000.0,907000000.0,907000000.0,-54000000.0,0.0,0.214,2340000000.0,1300000000.0,145000000.0,0.239,7.56,25.656,25.777,589000000.0,0.0,81.97,5.484,5.506,115000000.0,5949000000.0,4243000000.0,4243000000.0,714000000.0,0.185,0.337,0.88,0.326,286000000.0,1601000000.0,1.0,283886921.0,285000000,291000000.0,14.888,3745000000.0,159000000.0,447000000.0,0.0,13.14,1200000000.0
29,INTU,MRT,2014-03-31,2014-04-30,2014-04-30,2021-09-08,12000000.0,5610000000.0,4970500000.0,3438000000.0,2172000000.0,0.845,11.401,-169000000.0,1574000000.0,1574000000.0,562000000.0,920000000.0,2.043,0.733,499000000.0,0.0,499000000.0,499000000.0,499000000.0,210000000.0,273000000.0,0.01,0.74,1386000000.0,1596000000.0,0.38,1596000000.0,1386000000.0,1355000000.0,3.24,3.16,3.24,3238000000.0,2807000000.0,3238000000.0,21335021638.0,15.0,13.368,1167000000.0,4.109,1.0,3639000000.0,0.866,1468000000.0,31000000.0,1384000000.0,1655750000.0,0.0,1090000000.0,1059000000.0,31000000.0,2372000000.0,1683000000.0,689000000.0,21461021638.0,162000000.0,929000000.0,-1284000000.0,0.0,-216000000.0,-1445000000.0,281000000.0,-458000000.0,1336000000.0,-10000000.0,920000000.0,920000000.0,920000000.0,-92000000.0,0.0,0.219,2353000000.0,1286000000.0,193000000.0,0.228,6.628,23.327,23.38,566000000.0,0.0,75.75,5.109,5.121,277000000.0,6033000000.0,4201000000.0,4201000000.0,692000000.0,0.185,0.328,0.837,0.33,270000000.0,1634000000.0,1.0,283313817.0,284000000,290000000.0,14.792,4142000000.0,139000000.0,435000000.0,277000000.0,14.585,1755000000.0
30,INTU,MRT,2013-12-31,2014-01-31,2014-01-31,2021-09-08,10000000.0,4718000000.0,5020500000.0,2541000000.0,2177000000.0,0.778,7.87,-173000000.0,625000000.0,625000000.0,538000000.0,758000000.0,1.42,1.111,499000000.0,0.0,499000000.0,499000000.0,833000000.0,220000000.0,290000000.0,0.01,0.72,1139000000.0,1359000000.0,0.348,1359000000.0,1139000000.0,1108000000.0,2.54,2.48,2.54,2235000000.0,2890000000.0,2235000000.0,20947479686.0,18.0,15.414,1224000000.0,4.31,1.0,3366000000.0,0.862,1453000000.0,31000000.0,1349000000.0,1566500000.0,0.0,751000000.0,706000000.0,45000000.0,2483000000.0,1790000000.0,693000000.0,20865479686.0,226000000.0,947000000.0,-1345000000.0,0.0,-213000000.0,-1503000000.0,345000000.0,-411000000.0,1397000000.0,-13000000.0,758000000.0,758000000.0,758000000.0,-56000000.0,0.0,0.194,2292000000.0,1074000000.0,225000000.0,0.283,9.336,27.527,28.839,573000000.0,0.0,73.25,5.345,5.329,435000000.0,5103000000.0,3904000000.0,3904000000.0,672000000.0,0.151,0.262,0.727,0.292,267000000.0,1592000000.0,1.0,284852965.0,284000000,284000000.0,13.746,3265000000.0,358000000.0,350000000.0,0.0,11.496,751000000.0
31,INTU,MRT,2013-09-30,2013-10-31,2013-10-31,2021-09-08,19000000.0,4068000000.0,5113250000.0,1950000000.0,2118000000.0,0.783,7.722,-172000000.0,417000000.0,417000000.0,529000000.0,866000000.0,1.691,0.829,499000000.0,0.0,499000000.0,499000000.0,474000000.0,228000000.0,228000000.0,0.01,0.7,1276000000.0,1504000000.0,0.375,1504000000.0,1276000000.0,1246000000.0,2.91,2.84,2.91,2224000000.0,3029250000.0,2224000000.0,19678523833.0,15.0,13.084,1149000000.0,3.99,1.0,3477000000.0,0.868,1408000000.0,30000000.0,1589000000.0,1533000000.0,0.0,744000000.0,699000000.0,45000000.0,1844000000.0,1153000000.0,691000000.0,20188523833.0,201000000.0,1002000000.0,-1428000000.0,0.0,-208000000.0,-1579000000.0,464000000.0,-336000000.0,1321000000.0,-5000000.0,866000000.0,866000000.0,866000000.0,-62000000.0,0.0,0.216,2273000000.0,1204000000.0,168000000.0,0.241,9.078,23.312,24.54,563000000.0,0.0,71.41,5.04,5.134,137000000.0,5196000000.0,4006000000.0,4006000000.0,655000000.0,0.169,0.286,0.832,0.319,262000000.0,1589000000.0,1.0,282712839.0,288000000,288000000.0,13.91,2660000000.0,327000000.0,380000000.0,0.0,9.236,797000000.0
32,INTU,MRT,2013-06-30,2013-07-31,2013-07-31,2021-09-08,20000000.0,5486000000.0,5219750000.0,2396000000.0,3090000000.0,0.756,11.889,-195000000.0,1009000000.0,1009000000.0,527000000.0,858000000.0,1.872,0.554,499000000.0,0.0,499000000.0,499000000.0,495000000.0,232000000.0,235000000.0,0.011,0.68,1266000000.0,1498000000.0,0.38,1498000000.0,1266000000.0,1236000000.0,2.89,2.83,2.89,3531000000.0,3159500000.0,3531000000.0,18066462555.0,14.0,12.06,1171000000.0,3.943,1.0,3419000000.0,0.866,1395000000.0,30000000.0,2301000000.0,1463500000.0,0.0,735000000.0,652000000.0,83000000.0,1955000000.0,1280000000.0,675000000.0,18979462555.0,616000000.0,43000000.0,-127000000.0,0.0,-203000000.0,-262000000.0,-485000000.0,-308000000.0,1366000000.0,-3000000.0,858000000.0,858000000.0,858000000.0,-51000000.0,0.0,0.217,2211000000.0,1208000000.0,137000000.0,0.235,5.375,22.121,22.118,555000000.0,0.0,63.92,4.81,4.811,130000000.0,5262000000.0,3946000000.0,3946000000.0,647000000.0,0.164,0.272,0.865,0.321,264000000.0,1534000000.0,1.0,296925259.0,297000000,303000000.0,13.286,4091000000.0,228000000.0,378000000.0,0.0,13.774,1116000000.0
33,INTU,MRT,2013-03-31,2013-04-30,2013-04-30,2021-09-08,29000000.0,5810000000.0,5019250000.0,2700000000.0,3110000000.0,0.766,12.02,-218000000.0,1412000000.0,1412000000.0,451000000.0,878000000.0,1.746,0.627,499000000.0,0.0,499000000.0,499000000.0,423000000.0,226000000.0,184000000.0,0.011,0.66,1287000000.0,1513000000.0,0.393,1513000000.0,1287000000.0,1256000000.0,2.97,2.9,2.97,3570000000.0,2962750000.0,3570000000.0,17776630477.0,14.0,11.749,1160000000.0,3.906,1.0,3394000000.0,0.883,2324000000.0,31000000.0,1027000000.0,1396250000.0,0.0,671000000.0,583000000.0,88000000.0,2240000000.0,1546000000.0,694000000.0,17676630477.0,553000000.0,-343000000.0,-210000000.0,0.0,-196000000.0,-333000000.0,-490000000.0,90000000.0,1378000000.0,-2000000.0,878000000.0,878000000.0,878000000.0,-44000000.0,0.0,0.228,2155000000.0,1239000000.0,231000000.0,0.222,4.951,20.133,20.081,588000000.0,0.0,59.64,4.597,4.607,312000000.0,5334000000.0,3845000000.0,3845000000.0,631000000.0,0.175,0.296,0.922,0.335,260000000.0,1498000000.0,1.0,296388841.0,297000000,304000000.0,12.946,3486000000.0,137000000.0,378000000.0,274000000.0,11.737,1154000000.0
34,INTU,MRT,2012-12-31,2013-01-31,2013-01-31,2021-09-08,29000000.0,5089000000.0,4845750000.0,1912000000.0,3177000000.0,0.759,9.432,-219000000.0,399000000.0,399000000.0,505000000.0,790000000.0,1.198,0.823,499000000.0,0.0,499000000.0,499000000.0,649000000.0,221000000.0,284000000.0,0.01,0.64,1155000000.0,1376000000.0,0.374,1376000000.0,1155000000.0,1120000000.0,2.69,2.61,2.69,2792000000.0,2779000000.0,2792000000.0,18750835919.0,16.0,13.627,988000000.0,3.338,1.0,3175000000.0,0.863,2378000000.0,35000000.0,1215000000.0,1426500000.0,0.0,367000000.0,279000000.0,88000000.0,2297000000.0,1596000000.0,701000000.0,18467835919.0,122000000.0,-337000000.0,-315000000.0,-500000000.0,-190000000.0,-922000000.0,-162000000.0,412000000.0,1207000000.0,-1000000.0,790000000.0,790000000.0,790000000.0,-78000000.0,0.0,0.215,2107000000.0,1068000000.0,213000000.0,0.238,6.615,23.377,23.19,599000000.0,0.0,62.38,5.018,5.018,541000000.0,4563000000.0,3680000000.0,3680000000.0,628000000.0,0.163,0.284,0.81,0.314,251000000.0,1460000000.0,1.0,296053798.0,296000000,303000000.0,12.432,2711000000.0,299000000.0,330000000.0,0.0,9.159,316000000.0
35,INTU,MRT,2012-09-30,2012-10-31,2012-10-31,2021-09-08,29000000.0,4494000000.0,4814000000.0,1334000000.0,3160000000.0,0.788,9.274,-222000000.0,216000000.0,216000000.0,546000000.0,837000000.0,1.242,0.637,499000000.0,0.0,499000000.0,499000000.0,421000000.0,224000000.0,209000000.0,0.01,0.62,1259000000.0,1483000000.0,0.391,1483000000.0,1259000000.0,1216000000.0,2.85,2.77,2.85,2745000000.0,2636750000.0,2745000000.0,17659922421.0,14.0,11.908,989000000.0,3.341,1.0,3249000000.0,0.856,2392000000.0,43000000.0,1311000000.0,1525500000.0,0.0,417000000.0,342000000.0,75000000.0,1749000000.0,1074000000.0,675000000.0,17553922421.0,-117000000.0,-335000000.0,-553000000.0,-500000000.0,-183000000.0,-1151000000.0,-175000000.0,384000000.0,1211000000.0,-2000000.0,837000000.0,837000000.0,837000000.0,-69000000.0,0.0,0.221,2070000000.0,1179000000.0,167000000.0,0.218,6.395,20.972,20.853,595000000.0,0.0,59.43,4.626,4.635,184000000.0,4543000000.0,3795000000.0,3795000000.0,623000000.0,0.174,0.317,0.825,0.332,248000000.0,1427000000.0,1.0,295371402.0,296000000,296000000.0,12.821,2102000000.0,298000000.0,379000000.0,0.0,7.101,260000000.0
36,INTU,MRT,2012-06-30,2012-07-31,2012-07-31,2021-09-08,25000000.0,4684000000.0,4861250000.0,1523000000.0,3161000000.0,0.783,9.27,-196000000.0,393000000.0,393000000.0,575000000.0,792000000.0,1.204,0.707,499000000.0,0.0,499000000.0,499000000.0,439000000.0,242000000.0,290000000.0,0.01,0.6,1216000000.0,1458000000.0,0.383,1458000000.0,1216000000.0,1166000000.0,2.67,2.6,2.67,2744000000.0,2540750000.0,2744000000.0,16678673059.0,14.0,11.439,1050000000.0,3.547,1.0,3233000000.0,0.849,1493000000.0,50000000.0,2032000000.0,1616750000.0,0.0,426000000.0,351000000.0,75000000.0,1940000000.0,1265000000.0,675000000.0,17038673059.0,-329000000.0,-392000000.0,-736000000.0,-500000000.0,-178000000.0,-1344000000.0,-225000000.0,349000000.0,1246000000.0,-6000000.0,792000000.0,792000000.0,792000000.0,-28000000.0,0.0,0.208,2065000000.0,1168000000.0,139000000.0,0.225,6.209,21.513,21.73,543000000.0,0.0,58.02,4.474,4.51,142000000.0,4612000000.0,3808000000.0,3808000000.0,618000000.0,0.163,0.312,0.752,0.319,240000000.0,1414000000.0,1.0,293668960.0,296000000,305000000.0,12.865,3191000000.0,236000000.0,374000000.0,0.0,10.78,258000000.0
37,INTU,MRT,2012-03-31,2012-04-30,2012-04-30,2021-09-08,29000000.0,5116000000.0,4967750000.0,2330000000.0,2786000000.0,0.743,9.61,-184000000.0,859000000.0,859000000.0,547000000.0,731000000.0,1.468,0.805,499000000.0,0.0,499000000.0,499000000.0,368000000.0,248000000.0,325000000.0,0.008,0.45,1194000000.0,1442000000.0,0.391,1442000000.0,1194000000.0,1137000000.0,2.51,2.44,2.51,2835000000.0,2508750000.0,2835000000.0,17817837050.0,15.0,12.356,1072000000.0,3.634,1.0,3144000000.0,0.852,2021000000.0,57000000.0,1148000000.0,1487750000.0,0.0,753000000.0,663000000.0,90000000.0,2281000000.0,1587000000.0,694000000.0,17095837050.0,-510000000.0,0.0,-835000000.0,-500000000.0,-134000000.0,-1395000000.0,-365000000.0,-196000000.0,1256000000.0,-6000000.0,731000000.0,731000000.0,731000000.0,65000000.0,0.0,0.198,1908000000.0,1236000000.0,209000000.0,0.179,6.03,23.387,23.096,555000000.0,0.0,57.97,4.632,4.633,294000000.0,4677000000.0,3691000000.0,3691000000.0,578000000.0,0.147,0.291,0.803,0.323,235000000.0,1314000000.0,1.0,294908350.0,295000000,303000000.0,12.512,3095000000.0,142000000.0,406000000.0,257000000.0,10.492,743000000.0
38,INTU,MRT,2011-12-31,2012-01-31,2012-01-31,2021-09-08,9000000.0,4962000000.0,5080500000.0,2174000000.0,2788000000.0,0.711,7.485,-182000000.0,277000000.0,277000000.0,517000000.0,685000000.0,1.059,1.232,999000000.0,500000000.0,499000000.0,999000000.0,586000000.0,257000000.0,330000000.0,0.005,0.3,1143000000.0,1400000000.0,0.387,1400000000.0,1143000000.0,1083000000.0,2.29,2.22,2.29,2223000000.0,2505250000.0,2223000000.0,17442712226.0,15.0,12.459,934000000.0,3.145,1.0,3096000000.0,0.857,2020000000.0,60000000.0,1611000000.0,1460500000.0,0.0,741000000.0,682000000.0,59000000.0,2739000000.0,2053000000.0,686000000.0,16776712226.0,-156000000.0,0.0,-884000000.0,0.0,-89000000.0,-900000000.0,-372000000.0,-204000000.0,1116000000.0,0.0,685000000.0,685000000.0,685000000.0,63000000.0,0.0,0.19,1910000000.0,1186000000.0,212000000.0,0.131,7.547,24.492,24.646,564000000.0,0.0,56.44,4.643,4.64,592000000.0,3991000000.0,3613000000.0,3613000000.0,579000000.0,0.135,0.273,0.783,0.316,239000000.0,1305000000.0,1.0,297248622.0,297000000,306000000.0,12.165,2942000000.0,243000000.0,398000000.0,0.0,9.906,121000000.0
39,INTU,MRT,2011-09-30,2011-10-31,2011-10-31,2021-09-08,9000000.0,4683000000.0,5084750000.0,1880000000.0,2803000000.0,0.687,7.87,-218000000.0,333000000.0,333000000.0,490000000.0,640000000.0,1.149,0.983,999000000.0,500000000.0,499000000.0,999000000.0,379000000.0,257000000.0,321000000.0,0.003,0.15,1065000000.0,1322000000.0,0.379,1322000000.0,1065000000.0,1005000000.0,2.13,2.06,2.13,2361000000.0,2517500000.0,2361000000.0,16421691083.0,15.0,12.422,896000000.0,2.987,1.0,3002000000.0,0.86,2037000000.0,60000000.0,1676000000.0,1534500000.0,0.0,777000000.0,718000000.0,59000000.0,2322000000.0,1636000000.0,686000000.0,16144691083.0,221000000.0,0.0,-1083000000.0,0.0,-45000000.0,-1055000000.0,162000000.0,359000000.0,1114000000.0,0.0,640000000.0,640000000.0,640000000.0,60000000.0,0.0,0.183,1900000000.0,1102000000.0,168000000.0,0.07,6.838,25.226,25.197,560000000.0,0.0,53.67,4.623,4.611,166000000.0,3917000000.0,3492000000.0,3492000000.0,573000000.0,0.126,0.254,0.694,0.305,235000000.0,1298000000.0,1.0,300814069.0,300000000,300000000.0,11.64,2646000000.0,290000000.0,365000000.0,0.0,8.82,244000000.0
40,INTU,MRT,2011-06-30,2011-07-31,2011-07-31,2021-09-08,15000000.0,5110000000.0,5149750000.0,2254000000.0,2856000000.0,0.67,8.521,-228000000.0,722000000.0,722000000.0,481000000.0,634000000.0,1.249,0.953,999000000.0,500000000.0,499000000.0,999000000.0,406000000.0,241000000.0,414000000.0,0.0,0.0,1048000000.0,1289000000.0,0.374,1289000000.0,1048000000.0,988000000.0,2.06,2.0,2.06,2616000000.0,2581000000.0,2616000000.0,13825819474.0,13.0,10.726,785000000.0,2.557,1.0,2968000000.0,0.861,2066000000.0,60000000.0,1516000000.0,1750500000.0,0.0,762000000.0,699000000.0,63000000.0,2494000000.0,1805000000.0,689000000.0,14196819474.0,508000000.0,0.0,-1077000000.0,0.0,0.0,-1006000000.0,497000000.0,723000000.0,1013000000.0,4000000.0,634000000.0,634000000.0,634000000.0,54000000.0,0.0,0.184,1886000000.0,1082000000.0,129000000.0,0.0,5.427,22.392,22.67,561000000.0,0.0,46.7,4.116,4.157,171000000.0,4031000000.0,3449000000.0,3449000000.0,566000000.0,0.123,0.246,0.599,0.304,234000000.0,1300000000.0,1.0,304000417.0,307000000,317000000.0,11.235,3044000000.0,221000000.0,354000000.0,0.0,9.915,449000000.0
41,INTU,MRT,2011-03-31,2011-04-30,2011-04-30,2021-09-08,15000000.0,5567000000.0,5171750000.0,2644000000.0,2923000000.0,0.724,9.31,-209000000.0,1369000000.0,1369000000.0,627000000.0,643000000.0,1.294,0.973,998000000.0,500000000.0,498000000.0,998000000.0,337000000.0,236000000.0,383000000.0,0.0,0.0,1041000000.0,1277000000.0,0.341,1277000000.0,1041000000.0,981000000.0,2.14,2.07,2.14,2821000000.0,2632250000.0,2821000000.0,17376384637.0,17.0,13.607,825000000.0,2.723,1.0,3116000000.0,0.832,2113000000.0,60000000.0,1039000000.0,2019250000.0,0.0,540000000.0,459000000.0,81000000.0,2746000000.0,2044000000.0,702000000.0,16811384637.0,939000000.0,-77000000.0,-935000000.0,0.0,0.0,-848000000.0,749000000.0,1034000000.0,1034000000.0,4000000.0,643000000.0,643000000.0,643000000.0,25000000.0,0.0,0.172,2071000000.0,1045000000.0,196000000.0,0.0,5.959,26.145,25.963,565000000.0,0.0,55.56,4.491,4.498,266000000.0,4088000000.0,3743000000.0,3743000000.0,616000000.0,0.124,0.244,0.516,0.278,181000000.0,1398000000.0,1.0,302580717.0,303000000,313000000.0,12.353,3454000000.0,155000000.0,338000000.0,209000000.0,11.399,600000000.0
42,INTU,MRT,2010-12-31,2011-01-31,2011-01-31,2021-09-08,11000000.0,4979000000.0,5136750000.0,2024000000.0,2955000000.0,0.682,7.377,-215000000.0,433000000.0,433000000.0,615000000.0,531000000.0,1.346,1.191,998000000.0,0.0,998000000.0,998000000.0,564000000.0,230000000.0,337000000.0,0.0,0.0,867000000.0,1097000000.0,0.313,1097000000.0,867000000.0,807000000.0,1.7,1.65,1.7,2272000000.0,2641500000.0,2272000000.0,15462966580.0,18.0,14.096,725000000.0,2.354,1.0,2887000000.0,0.824,2133000000.0,60000000.0,1907000000.0,2380250000.0,0.0,548000000.0,459000000.0,89000000.0,2707000000.0,1504000000.0,1203000000.0,14576966580.0,96000000.0,-77000000.0,-757000000.0,0.0,0.0,-683000000.0,-161000000.0,132000000.0,940000000.0,0.0,531000000.0,531000000.0,531000000.0,25000000.0,0.0,0.152,2015000000.0,872000000.0,199000000.0,0.0,6.416,27.452,27.606,576000000.0,0.0,46.93,4.162,4.127,481000000.0,3400000000.0,3502000000.0,3502000000.0,593000000.0,0.103,0.201,0.364,0.248,181000000.0,1365000000.0,1.0,310610837.0,308000000,318000000.0,11.37,2846000000.0,286000000.0,276000000.0,1000000.0,9.24,520000000.0
43,INTU,MRT,2010-09-30,2010-10-31,2010-10-31,2021-09-08,12000000.0,4943000000.0,5086500000.0,2010000000.0,2933000000.0,0.68,8.275,-165000000.0,112000000.0,112000000.0,602000000.0,572000000.0,1.769,0.89,998000000.0,0.0,998000000.0,998000000.0,360000000.0,237000000.0,363000000.0,0.0,0.0,925000000.0,1162000000.0,0.336,1162000000.0,925000000.0,865000000.0,1.82,1.77,1.82,2615000000.0,2637500000.0,2615000000.0,16019356025.0,17.0,13.786,762000000.0,2.411,1.0,2859000000.0,0.826,2153000000.0,60000000.0,2540000000.0,2394250000.0,0.0,1151000000.0,1062000000.0,89000000.0,2328000000.0,1136000000.0,1192000000.0,15235356025.0,-201000000.0,-96000000.0,-453000000.0,0.0,0.0,-396000000.0,-734000000.0,-461000000.0,927000000.0,2000000.0,572000000.0,572000000.0,572000000.0,-9000000.0,0.0,0.165,1959000000.0,900000000.0,158000000.0,0.0,5.826,26.635,26.363,547000000.0,0.0,47.98,4.402,4.381,147000000.0,3327000000.0,3461000000.0,3461000000.0,579000000.0,0.112,0.217,0.386,0.267,181000000.0,1312000000.0,1.0,317535557.0,316000000,316000000.0,10.953,2790000000.0,294000000.0,293000000.0,1000000.0,8.829,874000000.0
44,INTU,MRT,2010-06-30,2010-07-31,2010-07-31,2021-09-08,11000000.0,5198000000.0,4964250000.0,2295000000.0,2903000000.0,0.686,8.927,-143000000.0,214000000.0,214000000.0,591000000.0,574000000.0,1.88,0.843,998000000.0,0.0,998000000.0,998000000.0,387000000.0,256000000.0,337000000.0,0.0,0.0,927000000.0,1183000000.0,0.348,1183000000.0,927000000.0,866000000.0,1.82,1.77,1.82,2821000000.0,2551750000.0,2821000000.0,13054151148.0,14.0,11.035,855000000.0,2.706,1.0,2812000000.0,0.826,2170000000.0,61000000.0,2591000000.0,2268500000.0,0.0,1499000000.0,1408000000.0,91000000.0,2377000000.0,1221000000.0,1156000000.0,12486151148.0,-465000000.0,-96000000.0,-484000000.0,0.0,0.0,-467000000.0,-997000000.0,-748000000.0,998000000.0,1000000.0,574000000.0,574000000.0,574000000.0,-10000000.0,0.0,0.169,1908000000.0,904000000.0,143000000.0,0.0,4.426,21.753,21.841,510000000.0,0.0,39.75,3.669,3.691,135000000.0,3397000000.0,3403000000.0,3403000000.0,564000000.0,0.116,0.225,0.409,0.272,171000000.0,1259000000.0,1.0,314117010.0,316000000,325000000.0,10.769,3028000000.0,185000000.0,292000000.0,14000000.0,9.582,1074000000.0
45,INTU,MRT,2010-03-31,2010-04-30,2010-04-30,2021-09-08,11000000.0,5427000000.0,4871250000.0,2577000000.0,2850000000.0,0.693,9.102,-157000000.0,430000000.0,430000000.0,599000000.0,551000000.0,1.832,0.899,998000000.0,0.0,998000000.0,998000000.0,310000000.0,284000000.0,275000000.0,0.0,0.0,867000000.0,1151000000.0,0.341,1151000000.0,867000000.0,806000000.0,1.76,1.7,1.76,2858000000.0,2485750000.0,2858000000.0,12021722602.0,14.0,10.445,926000000.0,2.949,1.0,2776000000.0,0.823,2105000000.0,61000000.0,2483000000.0,2124750000.0,0.0,1591000000.0,1499000000.0,92000000.0,2569000000.0,1407000000.0,1162000000.0,11360722602.0,-792000000.0,-172000000.0,-452000000.0,0.0,0.0,-461000000.0,-1423000000.0,-1170000000.0,1083000000.0,9000000.0,551000000.0,551000000.0,551000000.0,-36000000.0,0.0,0.163,1967000000.0,809000000.0,166000000.0,0.0,3.975,20.618,20.562,518000000.0,0.0,36.19,3.366,3.367,204000000.0,3445000000.0,3375000000.0,3375000000.0,578000000.0,0.113,0.222,0.408,0.257,158000000.0,1291000000.0,1.0,313918834.0,314000000,323000000.0,10.748,3322000000.0,153000000.0,255000000.0,283000000.0,10.58,1170000000.0
46,INTU,MRT,2009-12-31,2010-01-31,2010-01-31,2021-09-08,8000000.0,4778000000.0,4772743750.0,1916000000.0,2862000000.0,0.667,7.185,-151000000.0,337000000.0,337000000.0,596000000.0,460000000.0,1.415,1.118,998000000.0,0.0,998000000.0,998000000.0,511000000.0,292000000.0,313000000.0,0.0,0.0,745000000.0,1037000000.0,0.326,1037000000.0,745000000.0,687000000.0,1.44,1.39,1.44,2256000000.0,2420879750.0,2256000000.0,10064288887.0,14.0,9.705,823000000.0,2.621,1.0,2589000000.0,0.813,2122000000.0,58000000.0,1963000000.0,1904905500.0,0.0,701000000.0,609000000.0,92000000.0,2522000000.0,1354000000.0,1168000000.0,9379288887.0,-2000000.0,-180000000.0,-397000000.0,0.0,0.0,-412000000.0,-571000000.0,-316000000.0,974000000.0,7000000.0,460000000.0,460000000.0,460000000.0,-36000000.0,0.0,0.144,1903000000.0,686000000.0,159000000.0,0.0,4.157,20.39,20.562,518000000.0,0.0,29.61,2.945,2.919,468000000.0,2869000000.0,3185000000.0,3185000000.0,567000000.0,0.096,0.19,0.391,0.234,155000000.0,1228000000.0,1.0,316760854.0,314000000,323000000.0,10.143,2656000000.0,146000000.0,227000000.0,2000000.0,8.459,562000000.0
47,INTU,MRT,2009-09-30,2009-10-31,2009-10-31,2021-09-08,7000000.0,4454000000.0,4675745750.0,1636000000.0,2818000000.0,0.667,7.1,-167000000.0,313000000.0,313000000.0,588000000.0,431000000.0,1.604,0.96,998000000.0,0.0,998000000.0,998000000.0,355000000.0,290000000.0,293000000.0,0.0,0.0,686000000.0,976000000.0,0.313,976000000.0,686000000.0,631000000.0,1.35,1.3,1.35,2272000000.0,2365380500.0,2272000000.0,9677977218.0,14.0,9.916,705000000.0,2.203,1.0,2533000000.0,0.812,2082000000.0,55000000.0,2037000000.0,1889236500.0,0.0,706000000.0,614000000.0,92000000.0,2182000000.0,1020000000.0,1162000000.0,9358695218.0,144000000.0,-161000000.0,-249000000.0,0.0,0.0,-265000000.0,-467000000.0,-219000000.0,872000000.0,4000000.0,431000000.0,431000000.0,431000000.0,-1000000.0,0.0,0.138,1875000000.0,658000000.0,114000000.0,0.0,4.119,21.714,21.533,522000000.0,0.0,29.07,2.999,2.981,160000000.0,2759000000.0,3121000000.0,3121000000.0,563000000.0,0.092,0.182,0.363,0.22,146000000.0,1204000000.0,1.0,321936540.0,320000000,320000000.0,9.753,2372000000.0,230000000.0,200000000.0,0.0,7.412,616000000.0
48,INTU,MRT,2009-06-30,2009-07-31,2009-07-31,2021-09-08,7000000.0,4826000000.0,4588683250.0,1968000000.0,2858000000.0,0.678,7.941,-202000000.0,679000000.0,679000000.0,578000000.0,447000000.0,1.815,0.887,998000000.0,0.0,998000000.0,998000000.0,360000000.0,275000000.0,272000000.0,0.0,0.0,704000000.0,979000000.0,0.315,979000000.0,704000000.0,653000000.0,1.39,1.35,1.39,2557000000.0,2284136750.0,2557000000.0,9371121363.0,13.0,9.572,610000000.0,1.894,1.0,2531000000.0,0.814,2045000000.0,51000000.0,2016000000.0,1871105750.0,0.0,765000000.0,668000000.0,97000000.0,2269000000.0,1084000000.0,1185000000.0,9595013363.0,266000000.0,-161000000.0,-102000000.0,0.0,0.0,-110000000.0,-432000000.0,-67000000.0,812000000.0,-4000000.0,447000000.0,447000000.0,447000000.0,0.0,0.0,0.144,1848000000.0,683000000.0,103000000.0,0.0,3.752,21.465,21.367,527000000.0,0.0,29.7,3.086,3.076,135000000.0,2849000000.0,3109000000.0,3109000000.0,556000000.0,0.097,0.196,0.376,0.226,142000000.0,1191000000.0,1.0,323064423.0,322000000,330000000.0,9.655,2781000000.0,195000000.0,206000000.0,0.0,8.637,884000000.0
49,INTU,MRT,2009-03-31,2009-04-30,2009-04-30,2021-09-08,2539000.0,5032975000.0,4548829250.0,2219133000.0,2813842000.0,0.675,8.07,-236746000.0,1222028000.0,1222028000.0,552133000.0,456378000.0,1.695,0.936,998136000.0,0.0,998136000.0,998136000.0,298939000.0,248832000.0,343589000.0,0.0,0.0,728150000.0,976982000.0,0.318,976982000.0,728150000.0,679539000.0,1.44,1.4,1.44,2598519000.0,2163125250.0,2598519000.0,8089246068.0,11.0,8.28,601761000.0,1.869,1.0,2519047000.0,0.82,1896323000.0,48611000.0,1603622000.0,1820312750.0,0.0,518467000.0,250072000.0,268395000.0,2433088000.0,1309138000.0,1123950000.0,7429865068.0,750697000.0,-1187000.0,-24792000.0,0.0,0.0,-34945000.0,-41710000.0,199137000.0,838507000.0,-11155000.0,456378000.0,456378000.0,456378000.0,-2988000.0,0.0,0.149,1819979000.0,699068000.0,147662000.0,0.0,2.859,16.28,16.062,535603000.0,0.0,23.13,2.419,2.425,272676000.0,2926151000.0,3071180000.0,3071180000.0,549912000.0,0.1,0.211,0.4,0.237,129366000.0,1168604000.0,1.0,321222009.0,322000000,329000000.0,9.538,3136652000.0,113973000.0,223161000.0,149355000.0,9.741,909995000.0
50,INTU,MRT,2008-12-31,2009-01-31,2009-01-31,2021-09-08,-8286000.0,4390008000.0,4427693750.0,1569870000.0,2820138000.0,0.67,6.336,-301081000.0,338708000.0,338708000.0,543081000.0,415557000.0,1.27,1.158,998089000.0,0.0,998089000.0,998089000.0,471903000.0,242770000.0,293683000.0,0.0,0.0,655771000.0,898541000.0,0.303,898541000.0,655771000.0,606330000.0,1.3,1.26,1.3,2034003000.0,2026101500.0,2034003000.0,8077864453.0,12.0,8.99,434375000.0,1.353,1.0,2424107000.0,0.817,1912805000.0,49441000.0,1900324000.0,1843588250.0,0.0,463470000.0,209143000.0,254327000.0,2354413000.0,1236260000.0,1118153000.0,7249379453.0,109053000.0,-114379000.0,-323679000.0,0.0,0.0,-330796000.0,-284251000.0,126739000.0,735456000.0,-11356000.0,415557000.0,415557000.0,415557000.0,-2988000.0,0.0,0.14,1815538000.0,608569000.0,122544000.0,0.0,3.564,17.445,17.423,539854000.0,0.0,22.65,2.443,2.45,441572000.0,2445894000.0,2967188000.0,2967188000.0,569897000.0,0.094,0.205,0.356,0.221,122494000.0,1145849000.0,1.0,320060903.0,321000000,326000000.0,9.244,2477203000.0,232590000.0,190773000.0,187000.0,7.717,333610000.0
51,INTU,MRT,2008-09-30,2008-10-31,2008-10-31,2021-09-08,1155000.0,4105750000.0,4423155750.0,1235836000.0,2869914000.0,0.685,6.028,-307725000.0,169557000.0,169557000.0,548799000.0,445804000.0,1.202,1.105,998042000.0,0.0,998042000.0,998042000.0,339857000.0,228130000.0,327526000.0,0.0,0.0,731083000.0,959213000.0,0.317,959213000.0,731083000.0,680132000.0,1.38,1.34,1.38,1947025000.0,1978231250.0,1947025000.0,8703162816.0,12.0,9.073,483638000.0,1.497,1.0,2480263000.0,0.819,1942020000.0,50951000.0,1964477000.0,1821303250.0,0.0,577385000.0,289031000.0,288354000.0,2151543000.0,1027738000.0,1123805000.0,8118506816.0,23133000.0,-238694000.0,-492534000.0,0.0,0.0,-492846000.0,-262595000.0,279984000.0,791363000.0,-12789000.0,445804000.0,445804000.0,445804000.0,-3233000.0,0.0,0.147,1809064000.0,671199000.0,131238000.0,0.0,4.17,18.211,18.159,533427000.0,0.0,25.06,2.68,2.672,142980000.0,2370173000.0,3029062000.0,3029062000.0,579664000.0,0.101,0.225,0.401,0.241,126754000.0,1135226000.0,1.0,323962762.0,323000000,323000000.0,9.378,2163730000.0,276148000.0,234328000.0,174000.0,6.699,208098000.0
52,INTU,MRT,2008-06-30,2008-07-31,2008-07-31,2021-09-08,7722000.0,4666584000.0,4384642500.0,1773562000.0,2893022000.0,0.683,6.301,-306000000.0,413340000.0,413340000.0,535000000.0,477000000.0,1.209,1.248,997996000.0,0.0,997996000.0,997996000.0,359936000.0,217000000.0,610748000.0,0.0,0.0,772000000.0,989000000.0,0.33,989000000.0,772000000.0,720000000.0,1.45,1.41,1.45,2072954000.0,1956177500.0,2072954000.0,9299585528.0,12.0,9.403,524000000.0,1.593,1.0,2458000000.0,0.821,1971174000.0,52000000.0,1812828000.0,1834083250.0,0.0,702803000.0,414493000.0,288310000.0,2586723000.0,1467238000.0,1119485000.0,8773138528.0,158000000.0,-124000000.0,-597000000.0,0.0,0.0,-586000000.0,-87000000.0,348000000.0,830000000.0,1000000.0,477000000.0,477000000.0,477000000.0,-30000000.0,0.0,0.159,1814000000.0,644000000.0,115198000.0,0.0,4.232,18.392,18.848,507499000.0,0.0,27.33,2.931,3.004,127230000.0,2443982000.0,2993000000.0,2993000000.0,593000000.0,0.109,0.244,0.421,0.258,130000000.0,1131000000.0,1.0,321007630.0,329000000,339000000.0,9.097,2695410000.0,214785000.0,243000000.0,16211000.0,8.193,306324000.0
53,INTU,MRT,2008-03-31,2008-04-30,2008-04-30,2021-09-08,8138000.0,4548433000.0,4281003000.0,1628492000.0,2919941000.0,0.707,6.34,-281203000.0,471504000.0,471504000.0,548744000.0,524982000.0,1.172,1.215,997951000.0,0.0,997951000.0,997951000.0,280244000.0,221668000.0,358001000.0,0.0,0.0,831746000.0,1053414000.0,0.348,1053414000.0,831746000.0,794280000.0,1.62,1.58,1.62,2050424000.0,1946692250.0,2050424000.0,9606654736.0,12.0,9.12,500385000.0,1.547,1.0,2476748000.0,0.819,1988561000.0,37466000.0,1696724000.0,1887030000.0,0.0,729080000.0,425396000.0,303684000.0,2491829000.0,1389595000.0,1102234000.0,8838896736.0,206931000.0,-120265000.0,-588353000.0,7622000.0,0.0,-554736000.0,-25866000.0,420118000.0,781588000.0,5945000.0,524982000.0,524982000.0,524982000.0,-25231000.0,0.0,0.174,1788524000.0,688224000.0,156531000.0,0.0,4.311,16.837,16.648,469675000.0,0.0,26.97,2.921,2.883,225047000.0,2509361000.0,3025492000.0,3025492000.0,574990000.0,0.123,0.27,0.441,0.275,126482000.0,1126920000.0,1.0,327730691.0,323408000,333436000.0,9.355,2559872000.0,182562000.0,269298000.0,214523000.0,7.915,238897000.0
54,INTU,MRT,2007-12-31,2008-01-31,2008-01-31,2021-09-08,9169000.0,4371856000.0,4197233750.0,1909294000.0,2462562000.0,0.679,5.564,-222270000.0,230148000.0,230148000.0,539778000.0,448014000.0,1.338,1.371,997906000.0,0.0,997906000.0,997906000.0,336627000.0,205226000.0,533180000.0,0.0,0.0,721503000.0,926729000.0,0.325,926729000.0,721503000.0,684044000.0,1.33,1.29,1.33,1842522000.0,1919916750.0,1842522000.0,11062871198.0,15.0,11.938,435603000.0,1.315,1.0,2311851000.0,0.811,1901467000.0,37459000.0,1811184000.0,1918210500.0,0.0,615254000.0,607029000.0,8225000.0,2525396000.0,1426963000.0,1098433000.0,10211076198.0,-56180000.0,-1162044000.0,-595113000.0,999070000.0,0.0,429427000.0,-1154425000.0,280345000.0,657873000.0,10945000.0,448014000.0,448014000.0,448014000.0,-24495000.0,0.0,0.157,1720048000.0,591803000.0,144169000.0,0.0,5.542,22.792,23.075,384700000.0,0.0,30.69,3.581,3.564,372385000.0,2068302000.0,2851629000.0,2851629000.0,541205000.0,0.107,0.233,0.376,0.253,117107000.0,1093325000.0,1.0,332716722.0,331139000,342751000.0,8.612,2470389000.0,188827000.0,236030000.0,19131000.0,7.46,482331000.0
55,INTU,MRT,2007-09-30,2007-10-31,2007-10-31,2021-09-08,8711000.0,3951697000.0,3862769500.0,1651868000.0,2299829000.0,0.716,5.506,-189309000.0,146068000.0,146068000.0,511514000.0,478129000.0,1.656,1.125,997863000.0,0.0,997863000.0,997863000.0,299780000.0,180244000.0,275246000.0,0.0,0.0,755382000.0,935626000.0,0.338,935626000.0,755382000.0,731433000.0,1.4,1.35,1.4,1858810000.0,1915198500.0,1858810000.0,11645010540.0,15.0,12.446,512794000.0,1.519,1.0,2255878000.0,0.815,1790249000.0,23949000.0,2015597000.0,1706085000.0,0.0,866248000.0,857383000.0,8865000.0,2090933000.0,997646000.0,1093287000.0,10902392540.0,-20006000.0,-1039720000.0,-573332000.0,999070000.0,0.0,455496000.0,-1190139000.0,95169000.0,702103000.0,12534000.0,478129000.0,478129000.0,478129000.0,-25032000.0,0.0,0.173,1622988000.0,632890000.0,159940000.0,0.0,5.865,22.802,22.979,346369000.0,0.0,32.17,3.94,3.924,144418000.0,1959089000.0,2767392000.0,2767392000.0,504486000.0,0.124,0.25,0.443,0.273,105826000.0,1050693000.0,1.0,338899364.0,337584000,337584000.0,8.198,2161448000.0,244188000.0,253304000.0,8265000.0,6.403,654222000.0
56,INTU,MRT,2007-06-30,2007-07-31,2007-07-31,2021-09-08,6096000.0,4252026000.0,3583635000.0,1951932000.0,2300094000.0,0.746,5.939,-153257000.0,255201000.0,255201000.0,478520000.0,440003000.0,1.683,1.089,997819000.0,0.0,997819000.0,997819000.0,313753000.0,158528000.0,314341000.0,0.0,0.0,718701000.0,877229000.0,0.328,877229000.0,718701000.0,691610000.0,1.28,1.24,1.28,2035013000.0,1900102000.0,2035013000.0,10377543998.0,14.0,11.83,573503000.0,1.674,1.0,2194427000.0,0.821,1809920000.0,27091000.0,2024615000.0,1463321750.0,0.0,1048470000.0,1048470000.0,0.0,2215684000.0,1160109000.0,1055575000.0,9644339998.0,75600000.0,-1216891000.0,-293919000.0,997755000.0,0.0,733860000.0,-1392627000.0,-34370000.0,726760000.0,7607000.0,440003000.0,440003000.0,440003000.0,3465000.0,0.0,0.165,1556857000.0,637570000.0,119799000.0,0.0,4.739,21.919,22.375,298396000.0,0.0,28.64,3.608,3.671,131691000.0,1984885000.0,2672947000.0,2672947000.0,472516000.0,0.123,0.232,0.491,0.269,102482000.0,1033451000.0,1.0,336743715.0,342637000,355815000.0,7.801,2442106000.0,210926000.0,251607000.0,33278000.0,7.127,791823000.0
57,INTU,MRT,2007-03-31,2007-04-30,2007-04-30,2021-09-08,3858000.0,4213356000.0,3213135250.0,1933207000.0,2280149000.0,0.789,5.724,-114957000.0,264573000.0,264573000.0,424438000.0,434789000.0,1.572,1.168,997777000.0,0.0,997777000.0,997777000.0,244356000.0,137072000.0,259086000.0,0.0,0.0,692488000.0,829560000.0,0.327,829560000.0,692488000.0,679665000.0,1.28,1.23,1.28,1943322000.0,1825870250.0,1943322000.0,9478114749.0,14.0,11.425,563550000.0,1.66,1.0,2109469000.0,0.832,1895505000.0,12823000.0,1821446000.0,1223828500.0,0.0,1109394000.0,1100529000.0,8865000.0,2269067000.0,1229609000.0,1039458000.0,9746064749.0,11604000.0,-1207168000.0,-298264000.0,992792000.0,0.0,714553000.0,-1384895000.0,-87016000.0,678507000.0,3439000.0,434789000.0,434789000.0,434789000.0,6217000.0,0.0,0.172,1466055000.0,643414000.0,129343000.0,0.0,5.015,22.416,22.227,254128000.0,0.0,28.45,3.846,3.812,190776000.0,2019614000.0,2533907000.0,2533907000.0,437710000.0,0.135,0.238,0.566,0.273,96446000.0,998860000.0,1.0,342568181.0,339495000,351686000.0,7.464,2317851000.0,122962000.0,244876000.0,191559000.0,6.827,703598000.0
58,INTU,MRT,2006-12-31,2007-01-31,2007-01-31,2021-09-08,13790000.0,3033999000.0,2899492750.0,2023994000.0,1010005000.0,0.81,5.253,-87402000.0,286328000.0,286328000.0,401387000.0,366226000.0,1.699,0.664,18378000.0,0.0,18378000.0,18378000.0,295463000.0,124508000.0,411774000.0,0.0,0.0,592987000.0,717495000.0,0.306,717495000.0,592987000.0,592987000.0,1.07,1.03,1.07,1823649000.0,1758273500.0,1823649000.0,10814102967.0,18.0,15.072,541898000.0,1.561,1.0,1945978000.0,0.829,612373000.0,0.0,962682000.0,983265250.0,0.0,858093000.0,849228000.0,8865000.0,1210350000.0,1190994000.0,19356000.0,10965228967.0,163622000.0,-47174000.0,-238626000.0,894000.0,0.0,-209654000.0,-256275000.0,-132938000.0,629300000.0,251000.0,366226000.0,366226000.0,366226000.0,5481000.0,0.0,0.156,1400537000.0,545441000.0,120300000.0,0.0,6.013,29.941,29.393,205377000.0,0.0,31.45,4.671,4.652,310506000.0,1654308000.0,2347365000.0,2347365000.0,418845000.0,0.126,0.208,0.603,0.253,99353000.0,968873000.0,1.0,348655929.0,347185000,360573000.0,6.761,2421626000.0,200692000.0,226761000.0,35984000.0,6.975,833000000.0
59,INTU,MRT,2006-09-30,2006-10-31,2006-10-31,2021-09-08,1799000.0,2835159000.0,2814561750.0,1817878000.0,1017281000.0,0.831,5.195,-86240000.0,166074000.0,166074000.0,405065000.0,403837000.0,1.781,0.576,14948000.0,0.0,14948000.0,14948000.0,276647000.0,125768000.0,436212000.0,0.0,0.0,642843000.0,768611000.0,0.329,768611000.0,642843000.0,642843000.0,1.17,1.13,1.17,1798424000.0,1690836750.0,1798424000.0,12022450888.0,19.0,15.642,470383000.0,1.359,1.0,1934367000.0,0.827,618516000.0,0.0,1044544000.0,959384750.0,0.0,901952000.0,893087000.0,8865000.0,1036735000.0,1020973000.0,15762000.0,12186652888.0,91100000.0,-68916000.0,-248650000.0,894000.0,0.0,-214585000.0,-254123000.0,-364143000.0,556623000.0,3185000.0,403837000.0,403837000.0,403837000.0,-22463000.0,0.0,0.173,1364671000.0,569696000.0,97854000.0,0.0,6.776,30.177,30.171,201700000.0,0.0,35.3,5.209,5.224,95499000.0,1523049000.0,2339432000.0,2339432000.0,405881000.0,0.143,0.239,0.67,0.275,107231000.0,943328000.0,1.0,345230960.0,346214000,346214000.0,6.757,2216643000.0,297188000.0,239006000.0,17992000.0,6.403,796905000.0
60,INTU,MRT,2006-06-30,2006-07-31,2006-07-31,2021-09-08,1084000.0,2770027000.0,2716363500.0,1817030000.0,952997000.0,0.844,4.997,-82074000.0,179601000.0,179601000.0,398537000.0,416963000.0,1.788,0.593,0.0,0.0,0.0,0.0,282943000.0,126739000.0,357299000.0,0.0,0.0,651555000.0,778294000.0,0.339,778294000.0,651555000.0,651555000.0,1.2,1.16,1.2,1738086000.0,1616386500.0,1738086000.0,10310891260.0,16.0,13.248,527476000.0,1.516,1.0,1894473000.0,0.826,507810000.0,0.0,1066642000.0,917689000.0,0.0,1026464000.0,1017599000.0,8865000.0,1031373000.0,1015974000.0,15399000.0,10548151260.0,95759000.0,-19062000.0,-504880000.0,0.0,0.0,-478822000.0,-38164000.0,-111109000.0,609550000.0,3195000.0,416963000.0,416963000.0,416963000.0,-36000000.0,0.0,0.182,1328879000.0,565594000.0,68547000.0,0.0,6.069,25.298,25.725,193617000.0,0.0,30.87,4.6,4.683,88123000.0,1588124000.0,2293010000.0,2293010000.0,385795000.0,0.154,0.258,0.71,0.284,102336000.0,924821000.0,1.0,341695862.0,347854000,360471000.0,6.592,2262217000.0,256074000.0,234592000.0,33560000.0,6.503,801056000.0
61,INTU,MRT,2006-03-31,2006-04-30,2006-04-30,2021-09-08,2482000.0,2958786000.0,2702969500.0,1977107000.0,981679000.0,0.835,4.868,-69643000.0,252969000.0,252969000.0,391536000.0,415821000.0,1.557,0.769,15709000.0,0.0,15709000.0,15709000.0,220271000.0,111097000.0,408790000.0,0.0,0.0,672967000.0,784064000.0,0.347,784064000.0,672967000.0,672967000.0,1.21,1.16,1.21,1672935000.0,1605739750.0,1672935000.0,9325312977.0,14.0,11.894,565208000.0,1.645,1.0,1865060000.0,0.826,592191000.0,0.0,859193000.0,917862500.0,0.0,1038073000.0,1029208000.0,8865000.0,1285851000.0,1270142000.0,15709000.0,9431503977.0,132210000.0,-46658000.0,-703267000.0,-4361000.0,0.0,-682680000.0,176775000.0,70791000.0,634851000.0,3264000.0,415821000.0,415821000.0,415821000.0,-39344000.0,0.0,0.184,1278152000.0,586908000.0,92985000.0,0.0,5.638,22.682,22.384,197495000.0,0.0,27.085,4.18,4.125,144940000.0,1640576000.0,2256596000.0,2256596000.0,357599000.0,0.154,0.259,0.733,0.298,91812000.0,900426000.0,1.0,348218718.0,343670000,355918000.0,6.566,2366595000.0,209525000.0,257146000.0,241049000.0,6.886,706965000.0
62,INTU,MRT,2005-12-31,2006-01-31,2006-01-31,2021-09-08,1312000.0,2694275000.0,2720469000.0,1716163000.0,978112000.0,0.786,4.436,-76402000.0,122706000.0,122706000.0,385575000.0,417680000.0,1.527,0.734,16515000.0,0.0,16515000.0,16515000.0,256698000.0,120444000.0,424008000.0,0.0,0.0,614589000.0,735033000.0,0.344,735033000.0,614589000.0,614589000.0,1.16,1.125,1.16,1553902000.0,1647797250.0,1553902000.0,9201299465.0,15.0,12.518,475035000.0,1.356,1.0,1753282000.0,0.82,597066000.0,0.0,867160000.0,956636250.0,0.0,720035000.0,711170000.0,8865000.0,1140373000.0,1123858000.0,16515000.0,9259580465.0,87839000.0,-43259000.0,-667679000.0,-3911000.0,0.0,-657758000.0,192878000.0,45180000.0,551437000.0,1282000.0,417680000.0,417680000.0,417680000.0,-41778000.0,0.0,0.195,1224267000.0,529015000.0,126042000.0,0.0,5.959,22.169,22.556,211582000.0,0.0,26.165,4.329,4.285,319493000.0,1372384000.0,2138857000.0,2138857000.0,338658000.0,0.154,0.253,0.642,0.287,73425000.0,864541000.0,1.0,353891858.0,350292000,363582000.0,6.106,2097209000.0,175888000.0,196909000.0,31341000.0,5.987,592305000.0
63,INTU,MRT,2005-09-30,2005-10-31,2005-10-31,2021-09-08,1291000.0,2442366000.0,2740855000.0,1341736000.0,1100630000.0,0.746,4.229,-67044000.0,74974000.0,74974000.0,366875000.0,381959000.0,1.451,0.628,16693000.0,0.0,16693000.0,16693000.0,274315000.0,120635000.0,345432000.0,0.0,0.0,563050000.0,683685000.0,0.334,683685000.0,563050000.0,563050000.0,1.035,1.01,1.035,1500623000.0,1688021750.0,1500623000.0,8143115501.0,14.0,11.911,534169000.0,1.505,1.0,1677522000.0,0.821,581495000.0,0.0,877761000.0,980107500.0,0.0,631575000.0,622330000.0,9245000.0,941743000.0,924829000.0,16914000.0,8209649501.0,24183000.0,-14485000.0,-577818000.0,-3911000.0,0.0,-580800000.0,3591000.0,68181000.0,601213000.0,179000.0,381959000.0,381959000.0,381959000.0,-16330000.0,0.0,0.187,1169291000.0,508231000.0,96928000.0,0.0,5.471,21.494,22.188,210974000.0,0.0,22.965,4.016,3.986,73226000.0,1238527000.0,2044397000.0,2044397000.0,315520000.0,0.139,0.226,0.574,0.275,47090000.0,832224000.0,1.0,357485282.0,354812000,354812000.0,5.762,1860871000.0,242327000.0,181091000.0,13707000.0,5.245,416907000.0
64,INTU,MRT,2005-06-30,2005-07-31,2005-07-31,2021-09-08,174000.0,2716451000.0,2744143250.0,1614339000.0,1102112000.0,0.726,4.592,-66384000.0,83842000.0,83842000.0,350589000.0,381627000.0,1.609,0.602,17308000.0,0.0,17308000.0,17308000.0,279382000.0,118344000.0,357838000.0,0.0,0.0,564516000.0,682860000.0,0.343,682860000.0,564516000.0,564516000.0,1.03,1.01,1.03,1695499000.0,1724273250.0,1695499000.0,8594934112.0,15.0,12.587,531222000.0,1.439,1.0,1642513000.0,0.824,579177000.0,0.0,1067336000.0,978766000.0,0.0,919661000.0,910416000.0,9245000.0,1020952000.0,1003404000.0,17548000.0,8699582112.0,57850000.0,-4337000.0,-544090000.0,-3911000.0,0.0,-548001000.0,8061000.0,39812000.0,597606000.0,184000.0,381627000.0,381627000.0,381627000.0,-3884000.0,0.0,0.191,1113812000.0,528701000.0,65812000.0,0.0,5.131,22.796,23.301,208548000.0,0.0,24.0,4.365,4.446,86125000.0,1291487000.0,1993102000.0,1993102000.0,292605000.0,0.139,0.221,0.577,0.283,31861000.0,799386000.0,1.0,362482588.0,369202000,376796000.0,5.398,2137274000.0,211994000.0,182889000.0,30423000.0,5.789,610935000.0
65,INTU,MRT,2005-03-31,2005-04-30,2005-04-30,2021-09-08,-1696000.0,3028784000.0,2747715750.0,1891040000.0,1137744000.0,0.712,5.019,-85081000.0,122353000.0,122353000.0,364567000.0,359519000.0,1.616,0.645,17705000.0,0.0,17705000.0,17705000.0,210096000.0,122712000.0,361232000.0,0.0,0.0,523704000.0,646416000.0,0.331,646416000.0,523704000.0,523704000.0,0.995,0.97,0.995,1841165000.0,1756003250.0,1841165000.0,7451912097.0,14.0,11.528,595331000.0,1.623,1.0,1591010000.0,0.814,739934000.0,0.0,1014288000.0,1018474000.0,0.0,1148282000.0,1138043000.0,10239000.0,1187619000.0,1169914000.0,17705000.0,7472310097.0,104661000.0,2651000.0,-487695000.0,0.0,0.0,-498415000.0,-77944000.0,-30324000.0,680412000.0,608000.0,359519000.0,359519000.0,359519000.0,1049000.0,0.0,0.184,1091521000.0,499489000.0,96174000.0,0.0,4.058,20.784,20.251,217801000.0,0.0,20.15,3.821,3.78,141728000.0,1332726000.0,1955577000.0,1955577000.0,291928000.0,0.131,0.205,0.514,0.268,21229000.0,773964000.0,1.0,370834248.0,366844000,373774000.0,5.331,2288850000.0,209774000.0,164185000.0,227292000.0,6.239,721126000.0
66,INTU,MRT,2004-12-31,2005-01-31,2005-01-31,2021-09-08,-702000.0,2775819000.0,2731486750.0,1625382000.0,1150437000.0,0.67,4.601,-107981000.0,36566000.0,36566000.0,357512000.0,323045000.0,1.556,0.619,16168000.0,0.0,16168000.0,16168000.0,252812000.0,105611000.0,330886000.0,0.0,0.0,445378000.0,550989000.0,0.301,550989000.0,445378000.0,445378000.0,0.855,0.83,0.855,1714800000.0,1782050500.0,1714800000.0,7274844956.0,16.0,13.203,469841000.0,1.261,1.0,1473039000.0,0.805,749525000.0,0.0,961045000.0,1054622250.0,0.0,863432000.0,848063000.0,15369000.0,1061019000.0,1044851000.0,16168000.0,7309855956.0,-50584000.0,2302000.0,-540314000.0,0.0,0.0,-550069000.0,-79118000.0,-22202000.0,577822000.0,781000.0,323045000.0,323045000.0,323045000.0,3736000.0,0.0,0.176,1048212000.0,424827000.0,102284000.0,0.0,4.263,22.628,22.807,226542000.0,0.0,19.5,3.993,3.97,307765000.0,1044356000.0,1830551000.0,1830551000.0,284082000.0,0.118,0.181,0.422,0.243,19511000.0,735503000.0,1.0,374864408.0,372662000,380200000.0,4.912,2026294000.0,165951000.0,122333000.0,58631000.0,5.437,580531000.0
67,INTU,MRT,2004-09-30,2004-10-31,2004-10-31,2021-09-08,-1283000.0,2455519000.0,2755816500.0,1272120000.0,1183399000.0,0.659,4.369,-121306000.0,52008000.0,52008000.0,355060000.0,324859000.0,1.604,0.492,16997000.0,0.0,16997000.0,16997000.0,217992000.0,101334000.0,333098000.0,0.0,0.0,448028000.0,549362000.0,0.303,549362000.0,448028000.0,448028000.0,0.835,0.81,0.835,1645629000.0,1830879250.0,1645629000.0,8566610004.0,19.0,15.594,446371000.0,1.185,1.0,1460618000.0,0.804,755220000.0,0.0,872395000.0,1075456250.0,0.0,723384000.0,707645000.0,15739000.0,809890000.0,792893000.0,16997000.0,8577465004.0,-94213000.0,-5524000.0,-559511000.0,0.0,0.0,-580899000.0,-80573000.0,-3629000.0,567677000.0,-418000.0,324859000.0,324859000.0,324859000.0,6469000.0,0.0,0.179,1034626000.0,425992000.0,83526000.0,0.0,5.212,26.404,27.162,236999000.0,0.0,22.68,4.724,4.705,69122000.0,914205000.0,1815678000.0,1815678000.0,279780000.0,0.118,0.177,0.417,0.247,30987000.0,723217000.0,1.0,378195106.0,376692000,376692000.0,4.82,1700299000.0,176637000.0,123169000.0,0.0,4.514,479227000.0
68,INTU,MRT,2004-06-30,2004-07-31,2004-07-31,2021-09-08,-3375000.0,2730741000.0,2791857500.0,1528784000.0,1201957000.0,0.646,4.662,-117623000.0,25992000.0,25992000.0,353031000.0,317030000.0,1.714,0.498,16106000.0,0.0,16106000.0,16106000.0,207196000.0,93429000.0,323041000.0,0.0,0.0,445320000.0,538749000.0,0.299,538749000.0,445320000.0,445320000.0,0.81,0.79,0.81,1822419000.0,1881557250.0,1822419000.0,7170967845.0,16.0,13.31,461240000.0,1.18,1.0,1449193000.0,0.804,602759000.0,0.0,1226168000.0,1021334250.0,0.0,1007780000.0,991971000.0,15809000.0,908322000.0,891928000.0,16394000.0,7171720845.0,-141346000.0,-123549000.0,-491044000.0,0.0,0.0,-510015000.0,-210366000.0,12836000.0,578863000.0,172000.0,317030000.0,317030000.0,317030000.0,6292000.0,0.0,0.176,1029710000.0,419483000.0,68303000.0,0.0,3.935,22.622,23.111,232194000.0,0.0,18.72,3.979,4.06,81615000.0,984391000.0,1802224000.0,1802224000.0,276049000.0,0.114,0.168,0.436,0.247,33293000.0,720040000.0,1.0,383104746.0,390910000,400162000.0,4.61,2127982000.0,192596000.0,128290000.0,56828000.0,5.444,636856000.0
69,INTU,MRT,2004-03-31,2004-04-30,2004-04-30,2021-09-08,-4102000.0,2963868000.0,2806739000.0,1727442000.0,1236426000.0,0.632,5.0,-99253000.0,18520000.0,18520000.0,344904000.0,334446000.0,1.726,0.524,17767000.0,0.0,17767000.0,17767000.0,152721000.0,77736000.0,0.0,0.0,0.0,469265000.0,547001000.0,0.308,547001000.0,469265000.0,469265000.0,0.865,0.845,0.865,1945354000.0,1917161750.0,1945354000.0,8299658513.0,18.0,15.173,491653000.0,1.264,1.0,1429052000.0,0.806,803487000.0,0.0,1158881000.0,998989250.0,0.0,1176775000.0,1159976000.0,16799000.0,1018514000.0,1000747000.0,17767000.0,8368625513.0,-428281000.0,-19244000.0,-692174000.0,0.0,0.0,-702638000.0,23981000.0,117193000.0,590906000.0,842000.0,334446000.0,334446000.0,334446000.0,-1877000.0,0.0,0.189,995936000.0,433116000.0,77905000.0,0.0,4.302,25.022,24.572,215825000.0,0.0,21.255,4.717,4.661,138446000.0,1039476000.0,1773956000.0,1773956000.0,272292000.0,0.119,0.174,0.47,0.265,37513000.0,837524000.0,1.0,393725030.0,389034000,397496000.0,4.56,2160381000.0,218635000.0,134819000.0,188329000.0,5.553,726695000.0
70,INTU,MRT,2003-12-31,2004-01-31,2004-01-31,2021-09-08,-2616000.0,2873138000.0,2861334250.0,1640697000.0,1232441000.0,0.594,4.832,-76369000.0,87831000.0,87831000.0,338695000.0,364390000.0,1.738,0.504,18864000.0,0.0,18864000.0,18864000.0,203686000.0,81394000.0,0.0,0.0,0.0,511835000.0,593229000.0,0.349,593229000.0,511835000.0,511835000.0,0.9,0.88,0.9,1910115000.0,1995700000.0,1910115000.0,9598438319.0,19.0,16.18,454828000.0,1.151,1.0,1360121000.0,0.801,815631000.0,0.0,1044381000.0,906263500.0,0.0,909287000.0,891081000.0,18206000.0,963023000.0,944159000.0,18864000.0,9998141319.0,-288564000.0,-50054000.0,-500420000.0,0.0,0.0,-512305000.0,-46407000.0,99715000.0,531197000.0,3490000.0,364390000.0,364390000.0,364390000.0,-73139000.0,0.0,0.214,966030000.0,394091000.0,104448000.0,0.0,5.234,27.438,27.983,196913000.0,0.0,25.185,5.885,5.861,283959000.0,785951000.0,1698816000.0,1698816000.0,263746000.0,0.127,0.183,0.565,0.301,44930000.0,767558000.0,1.0,396987942.0,395330000,406860000.0,4.297,2057507000.0,217885000.0,147445000.0,103523000.0,5.205,696538000.0
71,INTU,MRT,2003-09-30,2003-10-31,2003-10-31,2021-09-08,-1539000.0,2599683000.0,2853207250.0,1366197000.0,1233486000.0,0.569,4.65,-77063000.0,430761000.0,430761000.0,340498000.0,343754000.0,1.897,0.406,31058000.0,0.0,31058000.0,31058000.0,183189000.0,79100000.0,0.0,0.0,0.0,470012000.0,549112000.0,0.338,549112000.0,470012000.0,470012000.0,0.835,0.815,0.835,1848341000.0,2017585750.0,1848341000.0,9516920486.0,20.0,17.331,462736000.0,1.164,1.0,1283023000.0,0.79,823789000.0,0.0,655907000.0,814627750.0,0.0,790446000.0,771036000.0,19410000.0,751342000.0,720284000.0,31058000.0,9963705486.0,-138012000.0,-60754000.0,-472582000.0,0.0,0.0,-473744000.0,-112964000.0,43720000.0,539799000.0,5816000.0,343754000.0,343754000.0,343754000.0,-76653000.0,0.0,0.212,937606000.0,345417000.0,84633000.0,0.0,5.391,28.985,30.0,188997000.0,0.0,25.05,6.137,6.133,76828000.0,669801000.0,1623521000.0,1623521000.0,257182000.0,0.12,0.17,0.577,0.29,42513000.0,686162000.0,1.0,397752714.0,397494000,397494000.0,4.084,1775894000.0,217802000.0,126258000.0,42248000.0,4.468,645913000.0
72,INTU,MRT,2003-06-30,2003-07-31,2003-07-31,2021-09-08,-789000.0,2790267000.0,2873223250.0,1668870000.0,1121397000.0,0.556,4.785,-84137000.0,170043000.0,170043000.0,337048000.0,343034000.0,2.096,0.42,29265000.0,0.0,29265000.0,29265000.0,178840000.0,76048000.0,306007000.0,0.0,0.0,470843000.0,546891000.0,0.342,546891000.0,470843000.0,470843000.0,0.835,0.815,0.835,1964837000.0,2037403250.0,1964837000.0,8087752490.0,17.0,14.789,478253000.0,1.165,1.0,1260023000.0,0.789,716536000.0,0.0,1136788000.0,813320500.0,0.0,1056448000.0,1036758000.0,19690000.0,825430000.0,796165000.0,29265000.0,8851394490.0,-241510000.0,-114471000.0,-658466000.0,0.0,0.0,-661738000.0,-146193000.0,46880000.0,562390000.0,4031000.0,343034000.0,343034000.0,343034000.0,-82879000.0,0.0,0.215,921403000.0,338620000.0,56786000.0,0.0,4.505,25.803,25.826,188253000.0,0.0,21.565,5.542,5.544,88156000.0,742248000.0,1597071000.0,1597071000.0,250675000.0,0.119,0.168,0.579,0.295,50494000.0,625589000.0,1.0,410451866.0,410588000,421910000.0,3.89,2073731000.0,217885000.0,127809000.0,76725000.0,5.051,872705000.0
73,INTU,MRT,2003-03-31,2003-04-30,2003-04-30,2021-09-08,-210000.0,3182249000.0,2907657750.0,2066859000.0,1115390000.0,0.548,5.492,-92402000.0,775449000.0,775449000.0,330080000.0,335960000.0,2.269,0.408,11807000.0,0.0,11807000.0,11807000.0,129185000.0,75438000.0,0.0,0.0,0.0,452504000.0,527942000.0,0.332,527942000.0,452504000.0,452504000.0,0.82,0.795,0.82,2259507000.0,2100103750.0,2259507000.0,7361009622.0,16.0,13.943,398219000.0,0.968,1.0,1262416000.0,0.793,719694000.0,0.0,787978000.0,783384500.0,0.0,1092025000.0,1072124000.0,19901000.0,922742000.0,910935000.0,11807000.0,7985399622.0,338128000.0,-492497000.0,-481009000.0,0.0,0.0,-483900000.0,-325907000.0,218502000.0,490621000.0,2436000.0,335960000.0,335960000.0,335960000.0,-123747000.0,0.0,0.211,956554000.0,305862000.0,73406000.0,0.0,3.534,23.769,23.671,192629000.0,0.0,19.41,5.014,5.015,119475000.0,782311000.0,1592496000.0,1592496000.0,241044000.0,0.116,0.16,0.578,0.284,66631000.0,455113000.0,1.0,411406472.0,411418000,420896000.0,3.871,2462555000.0,236776000.0,116544000.0,117338000.0,5.986,1155924000.0
74,INTU,MRT,2002-12-31,2003-01-31,2003-01-31,2021-09-08,3603000.0,2840630000.0,2917970000.0,1728063000.0,1112567000.0,0.497,4.856,-92020000.0,639873000.0,639873000.0,308815000.0,186464000.0,2.081,0.422,15483000.0,2717000.0,12766000.0,15483000.0,170500000.0,70144000.0,0.0,0.0,0.0,264794000.0,334938000.0,0.231,334938000.0,264794000.0,264794000.0,0.445,0.43,0.445,1997658000.0,2112731000.0,1997658000.0,8467062410.0,32.0,25.279,347614000.0,0.845,1.0,1140135000.0,0.787,708196000.0,0.0,677838000.0,911489250.0,0.0,756953000.0,736985000.0,19968000.0,842972000.0,830206000.0,12766000.0,9050977410.0,253015000.0,-461760000.0,-500746000.0,330000.0,0.0,-513693000.0,-257584000.0,258631000.0,439634000.0,-1014000.0,186464000.0,186464000.0,186464000.0,-64517000.0,0.0,0.129,964394000.0,175741000.0,107189000.0,0.0,4.531,48.54,49.551,195990000.0,0.0,22.05,6.247,6.26,244437000.0,519029000.0,1448950000.0,1448950000.0,229856000.0,0.064,0.088,0.291,0.183,62350000.0,437436000.0,1.0,410475166.0,411364000,424910000.0,3.522,2132434000.0,234105000.0,78330000.0,17169000.0,5.184,897857000.0
75,INTU,MRT,2002-09-30,2002-10-31,2002-10-31,2021-09-08,1376000.0,2679747000.0,2995532000.0,1577301000.0,1102446000.0,0.456,4.634,-76931000.0,616325000.0,616325000.0,299282000.0,177902000.0,2.138,0.39,32410000.0,18026000.0,14384000.0,32410000.0,166075000.0,70376000.0,0.0,0.0,0.0,205005000.0,275381000.0,0.201,275381000.0,205005000.0,205005000.0,0.415,0.405,0.415,1927611000.0,2166590250.0,1927611000.0,10156811879.0,50.0,36.883,260942000.0,0.627,1.0,1067500000.0,0.781,707402000.0,0.0,650678000.0,1037258000.0,0.0,571027000.0,550442000.0,20585000.0,752136000.0,737752000.0,14384000.0,10859771879.0,215459000.0,-455807000.0,-442688000.0,-372000.0,0.0,-454710000.0,-8384000.0,486645000.0,337873000.0,51000.0,177902000.0,177902000.0,177902000.0,-81430000.0,0.0,0.13,967131000.0,100369000.0,80847000.0,0.0,5.634,61.044,62.554,189550000.0,0.0,25.96,7.946,7.9,65353000.0,424190000.0,1366782000.0,1366782000.0,215178000.0,0.059,0.082,0.198,0.15,62638000.0,404716000.0,1.0,418327114.0,415930000,415930000.0,3.286,1972345000.0,295300000.0,27103000.0,0.0,4.742,839549000.0
76,INTU,MRT,2002-06-30,2002-07-31,2002-07-31,2021-09-08,-3675000.0,2928005000.0,3039095250.0,1954672000.0,973333000.0,0.432,5.231,-63419000.0,709357000.0,709357000.0,289373000.0,140160000.0,2.875,0.322,32592000.0,0.0,32592000.0,32592000.0,147120000.0,66000000.0,0.0,0.0,0.0,157094000.0,223094000.0,0.17,223094000.0,157094000.0,157094000.0,0.33,0.32,0.33,2215639000.0,2198431250.0,2215639000.0,8596841037.0,55.0,38.535,288204000.0,0.68,1.0,1022855000.0,0.779,554422000.0,0.0,1017044000.0,1150596000.0,0.0,853403000.0,832133000.0,21270000.0,712366000.0,679774000.0,32592000.0,9306720037.0,342038000.0,-284065000.0,-184785000.0,0.0,0.0,-196118000.0,-38386000.0,267593000.0,351623000.0,-291000.0,140160000.0,140160000.0,140160000.0,-86545000.0,0.0,0.107,964047000.0,58808000.0,71069000.0,0.0,4.2,66.401,66.636,179122000.0,0.0,21.99,7.092,7.098,51999000.0,511342000.0,1312228000.0,1312228000.0,198471000.0,0.046,0.064,0.137,0.12,55780000.0,372797000.0,1.0,423225104.0,423588000,435794000.0,3.098,2373583000.0,246539000.0,16934000.0,0.0,5.604,1274898000.0
77,INTU,MRT,2002-03-31,2002-04-30,2002-04-30,2021-09-08,8996000.0,3223498000.0,3022662250.0,2555770000.0,667728000.0,0.384,5.458,-55449000.0,738539000.0,738539000.0,257114000.0,110633000.0,2.833,0.395,28660000.0,17451000.0,11209000.0,28660000.0,97509000.0,81077000.0,0.0,0.0,0.0,90557000.0,171634000.0,0.148,171634000.0,90557000.0,90557000.0,0.25,0.24,0.25,2310016000.0,2184853000.0,2310016000.0,7637351669.0,84.0,44.498,387621000.0,0.916,1.0,904443000.0,0.779,310949000.0,0.0,1300397000.0,1273737000.0,0.0,1638257000.0,1625108000.0,13149000.0,913482000.0,902273000.0,11209000.0,8333217669.0,-263479000.0,-41535000.0,-53331000.0,1485000.0,0.0,-65090000.0,-250652000.0,-151865000.0,443070000.0,576000.0,110633000.0,110633000.0,110633000.0,-69029000.0,0.0,0.095,889341000.0,15102000.0,144315000.0,0.0,3.607,75.323,78.36,181442000.0,0.0,19.59,7.174,7.138,69216000.0,609795000.0,1161557000.0,1161557000.0,192018000.0,0.037,0.051,0.071,0.078,46806000.0,308182000.0,1.0,425381198.0,423228000,434346000.0,2.745,2912549000.0,233836000.0,-20076000.0,104293000.0,6.882,1653497000.0
78,INTU,MRT,2001-12-31,2002-01-31,2002-01-31,2021-09-08,5477000.0,3150878000.0,2989766750.0,2445863000.0,705015000.0,0.366,5.207,-52256000.0,744868000.0,744868000.0,267186000.0,-48149000.0,2.643,0.424,49002000.0,36753000.0,12249000.0,49002000.0,156337000.0,78136000.0,0.0,0.0,0.0,-75483000.0,2653000.0,0.002,2653000.0,-75483000.0,-75483000.0,-0.125,-0.13,-0.125,2213095000.0,2154650250.0,2213095000.0,7735144565.0,-102.0,2915.622,186874000.0,0.44,1.0,828429000.0,0.756,348600000.0,0.0,1180913000.0,1217237250.0,0.0,1328753000.0,1315583000.0,13170000.0,937783000.0,925499000.0,12284000.0,8323507565.0,-188533000.0,-111464000.0,14728000.0,-2577000.0,0.0,11301000.0,-44011000.0,109075000.0,239130000.0,4057000.0,-48149000.0,-48149000.0,-48149000.0,-57250000.0,0.0,-0.044,953855000.0,-125426000.0,171402000.0,0.0,3.761,-172.87,-157.0,183389000.0,0.0,19.625,7.597,7.613,262513000.0,465314000.0,1095615000.0,1095615000.0,193901000.0,-0.016,-0.022,-0.062,-0.069,87153000.0,300904000.0,1.0,424127774.0,425040000,438710000.0,2.578,2802278000.0,236452000.0,-27334000.0,42091000.0,6.593,1520364000.0
79,INTU,MRT,2001-09-30,2001-10-31,2001-10-31,2021-09-08,1836000.0,2854000000.0,2996829500.0,2120334000.0,733666000.0,0.359,4.869,-56744000.0,640048000.0,640048000.0,264755000.0,-141455000.0,2.695,0.389,51685000.0,39532000.0,12153000.0,51685000.0,139510000.0,71643000.0,0.0,0.0,0.0,-159279000.0,-87636000.0,-0.081,-87636000.0,-159279000.0,-159279000.0,-0.34,-0.345,-0.34,2054975000.0,2155088750.0,2054975000.0,7865944093.0,-49.0,-89.757,149331000.0,0.354,1.0,812512000.0,0.754,374770000.0,0.0,1104030000.0,1255172750.0,0.0,1321717000.0,1307609000.0,14108000.0,799025000.0,786837000.0,12188000.0,8495373093.0,-143288000.0,-92202000.0,55415000.0,2758000.0,0.0,57323000.0,-86977000.0,52752000.0,206075000.0,1878000.0,-141455000.0,-141455000.0,-141455000.0,-37278000.0,0.0,-0.131,938650000.0,-126138000.0,169487000.0,0.0,4.134,-60.057,-59.147,184973000.0,0.0,20.11,7.886,7.879,43024000.0,345446000.0,1077267000.0,1077267000.0,197098000.0,-0.047,-0.066,-0.127,-0.148,40278000.0,308904000.0,1.0,422445206.0,422078000,422078000.0,2.552,2479230000.0,238115000.0,-17824000.0,44514000.0,5.874,1333497000.0
80,INTU,MRT,2001-06-30,2001-07-31,2001-07-31,2021-09-08,28180000.0,2862273000.0,2997935250.0,2048757000.0,813516000.0,0.366,5.197,-71851000.0,299555000.0,299555000.0,269860000.0,-82793000.0,2.974,0.324,50822000.0,38672000.0,12150000.0,50822000.0,137041000.0,69273000.0,0.0,0.0,0.0,-95270000.0,-25997000.0,-0.024,-25997000.0,-95270000.0,-95270000.0,-0.2,-0.2,-0.2,2161326000.0,2159236750.0,2161326000.0,6546587679.0,-69.0,-251.821,158885000.0,0.382,1.0,826202000.0,0.754,415135000.0,0.0,1509608000.0,1304372250.0,0.0,1241578000.0,1204612000.0,36966000.0,700947000.0,688797000.0,12150000.0,7190349679.0,-282269000.0,-198062000.0,88434000.0,0.0,0.0,87584000.0,-300040000.0,-37891000.0,230736000.0,2538000.0,-82793000.0,-82793000.0,-82793000.0,-27549000.0,0.0,-0.076,907560000.0,-81358000.0,62994000.0,0.0,3.327,-86.847,-85.95,174659000.0,0.0,17.19,6.56,6.523,26778000.0,437873000.0,1096062000.0,1096062000.0,196119000.0,-0.028,-0.038,-0.073,-0.087,62077000.0,311277000.0,1.0,418286776.0,415918000,415918000.0,2.635,2447138000.0,219647000.0,-12477000.0,82486000.0,5.884,1359960000.0
81,INTU,MRT,2001-03-31,2001-04-30,2001-04-30,2021-09-08,31562000.0,3091916000.0,2988609000.0,2290949000.0,800967000.0,0.394,5.244,-80890000.0,659548000.0,659548000.0,277937000.0,-4359000.0,2.585,0.412,15786000.0,0.0,15786000.0,15786000.0,82374000.0,66251000.0,0.0,0.0,0.0,55140000.0,121391000.0,0.103,121391000.0,55140000.0,55140000.0,-0.01,-0.015,-0.01,2189205000.0,2136727500.0,2189205000.0,6325998359.0,115.0,52.113,35689000.0,0.085,1.0,898138000.0,0.764,487667000.0,0.0,1074398000.0,1194315250.0,0.0,1414698000.0,1393387000.0,21311000.0,902711000.0,886089000.0,16622000.0,6684619359.0,-534641000.0,-186189000.0,84177000.0,9645000.0,0.0,93822000.0,-678334000.0,-382955000.0,116579000.0,2902000.0,-4359000.0,-4359000.0,-4359000.0,16517000.0,0.0,-0.004,899609000.0,-1471000.0,74709000.0,0.0,3.053,-1533.521,-1602.0,181635000.0,0.0,16.02,5.684,5.686,103310000.0,499162000.0,1176075000.0,1176075000.0,194552000.0,-0.001,-0.002,0.046,0.047,142819000.0,307250000.0,1.0,417267126.0,417430000,417430000.0,2.817,2604249000.0,0.0,59499000.0,102692000.0,6.239,1404860000.0
82,INTU,MRT,2000-12-31,2001-01-31,2001-01-31,2021-09-08,57396000.0,3179129000.0,3003936750.0,2314512000.0,864617000.0,0.36,5.335,-88625000.0,377407000.0,377407000.0,278071000.0,307027000.0,2.449,0.435,18786000.0,0.0,18786000.0,18786000.0,143215000.0,62534000.0,0.0,0.0,0.0,511436000.0,573970000.0,0.531,573970000.0,511436000.0,511436000.0,0.76,0.715,0.76,2214849000.0,2109725500.0,2214849000.0,7912846498.0,15.0,13.786,27579000.0,0.066,1.0,801933000.0,0.743,542744000.0,0.0,1332655000.0,1062524750.0,0.0,1293461000.0,1268663000.0,24798000.0,964280000.0,945109000.0,19171000.0,8173060498.0,-10416000.0,-116260000.0,98664000.0,25537000.0,0.0,124201000.0,-180713000.0,46613000.0,116204000.0,-498000.0,307027000.0,307027000.0,307027000.0,16517000.0,0.0,0.284,780769000.0,21164000.0,118234000.0,0.0,3.69,26.62,25.987,184461000.0,0.0,19.75,7.568,7.593,253659000.0,513463000.0,1080004000.0,1080004000.0,182634000.0,0.102,0.146,0.481,0.474,94781000.0,295054000.0,1.0,413825848.0,415188000,431854000.0,2.601,2636385000.0,0.0,204409000.0,107284000.0,6.35,1369403000.0
83,INTU,MRT,2000-09-30,2000-10-31,2000-10-31,2021-09-08,21949000.0,2858423000.0,3009356750.0,1990333000.0,868090000.0,0.348,5.035,-96688000.0,278719000.0,278719000.0,269807000.0,337757000.0,2.591,0.38,18505000.0,0.0,18505000.0,18505000.0,121169000.0,29409000.0,0.0,0.0,0.0,557560000.0,586969000.0,0.56,586969000.0,557560000.0,557560000.0,0.84,0.79,0.84,2071567000.0,2071398500.0,2071567000.0,12112685074.0,22.0,20.636,3249000.0,0.008,1.0,778136000.0,0.743,529318000.0,0.0,1300828000.0,1010711250.0,0.0,1290591000.0,1247312000.0,43279000.0,786856000.0,768063000.0,18793000.0,12673912074.0,-57894000.0,-87013000.0,113323000.0,532000.0,0.0,113855000.0,-201578000.0,18161000.0,99937000.0,-498000.0,337757000.0,337757000.0,337757000.0,16517000.0,0.0,0.322,768971000.0,9165000.0,81877000.0,0.0,6.118,37.524,36.571,183243000.0,0.0,30.72,12.094,12.062,67938000.0,486901000.0,1047943000.0,1047943000.0,172073000.0,0.112,0.163,0.552,0.532,73991000.0,293010000.0,1.0,412562242.0,411454000,411454000.0,2.547,2329105000.0,0.0,219803000.0,81953000.0,5.661,1222270000.0
84,INTU,MRT,2000-06-30,2000-07-31,2000-07-31,2021-09-08,55586000.0,2824968000.0,2888481000.0,2074860000.0,750108000.0,0.359,5.158,-94562000.0,598631000.0,598631000.0,261785000.0,305661000.0,2.756,0.364,34824000.0,34286000.0,538000.0,34824000.0,107578000.0,54725000.0,0.0,0.0,0.0,522211000.0,576936000.0,0.556,576936000.0,522211000.0,522211000.0,0.76,0.725,0.76,2071289000.0,1949057750.0,2071289000.0,5846004940.0,11.0,10.133,-2701000.0,-0.007,1.0,775564000.0,0.748,438878000.0,0.0,1069380000.0,894750000.0,0.0,1367588000.0,1336428000.0,31160000.0,753679000.0,752903000.0,776000.0,6916973940.0,-147415000.0,-76714000.0,89978000.0,-3323000.0,0.0,86655000.0,-255823000.0,-48509000.0,91861000.0,-498000.0,305661000.0,305661000.0,305661000.0,16517000.0,0.0,0.295,766460000.0,9104000.0,102743000.0,0.0,3.339,22.63,22.368,167707000.0,0.0,17.0,6.668,6.58,67420000.0,520666000.0,1037349000.0,1037349000.0,165907000.0,0.106,0.157,0.584,0.503,94781000.0,295524000.0,1.0,406880820.0,401540000,422542000.0,2.583,2386090000.0,134828000.0,216550000.0,110743000.0,5.942,1321957000.0
85,INTU,MRT,2000-03-31,2000-04-30,2000-04-30,2021-09-08,110095000.0,3153227000.0,2801604000.0,2377086000.0,776141000.0,0.393,5.143,-103017000.0,1124931000.0,1124931000.0,286503000.0,551500000.0,2.244,0.515,53962000.0,53449000.0,513000.0,53962000.0,89128000.0,-11925000.0,0.0,0.0,0.0,936373000.0,924448000.0,0.84,924448000.0,936373000.0,936373000.0,1.4,1.32,1.4,2081197000.0,1821582500.0,2081197000.0,6776276602.0,7.0,7.33,-21844000.0,-0.054,1.0,813392000.0,0.74,475557000.0,0.0,547236000.0,748282500.0,1890000.0,1063111000.0,1011844000.0,51267000.0,1072030000.0,1059465000.0,12565000.0,7248272602.0,566324000.0,-172192000.0,144815000.0,-100552000.0,-1464000.0,44039000.0,446039000.0,705187000.0,81173000.0,-4927000.0,551500000.0,551500000.0,551500000.0,0.0,0.0,0.501,825521000.0,-12129000.0,122770000.0,0.0,3.483,13.143,12.836,157223000.0,0.0,17.97,6.59,6.612,128167000.0,505147000.0,1099895000.0,1099895000.0,165621000.0,0.197,0.303,1.251,0.851,58150000.0,353951000.0,1.0,403354068.0,404684000,428724000.0,2.718,2677670000.0,145215000.0,384873000.0,334386000.0,6.617,1317621000.0
86,INTU,MRT,1999-12-31,2000-01-31,2000-01-31,2021-09-08,448207000.0,3200809000.0,2630763500.0,2370107000.0,830702000.0,0.392,5.261,-105761000.0,513141000.0,513141000.0,262658000.0,329767000.0,2.176,0.553,41145000.0,3283000.0,37862000.0,41145000.0,106395000.0,7909000.0,0.0,0.0,0.0,553063000.0,560972000.0,0.543,560972000.0,553063000.0,553063000.0,0.86,0.81,0.86,2061541000.0,1719634500.0,2061541000.0,11233103159.0,20.0,20.024,86373000.0,0.22,1.0,769590000.0,0.746,514149000.0,0.0,1125401000.0,886190250.0,9351000.0,1575459000.0,1497474000.0,77985000.0,1139268000.0,1089263000.0,50005000.0,11480942159.0,154201000.0,-172192000.0,146442000.0,-186289000.0,-1464000.0,-41134000.0,7209000.0,291757000.0,192134000.0,-4008000.0,329767000.0,329767000.0,329767000.0,0.0,0.0,0.319,792193000.0,-22603000.0,136454000.0,0.0,5.569,34.815,35.064,149324000.0,0.0,30.155,11.122,11.448,249146000.0,208062000.0,1032248000.0,1032248000.0,159167000.0,0.125,0.192,0.624,0.536,58150000.0,344722000.0,1.0,380730962.0,391870000,419132000.0,2.634,2686660000.0,146414000.0,223296000.0,396403000.0,6.856,1280844000.0
87,INTU,MRT,1999-09-30,1999-10-31,1999-10-31,2021-09-08,164108000.0,2374920000.0,2416760000.0,1564243000.0,810677000.0,0.406,4.008,-94954000.0,286427000.0,286427000.0,237337000.0,365600000.0,2.074,0.501,38588000.0,0.0,38588000.0,38588000.0,84541000.0,52638000.0,0.0,0.0,0.0,590542000.0,643180000.0,0.656,643180000.0,590542000.0,590542000.0,0.96,0.91,0.96,1582204000.0,1595198000.0,1582204000.0,5034911619.0,9.0,7.828,28432000.0,0.072,1.0,743145000.0,0.758,535970000.0,0.0,836983000.0,892585000.0,7174000.0,1030625000.0,955457000.0,75168000.0,792716000.0,754128000.0,38588000.0,5516908619.0,198468000.0,-213169000.0,142509000.0,-85895000.0,-1464000.0,55150000.0,23940000.0,323326000.0,123386000.0,-4008000.0,365600000.0,365600000.0,365600000.0,0.0,0.0,0.373,738029000.0,5116000.0,87591000.0,0.0,3.487,15.09,15.172,128515000.0,0.0,14.565,5.627,5.864,86766000.0,139432000.0,980482000.0,980482000.0,151482000.0,0.151,0.229,0.662,0.602,110946000.0,326113000.0,1.0,378778484.0,394724000,394724000.0,2.484,1838950000.0,256818000.0,224942000.0,206871000.0,4.659,810115000.0
88,INTU,MRT,1999-06-30,1999-07-31,1999-07-31,2021-09-08,79144000.0,2477460000.0,2168817000.0,1721456000.0,756004000.0,0.434,4.089,-81308000.0,700066000.0,700066000.0,217463000.0,386564000.0,1.958,0.587,66510000.0,29896000.0,36614000.0,66510000.0,65994000.0,49746000.0,0.0,0.0,0.0,632114000.0,681860000.0,0.725,681860000.0,632114000.0,632114000.0,1.01,0.965,1.01,1561388000.0,1445092250.0,1561388000.0,4797744965.0,8.0,7.036,64434000.0,0.169,1.0,722972000.0,0.769,481151000.0,0.0,483510000.0,836567000.0,0.0,903159000.0,821427000.0,81732000.0,916072000.0,879243000.0,36829000.0,5091926965.0,384365000.0,-117608000.0,136397000.0,-79654000.0,-1464000.0,55279000.0,187352000.0,385274000.0,145742000.0,-4008000.0,386564000.0,386564000.0,386564000.0,0.0,0.0,0.411,688406000.0,34566000.0,115605000.0,0.0,3.261,13.172,13.5,119220000.0,0.0,13.635,5.414,5.536,63677000.0,215167000.0,940435000.0,940435000.0,143437000.0,0.178,0.268,0.756,0.672,58150000.0,307105000.0,1.0,373445322.0,381854000,399632000.0,2.463,1996309000.0,129500000.0,245550000.0,279875000.0,5.228,842213000.0
89,INTU,MRT,1999-03-31,1999-04-30,1999-04-30,2021-09-08,544135000.0,2469865000.0,1924101000.0,1954809000.0,515056000.0,0.499,4.34,-60201000.0,330225000.0,330225000.0,197701000.0,98590000.0,2.573,0.476,36043000.0,0.0,36043000.0,36043000.0,69237000.0,91768000.0,0.0,0.0,0.0,130296000.0,222064000.0,0.231,222064000.0,130296000.0,130296000.0,0.227,0.21,0.227,1673405000.0,1326835500.0,1673405000.0,5142658821.0,39.0,23.158,210664000.0,0.546,1.0,763307000.0,0.794,317169000.0,0.0,1098867000.0,878132000.0,2267000.0,1508766000.0,1430975000.0,77791000.0,796460000.0,759647000.0,36813000.0,5266412821.0,320441000.0,-376638000.0,563874000.0,16577000.0,-25974000.0,603237000.0,-553661000.0,-107829000.0,270865000.0,0.0,98590000.0,98590000.0,98590000.0,0.0,0.0,0.103,719400000.0,43907000.0,95368000.0,0.0,3.147,53.417,63.238,91195000.0,0.0,14.355,5.48,5.759,114188000.0,-62166000.0,961008000.0,961008000.0,134791000.0,0.051,0.074,0.148,0.136,21594000.0,314790000.0,1.0,366869580.0,385572000,406322000.0,2.492,2152696000.0,21006000.0,31706000.0,362149000.0,5.583,1195162000.0
90,INTU,MRT,1998-12-31,1999-01-31,1999-01-31,2021-09-08,549892000.0,2344795000.0,1574988250.0,1854103000.0,490692000.0,0.534,4.141,-43745000.0,163030000.0,163030000.0,173230000.0,21032000.0,2.503,0.499,39276000.0,0.0,39276000.0,39276000.0,45979000.0,70446000.0,0.0,0.0,0.0,12112000.0,82558000.0,0.098,82558000.0,12112000.0,12112000.0,0.023,0.017,0.023,1563795000.0,1067692750.0,1563795000.0,5386286700.0,445.0,65.242,12570000.0,0.033,1.0,668282000.0,0.794,329220000.0,0.0,1150980000.0,759466000.0,5865000.0,1446156000.0,1393219000.0,52937000.0,781000000.0,740841000.0,40159000.0,5443228700.0,105801000.0,-376638000.0,557402000.0,89313000.0,-25974000.0,620564000.0,-571078000.0,-140424000.0,56315000.0,0.0,21032000.0,21032000.0,21032000.0,0.0,0.0,0.025,681723000.0,-13441000.0,69825000.0,0.0,3.481,258.807,659.42,77545000.0,0.0,15.167,6.468,6.806,241276000.0,-134721000.0,841512000.0,841512000.0,125847000.0,0.013,0.02,0.016,0.014,21594000.0,308066000.0,1.0,358894200.0,377626000,396826000.0,2.228,2015575000.0,21006000.0,-8920000.0,367570000.0,5.337,1113262000.0
91,INTU,MRT,1998-09-30,1998-10-31,1998-10-31,2021-09-08,119244000.0,1383148000.0,1233059750.0,868883000.0,514265000.0,0.572,2.754,-35695000.0,96275000.0,96275000.0,148475000.0,-30249000.0,2.406,0.409,39333000.0,0.0,39333000.0,39333000.0,68216000.0,56361000.0,0.0,0.0,0.0,-44369000.0,11992000.0,0.017,11992000.0,-44369000.0,-44369000.0,-0.075,-0.077,-0.075,981781000.0,817104500.0,981781000.0,2901222187.0,-65.0,241.93,94215000.0,0.264,1.0,556817000.0,0.789,352152000.0,0.0,612911000.0,593183500.0,0.0,715288000.0,658289000.0,56999000.0,401367000.0,361143000.0,40224000.0,3003789187.0,51906000.0,-376638000.0,531148000.0,6359000.0,-25974000.0,511533000.0,-589537000.0,-168091000.0,129910000.0,0.0,-30249000.0,-30249000.0,-30249000.0,0.0,0.0,-0.043,614942000.0,-58125000.0,48459000.0,0.0,3.06,-99.302,-112.222,73803000.0,0.0,8.417,4.259,4.254,64725000.0,-224578000.0,705292000.0,705292000.0,116128000.0,-0.025,-0.037,-0.075,-0.063,21594000.0,273926000.0,1.0,356885844.0,356472000,356472000.0,1.979,1030996000.0,36214000.0,-14120000.0,82073000.0,2.892,507740000.0
92,INTU,MRT,1998-06-30,1998-07-31,1998-07-31,2021-09-08,182602000.0,1498596000.0,1077094750.0,980125000.0,518471000.0,0.64,3.463,-30778000.0,138133000.0,138133000.0,135656000.0,6182000.0,2.616,0.377,35566000.0,0.0,35566000.0,35566000.0,58560000.0,31246000.0,0.0,0.0,0.0,1100000.0,32346000.0,0.047,32346000.0,1100000.0,1100000.0,0.02,0.02,0.02,1088361000.0,688722750.0,1088361000.0,2899389659.0,2636.0,89.637,47187000.0,0.15,1.0,553626000.0,0.803,371590000.0,0.0,649770000.0,549432250.0,3695000.0,789509000.0,743984000.0,45525000.0,410235000.0,374669000.0,35566000.0,2923407659.0,110934000.0,-350288000.0,532358000.0,5494000.0,-25974000.0,511878000.0,-478909000.0,-97232000.0,77965000.0,0.0,6182000.0,6182000.0,6182000.0,0.0,0.0,0.009,569285000.0,-15659000.0,44035000.0,0.0,2.686,472.89,414.583,69413000.0,0.0,8.292,4.241,3.781,59417000.0,-175388000.0,689282000.0,689282000.0,108604000.0,0.006,0.009,0.002,0.002,21594000.0,255825000.0,1.0,352571778.0,314294000,327782000.0,2.193,1127006000.0,21006000.0,-5082000.0,123526000.0,3.586,605456000.0
93,INTU,MRT,1998-03-31,1998-04-30,1998-04-30,2021-09-08,169274000.0,1073414000.0,868364750.0,920486000.0,152928000.0,0.656,2.202,-32253000.0,63191000.0,63191000.0,119904000.0,7063000.0,2.317,0.686,39173000.0,0.0,39173000.0,39173000.0,28820000.0,48715000.0,0.0,0.0,0.0,14938000.0,63653000.0,0.112,63653000.0,14938000.0,14938000.0,0.022,0.018,0.022,636834000.0,520397750.0,636834000.0,2481136574.0,166.0,38.979,3166000.0,0.011,1.0,449678000.0,0.789,27903000.0,0.0,624203000.0,485736500.0,2015000.0,755347000.0,713294000.0,42053000.0,436580000.0,397290000.0,39290000.0,2555415574.0,-53458000.0,26350000.0,35436000.0,-3872000.0,0.0,-18436000.0,-70441000.0,-58085000.0,35419000.0,0.0,7063000.0,7063000.0,7063000.0,0.0,0.0,0.012,449673000.0,5000.0,48218000.0,0.0,4.013,361.803,402.955,69575000.0,0.0,8.865,4.486,4.502,118676000.0,-136352000.0,569582000.0,569582000.0,103393000.0,0.008,0.014,0.031,0.026,0.0,198707000.0,1.0,288258948.0,289254000,289254000.0,1.969,1045511000.0,0.0,7875000.0,132549000.0,3.615,523196000.0
94,INTU,MRT,1997-12-31,1998-01-31,1998-01-31,2021-09-08,117568000.0,977081000.0,779485750.0,836470000.0,140611000.0,0.723,1.967,-28724000.0,105532000.0,105532000.0,119490000.0,9757000.0,2.178,0.74,31253000.0,0.0,31253000.0,31253000.0,38602000.0,49396000.0,0.0,0.0,0.0,20102000.0,69498000.0,0.123,69498000.0,20102000.0,20102000.0,0.032,0.028,0.032,561442000.0,464481750.0,561442000.0,1743527830.0,87.0,25.087,-22297000.0,-0.078,1.0,444422000.0,0.788,32866000.0,0.0,485850000.0,409461750.0,4811000.0,571721000.0,537228000.0,34493000.0,415639000.0,384086000.0,31553000.0,1770957830.0,673000.0,-6892000.0,18346000.0,26322000.0,0.0,44668000.0,-50422000.0,-18348000.0,6427000.0,0.0,9757000.0,9757000.0,9757000.0,0.0,0.0,0.017,438955000.0,5467000.0,59535000.0,0.0,3.154,181.506,194.688,70574000.0,0.0,6.23,3.14,3.153,170277000.0,-134146000.0,563912000.0,563912000.0,100405000.0,0.013,0.021,0.049,0.036,0.0,183393000.0,1.0,284262894.0,285360000,296628000.0,1.976,944215000.0,0.0,10345000.0,109387000.0,3.309,452384000.0
95,INTU,MRT,1997-09-30,1997-10-31,1997-10-31,2021-09-08,77606000.0,759288000.0,723195500.0,568891000.0,190397000.0,0.819,1.657,-27671000.0,63950000.0,63950000.0,132632000.0,83853000.0,2.24,0.622,36520000.0,0.0,36520000.0,36520000.0,24218000.0,52462000.0,0.0,0.0,0.0,98837000.0,151299000.0,0.255,151299000.0,98837000.0,98837000.0,0.302,0.293,0.302,468254000.0,427507000.0,468254000.0,1529543985.0,15.0,10.109,16581000.0,0.059,1.0,459745000.0,0.776,39963000.0,0.0,437906000.0,362916750.0,3888000.0,475091000.0,397679000.0,77412000.0,291034000.0,253989000.0,37045000.0,1539879985.0,18355000.0,-8109000.0,13601000.0,29075000.0,0.0,42676000.0,-68573000.0,-32701000.0,44252000.0,0.0,83853000.0,83853000.0,83853000.0,-71240000.0,0.0,0.142,446300000.0,13445000.0,37493000.0,0.0,3.289,18.364,18.008,70909000.0,0.0,5.438,2.599,2.594,88747000.0,-175990000.0,592377000.0,592377000.0,96701000.0,0.116,0.196,0.272,0.167,0.0,190658000.0,1.0,283152924.0,282510000,282510000.0,2.097,719325000.0,0.0,14984000.0,61172000.0,2.546,314902000.0
96,INTU,MRT,1997-06-30,1997-07-31,1997-07-31,2021-09-08,19432000.0,663676000.0,540848000.0,454777000.0,208899000.0,1.107,1.49,-27597000.0,46780000.0,46780000.0,137281000.0,68308000.0,2.149,0.599,36444000.0,0.0,36444000.0,36444000.0,22732000.0,58667000.0,0.0,0.0,0.0,81049000.0,139716000.0,0.233,139716000.0,81049000.0,81049000.0,0.245,0.24,0.245,415061000.0,357148000.0,415061000.0,1092520129.0,13.0,7.82,53552000.0,0.192,1.0,461644000.0,0.771,46771000.0,0.0,394987000.0,315837000.0,3295000.0,425035000.0,349119000.0,75916000.0,248615000.0,211582000.0,37033000.0,1174736129.0,2196000.0,-34224000.0,9426000.0,29616000.0,0.0,39042000.0,-117995000.0,-55204000.0,81149000.0,0.0,68308000.0,68308000.0,68308000.0,-71240000.0,0.0,0.114,461684000.0,-40000.0,35688000.0,0.0,2.83,17.198,17.136,83404000.0,0.0,4.198,1.961,1.953,42190000.0,-163231000.0,598925000.0,598925000.0,93018000.0,0.126,0.191,0.257,0.135,0.0,199507000.0,1.0,279810114.0,278544000,284688000.0,2.15,616905000.0,0.0,12741000.0,31710000.0,2.215,243195000.0
97,INTU,MRT,1997-03-31,1997-04-30,1997-04-30,2021-09-08,-6789000.0,717898000.0,,575610000.0,142288000.0,,1.48,-24335000.0,116649000.0,116649000.0,139368000.0,66145000.0,2.17,0.738,34433000.0,0.0,34433000.0,34433000.0,24456000.0,19914000.0,0.0,0.0,0.0,79612000.0,99526000.0,0.169,99526000.0,79612000.0,79612000.0,0.235,,0.235,413170000.0,,413170000.0,929601203.0,12.0,9.34,80817000.0,0.29,1.0,450735000.0,0.764,51354000.0,0.0,319104000.0,,2756000.0,356260000.0,356260000.0,0.0,304728000.0,265224000.0,39504000.0,1029380203.0,83215000.0,-34184000.0,8343000.0,27275000.0,0.0,35618000.0,-57555000.0,2504000.0,105152000.0,0.0,66145000.0,66145000.0,66145000.0,-70272000.0,0.0,0.112,450263000.0,472000.0,33397000.0,0.0,2.491,15.562,15.695,78434000.0,0.0,3.688,1.744,1.745,67848000.0,-132592000.0,590103000.0,590103000.0,86973000.0,,,,0.135,0.0,197290000.0,1.0,279090882.0,279156000,,2.114,666544000.0,29227000.0,13467000.0,72509000.0,2.388,310386000.0
98,INTU,MRT,1996-12-31,1997-01-31,1997-01-31,2021-09-08,-4700000.0,751920000.0,,638747000.0,113173000.0,,1.486,-36091000.0,104859000.0,104859000.0,145479000.0,65349000.0,1.932,0.818,5080000.0,0.0,5080000.0,5080000.0,29595000.0,24866000.0,0.0,0.0,0.0,79041000.0,103907000.0,0.177,103907000.0,79041000.0,79041000.0,0.232,,0.232,413543000.0,,413543000.0,,,,78248000.0,0.281,1.0,440367000.0,0.752,21881000.0,0.0,299670000.0,,4428000.0,350524000.0,350524000.0,0.0,338377000.0,330590000.0,7787000.0,1360568050.0,47565000.0,-942000.0,4131000.0,-2137000.0,0.0,1994000.0,-68768000.0,-29424000.0,114339000.0,0.0,65349000.0,65349000.0,65349000.0,-68691000.0,0.0,0.112,438098000.0,2269000.0,63134000.0,0.0,3.29,20.82,21.013,78924000.0,0.0,4.875,2.322,2.316,146277000.0,-133244000.0,585846000.0,585846000.0,82756000.0,,,,0.135,0.0,189756000.0,1.0,279090882.0,278346000,,2.105,730039000.0,28205000.0,13692000.0,80215000.0,2.623,308157000.0
99,INTU,MRT,1996-09-30,1996-10-31,1996-10-31,2021-09-08,,,,,,,,,,,136099000.0,-28681000.0,,,,,,,,,,0.0,0.0,-14690000.0,,,,-14690000.0,-14690000.0,-0.108,,-0.108,,,,,,,,,1.0,402765000.0,0.747,,0.0,,,,,,,,,,,,,,,,,,,,,-28681000.0,-28681000.0,-28681000.0,4706000.0,0.0,-0.053,420379000.0,-17614000.0,,0.0,,,-42.245,,0.0,4.562,,2.339,,,538864000.0,538864000.0,77868000.0,,,,-0.027,,178346000.0,1.0,,276294000,,1.95,,,13991000.0,,,
100,INTU,MRT,1996-06-30,1996-07-31,1996-07-31,2021-09-08,-502000.0,418020000.0,,280413000.0,137607000.0,,1.105,-69321000.0,44584000.0,44584000.0,136470000.0,-20699000.0,2.533,0.397,5583000.0,0.0,5583000.0,5583000.0,18974000.0,23853000.0,0.0,0.0,0.0,-4474000.0,19379000.0,0.036,19379000.0,-4474000.0,-4474000.0,-0.077,-0.077,-0.077,299235000.0,,299235000.0,,,,-7846000.0,-0.029,1.0,402138000.0,0.747,31643000.0,0.0,236687000.0,,4448000.0,153434000.0,153434000.0,0.0,118785000.0,110689000.0,8096000.0,,-31714000.0,40000.0,12864000.0,-3187000.0,0.0,9677000.0,-102866000.0,-31957000.0,61475000.0,0.0,-20699000.0,-20699000.0,-20699000.0,6344000.0,0.0,-0.038,407914000.0,-5776000.0,33972000.0,0.0,,,-78.193,95611000.0,0.0,6.021,,3.028,49473000.0,-231539000.0,538608000.0,538608000.0,75558000.0,,,,-0.008,0.0,175472000.0,1.0,,270894000,270894000.0,1.988,386377000.0,26097000.0,16225000.0,2513000.0,1.426,169724000.0
101,INTU,MRT,1996-03-31,1996-04-30,1996-04-30,2021-09-08,,,,,,,,,,,,,,,,,,,,,,0.0,0.0,,,,,,,,,,,,,,,,,,1.0,,,,,,,,,,,,,,,,,,,,,,,,,,,,,,,,,,,,,,,,8.583,,,,,,,,,,,,,,1.0,,271374000,,,,,,,,
102,INTU,MRT,1995-12-31,1996-01-31,1996-01-31,2021-09-08,,,,,,,,,,,,,,,,,,,,,,0.0,0.0,,,,,,,,,,,,,,,,,,1.0,,,,,,,,,,,,,,,,,,,,,,,,,,,,,,,,,,,,,,,,9.375,,,,,,,,,,,,,,1.0,,286932000,,,,,,,,
103,INTU,MRT,1995-06-30,1995-07-31,1995-07-31,2021-09-08,,,,,,,,-33087000.0,,,110322000.0,-44296000.0,,,,,,,,64434000.0,,0.0,0.0,-20000000.0,44434000.0,0.106,44434000.0,-20000000.0,-20000000.0,-0.178,,-0.178,,,,,,,44391000.0,0.179,1.0,308838000.0,0.737,,0.0,,,,,,,,,,,53455000.0,-26323000.0,87015000.0,4484000.0,0.0,91499000.0,-115522000.0,-57136000.0,77478000.0,0.0,-44296000.0,-44296000.0,-44296000.0,0.0,0.0,-0.106,373879000.0,-65041000.0,,0.0,,,-40.847,,0.0,7.271,,4.31,,,419160000.0,419160000.0,57332000.0,,,,-0.048,0.0,135819000.0,1.0,,248466000,,1.687,,,24296000.0,,,
