None,ticker,dimension,calendardate,datekey,reportperiod,lastupdated,accoci,assets,assetsavg,assetsc,assetsnc,assetturnover,bvps,capex,cashneq,cashnequsd,cor,consolinc,currentratio,de,debt,debtc,debtnc,debtusd,deferredrev,depamor,deposits,divyield,dps,ebit,ebitda,ebitdamargin,ebitdausd,ebitusd,ebt,eps,epsdil,epsusd,equity,equityavg,equityusd,ev,evebit,evebitda,fcf,fcfps,fxusd,gp,grossmargin,intangibles,intexp,invcap,invcapavg,inventory,investments,investmentsc,investmentsnc,liabilities,liabilitiesc,liabilitiesnc,marketcap,ncf,ncfbus,ncfcommon,ncfdebt,ncfdiv,ncff,ncfi,ncfinv,ncfo,ncfx,netinc,netinccmn,netinccmnusd,netincdis,netincnci,netmargin,opex,opinc,payables,payoutratio,pb,pe,pe1,ppnenet,prefdivis,price,ps,ps1,receivables,retearn,revenue,revenueusd,rnd,roa,roe,roic,ros,sbcomp,sgna,sharefactor,sharesbas,shareswa,shareswadil,sps,tangibles,taxassets,taxexp,taxliabilities,tbvps,workingcapital
0,TMUS,MRY,2020-12-31,2020-12-31,2020-12-31,2021-08-03,-1581000000.0,200162000000.0,166757500000.0,23885000000.0,176277000000.0,0.41,57.109,-11034000000.0,10385000000.0,10385000000.0,28266000000.0,3064000000.0,1.101,2.063,104219000000.0,9510000000.0,94709000000.0,104219000000.0,1030000000.0,14151000000.0,0.0,0.0,0.0,6580000000.0,20731000000.0,0.303,20731000000.0,6580000000.0,3850000000.0,2.68,2.65,2.68,65344000000.0,55451000000.0,65344000000.0,260311036744.0,40.0,12.557,-2394000000.0,-2.092,1.0,40131000000.0,0.587,99243000000.0,2730000000.0,173050000000.0,139888250000.0,2527000000.0,5608000000.0,3577000000.0,2031000000.0,134818000000.0,21703000000.0,113115000000.0,167374036744.0,8935000000.0,-3776000000.0,304000000.0,13042000000.0,0.0,13010000000.0,-12715000000.0,3134000000.0,8640000000.0,0.0,3064000000.0,3064000000.0,3064000000.0,-320000000.0,0.0,0.045,33495000000.0,6636000000.0,10353000000.0,0.0,2.561,54.626,50.317,72224000000.0,0.0,134.85,2.447,2.256,4276000000.0,-5836000000.0,68397000000.0,68397000000.0,0.0,0.018,0.055,0.047,0.096,694000000.0,18926000000.0,1.0,1241186776.0,1144206326.0,1154749428.0,59.777,100919000000.0,0.0,786000000.0,9966000000.0,88.2,2182000000.0
1,TMUS,MRY,2019-12-31,2019-12-31,2019-12-31,2021-08-03,-868000000.0,86921000000.0,85222750000.0,9305000000.0,77616000000.0,0.528,33.705,-6353000000.0,1528000000.0,1528000000.0,18521000000.0,3468000000.0,0.744,2.019,40098000000.0,3269000000.0,36829000000.0,40098000000.0,631000000.0,6616000000.0,0.0,0.0,0.0,5738000000.0,12354000000.0,0.275,12354000000.0,5738000000.0,4603000000.0,4.06,4.02,4.06,28789000000.0,27427000000.0,28789000000.0,106157175659.0,19.0,8.593,471000000.0,0.551,1.0,26477000000.0,0.588,38510000000.0,1135000000.0,74475000000.0,72572000000.0,964000000.0,4183000000.0,2600000000.0,1583000000.0,58132000000.0,12506000000.0,45626000000.0,67094175659.0,325000000.0,-31000000.0,0.0,-2201000000.0,0.0,-2374000000.0,-4125000000.0,3876000000.0,6824000000.0,0.0,3468000000.0,3468000000.0,3468000000.0,0.0,0.0,0.077,20755000000.0,5722000000.0,6933000000.0,0.0,2.331,19.347,19.315,35632000000.0,0.0,78.42,1.491,1.489,1908000000.0,-8833000000.0,44998000000.0,44998000000.0,0.0,0.041,0.126,0.079,0.128,495000000.0,14139000000.0,1.0,855574798.0,854143751.0,863433511.0,52.682,48411000000.0,0.0,1135000000.0,5607000000.0,56.678,-3201000000.0
2,TMUS,MRY,2018-12-31,2018-12-31,2018-12-31,2021-08-03,-332000000.0,72468000000.0,71086500000.0,8281000000.0,64187000000.0,0.609,29.089,-5541000000.0,1203000000.0,1203000000.0,18354000000.0,2888000000.0,0.807,1.932,27547000000.0,841000000.0,26706000000.0,27547000000.0,698000000.0,6486000000.0,0.0,0.0,0.0,5274000000.0,11760000000.0,0.272,11760000000.0,5274000000.0,3917000000.0,3.4,3.36,3.4,24718000000.0,23834750000.0,24718000000.0,80994280129.0,15.0,6.887,-1642000000.0,-1.932,1.0,24956000000.0,0.576,37658000000.0,1357000000.0,50887000000.0,50554250000.0,1084000000.0,4085000000.0,2538000000.0,1547000000.0,47750000000.0,10267000000.0,37483000000.0,53966280129.0,-16000000.0,-338000000.0,-1071000000.0,-2067000000.0,0.0,-3336000000.0,-579000000.0,5406000000.0,3899000000.0,0.0,2888000000.0,2888000000.0,2888000000.0,0.0,0.0,0.067,19647000000.0,5309000000.0,7941000000.0,0.0,2.183,18.686,18.709,23359000000.0,0.0,63.61,1.246,1.248,1780000000.0,-12954000000.0,43310000000.0,43310000000.0,0.0,0.041,0.121,0.104,0.122,424000000.0,13161000000.0,1.0,848393022.0,849744152.0,858290174.0,50.968,34810000000.0,0.0,1029000000.0,4472000000.0,40.965,-1986000000.0
3,TMUS,MRY,2017-12-31,2017-12-31,2017-12-31,2021-08-03,8000000.0,70563000000.0,68423250000.0,8915000000.0,61648000000.0,0.593,27.119,-5237000000.0,1219000000.0,1219000000.0,17708000000.0,4536000000.0,0.774,2.128,28319000000.0,1612000000.0,26707000000.0,28319000000.0,779000000.0,5984000000.0,0.0,0.0,0.0,4832000000.0,10816000000.0,0.266,10816000000.0,4832000000.0,3161000000.0,5.39,5.2,5.39,22559000000.0,20353250000.0,22559000000.0,80406039864.0,17.0,7.434,-1406000000.0,-1.69,1.0,22896000000.0,0.564,37266000000.0,1671000000.0,48882000000.0,48816750000.0,1566000000.0,3564000000.0,2290000000.0,1274000000.0,48004000000.0,11515000000.0,36489000000.0,52838039864.0,-4281000000.0,0.0,-427000000.0,-724000000.0,0.0,-1367000000.0,-6745000000.0,4319000000.0,3831000000.0,0.0,4536000000.0,4481000000.0,4481000000.0,0.0,0.0,0.11,18243000000.0,4653000000.0,8710000000.0,0.0,2.342,11.792,11.783,22196000000.0,55000000.0,63.51,1.301,1.301,1937000000.0,-16074000000.0,40604000000.0,40604000000.0,0.0,0.065,0.22,0.099,0.119,306000000.0,12259000000.0,1.0,831964098.0,831850073.0,871787450.0,48.812,33297000000.0,0.0,-1375000000.0,3537000000.0,40.028,-2600000000.0
4,TMUS,MRY,2016-12-31,2016-12-31,2016-12-31,2021-08-03,1000000.0,65891000000.0,64298500000.0,14217000000.0,51674000000.0,0.583,22.172,-4702000000.0,5500000000.0,5500000000.0,16550000000.0,1460000000.0,1.576,2.613,27786000000.0,354000000.0,27432000000.0,27786000000.0,986000000.0,6243000000.0,0.0,0.0,0.0,4057000000.0,10300000000.0,0.275,10300000000.0,4057000000.0,2327000000.0,1.71,1.69,1.71,18236000000.0,17647000000.0,18236000000.0,69787127322.0,17.0,6.775,-1923000000.0,-2.338,1.0,20940000000.0,0.559,29073000000.0,1730000000.0,50082000000.0,49533000000.0,1111000000.0,2914000000.0,1930000000.0,984000000.0,47655000000.0,9022000000.0,38633000000.0,47389127322.0,918000000.0,0.0,0.0,622000000.0,0.0,463000000.0,-2324000000.0,6354000000.0,2779000000.0,0.0,1460000000.0,1405000000.0,1405000000.0,0.0,0.0,0.037,17725000000.0,3215000000.0,7277000000.0,0.0,2.599,33.729,33.632,20943000000.0,55000000.0,57.51,1.264,1.262,1936000000.0,-20610000000.0,37490000000.0,37490000000.0,0.0,0.022,0.08,0.082,0.108,235000000.0,11378000000.0,1.0,824015429.0,822470275.0,833054545.0,45.582,36818000000.0,0.0,867000000.0,4938000000.0,44.765,5195000000.0
5,TMUS,MRY,2015-12-31,2015-12-31,2015-12-31,2021-08-03,-1000000.0,62413000000.0,58658000000.0,14890000000.0,47523000000.0,0.553,20.365,-4724000000.0,4582000000.0,4582000000.0,14898000000.0,733000000.0,1.563,2.77,26243000000.0,182000000.0,26061000000.0,26243000000.0,717000000.0,4688000000.0,0.0,0.0,0.0,2474000000.0,7162000000.0,0.221,7162000000.0,2474000000.0,978000000.0,0.83,0.82,0.83,16557000000.0,16128000000.0,16557000000.0,51446382462.0,21.0,7.183,690000000.0,0.849,1.0,17569000000.0,0.541,26232000000.0,1496000000.0,48314000000.0,43523750000.0,1295000000.0,6223000000.0,5376000000.0,847000000.0,45856000000.0,9528000000.0,36328000000.0,31923382462.0,-733000000.0,0.0,47000000.0,3358000000.0,0.0,3413000000.0,-9560000000.0,-2997000000.0,5414000000.0,0.0,733000000.0,678000000.0,678000000.0,0.0,0.0,0.021,15253000000.0,2316000000.0,8219000000.0,0.0,1.928,47.085,47.133,20000000000.0,55000000.0,39.12,0.983,0.98,1824000000.0,-22108000000.0,32467000000.0,32467000000.0,0.0,0.012,0.042,0.057,0.076,201000000.0,10189000000.0,1.0,816037384.0,812994028.0,822617938.0,39.935,36181000000.0,0.0,245000000.0,4061000000.0,44.503,5362000000.0
6,TMUS,MRY,2014-12-31,2014-12-31,2014-12-31,2021-08-03,1000000.0,56653000000.0,53400250000.0,13984000000.0,42669000000.0,0.554,19.45,-4317000000.0,5315000000.0,5315000000.0,15409000000.0,247000000.0,1.593,2.617,21960000000.0,87000000.0,21873000000.0,21960000000.0,459000000.0,4412000000.0,0.0,0.0,0.0,1764000000.0,6176000000.0,0.209,6176000000.0,1764000000.0,413000000.0,0.31,0.3,0.31,15663000000.0,14726750000.0,15663000000.0,39015018645.0,22.0,6.317,-171000000.0,-0.212,1.0,14155000000.0,0.479,24508000000.0,1351000000.0,40014000000.0,38907500000.0,1085000000.0,4690000000.0,3062000000.0,1628000000.0,40990000000.0,8776000000.0,32214000000.0,21750018645.0,-576000000.0,0.0,27000000.0,1556000000.0,0.0,2524000000.0,-7246000000.0,0.0,4146000000.0,0.0,247000000.0,247000000.0,247000000.0,0.0,0.0,0.008,13574000000.0,581000000.0,7595000000.0,0.0,1.389,88.057,86.903,16245000000.0,0.0,26.94,0.736,0.734,1941000000.0,-22841000000.0,29564000000.0,29564000000.0,0.0,0.005,0.017,0.045,0.06,196000000.0,8863000000.0,1.0,807350358.0,805284712.0,815922258.0,36.712,32145000000.0,988000000.0,166000000.0,4873000000.0,39.918,5208000000.0
7,TMUS,MRY,2013-12-31,2013-12-31,2013-12-31,2021-08-03,3000000.0,49953000000.0,38529136500.0,12228000000.0,37725000000.0,0.634,21.168,-4025000000.0,5891000000.0,5891000000.0,12255000000.0,35000000.0,2.105,2.507,20189000000.0,244000000.0,19945000000.0,20189000000.0,445000000.0,3627000000.0,0.0,0.241,8.1,1274000000.0,4901000000.0,0.201,4901000000.0,1274000000.0,51000000.0,0.05,0.05,0.05,14245000000.0,10602735250.0,14245000000.0,29104357190.0,23.0,5.938,-480000000.0,-0.713,1.0,12165000000.0,0.498,21009000000.0,1223000000.0,37434000000.0,23210177250.0,586000000.0,2546000000.0,1471000000.0,1075000000.0,35708000000.0,5808000000.0,29900000000.0,24513357190.0,5497000000.0,2144000000.0,1924000000.0,2241000000.0,0.0,4044000000.0,-2092000000.0,300000000.0,3545000000.0,0.0,35000000.0,35000000.0,35000000.0,0.0,0.0,0.001,11117000000.0,1048000000.0,4766000000.0,162.0,1.721,700.382,672.8,15349000000.0,0.0,33.64,1.004,0.927,2189000000.0,-23088000000.0,24420000000.0,24420000000.0,0.0,0.001,0.003,0.055,0.052,100000000.0,7382000000.0,1.0,728696706.0,672955980.0,676885215.0,36.288,28944000000.0,839000000.0,16000000.0,4645000000.0,43.01,6420000000.0
8,TMUS,MRY,2012-12-31,2012-12-31,2012-12-31,2021-08-03,41000000.0,33622000000.0,15733187000.0,5541000000.0,28081000000.0,1.253,11.424,-2850000000.0,394000000.0,394000000.0,8098000000.0,-7336000000.0,0.991,4.498,15274000000.0,1619000000.0,13655000000.0,15274000000.0,290000000.0,3187000000.0,0.0,0.0,0.0,-6325000000.0,-3138000000.0,-0.159,-3138000000.0,-6325000000.0,-6986000000.0,-13.7,-13.7,-13.7,6115000000.0,3877878250.0,6115000000.0,6327059144.0,-1.0,-2.016,1012000000.0,1.891,1.0,11621000000.0,0.589,14629000000.0,661000000.0,28281000000.0,14015012750.0,457000000.0,0.0,0.0,0.0,27507000000.0,5592000000.0,21915000000.0,3619188144.0,4000000.0,-22000000.0,0.0,2469000000.0,0.0,57000000.0,-3915000000.0,-656000000.0,3862000000.0,0.0,-7336000000.0,-7336000000.0,-7336000000.0,0.0,0.0,-0.372,18124000000.0,-6503000000.0,3475000000.0,0.0,0.592,-0.493,-1.451,12807000000.0,0.0,19.88,0.184,0.54,3360000000.0,-23123000000.0,19719000000.0,19719000000.0,0.0,-0.466,-1.892,-0.451,-0.321,0.0,6796000000.0,1.0,182051718.0,535286077.0,535286077.0,36.838,18993000000.0,655000000.0,350000000.0,3618000000.0,35.482,-51000000.0
9,TMUS,MRY,2011-12-31,2011-12-31,2011-12-31,2021-08-03,-9295000.0,9482931000.0,9127966500.0,2743593000.0,6739338000.0,2.259,5.469,-2727000000.0,1945858000.0,1945858000.0,8598000000.0,-4718000000.0,3.359,2.239,4744481000.0,33460000.0,4711021000.0,4744481000.0,245705000.0,2982000000.0,0.0,0.0,0.0,-4264000000.0,-1282000000.0,-0.062,-1282000000.0,-4264000000.0,-4934000000.0,-8.81,-8.81,-8.81,2927600000.0,2783835250.0,2927600000.0,6044929960.0,-1.0,-4.715,2253000000.0,4.209,1.0,12020000000.0,0.583,2539041000.0,670000000.0,8925790000.0,8669660500.0,239648000.0,306291000.0,299972000.0,6319000.0,6555331000.0,816723000.0,5738608000.0,3144414960.0,281000000.0,-17000000.0,0.0,0.0,0.0,0.0,-4699000000.0,-1932000000.0,4980000000.0,0.0,-4718000000.0,-4718000000.0,-4718000000.0,0.0,0.0,-0.229,16130000000.0,-4110000000.0,512346000.0,0.0,1.074,-0.666,-1.97,4017999000.0,0.0,17.36,0.153,0.451,78023000.0,1159418000.0,20618000000.0,20618000000.0,0.0,-0.517,-1.695,-0.492,-0.207,0.0,6728000000.0,1.0,181129894.0,535286077.0,535286077.0,38.518,6943890000.0,7214000.0,-216000000.0,817106000.0,12.972,1926870000.0
10,TMUS,MRY,2010-12-31,2010-12-31,2010-12-31,2021-08-03,-1415000.0,7918580000.0,7793716250.0,1593885000.0,6324695000.0,0.522,14.371,-771058000.0,799407000.0,799407000.0,2317875000.0,193415000.0,1.986,2.116,3779283000.0,21996000.0,3757287000.0,3779283000.0,224471000.0,449732000.0,0.0,0.0,0.0,575419000.0,1025151000.0,0.252,1025151000.0,575419000.0,312294000.0,1.08,1.08,1.08,2541576000.0,2446709750.0,2541576000.0,7907393684.0,14.0,7.713,223442000.0,1.263,1.0,1751478000.0,0.43,2522241000.0,263125000.0,7573795000.0,7559519000.0,161049000.0,391562000.0,374862000.0,16700000.0,5377004000.0,802420000.0,4574584000.0,4476258684.0,-132850000.0,-50844000.0,8209000.0,-149788000.0,0.0,-176932000.0,-950418000.0,-137309000.0,994500000.0,0.0,193415000.0,193415000.0,193415000.0,0.0,0.0,0.048,1032580000.0,718898000.0,521788000.0,0.0,1.761,23.143,23.389,3659445000.0,0.0,25.26,1.1,1.098,58056000.0,858108000.0,4069353000.0,4069353000.0,0.0,0.025,0.079,0.076,0.141,46537000.0,621660000.0,1.0,177207390.0,176855522.0,178067544.0,23.009,5396339000.0,6290000.0,118879000.0,643058000.0,30.513,791465000.0
11,TMUS,MRY,2009-12-31,2009-12-31,2009-12-31,2021-08-03,-11340000.0,7386017000.0,7132663500.0,1491391000.0,5894626000.0,0.488,13.005,-878645000.0,944819000.0,944819000.0,2004324000.0,176844000.0,1.87,2.228,3645275000.0,19326000.0,3625949000.0,3645275000.0,187654000.0,377856000.0,0.0,0.0,0.0,533964000.0,911820000.0,0.262,911820000.0,533964000.0,263679000.0,1.0,0.98,1.0,2288142000.0,2189817000.0,2288142000.0,5328664356.0,10.0,5.844,20704000.0,0.118,1.0,1476191000.0,0.424,2470181000.0,270285000.0,6818823000.0,6699693750.0,147401000.0,231251000.0,224932000.0,6319000.0,5097875000.0,797469000.0,4300406000.0,2688817356.0,231433000.0,0.0,8626000.0,440412000.0,0.0,449038000.0,-1116954000.0,-239258000.0,899349000.0,0.0,176844000.0,176844000.0,176844000.0,0.0,0.0,0.051,940903000.0,535288000.0,558366000.0,0.0,1.175,15.204,15.26,3252213000.0,0.0,15.26,0.773,0.771,51536000.0,664693000.0,3480515000.0,3480515000.0,0.0,0.025,0.081,0.08,0.153,47783000.0,567730000.0,1.0,176200351.0,175949449.0,177971460.0,19.781,4915836000.0,1948000.0,86835000.0,512306000.0,27.939,693922000.0
12,TMUS,MRY,2008-12-31,2008-12-31,2008-12-31,2021-08-03,-32533000.0,6422148000.0,6169873250.0,1043884000.0,5378264000.0,0.446,11.645,-1269150000.0,702523000.0,702523000.0,1561943000.0,149438000.0,1.406,2.157,3074992000.0,17009000.0,3057983000.0,3074992000.0,151779000.0,255319000.0,0.0,0.0,0.0,458822000.0,714141000.0,0.26,714141000.0,458822000.0,279424000.0,0.86,0.84,0.86,2034323000.0,1977701000.0,2034323000.0,7197435787.0,16.0,10.078,-821660000.0,-4.703,1.0,1189573000.0,0.432,2423074000.0,179398000.0,5629187000.0,5163857750.0,155955000.0,5989000.0,3000.0,5986000.0,4387825000.0,742356000.0,3645469000.0,5200070787.0,-772260000.0,-25162000.0,12582000.0,61943000.0,0.0,74525000.0,-1294275000.0,37000.0,447490000.0,0.0,149438000.0,149438000.0,149438000.0,0.0,0.0,0.054,721806000.0,467767000.0,568432000.0,0.0,2.556,34.798,34.535,2847751000.0,0.0,29.7,1.89,1.886,34666000.0,487849000.0,2751516000.0,2751516000.0,0.0,0.024,0.076,0.089,0.167,41142000.0,447582000.0,1.0,175086558.0,174697642.0,177690056.0,15.75,3999074000.0,1832000.0,129986000.0,389509000.0,22.891,301528000.0
13,TMUS,MRY,2007-12-31,2007-12-31,2007-12-31,2021-08-03,-14469000.0,5806130000.0,5377466750.0,1732884000.0,4073246000.0,0.416,12.852,-784603000.0,1470528000.0,1470528000.0,1244743000.0,100403000.0,2.985,2.141,3002177000.0,16000000.0,2986177000.0,3002177000.0,120481000.0,178202000.0,0.0,0.0,0.0,425247000.0,603449000.0,0.27,603449000.0,425247000.0,223501000.0,0.58,0.56,0.58,1848746000.0,1507181000.0,1848746000.0,8300038035.0,20.0,13.754,-195297000.0,-1.358,1.0,990991000.0,0.443,2072895000.0,201746000.0,4684394000.0,4825400500.0,109139000.0,36050000.0,0.0,36050000.0,3957384000.0,580490000.0,3376894000.0,6757520035.0,1308710000.0,0.0,872206000.0,408520000.0,0.0,1236492000.0,-517088000.0,267515000.0,589306000.0,0.0,100403000.0,92721000.0,92721000.0,0.0,0.0,0.041,530877000.0,460114000.0,439449000.0,0.0,3.655,72.88,67.069,1891411000.0,7682000.0,38.9,3.023,2.503,31809000.0,338411000.0,2235734000.0,2235734000.0,0.0,0.017,0.062,0.088,0.19,28024000.0,352020000.0,1.0,173715168.0,143846140.0,148168862.0,15.543,3733235000.0,4920000.0,123098000.0,290128000.0,25.953,1152394000.0
14,TMUS,MRY,2006-12-31,2006-12-31,2006-12-31,2021-08-03,1224000.0,4153122000.0,3156051500.0,758527000.0,3394595000.0,0.49,5.304,-1944576000.0,161498000.0,161498000.0,922158000.0,53806000.0,1.741,7.853,2596000000.0,16000000.0,2580000000.0,2596000000.0,90501000.0,135028000.0,0.0,,0.0,206508000.0,341536000.0,0.221,341536000.0,206508000.0,90523000.0,0.22,0.2,0.22,413245000.0,390575500.0,413245000.0,,,,-1579815000.0,-20.277,1.0,624705000.0,0.404,2072885000.0,115985000.0,4079110000.0,3055550000.0,92915000.0,393123000.0,391258000.0,1865000.0,3245374000.0,435629000.0,2809745000.0,,48789000.0,0.0,0.0,1614594000.0,0.0,1623693000.0,-1939665000.0,4911000.0,364761000.0,0.0,53806000.0,28988000.0,28988000.0,0.0,0.0,0.019,387452000.0,237253000.0,325681000.0,0.0,,,,1256162000.0,24818000.0,,,,28140000.0,245690000.0,1546863000.0,1546863000.0,0.0,0.009,0.074,0.068,0.134,14472000.0,243618000.0,1.0,25922937.0,77910190.0,79848304.0,19.854,2080237000.0,815000.0,36717000.0,177197000.0,26.7,322898000.0
15,TMUS,MRY,2005-12-31,2005-12-31,2005-12-31,2021-08-03,1783000.0,2158981000.0,1562188500.0,612102000.0,1546879000.0,0.665,5.436,-782083000.0,115629000.0,115629000.0,584083000.0,198677000.0,2.598,3.592,905554000.0,2690000.0,902864000.0,905554000.0,56560000.0,87895000.0,0.0,,0.0,384135000.0,472030000.0,0.455,472030000.0,384135000.0,326102000.0,1.42,1.24,1.42,367906000.0,246670000.0,367906000.0,,,,-498867000.0,-7.371,1.0,454345000.0,0.438,681299000.0,58033000.0,2031990000.0,1420225500.0,39431000.0,395524000.0,390472000.0,5052000.0,1321390000.0,235617000.0,1085773000.0,,90232000.0,0.0,103000.0,658168000.0,0.0,712244000.0,-905228000.0,-353145000.0,283216000.0,0.0,198677000.0,176065000.0,176065000.0,0.0,0.0,0.17,32168000.0,422177000.0,174220000.0,0.0,,,,831490000.0,22612000.0,,,,16028000.0,216702000.0,1038428000.0,1038428000.0,0.0,0.113,0.714,0.27,0.37,2596000.0,162476000.0,1.0,25922937.0,67676198.0,76805294.0,15.344,1477682000.0,2122000.0,127425000.0,146053000.0,21.835,376485000.0
16,TMUS,MRY,2004-12-31,2004-12-31,2004-12-31,2021-08-03,-271000.0,965396000.0,932167500.0,156558000.0,808838000.0,0.803,1.98,-337918000.0,24770000.0,24770000.0,423572000.0,64890000.0,0.96,3.504,184999000.0,14310000.0,170689000.0,184999000.0,40424000.0,62201000.0,0.0,,0.0,130920000.0,193121000.0,0.258,193121000.0,130920000.0,111890000.0,0.36,0.3,0.36,125434000.0,98383500.0,125434000.0,,,,-187539000.0,-2.96,1.0,324678000.0,0.434,154144000.0,19030000.0,808461000.0,770434000.0,33717000.0,36964000.0,36964000.0,0.0,439552000.0,163020000.0,276532000.0,,-45935000.0,0.0,0.0,-6898000.0,0.0,-5433000.0,-190881000.0,147037000.0,150379000.0,0.0,64890000.0,43411000.0,43411000.0,0.0,0.0,0.058,196920000.0,127758000.0,105541000.0,0.0,,,,636368000.0,21479000.0,,,,9101000.0,40637000.0,748250000.0,748250000.0,0.0,0.047,0.441,0.17,0.175,10429000.0,131510000.0,1.0,25922937.0,63361026.0,75316843.0,11.809,811252000.0,3574000.0,47000000.0,73101000.0,12.804,-6462000.0
17,TMUS,MRY,2003-12-31,2003-12-31,2003-12-31,2021-08-03,-72000.0,898939000.0,,305733000.0,593206000.0,,3.915,-121287000.0,69660000.0,69660000.0,273043000.0,15358000.0,1.513,6.29,195755000.0,13420000.0,182335000.0,195755000.0,30192000.0,42428000.0,0.0,,0.0,42652000.0,85080000.0,0.189,85080000.0,42652000.0,31537000.0,-0.2,-0.2,-0.2,71333000.0,,71333000.0,,,,-8682000.0,-0.476,1.0,178066000.0,0.395,90619000.0,11115000.0,732407000.0,,16967000.0,186426000.0,186426000.0,0.0,448680000.0,202008000.0,246672000.0,,7688000.0,0.0,0.0,136371000.0,0.0,201951000.0,-306868000.0,-185546000.0,112605000.0,0.0,15358000.0,-3608000.0,-3608000.0,0.0,0.0,-0.008,136893000.0,41173000.0,156160000.0,0.0,,,,485032000.0,18966000.0,,,,8654000.0,-2774000.0,451109000.0,451109000.0,0.0,,,,0.095,5573000.0,94073000.0,1.0,,18221981.0,18221981.0,24.756,808320000.0,5249000.0,16179000.0,30475000.0,44.36,103725000.0
18,TMUS,MRY,2002-12-31,2002-12-31,2002-12-31,2021-08-03,,,,,,,,-373957000.0,,,170075000.0,130305000.0,,,,,,,,21472000.0,,,0.0,162553000.0,184025000.0,1.423,184025000.0,162553000.0,155833000.0,,,,,,,,,,-424629000.0,,1.0,-40734000.0,-0.315,,6720000.0,,,,,,,,,,,18056000.0,0.0,0.0,-3054000.0,0.0,157039000.0,-88311000.0,-586000.0,-50672000.0,0.0,130305000.0,119213000.0,119213000.0,0.0,0.0,0.922,-203026000.0,162292000.0,,,,,,,11092000.0,,,,,,129341000.0,129341000.0,0.0,,,,1.257,1519000.0,55161000.0,1.0,,,,,,,25528000.0,,,
0,TMUS,MRQ,2021-06-30,2021-06-30,2021-06-30,2021-08-03,-1510000000.0,204124000000.0,,20570000000.0,183554000000.0,,54.081,-3239000000.0,7793000000.0,7793000000.0,8944000000.0,978000000.0,0.942,2.025,107783000000.0,11505000000.0,96278000000.0,107783000000.0,939000000.0,4077000000.0,0.0,0.0,0.0,2107000000.0,6184000000.0,0.31,6184000000.0,2107000000.0,1255000000.0,0.78,0.78,0.78,67470000000.0,,67470000000.0,281873412422.0,34.0,11.299,540000000.0,0.433,1.0,11006000000.0,0.552,98669000000.0,852000000.0,183608000000.0,,1707000000.0,6348000000.0,4064000000.0,2284000000.0,136654000000.0,21837000000.0,114817000000.0,180582412422.0,1119000000.0,-1000000.0,0.0,-455000000.0,0.0,-577000000.0,-2083000000.0,1137000000.0,3779000000.0,0.0,978000000.0,978000000.0,978000000.0,0.0,0.0,0.049,8900000000.0,2106000000.0,8516000000.0,0.0,2.676,46.138,48.116,70335000000.0,0.0,144.83,2.277,2.278,4546000000.0,-3925000000.0,19950000000.0,19950000000.0,0.0,,,,,134000000.0,4823000000.0,1.0,1246857781.0,1247563331.0,1253718122.0,15.991,105455000000.0,0.0,277000000.0,10391000000.0,84.529,-1267000000.0
1,TMUS,MRQ,2021-03-31,2021-03-31,2021-03-31,2021-08-03,-1545000000.0,203332000000.0,,18779000000.0,184553000000.0,,53.378,-3183000000.0,6677000000.0,6677000000.0,8526000000.0,933000000.0,0.963,2.063,107968000000.0,8934000000.0,99034000000.0,107968000000.0,972000000.0,4289000000.0,0.0,0.0,0.0,2017000000.0,6306000000.0,0.319,6306000000.0,2017000000.0,1179000000.0,0.75,0.74,0.75,66377000000.0,,66377000000.0,249544923810.0,35.0,10.495,478000000.0,0.384,1.0,11233000000.0,0.569,98951000000.0,838000000.0,186177000000.0,,2209000000.0,6062000000.0,3841000000.0,2221000000.0,136955000000.0,19495000000.0,117460000000.0,155710923810.0,-3704000000.0,-29000000.0,0.0,4137000000.0,0.0,3874000000.0,-11239000000.0,891000000.0,3661000000.0,0.0,933000000.0,933000000.0,933000000.0,0.0,0.0,0.047,9094000000.0,2139000000.0,8820000000.0,0.0,2.346,51.12,54.004,71241000000.0,0.0,125.29,2.021,2.022,3612000000.0,-4903000000.0,19759000000.0,19759000000.0,0.0,,,,,138000000.0,4805000000.0,1.0,1242804085.0,1243520026.0,1252783564.0,15.89,104381000000.0,0.0,246000000.0,10154000000.0,83.94,-716000000.0
2,TMUS,MRQ,2020-12-31,2020-12-31,2020-12-31,2021-08-03,-1581000000.0,200162000000.0,,23885000000.0,176277000000.0,,57.109,-2980000000.0,10385000000.0,10385000000.0,9652000000.0,750000000.0,1.101,2.063,104219000000.0,9510000000.0,94709000000.0,104219000000.0,1030000000.0,4219000000.0,0.0,0.0,0.0,1619000000.0,5838000000.0,0.287,5838000000.0,1619000000.0,821000000.0,0.47,0.46,0.47,65344000000.0,,65344000000.0,260311036744.0,40.0,12.557,494000000.0,0.432,1.0,10689000000.0,0.525,99243000000.0,798000000.0,173050000000.0,,2527000000.0,5608000000.0,3577000000.0,2031000000.0,134818000000.0,21703000000.0,113115000000.0,167374036744.0,3806000000.0,-14000000.0,0.0,4103000000.0,0.0,3979000000.0,-3647000000.0,809000000.0,3474000000.0,0.0,750000000.0,750000000.0,750000000.0,0.0,0.0,0.037,8977000000.0,1712000000.0,10353000000.0,0.0,2.561,54.626,50.317,72224000000.0,0.0,134.85,2.447,2.256,4276000000.0,-5836000000.0,20341000000.0,20341000000.0,0.0,,,,,136000000.0,4758000000.0,1.0,1241186776.0,1144206326.0,1154749428.0,17.777,100919000000.0,0.0,71000000.0,9966000000.0,88.2,2182000000.0
3,TMUS,MRQ,2020-09-30,2020-09-30,2020-09-30,2021-08-03,-1621000000.0,192443000000.0,,19465000000.0,172978000000.0,,52.071,-3200000000.0,6571000000.0,6571000000.0,7681000000.0,1253000000.0,0.981,1.984,99508000000.0,8421000000.0,91087000000.0,99508000000.0,1078000000.0,4150000000.0,0.0,0.0,0.0,2469000000.0,6619000000.0,0.343,6619000000.0,2469000000.0,1660000000.0,1.01,1.0,1.01,64487000000.0,,64487000000.0,225128828777.0,36.0,12.567,-428000000.0,-0.346,1.0,11591000000.0,0.601,99457000000.0,809000000.0,166083000000.0,,1931000000.0,4481000000.0,3083000000.0,1398000000.0,127956000000.0,19840000000.0,108116000000.0,141555828777.0,-4504000000.0,1238000000.0,4000000.0,-6213000000.0,0.0,-6144000000.0,-1132000000.0,855000000.0,2772000000.0,0.0,1253000000.0,1253000000.0,1253000000.0,0.0,0.0,0.065,9026000000.0,2565000000.0,8524000000.0,0.0,2.195,46.185,37.01,69604000000.0,0.0,114.36,2.362,2.363,4332000000.0,-6586000000.0,19272000000.0,19272000000.0,0.0,,,,,161000000.0,4876000000.0,1.0,1237808926.0,1238450665.0,1249798740.0,15.561,92986000000.0,0.0,407000000.0,10373000000.0,75.083,-375000000.0
4,TMUS,MRQ,2020-06-30,2020-06-30,2020-06-30,2021-08-03,-1658000000.0,187199000000.0,,24321000000.0,162878000000.0,,50.946,-2257000000.0,11076000000.0,11076000000.0,6765000000.0,110000000.0,1.049,1.972,94649000000.0,10257000000.0,84392000000.0,94649000000.0,1185000000.0,4064000000.0,0.0,0.0,0.0,951000000.0,5015000000.0,0.284,5015000000.0,951000000.0,112000000.0,0.09,0.09,0.09,62996000000.0,,62996000000.0,167383767275.0,32.0,11.601,-1480000000.0,-1.197,1.0,10906000000.0,0.617,99818000000.0,839000000.0,147763000000.0,,1549000000.0,4593000000.0,3194000000.0,1399000000.0,124203000000.0,23191000000.0,101012000000.0,128704767275.0,10049000000.0,-5000000000.0,300000000.0,15459000000.0,0.0,15628000000.0,-6356000000.0,602000000.0,777000000.0,0.0,110000000.0,110000000.0,110000000.0,-320000000.0,0.0,0.006,10086000000.0,820000000.0,9474000000.0,0.0,2.043,47.988,33.597,59335000000.0,0.0,104.15,2.488,2.49,3379000000.0,-7839000000.0,17671000000.0,17671000000.0,0.0,,,,,259000000.0,5604000000.0,1.0,1235763488.0,1236528444.0,1236528444.0,14.291,87381000000.0,0.0,2000000.0,9996000000.0,70.666,1130000000.0
5,TMUS,MRQ,2020-03-31,2020-03-31,2020-03-31,2021-08-03,-1660000000.0,87226000000.0,,9487000000.0,77739000000.0,,33.767,-1753000000.0,1112000000.0,1112000000.0,4168000000.0,951000000.0,0.643,2.01,39791000000.0,5105000000.0,34686000000.0,39791000000.0,619000000.0,1718000000.0,0.0,0.0,0.0,1541000000.0,3259000000.0,0.293,3259000000.0,1541000000.0,1257000000.0,1.11,1.1,1.11,28977000000.0,,28977000000.0,110466665696.0,19.0,8.822,-136000000.0,-0.158,1.0,6945000000.0,0.625,38492000000.0,284000000.0,72657000000.0,,1225000000.0,3773000000.0,2406000000.0,1367000000.0,58249000000.0,14756000000.0,43493000000.0,71896665696.0,-416000000.0,0.0,0.0,-307000000.0,0.0,-453000000.0,-1580000000.0,868000000.0,1617000000.0,0.0,951000000.0,951000000.0,951000000.0,0.0,0.0,0.086,5406000000.0,1539000000.0,6231000000.0,0.0,2.481,20.478,20.414,35854000000.0,0.0,83.9,1.597,1.599,1862000000.0,-7949000000.0,11113000000.0,11113000000.0,0.0,,,,,138000000.0,3688000000.0,1.0,856932845.0,858148284.0,865998532.0,12.95,48734000000.0,0.0,306000000.0,5618000000.0,56.79,-5269000000.0
6,TMUS,MRQ,2019-12-31,2019-12-31,2019-12-31,2021-08-03,-868000000.0,86921000000.0,,9305000000.0,77616000000.0,,33.616,-256000000.0,1528000000.0,1528000000.0,5212000000.0,751000000.0,0.744,2.019,40098000000.0,3269000000.0,36829000000.0,40098000000.0,631000000.0,1776000000.0,0.0,0.0,0.0,1245000000.0,3021000000.0,0.254,3021000000.0,1245000000.0,965000000.0,0.88,0.87,0.88,28789000000.0,,28789000000.0,106157175659.0,19.0,8.593,1281000000.0,1.496,1.0,6666000000.0,0.561,38510000000.0,280000000.0,74475000000.0,,964000000.0,4183000000.0,2600000000.0,1583000000.0,58132000000.0,12506000000.0,45626000000.0,67094175659.0,-125000000.0,0.0,0.0,-723000000.0,0.0,-775000000.0,-887000000.0,980000000.0,1537000000.0,0.0,751000000.0,751000000.0,751000000.0,0.0,0.0,0.063,5432000000.0,1234000000.0,6933000000.0,0.0,2.331,19.347,19.315,35632000000.0,0.0,78.42,1.491,1.489,1908000000.0,-8833000000.0,11878000000.0,11878000000.0,0.0,,,,,129000000.0,3656000000.0,1.0,855574798.0,856400894.0,865170082.0,13.87,48411000000.0,0.0,214000000.0,5607000000.0,56.528,-3201000000.0
7,TMUS,MRQ,2019-09-30,2019-09-30,2019-09-30,2021-08-03,-1070000000.0,86109000000.0,,8458000000.0,77651000000.0,,32.497,-1527000000.0,1653000000.0,1653000000.0,4437000000.0,870000000.0,0.657,2.101,40716000000.0,3720000000.0,36996000000.0,40716000000.0,608000000.0,1655000000.0,0.0,0.0,0.0,1479000000.0,3134000000.0,0.283,3134000000.0,1479000000.0,1195000000.0,1.02,1.01,1.02,27771000000.0,,27771000000.0,106129581671.0,19.0,8.765,221000000.0,0.259,1.0,6624000000.0,0.599,38516000000.0,284000000.0,73787000000.0,,801000000.0,3894000000.0,2425000000.0,1469000000.0,58338000000.0,12869000000.0,45469000000.0,67305581671.0,548000000.0,-31000000.0,0.0,-535000000.0,0.0,-543000000.0,-657000000.0,900000000.0,1748000000.0,0.0,870000000.0,870000000.0,870000000.0,0.0,0.0,0.079,5153000000.0,1471000000.0,6658000000.0,0.0,2.424,20.049,19.992,35867000000.0,0.0,78.77,1.51,1.51,1842000000.0,-9584000000.0,11061000000.0,11061000000.0,0.0,,,,,126000000.0,3498000000.0,1.0,854457048.0,854578241.0,862690751.0,12.943,47593000000.0,0.0,325000000.0,5296000000.0,55.692,-4411000000.0
8,TMUS,MRQ,2019-06-30,2019-06-30,2019-06-30,2021-08-03,-813000000.0,84788000000.0,,8114000000.0,76674000000.0,,31.564,-1789000000.0,1105000000.0,1105000000.0,4310000000.0,939000000.0,0.616,2.144,39929000000.0,3531000000.0,36398000000.0,39929000000.0,620000000.0,1585000000.0,0.0,0.0,0.0,1523000000.0,3108000000.0,0.283,3108000000.0,1523000000.0,1240000000.0,1.1,1.09,1.1,26967000000.0,,26967000000.0,101360025236.0,18.0,8.405,358000000.0,0.419,1.0,6669000000.0,0.607,38488000000.0,283000000.0,71951000000.0,,998000000.0,4050000000.0,2446000000.0,1604000000.0,57821000000.0,13173000000.0,44648000000.0,63338025236.0,-334000000.0,0.0,0.0,-857000000.0,0.0,-866000000.0,-1615000000.0,839000000.0,2147000000.0,0.0,939000000.0,939000000.0,939000000.0,0.0,0.0,0.086,5128000000.0,1541000000.0,7458000000.0,0.0,2.349,19.299,19.207,34875000000.0,0.0,74.14,1.428,1.428,1835000000.0,-10454000000.0,10979000000.0,10979000000.0,0.0,,,,,130000000.0,3543000000.0,1.0,854303011.0,854368443.0,860135593.0,12.85,46300000000.0,0.0,301000000.0,5090000000.0,54.192,-5059000000.0
9,TMUS,MRQ,2019-03-31,2019-03-31,2019-03-31,2021-08-03,-521000000.0,83073000000.0,,8745000000.0,74328000000.0,,30.757,-1931000000.0,1439000000.0,1439000000.0,4562000000.0,908000000.0,0.656,2.173,39461000000.0,3961000000.0,35500000000.0,39461000000.0,665000000.0,1600000000.0,0.0,0.0,0.0,1491000000.0,3091000000.0,0.279,3091000000.0,1491000000.0,1203000000.0,1.07,1.06,1.07,26181000000.0,,26181000000.0,85094303162.0,16.0,7.104,-539000000.0,-0.633,1.0,6518000000.0,0.588,37693000000.0,288000000.0,70075000000.0,,1261000000.0,4128000000.0,2466000000.0,1662000000.0,56892000000.0,13327000000.0,43565000000.0,58750303162.0,236000000.0,0.0,0.0,-86000000.0,0.0,-190000000.0,-966000000.0,1157000000.0,1392000000.0,0.0,908000000.0,908000000.0,908000000.0,0.0,0.0,0.082,5042000000.0,1476000000.0,7572000000.0,0.0,2.244,18.8,18.777,33312000000.0,0.0,69.1,1.337,1.339,1765000000.0,-11393000000.0,11080000000.0,11080000000.0,0.0,,,,,110000000.0,3442000000.0,1.0,850221464.0,851223498.0,858643481.0,13.017,45380000000.0,0.0,295000000.0,4925000000.0,53.311,-4582000000.0
10,TMUS,MRQ,2018-12-31,2018-12-31,2018-12-31,2021-08-03,-332000000.0,72468000000.0,,8281000000.0,64187000000.0,,29.111,-1184000000.0,1203000000.0,1203000000.0,5170000000.0,640000000.0,0.807,1.932,27547000000.0,841000000.0,26706000000.0,27547000000.0,698000000.0,1640000000.0,0.0,0.0,0.0,1136000000.0,2776000000.0,0.243,2776000000.0,1136000000.0,838000000.0,0.75,0.74,0.75,24718000000.0,,24718000000.0,80994280129.0,15.0,6.887,-230000000.0,-0.271,1.0,6275000000.0,0.548,37658000000.0,298000000.0,50887000000.0,,1084000000.0,4085000000.0,2538000000.0,1547000000.0,47750000000.0,10267000000.0,37483000000.0,53966280129.0,874000000.0,0.0,0.0,-208000000.0,0.0,-311000000.0,231000000.0,1450000000.0,954000000.0,0.0,640000000.0,640000000.0,640000000.0,0.0,0.0,0.056,5138000000.0,1137000000.0,7941000000.0,0.0,2.183,18.686,18.709,23359000000.0,0.0,63.61,1.246,1.248,1780000000.0,-12954000000.0,11445000000.0,11445000000.0,0.0,,,,,100000000.0,3498000000.0,1.0,848393022.0,849095738.0,858414992.0,13.479,34810000000.0,0.0,198000000.0,4472000000.0,40.997,-1986000000.0
11,TMUS,MRQ,2018-09-30,2018-09-30,2018-09-30,2021-08-03,0.0,70182000000.0,,7286000000.0,62896000000.0,,28.751,-1362000000.0,329000000.0,329000000.0,4448000000.0,795000000.0,0.85,1.882,27357000000.0,783000000.0,26574000000.0,27357000000.0,696000000.0,1637000000.0,0.0,0.0,0.0,1448000000.0,3085000000.0,0.285,3085000000.0,1448000000.0,1130000000.0,0.94,0.93,0.94,24355000000.0,,24355000000.0,87213704845.0,17.0,7.519,-448000000.0,-0.529,1.0,6391000000.0,0.59,37683000000.0,318000000.0,50955000000.0,,958000000.0,3589000000.0,2366000000.0,1223000000.0,45827000000.0,8572000000.0,37255000000.0,59458704845.0,114000000.0,0.0,0.0,-747000000.0,0.0,-758000000.0,-42000000.0,1338000000.0,914000000.0,0.0,795000000.0,795000000.0,795000000.0,0.0,0.0,0.073,4951000000.0,1440000000.0,6726000000.0,0.0,2.441,12.034,11.935,22502000000.0,0.0,70.18,1.395,1.395,1664000000.0,-13594000000.0,10839000000.0,10839000000.0,0.0,,,,,115000000.0,3314000000.0,1.0,847231474.0,847087120.0,853852764.0,12.796,32499000000.0,0.0,335000000.0,4370000000.0,38.366,-1286000000.0
12,TMUS,MRQ,2018-06-30,2018-06-30,2018-06-30,2021-08-03,0.0,69692000000.0,,7091000000.0,62601000000.0,,27.594,-1629000000.0,215000000.0,215000000.0,4302000000.0,782000000.0,0.764,1.98,27970000000.0,1324000000.0,26646000000.0,27970000000.0,722000000.0,1634000000.0,0.0,0.0,0.0,1392000000.0,3026000000.0,0.286,3026000000.0,1392000000.0,1068000000.0,0.92,0.92,0.92,23390000000.0,,23390000000.0,78550034518.0,15.0,6.979,-368000000.0,-0.434,1.0,6269000000.0,0.593,37693000000.0,324000000.0,50473000000.0,,998000000.0,3530000000.0,2308000000.0,1222000000.0,46302000000.0,9281000000.0,37021000000.0,50599034518.0,-2312000000.0,-5000000.0,-405000000.0,-2849000000.0,0.0,-3267000000.0,-306000000.0,1323000000.0,1261000000.0,0.0,782000000.0,782000000.0,782000000.0,0.0,0.0,0.074,4819000000.0,1450000000.0,6876000000.0,0.0,2.163,10.805,10.689,22375000000.0,0.0,59.75,1.21,1.212,1641000000.0,-14389000000.0,10571000000.0,10571000000.0,0.0,,,,,112000000.0,3185000000.0,1.0,846845766.0,847660488.0,852040670.0,12.471,31999000000.0,0.0,286000000.0,4087000000.0,37.75,-2190000000.0
13,TMUS,MRQ,2018-03-31,2018-03-31,2018-03-31,2021-08-03,5000000.0,72004000000.0,,9609000000.0,62395000000.0,,26.749,-1366000000.0,2527000000.0,2527000000.0,4434000000.0,671000000.0,0.778,2.148,30478000000.0,3765000000.0,26713000000.0,30478000000.0,791000000.0,1575000000.0,0.0,0.0,0.0,1298000000.0,2873000000.0,0.275,2873000000.0,1298000000.0,881000000.0,0.78,0.78,0.78,22876000000.0,,22876000000.0,79254321317.0,16.0,7.154,-596000000.0,-0.697,1.0,6021000000.0,0.576,37696000000.0,417000000.0,49902000000.0,,1311000000.0,3515000000.0,2281000000.0,1234000000.0,49128000000.0,12357000000.0,36771000000.0,52154321317.0,1308000000.0,-333000000.0,-666000000.0,1737000000.0,0.0,1000000000.0,-462000000.0,1295000000.0,770000000.0,0.0,671000000.0,671000000.0,671000000.0,0.0,0.0,0.064,4739000000.0,1282000000.0,7448000000.0,0.0,2.28,11.673,11.409,22308000000.0,0.0,61.04,1.258,1.26,1702000000.0,-15179000000.0,10455000000.0,10455000000.0,0.0,,,,,97000000.0,3164000000.0,1.0,854428593.0,855222664.0,862244084.0,12.225,34308000000.0,0.0,210000000.0,3813000000.0,40.116,-2748000000.0
14,TMUS,MRQ,2017-12-31,2017-12-31,2017-12-31,2021-08-03,8000000.0,70563000000.0,,8915000000.0,61648000000.0,,26.937,-921000000.0,1219000000.0,1219000000.0,5039000000.0,2707000000.0,0.774,2.128,28319000000.0,1612000000.0,26707000000.0,28319000000.0,779000000.0,1485000000.0,0.0,0.0,0.0,1130000000.0,2615000000.0,0.243,2615000000.0,1130000000.0,714000000.0,3.24,3.1,3.24,22559000000.0,,22559000000.0,80406039864.0,17.0,7.434,-56000000.0,-0.067,1.0,5720000000.0,0.532,37266000000.0,416000000.0,48882000000.0,,1566000000.0,3564000000.0,2290000000.0,1274000000.0,48004000000.0,11515000000.0,36489000000.0,52838039864.0,480000000.0,0.0,-427000000.0,-140000000.0,0.0,-652000000.0,267000000.0,1193000000.0,865000000.0,0.0,2707000000.0,2693000000.0,2693000000.0,0.0,0.0,0.25,4776000000.0,944000000.0,8710000000.0,0.0,2.342,11.792,11.783,22196000000.0,14000000.0,63.51,1.301,1.301,1937000000.0,-16074000000.0,10759000000.0,10759000000.0,0.0,,,,,85000000.0,3291000000.0,1.0,831964098.0,837477854.0,871943267.0,12.847,33297000000.0,0.0,-1993000000.0,3537000000.0,39.759,-2600000000.0
15,TMUS,MRQ,2017-09-30,2017-09-30,2017-09-30,2021-08-03,4000000.0,67923000000.0,,7449000000.0,60474000000.0,,24.395,-1441000000.0,739000000.0,739000000.0,4211000000.0,550000000.0,0.919,2.35,28307000000.0,558000000.0,27749000000.0,28307000000.0,790000000.0,1416000000.0,0.0,0.0,0.0,1326000000.0,2742000000.0,0.274,2742000000.0,1326000000.0,906000000.0,0.65,0.63,0.65,20277000000.0,,20277000000.0,79555455011.0,17.0,7.398,-189000000.0,-0.227,1.0,5808000000.0,0.58,36946000000.0,420000000.0,50442000000.0,,999000000.0,3236000000.0,2136000000.0,1100000000.0,47646000000.0,8103000000.0,39543000000.0,51242455011.0,558000000.0,0.0,0.0,-325000000.0,0.0,-349000000.0,-345000000.0,1110000000.0,1252000000.0,0.0,550000000.0,537000000.0,537000000.0,0.0,0.0,0.054,4514000000.0,1294000000.0,6359000000.0,0.0,2.527,23.68,23.534,21570000000.0,13000000.0,61.66,1.279,1.279,1758000000.0,-18781000000.0,10019000000.0,10019000000.0,0.0,,,,,82000000.0,3098000000.0,1.0,831048573.0,831189779.0,871420065.0,12.054,30977000000.0,0.0,356000000.0,5535000000.0,37.268,-654000000.0
16,TMUS,MRQ,2017-06-30,2017-06-30,2017-06-30,2021-08-03,3000000.0,67159000000.0,,6780000000.0,60379000000.0,,23.604,-1347000000.0,181000000.0,181000000.0,4364000000.0,581000000.0,0.768,2.424,28494000000.0,1202000000.0,27292000000.0,28494000000.0,851000000.0,1519000000.0,0.0,0.0,0.0,1330000000.0,2849000000.0,0.279,2849000000.0,1330000000.0,934000000.0,0.68,0.67,0.68,19614000000.0,,19614000000.0,73111271470.0,16.0,6.878,-241000000.0,-0.29,1.0,5849000000.0,0.573,37039000000.0,396000000.0,49605000000.0,,1208000000.0,3162000000.0,2060000000.0,1102000000.0,47545000000.0,8828000000.0,38717000000.0,50365271470.0,-7320000000.0,0.0,0.0,-2155000000.0,0.0,-2175000000.0,-6251000000.0,882000000.0,1106000000.0,0.0,581000000.0,567000000.0,567000000.0,0.0,0.0,0.056,4434000000.0,1415000000.0,6380000000.0,0.0,2.568,25.437,25.258,21423000000.0,14000000.0,60.62,1.279,1.28,1751000000.0,-19331000000.0,10213000000.0,10213000000.0,0.0,,,,,72000000.0,2915000000.0,1.0,830835887.0,830971528.0,870457181.0,12.29,30120000000.0,0.0,353000000.0,5188000000.0,36.247,-2048000000.0
17,TMUS,MRQ,2017-03-31,2017-03-31,2017-03-31,2021-08-03,2000000.0,68048000000.0,,15899000000.0,52149000000.0,,22.91,-1528000000.0,7501000000.0,7501000000.0,4094000000.0,698000000.0,1.04,2.588,30247000000.0,7542000000.0,22705000000.0,30247000000.0,934000000.0,1564000000.0,0.0,0.0,0.0,1046000000.0,2610000000.0,0.272,2610000000.0,1046000000.0,607000000.0,0.83,0.8,0.83,18963000000.0,,18963000000.0,75671302778.0,19.0,7.427,-920000000.0,-1.111,1.0,5519000000.0,0.574,29171000000.0,439000000.0,46338000000.0,,1021000000.0,2855000000.0,1880000000.0,975000000.0,49085000000.0,15285000000.0,33800000000.0,53385302778.0,2001000000.0,0.0,0.0,1925000000.0,0.0,1809000000.0,-416000000.0,1134000000.0,608000000.0,0.0,698000000.0,684000000.0,684000000.0,0.0,0.0,0.071,4519000000.0,1000000000.0,6416000000.0,0.0,2.815,32.873,32.621,21235000000.0,14000000.0,64.59,1.389,1.391,1888000000.0,-19912000000.0,9613000000.0,9613000000.0,0.0,,,,,67000000.0,2955000000.0,1.0,826525821.0,827723034.0,869395984.0,11.614,38877000000.0,0.0,-91000000.0,4842000000.0,46.969,614000000.0
18,TMUS,MRQ,2016-12-31,2016-12-31,2016-12-31,2021-08-03,1000000.0,65891000000.0,,14217000000.0,51674000000.0,,22.104,-859000000.0,5500000000.0,5500000000.0,4732000000.0,390000000.0,1.576,2.613,27786000000.0,354000000.0,27432000000.0,27786000000.0,986000000.0,1548000000.0,0.0,0.0,0.0,1005000000.0,2553000000.0,0.249,2553000000.0,1005000000.0,606000000.0,0.46,0.45,0.46,18236000000.0,,18236000000.0,69787127322.0,17.0,6.775,-2613000000.0,-3.167,1.0,5502000000.0,0.538,29073000000.0,399000000.0,50082000000.0,,1111000000.0,2914000000.0,1930000000.0,984000000.0,47655000000.0,9022000000.0,38633000000.0,47389127322.0,148000000.0,0.0,0.0,-77000000.0,0.0,-160000000.0,2062000000.0,3356000000.0,-1754000000.0,0.0,390000000.0,376000000.0,376000000.0,0.0,0.0,0.037,4501000000.0,1001000000.0,7277000000.0,0.0,2.599,33.729,33.632,20943000000.0,14000000.0,57.51,1.264,1.262,1936000000.0,-20610000000.0,10234000000.0,10234000000.0,0.0,,,,,64000000.0,2959000000.0,1.0,824015429.0,825001075.0,838495099.0,12.405,36818000000.0,0.0,216000000.0,4938000000.0,44.628,5195000000.0
19,TMUS,MRQ,2016-09-30,2016-09-30,2016-09-30,2021-08-03,1000000.0,64272000000.0,,13530000000.0,50742000000.0,,21.693,-1159000000.0,5352000000.0,5352000000.0,3975000000.0,366000000.0,1.666,2.6,27750000000.0,325000000.0,27425000000.0,27750000000.0,980000000.0,1568000000.0,0.0,0.0,0.0,1050000000.0,2618000000.0,0.281,2618000000.0,1050000000.0,598000000.0,0.43,0.42,0.43,17853000000.0,,17853000000.0,60332418406.0,15.0,6.012,581000000.0,0.706,1.0,5330000000.0,0.573,28704000000.0,452000000.0,49847000000.0,,1039000000.0,2508000000.0,1669000000.0,839000000.0,46419000000.0,8119000000.0,38300000000.0,38438418406.0,-186000000.0,0.0,0.0,-59000000.0,0.0,-67000000.0,-1859000000.0,0.0,1740000000.0,0.0,366000000.0,353000000.0,353000000.0,0.0,0.0,0.038,4481000000.0,849000000.0,6459000000.0,0.0,2.153,29.298,29.2,20574000000.0,13000000.0,46.72,1.07,1.071,1931000000.0,-21000000000.0,9305000000.0,9305000000.0,0.0,,,,,59000000.0,2898000000.0,1.0,822740120.0,822998697.0,832257819.0,11.306,35568000000.0,0.0,232000000.0,4648000000.0,43.218,5411000000.0
20,TMUS,MRQ,2016-06-30,2016-06-30,2016-06-30,2021-08-03,-1000000.0,63968000000.0,,14280000000.0,49688000000.0,,21.151,-1349000000.0,5538000000.0,5538000000.0,4048000000.0,225000000.0,1.632,2.677,27432000000.0,258000000.0,27174000000.0,27432000000.0,936000000.0,1575000000.0,0.0,0.0,0.0,833000000.0,2408000000.0,0.259,2408000000.0,833000000.0,372000000.0,0.26,0.25,0.26,17395000000.0,,17395000000.0,58398970306.0,16.0,6.35,419000000.0,0.509,1.0,5239000000.0,0.564,27705000000.0,461000000.0,49405000000.0,,1388000000.0,2662000000.0,1831000000.0,831000000.0,46573000000.0,8752000000.0,37821000000.0,35575970306.0,1891000000.0,0.0,0.0,799000000.0,0.0,790000000.0,-667000000.0,2923000000.0,1768000000.0,0.0,225000000.0,211000000.0,211000000.0,0.0,0.0,0.023,4406000000.0,833000000.0,7188000000.0,0.0,2.045,32.819,32.78,20570000000.0,14000000.0,43.27,1.032,1.033,1905000000.0,-21366000000.0,9287000000.0,9287000000.0,0.0,,,,,60000000.0,2772000000.0,1.0,822185586.0,822434490.0,829752956.0,11.292,36263000000.0,0.0,147000000.0,4427000000.0,44.092,5528000000.0
21,TMUS,MRQ,2016-03-31,2016-03-31,2016-03-31,2021-08-03,-4000000.0,63063000000.0,,13344000000.0,49719000000.0,,20.873,-1335000000.0,3647000000.0,3647000000.0,3795000000.0,479000000.0,1.424,2.687,26470000000.0,365000000.0,26105000000.0,26470000000.0,895000000.0,1552000000.0,0.0,0.0,0.0,1169000000.0,2721000000.0,0.314,2721000000.0,1169000000.0,751000000.0,0.57,0.56,0.57,17104000000.0,,17104000000.0,53029513882.0,15.0,6.184,-310000000.0,-0.378,1.0,4869000000.0,0.562,27719000000.0,418000000.0,48798000000.0,,1443000000.0,5978000000.0,5074000000.0,904000000.0,45959000000.0,9369000000.0,36590000000.0,31345513882.0,-935000000.0,0.0,0.0,-41000000.0,0.0,-100000000.0,-1860000000.0,75000000.0,1025000000.0,0.0,479000000.0,465000000.0,465000000.0,0.0,0.0,0.054,4337000000.0,532000000.0,7684000000.0,0.0,1.833,25.693,25.705,20625000000.0,14000000.0,38.3,0.94,0.941,1917000000.0,-21591000000.0,8664000000.0,8664000000.0,0.0,,,,,52000000.0,2749000000.0,1.0,818420728.0,819431761.0,859382827.0,10.573,35344000000.0,0.0,272000000.0,4285000000.0,43.132,3975000000.0
22,TMUS,MRQ,2015-12-31,2015-12-31,2015-12-31,2021-08-03,-1000000.0,62413000000.0,,14890000000.0,47523000000.0,,20.275,-1431000000.0,4582000000.0,4582000000.0,3403000000.0,297000000.0,1.563,2.77,26243000000.0,182000000.0,26061000000.0,26243000000.0,717000000.0,1369000000.0,0.0,0.0,0.0,920000000.0,2289000000.0,0.264,2289000000.0,920000000.0,481000000.0,0.34,0.34,0.34,16557000000.0,,16557000000.0,51446382462.0,21.0,7.183,802000000.0,0.982,1.0,5258000000.0,0.607,26232000000.0,439000000.0,48314000000.0,,1295000000.0,6223000000.0,5376000000.0,847000000.0,45856000000.0,9528000000.0,36328000000.0,31923382462.0,1949000000.0,0.0,47000000.0,3945000000.0,0.0,4038000000.0,-4322000000.0,-2997000000.0,2233000000.0,0.0,297000000.0,283000000.0,283000000.0,0.0,0.0,0.033,4145000000.0,1113000000.0,8219000000.0,0.0,1.928,47.085,47.133,20000000000.0,14000000.0,39.12,0.983,0.98,1824000000.0,-22108000000.0,8661000000.0,8661000000.0,0.0,,,,,48000000.0,2755000000.0,1.0,816037384.0,816625252.0,828927508.0,10.606,36181000000.0,0.0,184000000.0,4061000000.0,44.306,5362000000.0
23,TMUS,MRQ,2015-09-30,2015-09-30,2015-09-30,2021-08-03,-1000000.0,58473000000.0,,12656000000.0,45817000000.0,,19.939,-1120000000.0,2633000000.0,2633000000.0,3363000000.0,138000000.0,1.431,2.598,22156000000.0,114000000.0,22042000000.0,22156000000.0,649000000.0,1157000000.0,0.0,0.0,0.0,621000000.0,1778000000.0,0.227,1778000000.0,621000000.0,238000000.0,0.15,0.15,0.15,16252000000.0,,16252000000.0,52170159896.0,25.0,5.3,411000000.0,0.504,1.0,4486000000.0,0.572,25991000000.0,383000000.0,43162000000.0,,1236000000.0,4771000000.0,3397000000.0,1374000000.0,42221000000.0,8843000000.0,33378000000.0,32440159896.0,-9000000.0,0.0,0.0,-328000000.0,0.0,-331000000.0,-1209000000.0,0.0,1531000000.0,0.0,138000000.0,125000000.0,125000000.0,0.0,0.0,0.016,3974000000.0,512000000.0,7670000000.0,0.0,1.996,65.404,64.21,18101000000.0,13000000.0,39.81,1.015,1.015,1842000000.0,-22405000000.0,7849000000.0,7849000000.0,0.0,,,,,42000000.0,2624000000.0,1.0,814874652.0,815069272.0,822017220.0,9.63,32482000000.0,1658000000.0,100000000.0,5566000000.0,39.852,3813000000.0
24,TMUS,MRQ,2015-06-30,2015-06-30,2015-06-30,2021-08-03,1000000.0,57188000000.0,,11657000000.0,45531000000.0,,19.779,-1191000000.0,2642000000.0,2642000000.0,4058000000.0,361000000.0,1.411,2.562,22372000000.0,386000000.0,21986000000.0,22372000000.0,574000000.0,1075000000.0,0.0,0.0,0.0,712000000.0,1787000000.0,0.218,1787000000.0,712000000.0,363000000.0,0.43,0.42,0.43,16053000000.0,,16053000000.0,50715802848.0,31.0,6.187,-30000000.0,-0.037,1.0,4121000000.0,0.504,26690000000.0,349000000.0,41964000000.0,,1135000000.0,5114000000.0,3503000000.0,1611000000.0,41135000000.0,8264000000.0,32871000000.0,31419802848.0,-390000000.0,0.0,0.0,-191000000.0,0.0,-214000000.0,-1337000000.0,0.0,1161000000.0,0.0,361000000.0,347000000.0,347000000.0,0.0,0.0,0.042,3547000000.0,574000000.0,6746000000.0,0.0,1.957,113.429,110.771,16910000000.0,14000000.0,38.77,0.999,1.0,1879000000.0,-22543000000.0,8179000000.0,8179000000.0,0.0,,,,,56000000.0,2438000000.0,1.0,810415343.0,811605031.0,821122537.0,10.078,30498000000.0,1479000000.0,2000000.0,5306000000.0,37.577,3393000000.0
25,TMUS,MRQ,2015-03-31,2015-03-31,2015-03-31,2021-08-03,1000000.0,56558000000.0,,11635000000.0,44923000000.0,,19.354,-982000000.0,3032000000.0,3032000000.0,4074000000.0,-63000000.0,1.345,2.614,22328000000.0,467000000.0,21861000000.0,22328000000.0,584000000.0,1087000000.0,0.0,0.0,0.0,221000000.0,1308000000.0,0.168,1308000000.0,221000000.0,-104000000.0,-0.09,-0.09,-0.09,15650000000.0,,15650000000.0,42243505545.0,22.0,5.676,-493000000.0,-0.61,1.0,3704000000.0,0.476,26550000000.0,325000000.0,40655000000.0,,1230000000.0,4842000000.0,3259000000.0,1583000000.0,40908000000.0,8649000000.0,32259000000.0,25598505545.0,-2283000000.0,0.0,0.0,-68000000.0,0.0,-80000000.0,-2692000000.0,0.0,489000000.0,0.0,-63000000.0,-77000000.0,-77000000.0,0.0,0.0,-0.01,3587000000.0,117000000.0,7009000000.0,0.0,1.636,79.746,77.293,16483000000.0,14000000.0,31.69,0.84,0.841,2018000000.0,-22904000000.0,7778000000.0,7778000000.0,0.0,,,,,55000000.0,2372000000.0,1.0,807778654.0,808605526.0,808605526.0,9.619,30008000000.0,1033000000.0,-41000000.0,4855000000.0,37.111,2986000000.0
26,TMUS,MRQ,2014-12-31,2014-12-31,2014-12-31,2021-08-03,1000000.0,56653000000.0,,13984000000.0,42669000000.0,,19.399,-1299000000.0,5315000000.0,5315000000.0,4195000000.0,101000000.0,1.593,2.617,21960000000.0,87000000.0,21873000000.0,21960000000.0,459000000.0,4412000000.0,0.0,0.0,0.0,558000000.0,4970000000.0,0.61,4970000000.0,558000000.0,200000000.0,0.13,0.12,0.13,15663000000.0,,15663000000.0,39015018645.0,22.0,6.317,56000000.0,0.069,1.0,3959000000.0,0.486,24508000000.0,358000000.0,40014000000.0,,1085000000.0,4690000000.0,3062000000.0,1628000000.0,40990000000.0,8776000000.0,32214000000.0,21750018645.0,-472000000.0,0.0,27000000.0,-1023000000.0,0.0,-21000000.0,-1806000000.0,0.0,1355000000.0,0.0,101000000.0,101000000.0,101000000.0,0.0,0.0,0.012,3591000000.0,368000000.0,7595000000.0,0.0,1.389,88.057,86.903,16245000000.0,0.0,26.94,0.736,0.734,1941000000.0,-22841000000.0,8154000000.0,8154000000.0,0.0,,,,,196000000.0,2333000000.0,1.0,807350358.0,807420793.0,823165551.0,10.099,32145000000.0,988000000.0,99000000.0,4873000000.0,39.812,5208000000.0
27,TMUS,MRQ,2014-09-30,2014-09-30,2014-09-30,2021-08-03,1000000.0,55115000000.0,,13295000000.0,41820000000.0,,17.994,-1131000000.0,5787000000.0,5787000000.0,3796000000.0,-94000000.0,1.545,2.794,23052000000.0,1168000000.0,21884000000.0,23052000000.0,452000000.0,0.0,0.0,0.0,0.0,132000000.0,132000000.0,0.018,132000000.0,132000000.0,-211000000.0,-0.12,-0.12,-0.12,14525000000.0,,14525000000.0,40699877512.0,29.0,8.108,-69000000.0,-0.085,1.0,3554000000.0,0.484,24328000000.0,343000000.0,39447000000.0,,674000000.0,0.0,0.0,0.0,40590000000.0,8605000000.0,31985000000.0,23302877512.0,2707000000.0,0.0,0.0,2810000000.0,0.0,2810000000.0,-1165000000.0,0.0,1062000000.0,0.0,-94000000.0,-94000000.0,-94000000.0,0.0,0.0,-0.013,3518000000.0,36000000.0,6372000000.0,0.0,1.604,184.943,206.214,15798000000.0,0.0,28.87,0.825,0.825,4515000000.0,-22942000000.0,7350000000.0,7350000000.0,0.0,,,,,0.0,2283000000.0,1.0,807165830.0,807221761.0,807221761.0,9.105,30787000000.0,950000000.0,-117000000.0,4744000000.0,38.139,4690000000.0
28,TMUS,MRQ,2014-06-30,2014-06-30,2014-06-30,2021-08-03,0.0,51664000000.0,,9896000000.0,41768000000.0,,18.115,-940000000.0,3080000000.0,3080000000.0,3668000000.0,391000000.0,1.388,2.548,20477000000.0,508000000.0,19969000000.0,20477000000.0,447000000.0,0.0,0.0,0.0,0.0,1033000000.0,1033000000.0,0.144,1033000000.0,1033000000.0,677000000.0,0.49,0.48,0.49,14563000000.0,,14563000000.0,41914469450.0,26.0,8.017,30000000.0,0.037,1.0,3517000000.0,0.489,24551000000.0,356000000.0,37379000000.0,,791000000.0,0.0,0.0,0.0,37101000000.0,7131000000.0,29970000000.0,26994469450.0,-2391000000.0,0.0,0.0,-5000000.0,0.0,-51000000.0,-3310000000.0,0.0,970000000.0,0.0,391000000.0,391000000.0,391000000.0,0.0,0.0,0.054,3302000000.0,215000000.0,5555000000.0,0.0,1.854,146.709,160.095,15537000000.0,0.0,33.62,0.979,0.98,4026000000.0,-22848000000.0,7185000000.0,7185000000.0,0.0,,,,,0.0,2151000000.0,1.0,802928895.0,803923913.0,813556137.0,8.937,27113000000.0,820000000.0,286000000.0,4757000000.0,33.726,2765000000.0
29,TMUS,MRQ,2014-03-31,2014-03-31,2014-03-31,2021-08-03,0.0,50169000000.0,,12957000000.0,37212000000.0,,17.639,-947000000.0,5471000000.0,5471000000.0,3750000000.0,-151000000.0,2.121,2.544,20391000000.0,460000000.0,19931000000.0,20391000000.0,459000000.0,0.0,0.0,0.245,0.0,41000000.0,41000000.0,0.006,41000000.0,41000000.0,-253000000.0,-0.19,-0.19,-0.19,14156000000.0,,14156000000.0,41002071408.0,45.0,9.043,-188000000.0,-0.234,1.0,3125000000.0,0.455,20189000000.0,294000000.0,38790000000.0,,676000000.0,0.0,0.0,0.0,36013000000.0,6110000000.0,29903000000.0,26505071408.0,-420000000.0,0.0,0.0,-226000000.0,0.0,-214000000.0,-965000000.0,0.0,759000000.0,0.0,-151000000.0,-151000000.0,-151000000.0,0.0,0.0,-0.022,3163000000.0,-38000000.0,4792000000.0,0.0,1.872,-118.857,-110.1,15427000000.0,0.0,33.03,0.996,0.996,3620000000.0,-23239000000.0,6875000000.0,6875000000.0,0.0,,,,,0.0,2096000000.0,1.0,802454478.0,802520723.0,802520723.0,8.567,29980000000.0,923000000.0,-102000000.0,4614000000.0,37.357,6847000000.0
30,TMUS,MRQ,2013-12-31,2013-12-31,2013-12-31,2021-08-03,3000000.0,49953000000.0,,12228000000.0,37725000000.0,,18.671,-882000000.0,5891000000.0,5891000000.0,3538000000.0,-20000000.0,2.105,2.507,20189000000.0,244000000.0,19945000000.0,20189000000.0,445000000.0,3627000000.0,0.0,0.241,0.0,187000000.0,3814000000.0,0.559,3814000000.0,187000000.0,-139000000.0,-0.04,-0.04,-0.04,14245000000.0,,14245000000.0,29104357190.0,23.0,5.938,122000000.0,0.16,1.0,3289000000.0,0.482,21009000000.0,326000000.0,37434000000.0,,586000000.0,2546000000.0,1471000000.0,1075000000.0,35708000000.0,5808000000.0,29900000000.0,24513357190.0,3526000000.0,22000000.0,1808000000.0,1937000000.0,0.0,3746000000.0,-1224000000.0,0.0,1004000000.0,0.0,-20000000.0,-20000000.0,-20000000.0,0.0,0.0,-0.003,3150000000.0,139000000.0,4766000000.0,0.0,1.721,700.382,672.8,15349000000.0,0.0,33.64,1.004,0.927,2189000000.0,-23088000000.0,6827000000.0,6827000000.0,0.0,,,,,100000000.0,2096000000.0,1.0,728696706.0,762950985.0,770979288.0,8.948,28944000000.0,839000000.0,-119000000.0,4645000000.0,37.937,6420000000.0
31,TMUS,MRQ,2013-09-30,2013-09-30,2013-09-30,2021-08-03,2000000.0,45767000000.0,,7964000000.0,37803000000.0,,17.08,-1017000000.0,2365000000.0,2365000000.0,3459000000.0,-36000000.0,1.444,2.686,6956000000.0,195000000.0,6761000000.0,6956000000.0,447000000.0,0.0,0.0,0.312,0.0,340000000.0,340000000.0,0.051,340000000.0,340000000.0,6000000.0,-0.05,-0.05,-0.05,12415000000.0,,12415000000.0,22996829998.0,17.0,5.09,-191000000.0,-0.263,1.0,3229000000.0,0.483,21394000000.0,334000000.0,23450000000.0,,761000000.0,91000000.0,0.0,91000000.0,33352000000.0,5514000000.0,27838000000.0,18872829998.0,3000000.0,-22000000.0,44000000.0,304000000.0,0.0,307000000.0,-1130000000.0,0.0,826000000.0,0.0,-36000000.0,-36000000.0,-36000000.0,0.0,0.0,-0.005,2932000000.0,297000000.0,15829000000.0,0.0,1.52,401.55,216.417,15370000000.0,0.0,25.97,0.839,0.839,3389000000.0,-23068000000.0,6688000000.0,6688000000.0,0.0,,,,,0.0,1933000000.0,1.0,726716596.0,726877458.0,726877458.0,9.201,24373000000.0,773000000.0,42000000.0,4695000000.0,33.531,2450000000.0
32,TMUS,MRQ,2013-06-30,2013-06-30,2013-06-30,2021-08-03,2000000.0,44734000000.0,,7313000000.0,37421000000.0,,18.596,-1050000000.0,2362000000.0,2362000000.0,3263000000.0,-16000000.0,1.355,2.62,6486000000.0,210000000.0,6276000000.0,6486000000.0,459000000.0,0.0,0.0,0.326,8.1,339000000.0,339000000.0,0.054,339000000.0,339000000.0,5000000.0,-0.02,-0.02,-0.02,12359000000.0,,12359000000.0,6669032131.0,-1.0,-1.973,-244000000.0,-0.367,1.0,2965000000.0,0.476,21488000000.0,334000000.0,21972000000.0,,819000000.0,87000000.0,0.0,87000000.0,32375000000.0,5398000000.0,26977000000.0,4593249131.0,1913000000.0,2144000000.0,72000000.0,0.0,0.0,-9000000.0,1116000000.0,25000000.0,806000000.0,0.0,-16000000.0,-16000000.0,-16000000.0,0.0,0.0,-0.003,2784000000.0,181000000.0,15731000000.0,-405.0,0.372,-0.6,-1.737,15185000000.0,0.0,24.81,0.222,0.796,3033000000.0,-23032000000.0,6228000000.0,6228000000.0,0.0,,,,,0.0,1847000000.0,1.0,185137006.0,664603682.0,664603682.0,9.371,23246000000.0,501000000.0,21000000.0,4386000000.0,34.977,1915000000.0
33,TMUS,MRQ,2013-03-31,2013-03-31,2013-03-31,2021-08-03,-7571000.0,13662546000.0,,6772704000.0,6889842000.0,,6.337,-1076000000.0,6181627000.0,6181627000.0,1995000000.0,107000000.0,2.124,3.028,8257410000.0,2450240000.0,5807170000.0,8257410000.0,241341000.0,0.0,0.0,0.0,0.0,408000000.0,408000000.0,0.087,408000000.0,408000000.0,179000000.0,0.2,0.2,0.2,3391941000.0,,3391941000.0,6397491382.0,-1.0,-1.893,-167000000.0,-0.312,1.0,2682000000.0,0.573,2564495000.0,229000000.0,9984709000.0,,254871000.0,1679000.0,0.0,1679000.0,10270605000.0,3189125000.0,7081480000.0,4009970382.0,55000000.0,0.0,0.0,0.0,0.0,0.0,-854000000.0,275000000.0,909000000.0,0.0,107000000.0,107000000.0,107000000.0,0.0,0.0,0.023,2305000000.0,377000000.0,473674000.0,0.0,1.182,-0.54,-1.572,4177500000.0,0.0,21.8,0.207,0.603,87810000.0,1572986000.0,4677000000.0,4677000000.0,0.0,,,,,0.0,1506000000.0,1.0,183943596.0,535286077.0,535286077.0,8.737,11098051000.0,3493000.0,72000000.0,1044503000.0,20.733,3583579000.0
34,TMUS,MRQ,2012-12-31,2012-12-31,2012-12-31,2021-08-03,41000000.0,33622000000.0,,5541000000.0,28081000000.0,,11.424,-847000000.0,394000000.0,394000000.0,2127000000.0,-8000000.0,0.991,4.498,15274000000.0,1619000000.0,13655000000.0,15274000000.0,290000000.0,3187000000.0,0.0,0.0,0.0,244000000.0,3431000000.0,0.699,3431000000.0,244000000.0,70000000.0,-0.01,-0.01,-0.01,6115000000.0,,6115000000.0,6327059144.0,-1.0,-2.016,308000000.0,0.575,1.0,2782000000.0,0.567,14629000000.0,174000000.0,28281000000.0,,457000000.0,0.0,0.0,0.0,27507000000.0,5592000000.0,21915000000.0,3619188144.0,-36000000.0,-38000000.0,0.0,2469000000.0,0.0,57000000.0,-1248000000.0,-359000000.0,1155000000.0,0.0,-8000000.0,-8000000.0,-8000000.0,0.0,0.0,-0.002,2505000000.0,277000000.0,3475000000.0,0.0,0.592,-0.493,-1.451,12807000000.0,0.0,19.88,0.184,0.54,3360000000.0,-23123000000.0,4909000000.0,4909000000.0,0.0,,,,,0.0,1792000000.0,1.0,182051718.0,535286077.0,535286077.0,9.171,18993000000.0,655000000.0,78000000.0,3618000000.0,35.482,-51000000.0
35,TMUS,MRQ,2012-09-30,2012-09-30,2012-09-30,2021-08-03,-4625000.0,10071909000.0,,3184822000.0,6887087000.0,,6.207,-717000000.0,2059415000.0,2059415000.0,2007000000.0,-7735000000.0,4.059,2.031,4767286000.0,36112000.0,4731174000.0,4767286000.0,232307000.0,0.0,0.0,0.0,0.0,-7558000000.0,-7558000000.0,-1.545,-7558000000.0,-7558000000.0,-7723000000.0,-14.45,-14.45,-14.45,3322447000.0,,3322447000.0,7114194494.0,-1.0,-0.775,81000000.0,0.151,1.0,2886000000.0,0.59,2562315000.0,165000000.0,9432815000.0,,312632000.0,509622000.0,507943000.0,1679000.0,6749462000.0,784650000.0,5964812000.0,4255698494.0,7000000.0,16000000.0,0.0,0.0,0.0,-1000000.0,-790000000.0,280000000.0,798000000.0,0.0,-7735000000.0,-7735000000.0,-7735000000.0,0.0,0.0,-1.581,10658000000.0,-7772000000.0,450087000.0,0.0,1.281,-0.342,-0.98,4197399000.0,0.0,23.42,0.152,0.447,95263000.0,1521925000.0,4893000000.0,4893000000.0,0.0,,,,,0.0,1663000000.0,1.0,181712148.0,535286077.0,535286077.0,9.141,7509594000.0,7666000.0,12000000.0,1008870000.0,14.029,2400172000.0
36,TMUS,MRQ,2012-06-30,2012-06-30,2012-06-30,2021-08-03,-8586000.0,9729632000.0,,2895800000.0,6833832000.0,,5.822,-1132048000.0,1903244000.0,1903244000.0,1923000000.0,207000000.0,3.903,2.122,4761740000.0,35306000.0,4726434000.0,4761740000.0,244390000.0,-152819000.0,0.0,0.0,0.0,493000000.0,340181000.0,0.07,340181000.0,493000000.0,342000000.0,0.39,0.39,0.39,3116290000.0,,3116290000.0,5069649462.0,-1.0,-3.897,640048000.0,1.196,1.0,2960000000.0,0.606,2561904000.0,151000000.0,9284346000.0,,259011000.0,453705000.0,447386000.0,6319000.0,6613342000.0,741878000.0,5871464000.0,2197276462.0,90044000.0,0.0,323000.0,10735000.0,0.0,12058000.0,-1694110000.0,-547585000.0,1772096000.0,0.0,207000000.0,207000000.0,207000000.0,0.0,0.0,0.042,2489000000.0,471000000.0,431919000.0,0.0,0.705,-0.475,-1.333,4069340000.0,0.0,12.1,0.09,0.266,87860000.0,1329257000.0,4883000000.0,4883000000.0,0.0,,,,,-10156000.0,1622000000.0,1.0,181593096.0,535286077.0,535286077.0,9.122,7167728000.0,7214000.0,135000000.0,924613000.0,13.39,2153922000.0
37,TMUS,MRQ,2012-03-31,2012-03-31,2012-03-31,2021-08-03,-9549000.0,9509207000.0,,2767350000.0,6741857000.0,,16.309,-153952000.0,1888314000.0,1888314000.0,847791000.0,21004000.0,3.557,2.215,4760687000.0,34610000.0,4726077000.0,4760687000.0,261655000.0,152819000.0,0.0,0.0,0.0,98745000.0,251564000.0,0.197,251564000.0,98745000.0,28662000.0,0.12,0.12,0.12,2957776000.0,,2957776000.0,6068417703.0,-1.0,-4.649,-17048000.0,-0.094,1.0,428799000.0,0.336,2541657000.0,70083000.0,9061890000.0,,252158000.0,336230000.0,329911000.0,6319000.0,6551431000.0,778033000.0,5773398000.0,3269794703.0,-57044000.0,0.0,-323000.0,-10735000.0,0.0,-11058000.0,-182890000.0,-29415000.0,136904000.0,0.0,21004000.0,21004000.0,21004000.0,0.0,0.0,0.016,330532000.0,98267000.0,452025000.0,0.0,1.105,-0.688,-2.002,4007177000.0,0.0,18.04,0.158,0.158,80973000.0,1180422000.0,1276590000.0,1276590000.0,0.0,,,,,10156000.0,176593000.0,1.0,181252478.0,181359306.0,182141580.0,7.039,6967550000.0,7215000.0,7658000.0,831745000.0,38.418,1989317000.0
38,TMUS,MRQ,2011-12-31,2011-12-31,2011-12-31,2021-08-03,-9295000.0,9482931000.0,,2743593000.0,6739338000.0,,5.469,-1958976000.0,1945858000.0,1945858000.0,6413251000.0,-4928040000.0,3.359,2.239,4744481000.0,33460000.0,4711021000.0,4744481000.0,245705000.0,2579472000.0,0.0,0.0,0.0,-4788978000.0,-2209506000.0,-0.13,-2209506000.0,-4788978000.0,-5265927000.0,-9.97,-9.95,-9.97,2927600000.0,,2927600000.0,6044929960.0,-1.0,-4.715,2267364000.0,4.236,1.0,10595532000.0,0.623,2539041000.0,476949000.0,8925790000.0,,239648000.0,306291000.0,299972000.0,6319000.0,6555331000.0,816723000.0,5738608000.0,3144414960.0,-763230000.0,-9505000.0,-54307000.0,-936271000.0,0.0,-990578000.0,-3998992000.0,-2007511000.0,4226340000.0,0.0,-4928040000.0,-4928040000.0,-4928040000.0,0.0,0.0,-0.29,15237955000.0,-4642423000.0,512346000.0,0.0,1.074,-0.666,-1.97,4017999000.0,0.0,17.36,0.153,0.451,78023000.0,1159418000.0,17008783000.0,17008783000.0,0.0,,,,,-32142000.0,6241214000.0,1.0,181129894.0,535286077.0,535286077.0,31.775,6943890000.0,7214000.0,-337887000.0,817106000.0,12.972,1926870000.0
39,TMUS,MRQ,2011-09-30,2011-09-30,2011-09-30,2021-08-03,-12947000.0,9279601000.0,,2549818000.0,6729783000.0,,15.61,-296080000.0,1843337000.0,1843337000.0,725506000.0,69326000.0,3.272,2.284,4743852000.0,32860000.0,4710992000.0,4743852000.0,243696000.0,139309000.0,0.0,0.0,0.0,177455000.0,316764000.0,0.263,316764000.0,177455000.0,107944000.0,0.38,0.38,0.38,2825470000.0,,2825470000.0,6040778463.0,10.0,5.366,-24520000.0,-0.135,1.0,479882000.0,0.398,2538600000.0,69511000.0,8862178000.0,,147002000.0,306300000.0,299981000.0,6319000.0,6454131000.0,779338000.0,5674793000.0,3152720463.0,-15233000.0,0.0,4227000.0,4723000.0,0.0,8950000.0,-295743000.0,337000.0,271560000.0,0.0,69326000.0,69326000.0,69326000.0,0.0,0.0,0.058,303051000.0,176831000.0,476324000.0,0.0,1.116,14.1,14.279,4009265000.0,0.0,17.42,0.674,0.675,65048000.0,1068148000.0,1205388000.0,1205388000.0,0.0,,,,,9898000.0,162459000.0,1.0,180982805.0,181009602.0,182432613.0,6.659,6741001000.0,6290000.0,38618000.0,756362000.0,37.241,1770480000.0
40,TMUS,MRQ,2011-06-30,2011-06-30,2011-06-30,2021-08-03,-7582000.0,9101027000.0,,2568302000.0,6532725000.0,,15.267,-273586000.0,1858870000.0,1858870000.0,708564000.0,84335000.0,3.539,2.31,4746928000.0,32416000.0,4714512000.0,4746928000.0,235461000.0,134524000.0,0.0,0.0,0.0,201416000.0,335940000.0,0.278,335940000.0,201416000.0,134436000.0,0.46,0.46,0.46,2749718000.0,,2749718000.0,9132449106.0,15.0,8.189,70201000.0,0.39,1.0,500889000.0,0.414,2538360000.0,66980000.0,8725052000.0,,140048000.0,307989000.0,299954000.0,8035000.0,6351309000.0,725673000.0,5625636000.0,6174275106.0,534444000.0,505000.0,30005000.0,396181000.0,0.0,426186000.0,-235529000.0,37552000.0,343787000.0,0.0,84335000.0,84335000.0,84335000.0,0.0,0.0,0.07,290634000.0,210255000.0,427922000.0,0.0,2.245,26.665,26.891,3856869000.0,0.0,34.42,1.375,1.381,62506000.0,998822000.0,1209453000.0,1209453000.0,0.0,,,,,10960000.0,154556000.0,1.0,179380450.0,180113244.0,182695140.0,6.715,6562667000.0,6290000.0,50101000.0,721143000.0,36.436,1842629000.0
41,TMUS,MRQ,2011-03-31,2011-03-31,2011-03-31,2021-08-03,2058000.0,8648307000.0,,2229510000.0,6418797000.0,,14.749,-198358000.0,1324426000.0,1324426000.0,750679000.0,56378000.0,2.467,2.285,4282600000.0,27536000.0,4255064000.0,4282600000.0,242013000.0,128695000.0,0.0,0.0,0.0,146107000.0,274802000.0,0.23,274802000.0,146107000.0,89546000.0,0.32,0.3,0.32,2632553000.0,,2632553000.0,8771485066.0,14.0,8.07,-60045000.0,-0.336,1.0,443698000.0,0.371,2537135000.0,56561000.0,8165622000.0,,285849000.0,356715000.0,337401000.0,19314000.0,6015754000.0,903724000.0,5112030000.0,5791609066.0,525019000.0,-8000000.0,20075000.0,535367000.0,0.0,555442000.0,-168736000.0,37622000.0,138313000.0,0.0,56378000.0,56378000.0,56378000.0,0.0,0.0,0.047,298361000.0,145337000.0,609160000.0,0.0,2.2,25.499,25.778,3738733000.0,0.0,32.48,1.349,1.35,56640000.0,914486000.0,1194377000.0,1194377000.0,0.0,,,,,11284000.0,169771000.0,1.0,178313087.0,178494135.0,180703097.0,6.691,6111172000.0,6290000.0,33168000.0,677841000.0,34.237,1325786000.0
42,TMUS,MRQ,2010-12-31,2010-12-31,2010-12-31,2021-08-03,-1415000.0,7918580000.0,,1593885000.0,6324695000.0,,14.326,-287420000.0,799407000.0,799407000.0,606010000.0,13551000.0,1.986,2.116,3779283000.0,21996000.0,3757287000.0,3779283000.0,224471000.0,118826000.0,0.0,0.0,0.0,79475000.0,198301000.0,0.186,198301000.0,79475000.0,15060000.0,0.06,0.08,0.06,2541576000.0,,2541576000.0,7907393684.0,14.0,7.713,27689000.0,0.156,1.0,459516000.0,0.431,2522241000.0,64415000.0,7573795000.0,,161049000.0,391562000.0,374862000.0,16700000.0,5377004000.0,802420000.0,4574584000.0,4476258684.0,-93253000.0,-50844000.0,4851000.0,-697091000.0,0.0,-727593000.0,319231000.0,648702000.0,315109000.0,0.0,13551000.0,13551000.0,13551000.0,0.0,0.0,0.013,252195000.0,207321000.0,521788000.0,0.0,1.761,23.143,23.389,3659445000.0,0.0,25.26,1.1,1.098,58056000.0,858108000.0,1065526000.0,1065526000.0,0.0,,,,,11434000.0,155720000.0,1.0,177207390.0,177407725.0,178879510.0,6.006,5396339000.0,6290000.0,1509000.0,643058000.0,30.418,791465000.0
43,TMUS,MRQ,2010-09-30,2010-09-30,2010-09-30,2021-08-03,-10275000.0,8320613000.0,,2245754000.0,6074859000.0,,14.164,-154130000.0,903416000.0,903416000.0,569953000.0,77287000.0,3.259,2.319,4334551000.0,20446000.0,4314105000.0,4334551000.0,198128000.0,113804000.0,0.0,0.0,0.0,192379000.0,306183000.0,0.3,306183000.0,192379000.0,126653000.0,0.44,0.44,0.44,2506665000.0,,2506665000.0,6560485758.0,10.0,6.176,187810000.0,1.061,1.0,450836000.0,0.442,2490629000.0,65726000.0,8572111000.0,,126201000.0,1018951000.0,1012632000.0,6319000.0,5813948000.0,689008000.0,5124940000.0,3701692758.0,113244000.0,0.0,1618000.0,636864000.0,0.0,638482000.0,-867178000.0,-713048000.0,341940000.0,0.0,77287000.0,77287000.0,77287000.0,0.0,0.0,0.076,242902000.0,207934000.0,418873000.0,0.0,1.477,17.38,17.729,3423533000.0,0.0,20.92,0.941,0.941,46737000.0,844557000.0,1020789000.0,1020789000.0,0.0,,,,,11770000.0,147431000.0,1.0,176945160.0,176977266.0,178211608.0,5.768,5829984000.0,5959000.0,49366000.0,631969000.0,32.942,1556746000.0
44,TMUS,MRQ,2010-06-30,2010-06-30,2010-06-30,2021-08-03,-9762000.0,7479122000.0,,1487525000.0,5991597000.0,,13.681,-192850000.0,789672000.0,789672000.0,543522000.0,79915000.0,2.195,2.095,3648465000.0,19921000.0,3628544000.0,3648465000.0,196864000.0,109301000.0,0.0,0.0,0.0,198325000.0,307626000.0,0.304,307626000.0,198325000.0,132822000.0,0.44,0.44,0.44,2416544000.0,,2416544000.0,5614711596.0,9.0,5.541,-80431000.0,-0.455,1.0,469014000.0,0.463,2471930000.0,65503000.0,7188411000.0,,195363000.0,306178000.0,299859000.0,6319000.0,5062578000.0,677574000.0,4385004000.0,2892610596.0,-138034000.0,0.0,2359000.0,-35371000.0,0.0,-33012000.0,-217441000.0,-24591000.0,112419000.0,0.0,79915000.0,79915000.0,79915000.0,0.0,0.0,0.079,270602000.0,198412000.0,426444000.0,0.0,1.197,13.824,14.121,3306443000.0,0.0,16.38,0.759,0.76,47786000.0,767269000.0,1012536000.0,1012536000.0,0.0,,,,,11917000.0,158600000.0,1.0,176594054.0,176639212.0,177842723.0,5.732,5007192000.0,5959000.0,52907000.0,583835000.0,28.347,809951000.0
45,TMUS,MRQ,2010-03-31,2010-03-31,2010-03-31,2021-08-03,-10680000.0,7456550000.0,,1538031000.0,5918519000.0,,13.164,-136658000.0,928513000.0,928513000.0,598390000.0,22661000.0,1.912,2.211,3650614000.0,19742000.0,3630872000.0,3650614000.0,203802000.0,107801000.0,0.0,0.0,0.0,105240000.0,213041000.0,0.22,213041000.0,105240000.0,37758000.0,0.12,0.12,0.12,2322054000.0,,2322054000.0,5197675814.0,10.0,5.697,88374000.0,0.501,1.0,372113000.0,0.383,2470568000.0,67482000.0,6903759000.0,,117594000.0,281176000.0,274857000.0,6319000.0,5134496000.0,804324000.0,4330172000.0,2497219814.0,-14807000.0,0.0,-619000.0,-54190000.0,0.0,-54809000.0,-185030000.0,-48372000.0,225032000.0,0.0,22661000.0,22661000.0,22661000.0,0.0,0.0,0.023,266882000.0,105231000.0,552003000.0,0.0,1.075,16.056,16.465,3263511000.0,0.0,14.16,0.683,0.683,52838000.0,687354000.0,970503000.0,970503000.0,0.0,,,,,11416000.0,159909000.0,1.0,176357332.0,176391449.0,177001770.0,5.502,4985982000.0,5959000.0,15097000.0,531112000.0,28.267,733707000.0
46,TMUS,MRQ,2009-12-31,2009-12-31,2009-12-31,2021-08-03,-11340000.0,7386017000.0,,1491391000.0,5894626000.0,,12.986,-236748000.0,944819000.0,944819000.0,540217000.0,33125000.0,1.87,2.228,3645275000.0,19326000.0,3625949000.0,3645275000.0,187654000.0,105759000.0,0.0,0.0,0.0,129611000.0,235370000.0,0.253,235370000.0,129611000.0,58684000.0,0.18,0.18,0.18,2288142000.0,,2288142000.0,5328664356.0,10.0,5.844,-116813000.0,-0.663,1.0,389764000.0,0.419,2470181000.0,70927000.0,6818823000.0,,147401000.0,231251000.0,224932000.0,6319000.0,5097875000.0,797469000.0,4300406000.0,2688817356.0,-26197000.0,0.0,833000.0,75135000.0,0.0,75968000.0,-222100000.0,-1919000.0,119935000.0,0.0,33125000.0,33125000.0,33125000.0,0.0,0.0,0.036,259943000.0,129821000.0,558366000.0,0.0,1.175,15.204,15.26,3252213000.0,0.0,15.26,0.773,0.771,51536000.0,664693000.0,929981000.0,929981000.0,0.0,,,,,12016000.0,150539000.0,1.0,176200351.0,176198806.0,177118502.0,5.278,4915836000.0,1948000.0,25559000.0,512306000.0,27.899,693922000.0
47,TMUS,MRQ,2009-09-30,2009-09-30,2009-09-30,2021-08-03,-20455000.0,7162889000.0,,1469271000.0,5693618000.0,,12.685,-204966000.0,969015000.0,969015000.0,497380000.0,73550000.0,2.189,2.207,3608862000.0,18174000.0,3590688000.0,3608862000.0,164313000.0,98976000.0,0.0,0.0,0.0,158291000.0,257267000.0,0.287,257267000.0,158291000.0,87900000.0,0.42,0.42,0.42,2233631000.0,,2233631000.0,6034042461.0,12.0,7.209,108455000.0,0.616,1.0,398213000.0,0.445,2451544000.0,70391000.0,6679898000.0,,88124000.0,228774000.0,224928000.0,3846000.0,4929258000.0,671294000.0,4257964000.0,3296113461.0,85788000.0,0.0,681000.0,-6169000.0,0.0,-5488000.0,-222145000.0,-12983000.0,313421000.0,0.0,73550000.0,73550000.0,73550000.0,0.0,0.0,0.082,240006000.0,158207000.0,483436000.0,0.0,1.476,20.823,21.273,3097625000.0,0.0,18.72,1.007,1.007,47780000.0,631568000.0,895593000.0,895593000.0,0.0,,,,,12426000.0,138460000.0,1.0,176074437.0,176091328.0,177679718.0,5.086,4711345000.0,1832000.0,14350000.0,481732000.0,26.755,797977000.0
48,TMUS,MRQ,2009-06-30,2009-06-30,2009-06-30,2021-08-03,-21453000.0,7010539000.0,,1394361000.0,5616178000.0,,12.196,-130258000.0,869790000.0,869790000.0,496133000.0,26196000.0,2.214,2.267,3607719000.0,18309000.0,3589410000.0,3607719000.0,171690000.0,91375000.0,0.0,0.0,0.0,115321000.0,206696000.0,0.24,206696000.0,115321000.0,44786000.0,0.14,0.14,0.14,2146036000.0,,2146036000.0,7440506290.0,16.0,9.664,29136000.0,0.166,1.0,363479000.0,0.423,2447269000.0,70535000.0,6671391000.0,,99877000.0,229275000.0,224853000.0,4422000.0,4864503000.0,629808000.0,4234695000.0,4682376290.0,19088000.0,0.0,4271000.0,-2946000.0,0.0,1325000.0,-141631000.0,49000.0,159394000.0,0.0,26196000.0,26196000.0,26196000.0,0.0,0.0,0.03,247706000.0,115773000.0,434977000.0,0.0,2.182,36.123,36.972,3038984000.0,0.0,26.62,1.528,1.528,54159000.0,558018000.0,859612000.0,859612000.0,0.0,,,,,12672000.0,142321000.0,1.0,175896930.0,175956232.0,178543666.0,4.885,4563270000.0,1833000.0,18590000.0,441625000.0,25.934,764553000.0
49,TMUS,MRQ,2009-03-31,2009-03-31,2009-03-31,2021-08-03,-32915000.0,6971209000.0,,1409330000.0,5561879000.0,,11.914,-306673000.0,850702000.0,850702000.0,470593000.0,43973000.0,2.132,2.333,3608832000.0,17727000.0,3591105000.0,3608832000.0,171797000.0,81746000.0,0.0,0.0,0.0,130741000.0,212487000.0,0.267,212487000.0,130741000.0,72309000.0,0.24,0.24,0.24,2091459000.0,,2091459000.0,8367542288.0,18.0,11.072,-74000.0,0.0,1.0,324736000.0,0.408,2439657000.0,58432000.0,6628663000.0,,103154000.0,229247000.0,224635000.0,4612000.0,4879750000.0,661019000.0,4218731000.0,5995073288.0,152754000.0,0.0,2841000.0,374392000.0,0.0,377233000.0,-531078000.0,-224405000.0,306599000.0,0.0,43973000.0,43973000.0,43973000.0,0.0,0.0,0.055,193249000.0,131487000.0,465920000.0,0.0,2.866,38.956,39.721,2993108000.0,0.0,34.16,2.078,2.079,45251000.0,531822000.0,795329000.0,795329000.0,0.0,,,,,10669000.0,136411000.0,1.0,175499804.0,175545431.0,178214712.0,4.531,4531552000.0,1832000.0,28336000.0,417100000.0,25.814,748311000.0
50,TMUS,MRQ,2008-12-31,2008-12-31,2008-12-31,2021-08-03,-32533000.0,6422148000.0,,1043884000.0,5378264000.0,,11.612,-303042000.0,702523000.0,702523000.0,427124000.0,14574000.0,1.406,2.157,3074992000.0,17009000.0,3057983000.0,3074992000.0,151779000.0,69500000.0,0.0,0.0,0.0,91053000.0,160553000.0,0.222,160553000.0,91053000.0,47687000.0,0.08,0.08,0.08,2034323000.0,,2034323000.0,7197435787.0,16.0,10.078,-383459000.0,-2.189,1.0,296510000.0,0.41,2423074000.0,43366000.0,5629187000.0,,155955000.0,5989000.0,3000.0,5986000.0,4387825000.0,742356000.0,3645469000.0,5200070787.0,-322444000.0,1000.0,2880000.0,58134000.0,0.0,61014000.0,-303041000.0,0.0,-80417000.0,0.0,14574000.0,14574000.0,14574000.0,0.0,0.0,0.02,197068000.0,99442000.0,568432000.0,0.0,2.556,34.798,34.535,2847751000.0,0.0,29.7,1.89,1.886,34666000.0,487849000.0,723634000.0,723634000.0,0.0,,,,,10888000.0,113134000.0,1.0,175086558.0,175185666.0,177400214.0,4.131,3999074000.0,1832000.0,33113000.0,389509000.0,22.828,301528000.0
51,TMUS,MRQ,2008-09-30,2008-09-30,2008-09-30,2021-08-03,-13263000.0,6277975000.0,,1276925000.0,5001050000.0,,11.572,-288068000.0,1020392000.0,1020392000.0,379961000.0,44880000.0,1.746,2.1,3017757000.0,16492000.0,3001265000.0,3017757000.0,136536000.0,67631000.0,0.0,0.0,0.0,122544000.0,190175000.0,0.277,190175000.0,122544000.0,79594000.0,0.26,0.26,0.26,2024930000.0,,2024930000.0,6786365685.0,17.0,10.705,-91579000.0,-0.523,1.0,306760000.0,0.447,2391343000.0,42950000.0,5152812000.0,,82495000.0,16945000.0,0.0,16945000.0,4253045000.0,731185000.0,3521860000.0,4895370685.0,-108545000.0,-1000.0,705000.0,-17670000.0,0.0,-16965000.0,-288069000.0,0.0,196489000.0,0.0,44880000.0,44880000.0,44880000.0,0.0,0.0,0.065,186107000.0,120653000.0,573736000.0,0.0,2.418,55.811,60.826,2514435000.0,0.0,27.98,1.869,1.87,39306000.0,473275000.0,686721000.0,686721000.0,0.0,,,,,10782000.0,116654000.0,1.0,174959638.0,174991846.0,177941968.0,3.924,3886632000.0,4922000.0,34714000.0,384410000.0,22.21,545740000.0
52,TMUS,MRQ,2008-06-30,2008-06-30,2008-06-30,2021-08-03,-13631000.0,6078779000.0,,1321505000.0,4757274000.0,,11.276,-367281000.0,1128937000.0,1128937000.0,366228000.0,50465000.0,2.105,2.089,3019932000.0,16411000.0,3003521000.0,3019932000.0,127286000.0,60888000.0,0.0,0.0,0.0,131620000.0,192508000.0,0.284,192508000.0,131620000.0,85956000.0,0.28,0.28,0.28,1968033000.0,,1968033000.0,7858711322.0,19.0,12.465,-143312000.0,-0.821,1.0,312579000.0,0.46,2390959000.0,45664000.0,4950935000.0,,43146000.0,21348000.0,0.0,21348000.0,4110746000.0,627880000.0,3482866000.0,6171868322.0,-181792000.0,-6562000.0,8300000.0,-40255000.0,0.0,-31955000.0,-373806000.0,37000.0,223969000.0,0.0,50465000.0,50465000.0,50465000.0,0.0,0.0,0.074,176935000.0,135644000.0,479025000.0,0.0,3.136,64.329,70.84,2263223000.0,0.0,35.42,2.48,2.484,38445000.0,428395000.0,678807000.0,678807000.0,0.0,,,,,11007000.0,113419000.0,1.0,174248118.0,174525992.0,178088933.0,3.889,3687820000.0,4921000.0,35491000.0,349952000.0,21.13,693625000.0
53,TMUS,MRQ,2008-03-31,2008-03-31,2008-03-31,2021-08-03,-28378000.0,5900591000.0,,1524275000.0,4376316000.0,,10.82,-310759000.0,1310729000.0,1310729000.0,388631000.0,39519000.0,2.575,2.133,2997572000.0,16000000.0,2981572000.0,2997572000.0,132829000.0,57300000.0,0.0,0.0,0.0,113612000.0,170912000.0,0.258,170912000.0,113612000.0,66187000.0,0.22,0.22,0.22,1883518000.0,,1883518000.0,7450398742.0,17.0,11.913,-203310000.0,-1.168,1.0,273723000.0,0.413,2072895000.0,47425000.0,4922497000.0,,65475000.0,28049000.0,0.0,28049000.0,4017073000.0,592042000.0,3425031000.0,5918429742.0,-159479000.0,-18600000.0,697000.0,61734000.0,0.0,62431000.0,-329359000.0,0.0,107449000.0,0.0,39519000.0,39519000.0,39519000.0,0.0,0.0,0.06,161695000.0,112028000.0,438353000.0,0.0,3.142,58.018,60.714,2038194000.0,0.0,34.0,2.506,2.506,32827000.0,377930000.0,662354000.0,662354000.0,0.0,,,,,8465000.0,104374000.0,1.0,174071463.0,174082046.0,177284114.0,3.805,3827696000.0,4920000.0,26668000.0,306949000.0,21.988,932233000.0
54,TMUS,MRQ,2007-12-31,2007-12-31,2007-12-31,2021-08-03,-14469000.0,5806130000.0,,1732884000.0,4073246000.0,,12.852,-249436000.0,1470528000.0,1470528000.0,335585000.0,-47151000.0,2.985,2.141,3002177000.0,16000000.0,2986177000.0,3002177000.0,120481000.0,52206000.0,0.0,0.0,0.0,28155000.0,80361000.0,0.136,80361000.0,28155000.0,-20873000.0,-0.3,-0.3,-0.3,1848746000.0,,1848746000.0,8300038035.0,20.0,13.754,-100580000.0,-0.699,1.0,255549000.0,0.432,2072895000.0,49028000.0,4684394000.0,,109139000.0,36050000.0,0.0,36050000.0,3957384000.0,580490000.0,3376894000.0,6757520035.0,5948000.0,669000.0,4558000.0,-22881000.0,0.0,-18332000.0,-124576000.0,124191000.0,148856000.0,0.0,-47151000.0,-47150000.0,-47150000.0,0.0,0.0,-0.08,163312000.0,92237000.0,439449000.0,0.0,3.655,72.88,67.069,1891411000.0,-1000.0,38.9,3.023,2.503,31809000.0,338411000.0,591134000.0,591134000.0,0.0,,,,,9053000.0,111870000.0,1.0,173715168.0,143846140.0,148168862.0,4.109,3733235000.0,4920000.0,26278000.0,290128000.0,25.953,1152394000.0
55,TMUS,MRQ,2007-09-30,2007-09-30,2007-09-30,2021-08-03,-4115000.0,5765180000.0,,1949374000.0,3815806000.0,,10.916,-184452000.0,1464260000.0,1464260000.0,294850000.0,53108000.0,3.619,2.045,3006778000.0,16000000.0,2990778000.0,3006778000.0,108258000.0,45492000.0,0.0,0.0,0.0,141194000.0,186686000.0,0.335,186686000.0,141194000.0,86620000.0,0.3,0.3,0.3,1893050000.0,,1893050000.0,12246468744.0,29.0,21.0,-11311000.0,-0.065,1.0,261888000.0,0.47,2072895000.0,54574000.0,4696158000.0,,96090000.0,242179000.0,242179000.0,0.0,3872130000.0,538645000.0,3333485000.0,9462949744.0,1236424000.0,-669000.0,828000.0,-40167000.0,0.0,-39298000.0,1102581000.0,1287702000.0,173141000.0,0.0,53108000.0,53108000.0,53108000.0,0.0,0.0,0.095,128750000.0,133138000.0,410527000.0,0.0,4.999,81.02,77.943,1669175000.0,0.0,54.56,4.511,4.511,34362000.0,385561000.0,556738000.0,556738000.0,0.0,,,,,7107000.0,84496000.0,1.0,173441161.0,173422196.0,178319072.0,3.21,3692285000.0,815000.0,33512000.0,269006000.0,21.291,1410729000.0
56,TMUS,MRQ,2007-06-30,2007-06-30,2007-06-30,2021-08-03,6227000.0,5666345000.0,,1978710000.0,3687635000.0,,12.411,-192826000.0,227836000.0,227836000.0,295666000.0,58094000.0,3.764,2.077,3011355000.0,16000000.0,2995355000.0,3011355000.0,102869000.0,41124000.0,0.0,0.0,0.0,146302000.0,187426000.0,0.34,187426000.0,146302000.0,97134000.0,0.34,0.34,0.34,1841005000.0,,1841005000.0,13813790707.0,39.0,27.264,-37089000.0,-0.25,1.0,255510000.0,0.464,2072895000.0,49168000.0,5851334000.0,,90000000.0,1548011000.0,1539438000.0,8573000.0,3823903000.0,525635000.0,3298268000.0,11453108707.0,-3482000.0,0.0,866721000.0,438027000.0,0.0,1261770000.0,-1420989000.0,-1228163000.0,155737000.0,0.0,58094000.0,56534000.0,56534000.0,0.0,0.0,0.103,123448000.0,132062000.0,402538000.0,0.0,6.221,132.097,118.0,1534402000.0,1560000.0,66.08,5.913,5.06,29533000.0,332453000.0,551176000.0,551176000.0,0.0,,,,,7653000.0,82717000.0,1.0,173321863.0,148335440.0,153242158.0,3.716,3593450000.0,815000.0,39040000.0,241308000.0,24.225,1453075000.0
57,TMUS,MRQ,2007-03-31,2007-03-31,2007-03-31,2021-08-03,-992000.0,4272212000.0,,767738000.0,3504474000.0,,5.679,-157889000.0,231318000.0,231318000.0,318643000.0,36352000.0,1.566,7.458,2592000000.0,16000000.0,2576000000.0,2592000000.0,105631000.0,39380000.0,0.0,,0.0,109595000.0,148975000.0,0.278,148975000.0,109595000.0,60619000.0,0.22,0.22,0.22,445923000.0,,445923000.0,,,,-46317000.0,-0.59,1.0,218043000.0,0.406,2072885000.0,48976000.0,4069716000.0,,106721000.0,308353000.0,308353000.0,0.0,3325664000.0,490293000.0,2835371000.0,,69820000.0,0.0,99000.0,33541000.0,0.0,32352000.0,-74104000.0,83785000.0,111572000.0,0.0,36352000.0,30229000.0,30229000.0,0.0,0.0,0.056,115367000.0,102676000.0,364742000.0,0.0,,,,1363786000.0,6123000.0,,,,25531000.0,275919000.0,536686000.0,536686000.0,0.0,,,,,4211000.0,72937000.0,1.0,25922937.0,78517560.0,81723940.0,6.835,2199327000.0,815000.0,24267000.0,199106000.0,28.011,277445000.0
58,TMUS,MRQ,2006-12-31,2006-12-31,2006-12-31,2021-08-03,1224000.0,4153122000.0,,758527000.0,3394595000.0,,5.289,-1295687000.0,161498000.0,161498000.0,277750000.0,-16819000.0,1.741,7.853,2596000000.0,16000000.0,2580000000.0,2596000000.0,90501000.0,38841000.0,0.0,,0.0,21230000.0,60071000.0,0.133,60071000.0,21230000.0,-27347000.0,-0.16,-0.18,-0.16,413245000.0,,413245000.0,,,,-1215614000.0,-15.558,1.0,175342000.0,0.387,2072885000.0,48577000.0,4079110000.0,,92915000.0,393123000.0,391258000.0,1865000.0,3245374000.0,435629000.0,2809745000.0,,45233000.0,0.0,-889000.0,1409360000.0,0.0,1415570000.0,-1450410000.0,-154899000.0,80073000.0,0.0,-16819000.0,-23073000.0,-23073000.0,0.0,0.0,-0.051,108581000.0,66761000.0,325681000.0,0.0,,,,1256162000.0,6254000.0,,,,28140000.0,245690000.0,453092000.0,453092000.0,0.0,,,,,6722000.0,71697000.0,1.0,25922937.0,78132670.0,80104226.0,5.799,2080237000.0,815000.0,-10528000.0,177197000.0,26.624,322898000.0
59,TMUS,MRQ,2006-09-30,2006-09-30,2006-09-30,2021-08-03,1210000.0,2626174000.0,,489496000.0,2136678000.0,,5.483,-340910000.0,122428000.0,122428000.0,231506000.0,29266000.0,0.869,3.999,1102594000.0,200000000.0,902594000.0,1102594000.0,78600000.0,36611000.0,0.0,,0.0,73577000.0,110188000.0,0.278,110188000.0,73577000.0,48766000.0,0.16,0.16,0.16,427689000.0,,427689000.0,,,,-255290000.0,-3.273,1.0,164610000.0,0.416,681475000.0,24811000.0,2361487000.0,,39648000.0,231818000.0,229546000.0,2272000.0,1710236000.0,563378000.0,1146858000.0,,-20326000.0,0.0,552000.0,179632000.0,0.0,180184000.0,-286130000.0,54956000.0,85620000.0,0.0,29266000.0,23012000.0,23012000.0,0.0,0.0,0.058,95216000.0,69394000.0,281789000.0,0.0,,,,1207982000.0,6254000.0,,,,23506000.0,268762000.0,396116000.0,396116000.0,0.0,,,,,3781000.0,60220000.0,1.0,25922937.0,78001544.0,79822409.0,5.078,1944699000.0,10365000.0,19500000.0,196314000.0,24.932,-73882000.0
60,TMUS,MRQ,2006-06-30,2006-06-30,2006-06-30,2021-08-03,1982000.0,2346292000.0,,534920000.0,1811372000.0,,5.16,-166751000.0,142635000.0,142635000.0,219502000.0,22989000.0,1.563,3.637,903122000.0,435000.0,902687000.0,903122000.0,73060000.0,32316000.0,0.0,,0.0,60070000.0,92386000.0,0.251,92386000.0,60070000.0,38357000.0,0.12,0.12,0.12,402054000.0,,402054000.0,,,,-33311000.0,-0.428,1.0,148692000.0,0.404,681299000.0,21713000.0,2083243000.0,,29108000.0,291050000.0,283948000.0,7102000.0,1462243000.0,342237000.0,1120006000.0,,72832000.0,0.0,186000.0,3786000.0,0.0,3972000.0,-64580000.0,102171000.0,133440000.0,0.0,22989000.0,16801000.0,16801000.0,0.0,0.0,0.046,94593000.0,54099000.0,266134000.0,0.0,,,,1091412000.0,6188000.0,,,,19721000.0,245750000.0,368194000.0,368194000.0,0.0,,,,,2158000.0,60264000.0,1.0,25922937.0,77914836.0,79675072.0,4.726,1664993000.0,2122000.0,15368000.0,172559000.0,21.369,192683000.0
61,TMUS,MRQ,2006-03-31,2006-03-31,2006-03-31,2021-08-03,,,,,,,,-141228000.0,,,193400000.0,18370000.0,,,,,,,,27260000.0,,,0.0,51631000.0,78891000.0,0.239,78891000.0,51631000.0,30747000.0,0.08,0.08,0.08,,,,,,,-75600000.0,-0.974,1.0,136061000.0,0.413,,20884000.0,,,,,,,,,,,-48950000.0,0.0,151000.0,21816000.0,0.0,23967000.0,-138545000.0,2683000.0,65628000.0,0.0,18370000.0,12247000.0,12247000.0,0.0,0.0,0.037,89062000.0,46999000.0,,0.0,,,,,6123000.0,,,,,,329461000.0,329461000.0,0.0,,,,,1811000.0,51437000.0,1.0,25922937.0,77587157.0,79643752.0,4.246,,,12377000.0,,,
62,TMUS,MRQ,2005-12-31,2005-12-31,2005-12-31,2021-08-03,1783000.0,2158981000.0,,612102000.0,1546879000.0,,4.914,-304821000.0,115629000.0,115629000.0,171614000.0,18842000.0,2.598,3.592,905554000.0,2690000.0,902864000.0,905554000.0,56560000.0,26000000.0,0.0,,0.0,47973000.0,73973000.0,0.257,73973000.0,47973000.0,30807000.0,0.08,0.08,0.08,367906000.0,,367906000.0,,,,-268620000.0,-3.588,1.0,116615000.0,0.405,681299000.0,17166000.0,2031990000.0,,39431000.0,395524000.0,390472000.0,5052000.0,1321390000.0,235617000.0,1085773000.0,,67549000.0,0.0,103000.0,138944000.0,0.0,147467000.0,-116119000.0,-46628000.0,36201000.0,0.0,18842000.0,12589000.0,12589000.0,0.0,0.0,0.044,72359000.0,44256000.0,174220000.0,0.0,,,,831490000.0,6253000.0,,,,16028000.0,216702000.0,288229000.0,288229000.0,0.0,,,,,-706000.0,46270000.0,1.0,25922937.0,74876416.0,79175137.0,3.849,1477682000.0,2122000.0,11965000.0,146053000.0,19.735,376485000.0
63,TMUS,MRQ,2005-09-30,2005-09-30,2005-09-30,2021-08-03,,,,,,,,-108926000.0,,,149401000.0,20556000.0,,,,,,,,21911000.0,,,0.0,50821000.0,72732000.0,0.276,72732000.0,50821000.0,33752000.0,0.12,0.1,0.12,,,,,,,-13932000.0,-0.213,1.0,114154000.0,0.433,,17069000.0,,,,,,,,,,,-9530000.0,0.0,0.0,2949000.0,0.0,50333000.0,-154857000.0,-41366000.0,94994000.0,0.0,20556000.0,14850000.0,14850000.0,0.0,0.0,0.056,66376000.0,47778000.0,,0.0,,,,,5706000.0,,,,,,263555000.0,263555000.0,0.0,,,,,337000.0,39016000.0,1.0,25922937.0,65491102.0,76129872.0,4.024,,,13196000.0,,,
64,TMUS,MRQ,2005-06-30,2005-06-30,2005-06-30,2021-08-03,,,,,,,,,,,131231000.0,136482000.0,,,,,,,,,,,0.0,239875000.0,,,,239875000.0,224114000.0,1.08,0.92,1.08,,,,,,,,,1.0,119458000.0,0.477,,15761000.0,,,,,,,,,,,,,,,,,,,,,136482000.0,131127000.0,131127000.0,0.0,0.0,0.523,-164845000.0,284303000.0,,0.0,,,,,5355000.0,,,,,,250689000.0,250689000.0,0.0,,,,,,39342000.0,1.0,25922937.0,65169748.0,75978850.0,3.847,,,87632000.0,,,
65,TMUS,MRQ,2004-12-31,2004-12-31,2004-12-31,2021-08-03,-271000.0,965396000.0,,156558000.0,808838000.0,,1.98,,24770000.0,24770000.0,,,0.96,3.504,184999000.0,14310000.0,170689000.0,184999000.0,40424000.0,,0.0,,0.0,,,,,,,,,,125434000.0,,125434000.0,,,,,,1.0,,,154144000.0,,808461000.0,,33717000.0,36964000.0,36964000.0,0.0,439552000.0,163020000.0,276532000.0,,,,,,,,,,,,,,,,,,,,105541000.0,,,,,636368000.0,,,,,9101000.0,40637000.0,,,,,,,,,,1.0,25922937.0,63361026.0,,,811252000.0,3574000.0,,73101000.0,12.804,-6462000.0
66,TMUS,MRQ,2003-12-31,2003-12-31,2003-12-31,2021-08-03,-72000.0,898939000.0,,305733000.0,593206000.0,,3.915,,69660000.0,69660000.0,,,1.513,6.29,195755000.0,13420000.0,182335000.0,195755000.0,30192000.0,,0.0,,0.0,,,,,,,,,,71333000.0,,71333000.0,,,,,,1.0,,,90619000.0,,732407000.0,,16967000.0,186426000.0,186426000.0,0.0,448680000.0,202008000.0,246672000.0,,,,,,,,,,,,,,,,,,,,156160000.0,,,,,485032000.0,,,,,8654000.0,-2774000.0,,,,,,,,,,1.0,,18221981.0,,,808320000.0,5249000.0,,30475000.0,44.36,103725000.0
0,TMUS,MRT,2021-06-30,2021-06-30,2021-06-30,2021-08-03,-1510000000.0,204124000000.0,200015250000.0,20570000000.0,183554000000.0,0.397,54.081,-12602000000.0,7793000000.0,7793000000.0,34803000000.0,3914000000.0,0.942,2.025,107783000000.0,11505000000.0,96278000000.0,107783000000.0,939000000.0,16735000000.0,0.0,0.0,0.0,8212000000.0,24947000000.0,0.315,24947000000.0,8212000000.0,4915000000.0,3.01,2.98,3.01,67470000000.0,65919500000.0,67470000000.0,281873412422.0,34.0,11.299,1084000000.0,0.869,1.0,44519000000.0,0.561,98669000000.0,3297000000.0,183608000000.0,177229500000.0,1707000000.0,6348000000.0,4064000000.0,2284000000.0,136654000000.0,21837000000.0,114817000000.0,180582412422.0,-3283000000.0,1194000000.0,4000000.0,1572000000.0,0.0,1132000000.0,-18101000000.0,3692000000.0,13686000000.0,0.0,3914000000.0,3914000000.0,3914000000.0,0.0,0.0,0.049,35997000000.0,8522000000.0,8516000000.0,0.0,2.676,46.138,48.116,70335000000.0,0.0,144.83,2.277,2.278,4546000000.0,-3925000000.0,79322000000.0,79322000000.0,0.0,0.02,0.059,0.046,0.104,569000000.0,19262000000.0,1.0,1246857781.0,1247563331.0,1253718122.0,63.582,105455000000.0,0.0,1001000000.0,10391000000.0,84.529,-1267000000.0
1,TMUS,MRT,2021-03-31,2021-03-31,2021-03-31,2021-08-03,-1545000000.0,203332000000.0,195784000000.0,18779000000.0,184553000000.0,0.394,53.378,-11620000000.0,6677000000.0,6677000000.0,32624000000.0,3046000000.0,0.963,2.063,107968000000.0,8934000000.0,99034000000.0,107968000000.0,972000000.0,16722000000.0,0.0,0.0,0.0,7056000000.0,23778000000.0,0.309,23778000000.0,7056000000.0,3772000000.0,2.32,2.29,2.32,66377000000.0,64801000000.0,66377000000.0,249544923810.0,35.0,10.495,-936000000.0,-0.753,1.0,44419000000.0,0.577,98951000000.0,3284000000.0,186177000000.0,168268250000.0,2209000000.0,6062000000.0,3841000000.0,2221000000.0,136955000000.0,19495000000.0,117460000000.0,155710923810.0,5647000000.0,-3805000000.0,304000000.0,17486000000.0,0.0,17337000000.0,-22374000000.0,3157000000.0,10684000000.0,0.0,3046000000.0,3046000000.0,3046000000.0,-320000000.0,0.0,0.04,37183000000.0,7236000000.0,8820000000.0,0.0,2.346,51.12,54.004,71241000000.0,0.0,125.29,2.021,2.022,3612000000.0,-4903000000.0,77043000000.0,77043000000.0,0.0,0.016,0.047,0.042,0.092,694000000.0,20043000000.0,1.0,1242804085.0,1243520026.0,1252783564.0,61.956,104381000000.0,0.0,726000000.0,10154000000.0,83.94,-716000000.0
2,TMUS,MRT,2020-12-31,2020-12-31,2020-12-31,2021-08-03,-1581000000.0,200162000000.0,166757500000.0,23885000000.0,176277000000.0,0.41,57.109,-11034000000.0,10385000000.0,10385000000.0,28266000000.0,3064000000.0,1.101,2.063,104219000000.0,9510000000.0,94709000000.0,104219000000.0,1030000000.0,14151000000.0,0.0,0.0,0.0,6580000000.0,20731000000.0,0.303,20731000000.0,6580000000.0,3850000000.0,2.68,2.65,2.68,65344000000.0,55451000000.0,65344000000.0,260311036744.0,40.0,12.557,-2394000000.0,-2.092,1.0,40131000000.0,0.587,99243000000.0,2730000000.0,173050000000.0,139888250000.0,2527000000.0,5608000000.0,3577000000.0,2031000000.0,134818000000.0,21703000000.0,113115000000.0,167374036744.0,8935000000.0,-3776000000.0,304000000.0,13042000000.0,0.0,13010000000.0,-12715000000.0,3134000000.0,8640000000.0,0.0,3064000000.0,3064000000.0,3064000000.0,-320000000.0,0.0,0.045,33495000000.0,6636000000.0,10353000000.0,0.0,2.561,54.626,50.317,72224000000.0,0.0,134.85,2.447,2.256,4276000000.0,-5836000000.0,68397000000.0,68397000000.0,0.0,0.018,0.055,0.047,0.096,694000000.0,18926000000.0,1.0,1241186776.0,1144206326.0,1154749428.0,59.777,100919000000.0,0.0,786000000.0,9966000000.0,88.2,2182000000.0
3,TMUS,MRT,2020-09-30,2020-09-30,2020-09-30,2021-08-03,-1621000000.0,192443000000.0,138447250000.0,19465000000.0,172978000000.0,0.433,52.071,-7466000000.0,6571000000.0,6571000000.0,23826000000.0,3065000000.0,0.981,1.984,99508000000.0,8421000000.0,91087000000.0,99508000000.0,1078000000.0,11708000000.0,0.0,0.0,0.0,6206000000.0,17914000000.0,0.299,17914000000.0,6206000000.0,3994000000.0,3.09,3.06,3.09,64487000000.0,46312250000.0,64487000000.0,225128828777.0,36.0,12.567,-763000000.0,-0.616,1.0,36108000000.0,0.602,99457000000.0,2212000000.0,166083000000.0,115244500000.0,1931000000.0,4481000000.0,3083000000.0,1398000000.0,127956000000.0,19840000000.0,108116000000.0,141555828777.0,5004000000.0,-3762000000.0,304000000.0,8216000000.0,0.0,8256000000.0,-9955000000.0,3305000000.0,6703000000.0,0.0,3065000000.0,3065000000.0,3065000000.0,-320000000.0,0.0,0.051,29950000000.0,6158000000.0,8524000000.0,0.0,2.195,46.185,37.01,69604000000.0,0.0,114.36,2.362,2.363,4332000000.0,-6586000000.0,59934000000.0,59934000000.0,0.0,0.022,0.066,0.054,0.104,687000000.0,17824000000.0,1.0,1237808926.0,1238450665.0,1249798740.0,48.394,92986000000.0,0.0,929000000.0,10373000000.0,75.083,-375000000.0
4,TMUS,MRT,2020-06-30,2020-06-30,2020-06-30,2021-08-03,-1658000000.0,187199000000.0,111863750000.0,24321000000.0,162878000000.0,0.462,50.946,-5793000000.0,11076000000.0,11076000000.0,20582000000.0,2682000000.0,1.049,1.972,94649000000.0,10257000000.0,84392000000.0,94649000000.0,1185000000.0,9213000000.0,0.0,0.0,0.0,5216000000.0,14429000000.0,0.279,14429000000.0,5216000000.0,3529000000.0,3.1,3.07,3.1,62996000000.0,37133250000.0,62996000000.0,167383767275.0,32.0,11.601,-114000000.0,-0.092,1.0,31141000000.0,0.602,99818000000.0,1687000000.0,147763000000.0,92170500000.0,1549000000.0,4593000000.0,3194000000.0,1399000000.0,124203000000.0,23191000000.0,101012000000.0,128704767275.0,10056000000.0,-5031000000.0,300000000.0,13894000000.0,0.0,13857000000.0,-9480000000.0,3350000000.0,5679000000.0,0.0,2682000000.0,2682000000.0,2682000000.0,-320000000.0,0.0,0.052,26077000000.0,5064000000.0,9474000000.0,0.0,2.043,47.988,33.597,59335000000.0,0.0,104.15,2.488,2.49,3379000000.0,-7839000000.0,51723000000.0,51723000000.0,0.0,0.024,0.072,0.057,0.101,652000000.0,16446000000.0,1.0,1235763488.0,1236528444.0,1236528444.0,41.829,87381000000.0,0.0,847000000.0,9996000000.0,70.666,1130000000.0
5,TMUS,MRT,2020-03-31,2020-03-31,2020-03-31,2021-08-03,-1660000000.0,87226000000.0,86261000000.0,9487000000.0,77739000000.0,0.522,33.767,-5325000000.0,1112000000.0,1112000000.0,18127000000.0,3511000000.0,0.643,2.01,39791000000.0,5105000000.0,34686000000.0,39791000000.0,619000000.0,6734000000.0,0.0,0.0,0.0,5788000000.0,12522000000.0,0.278,12522000000.0,5788000000.0,4657000000.0,4.11,4.07,4.11,28977000000.0,28126000000.0,28977000000.0,110466665696.0,19.0,8.822,1724000000.0,2.009,1.0,26904000000.0,0.597,38492000000.0,1131000000.0,72657000000.0,73217500000.0,1225000000.0,3773000000.0,2406000000.0,1367000000.0,58249000000.0,14756000000.0,43493000000.0,71896665696.0,-327000000.0,-31000000.0,0.0,-2422000000.0,0.0,-2637000000.0,-4739000000.0,3587000000.0,7049000000.0,0.0,3511000000.0,3511000000.0,3511000000.0,0.0,0.0,0.078,21119000000.0,5785000000.0,6231000000.0,0.0,2.481,20.478,20.414,35854000000.0,0.0,83.9,1.597,1.599,1862000000.0,-7949000000.0,45031000000.0,45031000000.0,0.0,0.041,0.125,0.079,0.129,523000000.0,14385000000.0,1.0,856932845.0,858148284.0,865998532.0,52.475,48734000000.0,0.0,1146000000.0,5618000000.0,56.79,-5269000000.0
6,TMUS,MRT,2019-12-31,2019-12-31,2019-12-31,2021-08-03,-868000000.0,86921000000.0,85222750000.0,9305000000.0,77616000000.0,0.528,33.705,-6353000000.0,1528000000.0,1528000000.0,18521000000.0,3468000000.0,0.744,2.019,40098000000.0,3269000000.0,36829000000.0,40098000000.0,631000000.0,6616000000.0,0.0,0.0,0.0,5738000000.0,12354000000.0,0.275,12354000000.0,5738000000.0,4603000000.0,4.06,4.02,4.06,28789000000.0,27427000000.0,28789000000.0,106157175659.0,19.0,8.593,471000000.0,0.551,1.0,26477000000.0,0.588,38510000000.0,1135000000.0,74475000000.0,72572000000.0,964000000.0,4183000000.0,2600000000.0,1583000000.0,58132000000.0,12506000000.0,45626000000.0,67094175659.0,325000000.0,-31000000.0,0.0,-2201000000.0,0.0,-2374000000.0,-4125000000.0,3876000000.0,6824000000.0,0.0,3468000000.0,3468000000.0,3468000000.0,0.0,0.0,0.077,20755000000.0,5722000000.0,6933000000.0,0.0,2.331,19.347,19.315,35632000000.0,0.0,78.42,1.491,1.489,1908000000.0,-8833000000.0,44998000000.0,44998000000.0,0.0,0.041,0.126,0.079,0.128,495000000.0,14139000000.0,1.0,855574798.0,854143751.0,863433511.0,52.682,48411000000.0,0.0,1135000000.0,5607000000.0,56.678,-3201000000.0
7,TMUS,MRT,2019-09-30,2019-09-30,2019-09-30,2021-08-03,-1070000000.0,86109000000.0,81609500000.0,8458000000.0,77651000000.0,0.546,32.497,-6431000000.0,1653000000.0,1653000000.0,18479000000.0,3357000000.0,0.657,2.101,40716000000.0,3720000000.0,36996000000.0,40716000000.0,608000000.0,6480000000.0,0.0,0.0,0.0,5629000000.0,12109000000.0,0.272,12109000000.0,5629000000.0,4476000000.0,3.94,3.9,3.94,27771000000.0,26409250000.0,27771000000.0,106129581671.0,19.0,8.765,-190000000.0,-0.222,1.0,26086000000.0,0.585,38516000000.0,1153000000.0,73787000000.0,66675000000.0,801000000.0,3894000000.0,2425000000.0,1469000000.0,58338000000.0,12869000000.0,45469000000.0,67305581671.0,1324000000.0,-31000000.0,0.0,-1686000000.0,0.0,-1910000000.0,-3007000000.0,4346000000.0,6241000000.0,0.0,3357000000.0,3357000000.0,3357000000.0,0.0,0.0,0.075,20461000000.0,5625000000.0,6658000000.0,0.0,2.424,20.049,19.992,35867000000.0,0.0,78.77,1.51,1.51,1842000000.0,-9584000000.0,44565000000.0,44565000000.0,0.0,0.041,0.127,0.084,0.126,466000000.0,13981000000.0,1.0,854457048.0,854578241.0,862690751.0,52.149,47593000000.0,0.0,1119000000.0,5296000000.0,55.692,-4411000000.0
8,TMUS,MRT,2019-06-30,2019-06-30,2019-06-30,2021-08-03,-813000000.0,84788000000.0,77627750000.0,8114000000.0,76674000000.0,0.571,31.564,-6266000000.0,1105000000.0,1105000000.0,18490000000.0,3282000000.0,0.616,2.144,39929000000.0,3531000000.0,36398000000.0,39929000000.0,620000000.0,6462000000.0,0.0,0.0,0.0,5598000000.0,12060000000.0,0.272,12060000000.0,5598000000.0,4411000000.0,3.86,3.82,3.86,26967000000.0,25555250000.0,26967000000.0,101360025236.0,18.0,8.405,-859000000.0,-1.005,1.0,25853000000.0,0.583,38488000000.0,1187000000.0,71951000000.0,60967000000.0,998000000.0,4050000000.0,2446000000.0,1604000000.0,57821000000.0,13173000000.0,44648000000.0,63338025236.0,890000000.0,0.0,0.0,-1898000000.0,0.0,-2125000000.0,-2392000000.0,4784000000.0,5407000000.0,0.0,3282000000.0,3282000000.0,3282000000.0,0.0,0.0,0.074,20259000000.0,5594000000.0,7458000000.0,0.0,2.349,19.299,19.207,34875000000.0,0.0,74.14,1.428,1.428,1835000000.0,-10454000000.0,44343000000.0,44343000000.0,0.0,0.042,0.128,0.092,0.126,455000000.0,13797000000.0,1.0,854303011.0,854368443.0,860135593.0,51.901,46300000000.0,0.0,1129000000.0,5090000000.0,54.192,-5059000000.0
9,TMUS,MRT,2019-03-31,2019-03-31,2019-03-31,2021-08-03,-521000000.0,83073000000.0,73853750000.0,8745000000.0,74328000000.0,0.595,30.757,-6106000000.0,1439000000.0,1439000000.0,18482000000.0,3125000000.0,0.656,2.173,39461000000.0,3961000000.0,35500000000.0,39461000000.0,665000000.0,6511000000.0,0.0,0.0,0.0,5467000000.0,11978000000.0,0.273,11978000000.0,5467000000.0,4239000000.0,3.68,3.65,3.68,26181000000.0,24661000000.0,26181000000.0,85094303162.0,16.0,7.104,-1585000000.0,-1.862,1.0,25453000000.0,0.579,37693000000.0,1228000000.0,70075000000.0,55597500000.0,1261000000.0,4128000000.0,2466000000.0,1662000000.0,56892000000.0,13327000000.0,43565000000.0,58750303162.0,-1088000000.0,-5000000.0,-405000000.0,-3890000000.0,0.0,-4526000000.0,-1083000000.0,5268000000.0,4521000000.0,0.0,3125000000.0,3125000000.0,3125000000.0,0.0,0.0,0.071,19950000000.0,5503000000.0,7572000000.0,0.0,2.244,18.8,18.777,33312000000.0,0.0,69.1,1.337,1.339,1765000000.0,-11393000000.0,43935000000.0,43935000000.0,0.0,0.042,0.127,0.098,0.124,437000000.0,13439000000.0,1.0,850221464.0,851223498.0,858643481.0,51.614,45380000000.0,0.0,1114000000.0,4925000000.0,53.311,-4582000000.0
10,TMUS,MRT,2018-12-31,2018-12-31,2018-12-31,2021-08-03,-332000000.0,72468000000.0,71086500000.0,8281000000.0,64187000000.0,0.609,29.089,-5541000000.0,1203000000.0,1203000000.0,18354000000.0,2888000000.0,0.807,1.932,27547000000.0,841000000.0,26706000000.0,27547000000.0,698000000.0,6486000000.0,0.0,0.0,0.0,5274000000.0,11760000000.0,0.272,11760000000.0,5274000000.0,3917000000.0,3.4,3.36,3.4,24718000000.0,23834750000.0,24718000000.0,80994280129.0,15.0,6.887,-1642000000.0,-1.932,1.0,24956000000.0,0.576,37658000000.0,1357000000.0,50887000000.0,50554250000.0,1084000000.0,4085000000.0,2538000000.0,1547000000.0,47750000000.0,10267000000.0,37483000000.0,53966280129.0,-16000000.0,-338000000.0,-1071000000.0,-2067000000.0,0.0,-3336000000.0,-579000000.0,5406000000.0,3899000000.0,0.0,2888000000.0,2888000000.0,2888000000.0,0.0,0.0,0.067,19647000000.0,5309000000.0,7941000000.0,0.0,2.183,18.686,18.709,23359000000.0,0.0,63.61,1.246,1.248,1780000000.0,-12954000000.0,43310000000.0,43310000000.0,0.0,0.041,0.121,0.104,0.122,424000000.0,13161000000.0,1.0,848393022.0,849744152.0,858290174.0,50.968,34810000000.0,0.0,1029000000.0,4472000000.0,40.965,-1986000000.0
11,TMUS,MRT,2018-09-30,2018-09-30,2018-09-30,2021-08-03,0.0,70182000000.0,70610250000.0,7286000000.0,62896000000.0,0.604,28.751,-5278000000.0,329000000.0,329000000.0,18223000000.0,4955000000.0,0.85,1.882,27357000000.0,783000000.0,26574000000.0,27357000000.0,696000000.0,6331000000.0,0.0,0.0,0.0,5268000000.0,11599000000.0,0.272,11599000000.0,5268000000.0,3793000000.0,5.88,5.73,5.88,24355000000.0,23295000000.0,24355000000.0,87213704845.0,17.0,7.519,-1468000000.0,-1.733,1.0,24401000000.0,0.572,37683000000.0,1475000000.0,50955000000.0,50053000000.0,958000000.0,3589000000.0,2366000000.0,1223000000.0,45827000000.0,8572000000.0,37255000000.0,59458704845.0,-410000000.0,-338000000.0,-1498000000.0,-1999000000.0,0.0,-3677000000.0,-543000000.0,5149000000.0,3810000000.0,0.0,4955000000.0,4941000000.0,4941000000.0,0.0,0.0,0.116,19285000000.0,5116000000.0,6726000000.0,0.0,2.441,12.034,11.935,22502000000.0,14000000.0,70.18,1.395,1.395,1664000000.0,-13594000000.0,42624000000.0,42624000000.0,0.0,0.07,0.212,0.105,0.124,409000000.0,12954000000.0,1.0,847231474.0,847087120.0,853852764.0,50.318,32499000000.0,0.0,-1162000000.0,4370000000.0,38.366,-1286000000.0
12,TMUS,MRT,2018-06-30,2018-06-30,2018-06-30,2021-08-03,0.0,69692000000.0,70045500000.0,7091000000.0,62601000000.0,0.597,27.594,-5357000000.0,215000000.0,215000000.0,17986000000.0,4710000000.0,0.764,1.98,27970000000.0,1324000000.0,26646000000.0,27970000000.0,722000000.0,6110000000.0,0.0,0.0,0.0,5146000000.0,11256000000.0,0.269,11256000000.0,5146000000.0,3569000000.0,5.59,5.43,5.59,23390000000.0,22275500000.0,23390000000.0,78550034518.0,15.0,6.979,-1209000000.0,-1.426,1.0,23818000000.0,0.57,37693000000.0,1577000000.0,50473000000.0,49924750000.0,998000000.0,3530000000.0,2308000000.0,1222000000.0,46302000000.0,9281000000.0,37021000000.0,50599034518.0,34000000.0,-338000000.0,-1498000000.0,-1577000000.0,0.0,-3268000000.0,-846000000.0,4921000000.0,4148000000.0,0.0,4710000000.0,4683000000.0,4683000000.0,0.0,0.0,0.112,18848000000.0,4970000000.0,6876000000.0,0.0,2.163,10.805,10.689,22375000000.0,27000000.0,59.75,1.21,1.212,1641000000.0,-14389000000.0,41804000000.0,41804000000.0,0.0,0.067,0.21,0.103,0.123,376000000.0,12738000000.0,1.0,846845766.0,847660488.0,852040670.0,49.317,31999000000.0,0.0,-1141000000.0,4087000000.0,37.75,-2190000000.0
13,TMUS,MRT,2018-03-31,2018-03-31,2018-03-31,2021-08-03,5000000.0,72004000000.0,69412250000.0,9609000000.0,62395000000.0,0.597,26.749,-5075000000.0,2527000000.0,2527000000.0,18048000000.0,4509000000.0,0.778,2.148,30478000000.0,3765000000.0,26713000000.0,30478000000.0,791000000.0,5995000000.0,0.0,0.0,0.0,5084000000.0,11079000000.0,0.267,11079000000.0,5084000000.0,3435000000.0,5.35,5.18,5.35,22876000000.0,21331500000.0,22876000000.0,79254321317.0,16.0,7.154,-1082000000.0,-1.265,1.0,23398000000.0,0.565,37696000000.0,1649000000.0,49902000000.0,49707750000.0,1311000000.0,3515000000.0,2281000000.0,1234000000.0,49128000000.0,12357000000.0,36771000000.0,52154321317.0,-4974000000.0,-333000000.0,-1093000000.0,-883000000.0,0.0,-2176000000.0,-6791000000.0,4480000000.0,3993000000.0,0.0,4509000000.0,4468000000.0,4468000000.0,0.0,0.0,0.108,18463000000.0,4935000000.0,7448000000.0,0.0,2.28,11.673,11.409,22308000000.0,41000000.0,61.04,1.258,1.26,1702000000.0,-15179000000.0,41446000000.0,41446000000.0,0.0,0.064,0.209,0.102,0.123,336000000.0,12468000000.0,1.0,854428593.0,855222664.0,862244084.0,48.462,34308000000.0,0.0,-1074000000.0,3813000000.0,40.116,-2748000000.0
14,TMUS,MRT,2017-12-31,2017-12-31,2017-12-31,2021-08-03,8000000.0,70563000000.0,68423250000.0,8915000000.0,61648000000.0,0.593,27.119,-5237000000.0,1219000000.0,1219000000.0,17708000000.0,4536000000.0,0.774,2.128,28319000000.0,1612000000.0,26707000000.0,28319000000.0,779000000.0,5984000000.0,0.0,0.0,0.0,4832000000.0,10816000000.0,0.266,10816000000.0,4832000000.0,3161000000.0,5.39,5.2,5.39,22559000000.0,20353250000.0,22559000000.0,80406039864.0,17.0,7.434,-1406000000.0,-1.69,1.0,22896000000.0,0.564,37266000000.0,1671000000.0,48882000000.0,48816750000.0,1566000000.0,3564000000.0,2290000000.0,1274000000.0,48004000000.0,11515000000.0,36489000000.0,52838039864.0,-4281000000.0,0.0,-427000000.0,-724000000.0,0.0,-1367000000.0,-6745000000.0,4319000000.0,3831000000.0,0.0,4536000000.0,4481000000.0,4481000000.0,0.0,0.0,0.11,18243000000.0,4653000000.0,8710000000.0,0.0,2.342,11.792,11.783,22196000000.0,55000000.0,63.51,1.301,1.301,1937000000.0,-16074000000.0,40604000000.0,40604000000.0,0.0,0.065,0.22,0.099,0.119,306000000.0,12259000000.0,1.0,831964098.0,831850073.0,871787450.0,48.812,33297000000.0,0.0,-1375000000.0,3537000000.0,40.028,-2600000000.0
15,TMUS,MRT,2017-09-30,2017-09-30,2017-09-30,2021-08-03,4000000.0,67923000000.0,67255250000.0,7449000000.0,60474000000.0,0.596,24.395,-5175000000.0,739000000.0,739000000.0,17401000000.0,2219000000.0,0.919,2.35,28307000000.0,558000000.0,27749000000.0,28307000000.0,790000000.0,6047000000.0,0.0,0.0,0.0,4707000000.0,10754000000.0,0.268,10754000000.0,4707000000.0,3053000000.0,2.62,2.55,2.62,20277000000.0,19272500000.0,20277000000.0,79555455011.0,17.0,7.398,-3963000000.0,-4.768,1.0,22678000000.0,0.566,36946000000.0,1654000000.0,50442000000.0,49116750000.0,999000000.0,3236000000.0,2136000000.0,1100000000.0,47646000000.0,8103000000.0,39543000000.0,51242455011.0,-4613000000.0,0.0,0.0,-632000000.0,0.0,-875000000.0,-4950000000.0,6482000000.0,1212000000.0,0.0,2219000000.0,2164000000.0,2164000000.0,0.0,0.0,0.054,17968000000.0,4710000000.0,6359000000.0,0.0,2.527,23.68,23.534,21570000000.0,55000000.0,61.66,1.279,1.279,1758000000.0,-18781000000.0,40079000000.0,40079000000.0,0.0,0.032,0.112,0.096,0.117,285000000.0,11927000000.0,1.0,831048573.0,831189779.0,871420065.0,48.219,30977000000.0,0.0,834000000.0,5535000000.0,37.268,-654000000.0
16,TMUS,MRT,2017-06-30,2017-06-30,2017-06-30,2021-08-03,3000000.0,67159000000.0,66342500000.0,6780000000.0,60379000000.0,0.593,23.604,-4893000000.0,181000000.0,181000000.0,17165000000.0,2035000000.0,0.768,2.424,28494000000.0,1202000000.0,27292000000.0,28494000000.0,851000000.0,6199000000.0,0.0,0.0,0.0,4431000000.0,10630000000.0,0.27,10630000000.0,4431000000.0,2745000000.0,2.4,2.34,2.4,19614000000.0,18666500000.0,19614000000.0,73111271470.0,16.0,6.878,-3193000000.0,-3.842,1.0,22200000000.0,0.564,37039000000.0,1686000000.0,49605000000.0,48968000000.0,1208000000.0,3162000000.0,2060000000.0,1102000000.0,47545000000.0,8828000000.0,38717000000.0,50365271470.0,-5357000000.0,0.0,0.0,-366000000.0,0.0,-593000000.0,-6464000000.0,5372000000.0,1700000000.0,0.0,2035000000.0,1980000000.0,1980000000.0,0.0,0.0,0.05,17935000000.0,4265000000.0,6380000000.0,0.0,2.568,25.437,25.258,21423000000.0,55000000.0,60.62,1.279,1.28,1751000000.0,-19331000000.0,39365000000.0,39365000000.0,0.0,0.03,0.106,0.09,0.113,262000000.0,11727000000.0,1.0,830835887.0,830971528.0,870457181.0,47.372,30120000000.0,0.0,710000000.0,5188000000.0,36.247,-2048000000.0
17,TMUS,MRT,2017-03-31,2017-03-31,2017-03-31,2021-08-03,2000000.0,68048000000.0,65544750000.0,15899000000.0,52149000000.0,0.586,22.91,-4895000000.0,7501000000.0,7501000000.0,16849000000.0,1679000000.0,1.04,2.588,30247000000.0,7542000000.0,22705000000.0,30247000000.0,934000000.0,6255000000.0,0.0,0.0,0.0,3934000000.0,10189000000.0,0.265,10189000000.0,3934000000.0,2183000000.0,1.98,1.92,1.98,18963000000.0,18111750000.0,18963000000.0,75671302778.0,19.0,7.427,-2533000000.0,-3.06,1.0,21590000000.0,0.562,29171000000.0,1751000000.0,46338000000.0,48918000000.0,1021000000.0,2855000000.0,1880000000.0,975000000.0,49085000000.0,15285000000.0,33800000000.0,53385302778.0,3854000000.0,0.0,0.0,2588000000.0,0.0,2372000000.0,-880000000.0,7413000000.0,2362000000.0,0.0,1679000000.0,1624000000.0,1624000000.0,0.0,0.0,0.042,17907000000.0,3683000000.0,6416000000.0,0.0,2.815,32.873,32.621,21235000000.0,55000000.0,64.59,1.389,1.391,1888000000.0,-19912000000.0,38439000000.0,38439000000.0,0.0,0.025,0.09,0.08,0.102,250000000.0,11584000000.0,1.0,826525821.0,827723034.0,869395984.0,46.439,38877000000.0,0.0,504000000.0,4842000000.0,46.969,614000000.0
18,TMUS,MRT,2016-12-31,2016-12-31,2016-12-31,2021-08-03,1000000.0,65891000000.0,64298500000.0,14217000000.0,51674000000.0,0.583,22.172,-4702000000.0,5500000000.0,5500000000.0,16550000000.0,1460000000.0,1.576,2.613,27786000000.0,354000000.0,27432000000.0,27786000000.0,986000000.0,6243000000.0,0.0,0.0,0.0,4057000000.0,10300000000.0,0.275,10300000000.0,4057000000.0,2327000000.0,1.71,1.69,1.71,18236000000.0,17647000000.0,18236000000.0,69787127322.0,17.0,6.775,-1923000000.0,-2.338,1.0,20940000000.0,0.559,29073000000.0,1730000000.0,50082000000.0,49533000000.0,1111000000.0,2914000000.0,1930000000.0,984000000.0,47655000000.0,9022000000.0,38633000000.0,47389127322.0,918000000.0,0.0,0.0,622000000.0,0.0,463000000.0,-2324000000.0,6354000000.0,2779000000.0,0.0,1460000000.0,1405000000.0,1405000000.0,0.0,0.0,0.037,17725000000.0,3215000000.0,7277000000.0,0.0,2.599,33.729,33.632,20943000000.0,55000000.0,57.51,1.264,1.262,1936000000.0,-20610000000.0,37490000000.0,37490000000.0,0.0,0.022,0.08,0.082,0.108,235000000.0,11378000000.0,1.0,824015429.0,822470275.0,833054545.0,45.582,36818000000.0,0.0,867000000.0,4938000000.0,44.765,5195000000.0
19,TMUS,MRT,2016-09-30,2016-09-30,2016-09-30,2021-08-03,1000000.0,64272000000.0,63429000000.0,13530000000.0,50742000000.0,0.566,21.693,-5274000000.0,5352000000.0,5352000000.0,15221000000.0,1367000000.0,1.666,2.6,27750000000.0,325000000.0,27425000000.0,27750000000.0,980000000.0,6064000000.0,0.0,0.0,0.0,3972000000.0,10036000000.0,0.279,10036000000.0,3972000000.0,2202000000.0,1.6,1.57,1.6,17853000000.0,17227250000.0,17853000000.0,60332418406.0,15.0,6.012,1492000000.0,1.813,1.0,20696000000.0,0.576,28704000000.0,1770000000.0,49847000000.0,49091000000.0,1039000000.0,2508000000.0,1669000000.0,839000000.0,46419000000.0,8119000000.0,38300000000.0,38438418406.0,2719000000.0,0.0,47000000.0,4644000000.0,0.0,4661000000.0,-8708000000.0,1000000.0,6766000000.0,0.0,1367000000.0,1312000000.0,1312000000.0,0.0,0.0,0.037,17369000000.0,3327000000.0,6459000000.0,0.0,2.153,29.298,29.2,20574000000.0,55000000.0,46.72,1.07,1.071,1931000000.0,-21000000000.0,35917000000.0,35917000000.0,0.0,0.021,0.076,0.081,0.111,219000000.0,11174000000.0,1.0,822740120.0,822998697.0,832257819.0,43.642,35568000000.0,0.0,835000000.0,4648000000.0,43.218,5411000000.0
20,TMUS,MRT,2016-06-30,2016-06-30,2016-06-30,2021-08-03,-1000000.0,63968000000.0,61979250000.0,14280000000.0,49688000000.0,0.556,21.151,-5235000000.0,5538000000.0,5538000000.0,14609000000.0,1139000000.0,1.632,2.677,27432000000.0,258000000.0,27174000000.0,27432000000.0,936000000.0,5653000000.0,0.0,0.0,0.0,3543000000.0,9196000000.0,0.267,9196000000.0,3543000000.0,1842000000.0,1.32,1.3,1.32,17395000000.0,16827000000.0,17395000000.0,58398970306.0,16.0,6.35,1322000000.0,1.607,1.0,19852000000.0,0.576,27705000000.0,1701000000.0,49405000000.0,47419750000.0,1388000000.0,2662000000.0,1831000000.0,831000000.0,46573000000.0,8752000000.0,37821000000.0,35575970306.0,2896000000.0,0.0,47000000.0,4375000000.0,0.0,4397000000.0,-8058000000.0,1000000.0,6557000000.0,0.0,1139000000.0,1084000000.0,1084000000.0,0.0,0.0,0.031,16862000000.0,2990000000.0,7188000000.0,0.0,2.045,32.819,32.78,20570000000.0,55000000.0,43.27,1.032,1.033,1905000000.0,-21366000000.0,34461000000.0,34461000000.0,0.0,0.017,0.064,0.075,0.103,202000000.0,10900000000.0,1.0,822185586.0,822434490.0,829752956.0,41.901,36263000000.0,0.0,703000000.0,4427000000.0,44.092,5528000000.0
21,TMUS,MRT,2016-03-31,2016-03-31,2016-03-31,2021-08-03,-4000000.0,63063000000.0,60284250000.0,13344000000.0,49719000000.0,0.553,20.873,-5077000000.0,3647000000.0,3647000000.0,14619000000.0,1275000000.0,1.424,2.687,26470000000.0,365000000.0,26105000000.0,26470000000.0,895000000.0,5153000000.0,0.0,0.0,0.0,3422000000.0,8575000000.0,0.257,8575000000.0,3422000000.0,1833000000.0,1.49,1.47,1.49,17104000000.0,16491500000.0,17104000000.0,53029513882.0,15.0,6.184,873000000.0,1.065,1.0,18734000000.0,0.562,27719000000.0,1589000000.0,48798000000.0,45559500000.0,1443000000.0,5978000000.0,5074000000.0,904000000.0,45959000000.0,9369000000.0,36590000000.0,31345513882.0,615000000.0,0.0,47000000.0,3385000000.0,0.0,3393000000.0,-8728000000.0,-2922000000.0,5950000000.0,0.0,1275000000.0,1220000000.0,1220000000.0,0.0,0.0,0.037,16003000000.0,2731000000.0,7684000000.0,0.0,1.833,25.693,25.705,20625000000.0,55000000.0,38.3,0.94,0.941,1917000000.0,-21591000000.0,33353000000.0,33353000000.0,0.0,0.02,0.074,0.075,0.103,198000000.0,10566000000.0,1.0,818420728.0,819431761.0,859382827.0,40.703,35344000000.0,0.0,558000000.0,4285000000.0,43.132,3975000000.0
22,TMUS,MRT,2015-12-31,2015-12-31,2015-12-31,2021-08-03,-1000000.0,62413000000.0,58658000000.0,14890000000.0,47523000000.0,0.553,20.365,-4724000000.0,4582000000.0,4582000000.0,14898000000.0,733000000.0,1.563,2.77,26243000000.0,182000000.0,26061000000.0,26243000000.0,717000000.0,4688000000.0,0.0,0.0,0.0,2474000000.0,7162000000.0,0.221,7162000000.0,2474000000.0,978000000.0,0.83,0.82,0.83,16557000000.0,16128000000.0,16557000000.0,51446382462.0,21.0,7.183,690000000.0,0.849,1.0,17569000000.0,0.541,26232000000.0,1496000000.0,48314000000.0,43523750000.0,1295000000.0,6223000000.0,5376000000.0,847000000.0,45856000000.0,9528000000.0,36328000000.0,31923382462.0,-733000000.0,0.0,47000000.0,3358000000.0,0.0,3413000000.0,-9560000000.0,-2997000000.0,5414000000.0,0.0,733000000.0,678000000.0,678000000.0,0.0,0.0,0.021,15253000000.0,2316000000.0,8219000000.0,0.0,1.928,47.085,47.133,20000000000.0,55000000.0,39.12,0.983,0.98,1824000000.0,-22108000000.0,32467000000.0,32467000000.0,0.0,0.012,0.042,0.057,0.076,201000000.0,10189000000.0,1.0,816037384.0,812994028.0,822617938.0,39.935,36181000000.0,0.0,245000000.0,4061000000.0,44.503,5362000000.0
23,TMUS,MRT,2015-09-30,2015-09-30,2015-09-30,2021-08-03,-1000000.0,58473000000.0,57218000000.0,12656000000.0,45817000000.0,0.559,19.939,-4592000000.0,2633000000.0,2633000000.0,15690000000.0,537000000.0,1.431,2.598,22156000000.0,114000000.0,22042000000.0,22156000000.0,649000000.0,7731000000.0,0.0,0.0,0.0,2112000000.0,9843000000.0,0.308,9843000000.0,2112000000.0,697000000.0,0.62,0.6,0.62,16252000000.0,15904500000.0,16252000000.0,52170159896.0,25.0,5.3,-56000000.0,-0.069,1.0,16270000000.0,0.509,25991000000.0,1415000000.0,43162000000.0,41448750000.0,1236000000.0,4771000000.0,3397000000.0,1374000000.0,42221000000.0,8843000000.0,33378000000.0,32440159896.0,-3154000000.0,0.0,27000000.0,-1610000000.0,0.0,-646000000.0,-7044000000.0,0.0,4536000000.0,0.0,537000000.0,496000000.0,496000000.0,0.0,0.0,0.016,14699000000.0,1571000000.0,7670000000.0,0.0,1.996,65.404,64.21,18101000000.0,41000000.0,39.81,1.015,1.015,1842000000.0,-22405000000.0,31960000000.0,31960000000.0,0.0,0.009,0.031,0.051,0.066,349000000.0,9767000000.0,1.0,814874652.0,815069272.0,822017220.0,39.211,32482000000.0,1658000000.0,160000000.0,5566000000.0,39.852,3813000000.0
24,TMUS,MRT,2015-06-30,2015-06-30,2015-06-30,2021-08-03,1000000.0,57188000000.0,56378500000.0,11657000000.0,45531000000.0,0.558,19.779,-4603000000.0,2642000000.0,2642000000.0,16123000000.0,305000000.0,1.411,2.562,22372000000.0,386000000.0,21986000000.0,22372000000.0,574000000.0,6574000000.0,0.0,0.0,0.0,1623000000.0,8197000000.0,0.261,8197000000.0,1623000000.0,248000000.0,0.35,0.33,0.35,16053000000.0,15472750000.0,16053000000.0,50715802848.0,31.0,6.187,-536000000.0,-0.66,1.0,15338000000.0,0.488,26690000000.0,1375000000.0,41964000000.0,40520000000.0,1135000000.0,5114000000.0,3503000000.0,1611000000.0,41135000000.0,8264000000.0,32871000000.0,31419802848.0,-438000000.0,0.0,27000000.0,1528000000.0,0.0,2495000000.0,-7000000000.0,0.0,4067000000.0,0.0,305000000.0,277000000.0,277000000.0,0.0,0.0,0.009,14243000000.0,1095000000.0,6746000000.0,0.0,1.957,113.429,110.771,16910000000.0,28000000.0,38.77,0.999,1.0,1879000000.0,-22543000000.0,31461000000.0,31461000000.0,0.0,0.005,0.018,0.04,0.052,307000000.0,9426000000.0,1.0,810415343.0,811605031.0,821122537.0,38.764,30498000000.0,1479000000.0,-57000000.0,5306000000.0,37.577,3393000000.0
25,TMUS,MRT,2015-03-31,2015-03-31,2015-03-31,2021-08-03,1000000.0,56558000000.0,54997500000.0,11635000000.0,44923000000.0,0.554,19.354,-4352000000.0,3032000000.0,3032000000.0,15733000000.0,335000000.0,1.345,2.614,22328000000.0,467000000.0,21861000000.0,22328000000.0,584000000.0,5499000000.0,0.0,0.0,0.0,1944000000.0,7443000000.0,0.244,7443000000.0,1944000000.0,562000000.0,0.41,0.39,0.41,15650000000.0,15100250000.0,15650000000.0,42243505545.0,22.0,5.676,-476000000.0,-0.589,1.0,14734000000.0,0.484,26550000000.0,1382000000.0,40655000000.0,39373750000.0,1230000000.0,4842000000.0,3259000000.0,1583000000.0,40908000000.0,8649000000.0,32259000000.0,25598505545.0,-2439000000.0,0.0,27000000.0,1714000000.0,0.0,2658000000.0,-8973000000.0,0.0,3876000000.0,0.0,335000000.0,321000000.0,321000000.0,0.0,0.0,0.011,13998000000.0,736000000.0,7009000000.0,0.0,1.636,79.746,77.293,16483000000.0,14000000.0,31.69,0.84,0.841,2018000000.0,-22904000000.0,30467000000.0,30467000000.0,0.0,0.006,0.021,0.049,0.064,251000000.0,9139000000.0,1.0,807778654.0,808605526.0,808605526.0,37.678,30008000000.0,1033000000.0,227000000.0,4855000000.0,37.111,2986000000.0
26,TMUS,MRT,2014-12-31,2014-12-31,2014-12-31,2021-08-03,1000000.0,56653000000.0,53400250000.0,13984000000.0,42669000000.0,0.554,19.45,-4317000000.0,5315000000.0,5315000000.0,15409000000.0,247000000.0,1.593,2.617,21960000000.0,87000000.0,21873000000.0,21960000000.0,459000000.0,4412000000.0,0.0,0.0,0.0,1764000000.0,6176000000.0,0.209,6176000000.0,1764000000.0,413000000.0,0.31,0.3,0.31,15663000000.0,14726750000.0,15663000000.0,39015018645.0,22.0,6.317,-171000000.0,-0.212,1.0,14155000000.0,0.479,24508000000.0,1351000000.0,40014000000.0,38907500000.0,1085000000.0,4690000000.0,3062000000.0,1628000000.0,40990000000.0,8776000000.0,32214000000.0,21750018645.0,-576000000.0,0.0,27000000.0,1556000000.0,0.0,2524000000.0,-7246000000.0,0.0,4146000000.0,0.0,247000000.0,247000000.0,247000000.0,0.0,0.0,0.008,13574000000.0,581000000.0,7595000000.0,0.0,1.389,88.057,86.903,16245000000.0,0.0,26.94,0.736,0.734,1941000000.0,-22841000000.0,29564000000.0,29564000000.0,0.0,0.005,0.017,0.045,0.06,196000000.0,8863000000.0,1.0,807350358.0,805284712.0,815922258.0,36.712,32145000000.0,988000000.0,166000000.0,4873000000.0,39.918,5208000000.0
27,TMUS,MRT,2014-09-30,2014-09-30,2014-09-30,2021-08-03,1000000.0,55115000000.0,51725250000.0,13295000000.0,41820000000.0,0.546,17.994,-3900000000.0,5787000000.0,5787000000.0,14752000000.0,126000000.0,1.545,2.794,23052000000.0,1168000000.0,21884000000.0,23052000000.0,452000000.0,3627000000.0,0.0,0.0,0.0,1393000000.0,5020000000.0,0.178,5020000000.0,1393000000.0,74000000.0,0.14,0.13,0.14,14525000000.0,14372250000.0,14525000000.0,40699877512.0,29.0,8.108,-105000000.0,-0.13,1.0,13485000000.0,0.478,24328000000.0,1319000000.0,39447000000.0,38262500000.0,674000000.0,0.0,0.0,0.0,40590000000.0,8605000000.0,31985000000.0,23302877512.0,3422000000.0,22000000.0,1808000000.0,4516000000.0,0.0,6291000000.0,-6664000000.0,0.0,3795000000.0,0.0,126000000.0,126000000.0,126000000.0,0.0,0.0,0.004,13133000000.0,352000000.0,6372000000.0,0.0,1.604,184.943,206.214,15798000000.0,0.0,28.87,0.825,0.825,4515000000.0,-22942000000.0,28237000000.0,28237000000.0,0.0,0.002,0.009,0.036,0.049,100000000.0,8626000000.0,1.0,807165830.0,807221761.0,807221761.0,34.98,30787000000.0,950000000.0,-52000000.0,4744000000.0,38.139,4690000000.0
28,TMUS,MRT,2014-06-30,2014-06-30,2014-06-30,2021-08-03,0.0,51664000000.0,49388250000.0,9896000000.0,41768000000.0,0.558,18.115,-3786000000.0,3080000000.0,3080000000.0,14415000000.0,184000000.0,1.388,2.548,20477000000.0,508000000.0,19969000000.0,20477000000.0,447000000.0,3627000000.0,0.0,0.0,0.0,1601000000.0,5228000000.0,0.19,5228000000.0,1601000000.0,291000000.0,0.21,0.2,0.21,14563000000.0,13844750000.0,14563000000.0,41914469450.0,26.0,8.017,-227000000.0,-0.282,1.0,13160000000.0,0.477,24551000000.0,1310000000.0,37379000000.0,34263250000.0,791000000.0,0.0,0.0,0.0,37101000000.0,7131000000.0,29970000000.0,26994469450.0,718000000.0,0.0,1852000000.0,2010000000.0,0.0,3788000000.0,-6629000000.0,0.0,3559000000.0,0.0,184000000.0,184000000.0,184000000.0,0.0,0.0,0.007,12547000000.0,613000000.0,5555000000.0,0.0,1.854,146.709,160.095,15537000000.0,0.0,33.62,0.979,0.98,4026000000.0,-22848000000.0,27575000000.0,27575000000.0,0.0,0.004,0.013,0.047,0.058,100000000.0,8276000000.0,1.0,802928895.0,803923913.0,813556137.0,34.301,27113000000.0,820000000.0,107000000.0,4757000000.0,33.726,2765000000.0
29,TMUS,MRT,2014-03-31,2014-03-31,2014-03-31,2021-08-03,0.0,50169000000.0,47655750000.0,12957000000.0,37212000000.0,0.559,17.639,-3896000000.0,5471000000.0,5471000000.0,14010000000.0,-223000000.0,2.121,2.544,20391000000.0,460000000.0,19931000000.0,20391000000.0,459000000.0,3627000000.0,0.0,0.245,8.1,907000000.0,4534000000.0,0.17,4534000000.0,907000000.0,-381000000.0,-0.3,-0.3,-0.3,14156000000.0,13293750000.0,14156000000.0,41002071408.0,45.0,9.043,-501000000.0,-0.624,1.0,12608000000.0,0.474,20189000000.0,1288000000.0,38790000000.0,30411500000.0,676000000.0,0.0,0.0,0.0,36013000000.0,6110000000.0,29903000000.0,26505071408.0,5022000000.0,2144000000.0,1924000000.0,2015000000.0,0.0,3830000000.0,-2203000000.0,25000000.0,3395000000.0,0.0,-223000000.0,-223000000.0,-223000000.0,0.0,0.0,-0.008,12029000000.0,579000000.0,4792000000.0,-27.0,1.872,-118.857,-110.1,15427000000.0,0.0,33.03,0.996,0.996,3620000000.0,-23239000000.0,26618000000.0,26618000000.0,0.0,-0.005,-0.017,0.03,0.034,100000000.0,7972000000.0,1.0,802454478.0,802520723.0,802520723.0,33.168,29980000000.0,923000000.0,-158000000.0,4614000000.0,37.357,6847000000.0
30,TMUS,MRT,2013-12-31,2013-12-31,2013-12-31,2021-08-03,3000000.0,49953000000.0,38529136500.0,12228000000.0,37725000000.0,0.634,21.168,-4025000000.0,5891000000.0,5891000000.0,12255000000.0,35000000.0,2.105,2.507,20189000000.0,244000000.0,19945000000.0,20189000000.0,445000000.0,3627000000.0,0.0,0.241,8.1,1274000000.0,4901000000.0,0.201,4901000000.0,1274000000.0,51000000.0,0.05,0.05,0.05,14245000000.0,10602735250.0,14245000000.0,29104357190.0,23.0,5.938,-480000000.0,-0.713,1.0,12165000000.0,0.498,21009000000.0,1223000000.0,37434000000.0,23210177250.0,586000000.0,2546000000.0,1471000000.0,1075000000.0,35708000000.0,5808000000.0,29900000000.0,24513357190.0,5497000000.0,2144000000.0,1924000000.0,2241000000.0,0.0,4044000000.0,-2092000000.0,300000000.0,3545000000.0,0.0,35000000.0,35000000.0,35000000.0,0.0,0.0,0.001,11117000000.0,1048000000.0,4766000000.0,162.0,1.721,700.382,672.8,15349000000.0,0.0,33.64,1.004,0.927,2189000000.0,-23088000000.0,24420000000.0,24420000000.0,0.0,0.001,0.003,0.055,0.052,100000000.0,7382000000.0,1.0,728696706.0,672955980.0,676885215.0,36.288,28944000000.0,839000000.0,16000000.0,4645000000.0,43.01,6420000000.0
31,TMUS,MRT,2013-09-30,2013-09-30,2013-09-30,2021-08-03,2000000.0,45767000000.0,34446386500.0,7964000000.0,37803000000.0,0.653,17.08,-3990000000.0,2365000000.0,2365000000.0,10844000000.0,47000000.0,1.444,2.686,6956000000.0,195000000.0,6761000000.0,6956000000.0,447000000.0,3187000000.0,0.0,0.312,8.1,1331000000.0,4518000000.0,0.201,4518000000.0,1331000000.0,260000000.0,0.12,0.12,0.12,12415000000.0,8570235250.0,12415000000.0,22996829998.0,17.0,5.09,-294000000.0,-0.404,1.0,11658000000.0,0.518,21394000000.0,1071000000.0,23450000000.0,20921927250.0,761000000.0,91000000.0,0.0,91000000.0,33352000000.0,5514000000.0,27838000000.0,18872829998.0,1935000000.0,2084000000.0,116000000.0,2773000000.0,0.0,355000000.0,-2116000000.0,-59000000.0,3696000000.0,0.0,47000000.0,47000000.0,47000000.0,0.0,0.0,0.002,10526000000.0,1132000000.0,15829000000.0,67.5,1.52,401.55,216.417,15370000000.0,0.0,25.97,0.839,0.839,3389000000.0,-23068000000.0,22502000000.0,22502000000.0,0.0,0.001,0.005,0.064,0.059,0.0,7078000000.0,1.0,726716596.0,726877458.0,726877458.0,30.957,24373000000.0,773000000.0,213000000.0,4695000000.0,33.531,2450000000.0
32,TMUS,MRT,2013-06-30,2013-06-30,2013-06-30,2021-08-03,2000000.0,44734000000.0,25522613750.0,7313000000.0,37421000000.0,0.811,18.596,-3690000000.0,2362000000.0,2362000000.0,9392000000.0,-7652000000.0,1.355,2.62,6486000000.0,210000000.0,6276000000.0,6486000000.0,459000000.0,3187000000.0,0.0,0.326,8.1,-6567000000.0,-3380000000.0,-0.163,-3380000000.0,-6567000000.0,-7469000000.0,-14.28,-14.28,-14.28,12359000000.0,6297097000.0,12359000000.0,6669032131.0,-1.0,-1.973,-22000000.0,-0.033,1.0,11315000000.0,0.546,21488000000.0,902000000.0,21972000000.0,17417631000.0,819000000.0,87000000.0,0.0,87000000.0,32375000000.0,5398000000.0,26977000000.0,4593249131.0,1939000000.0,2122000000.0,72000000.0,2469000000.0,0.0,47000000.0,-1776000000.0,221000000.0,3668000000.0,0.0,-7652000000.0,-7652000000.0,-7652000000.0,0.0,0.0,-0.37,18252000000.0,-6937000000.0,15731000000.0,-0.567,0.372,-0.6,-1.737,15185000000.0,0.0,24.81,0.222,0.796,3033000000.0,-23032000000.0,20707000000.0,20707000000.0,0.0,-0.3,-1.215,-0.377,-0.317,0.0,6808000000.0,1.0,185137006.0,664603682.0,664603682.0,31.157,23246000000.0,501000000.0,183000000.0,4386000000.0,34.977,1915000000.0
33,TMUS,MRT,2013-03-31,2013-03-31,2013-03-31,2021-08-03,-7571000.0,13662546000.0,16771521750.0,6772704000.0,6889842000.0,1.154,6.337,-3772048000.0,6181627000.0,6181627000.0,8052000000.0,-7429000000.0,2.124,3.028,8257410000.0,2450240000.0,5807170000.0,8257410000.0,241341000.0,3034181000.0,0.0,0.0,0.0,-6413000000.0,-3378819000.0,-0.175,-3378819000.0,-6413000000.0,-7132000000.0,-13.87,-13.87,-13.87,3391941000.0,3986419500.0,3391941000.0,6397491382.0,-1.0,-1.893,862048000.0,1.61,1.0,11310000000.0,0.584,2564495000.0,719000000.0,9984709000.0,14245717500.0,254871000.0,1679000.0,0.0,1679000.0,10270605000.0,3189125000.0,7081480000.0,4009970382.0,116044000.0,-22000000.0,323000.0,2479735000.0,0.0,68058000.0,-4586110000.0,-351585000.0,4634096000.0,0.0,-7429000000.0,-7429000000.0,-7429000000.0,0.0,0.0,-0.384,17957000000.0,-6647000000.0,473674000.0,0.0,1.182,-0.54,-1.572,4177500000.0,0.0,21.8,0.207,0.603,87810000.0,1572986000.0,19362000000.0,19362000000.0,0.0,-0.443,-1.864,-0.45,-0.331,-10156000.0,6583000000.0,1.0,183943596.0,535286077.0,535286077.0,36.171,11098051000.0,3493000.0,297000000.0,1044503000.0,20.733,3583579000.0
34,TMUS,MRT,2012-12-31,2012-12-31,2012-12-31,2021-08-03,41000000.0,33622000000.0,15733187000.0,5541000000.0,28081000000.0,1.253,11.424,-2850000000.0,394000000.0,394000000.0,8098000000.0,-7336000000.0,0.991,4.498,15274000000.0,1619000000.0,13655000000.0,15274000000.0,290000000.0,3187000000.0,0.0,0.0,0.0,-6325000000.0,-3138000000.0,-0.159,-3138000000.0,-6325000000.0,-6986000000.0,-13.7,-13.7,-13.7,6115000000.0,3877878250.0,6115000000.0,6327059144.0,-1.0,-2.016,1012000000.0,1.891,1.0,11621000000.0,0.589,14629000000.0,661000000.0,28281000000.0,14015012750.0,457000000.0,0.0,0.0,0.0,27507000000.0,5592000000.0,21915000000.0,3619188144.0,4000000.0,-22000000.0,0.0,2469000000.0,0.0,57000000.0,-3915000000.0,-656000000.0,3862000000.0,0.0,-7336000000.0,-7336000000.0,-7336000000.0,0.0,0.0,-0.372,18124000000.0,-6503000000.0,3475000000.0,0.0,0.592,-0.493,-1.451,12807000000.0,0.0,19.88,0.184,0.54,3360000000.0,-23123000000.0,19719000000.0,19719000000.0,0.0,-0.466,-1.892,-0.451,-0.321,0.0,6796000000.0,1.0,182051718.0,535286077.0,535286077.0,36.838,18993000000.0,655000000.0,350000000.0,3618000000.0,35.482,-51000000.0
35,TMUS,MRT,2012-09-30,2012-09-30,2012-09-30,2021-08-03,-4625000.0,10071909000.0,9698419750.0,3184822000.0,6887087000.0,2.893,6.207,-3961976000.0,2059415000.0,2059415000.0,11191042000.0,-12435036000.0,4.059,2.031,4767286000.0,36112000.0,4731174000.0,4767286000.0,232307000.0,2579472000.0,0.0,0.0,0.0,-11755233000.0,-9175761000.0,-0.327,-9175761000.0,-11755233000.0,-12618265000.0,-23.91,-23.89,-23.91,3322447000.0,3081028250.0,3322447000.0,7114194494.0,-1.0,-0.775,2971364000.0,5.551,1.0,16870331000.0,0.601,2562315000.0,863032000.0,9432815000.0,9176210250.0,312632000.0,509622000.0,507943000.0,1679000.0,6749462000.0,784650000.0,5964812000.0,4255698494.0,-723230000.0,6495000.0,-54307000.0,-936271000.0,0.0,-990578000.0,-6665992000.0,-2304511000.0,6933340000.0,0.0,-12435036000.0,-12435036000.0,-12435036000.0,0.0,0.0,-0.443,28715487000.0,-11845156000.0,450087000.0,0.0,1.281,-0.342,-0.98,4197399000.0,0.0,23.42,0.152,0.447,95263000.0,1521925000.0,28061373000.0,28061373000.0,0.0,-1.282,-4.036,-1.281,-0.419,-32142000.0,9702807000.0,1.0,181712148.0,535286077.0,535286077.0,52.423,7509594000.0,7666000.0,-183229000.0,1008870000.0,14.029,2400172000.0
36,TMUS,MRT,2012-06-30,2012-06-30,2012-06-30,2021-08-03,-8586000.0,9729632000.0,9500342750.0,2895800000.0,6833832000.0,2.566,5.822,-3541056000.0,1903244000.0,1903244000.0,9909548000.0,-4630710000.0,3.903,2.122,4761740000.0,35306000.0,4726434000.0,4761740000.0,244390000.0,2718781000.0,0.0,0.0,0.0,-4019778000.0,-1300997000.0,-0.053,-1300997000.0,-4019778000.0,-4787321000.0,-9.08,-9.06,-9.08,3116290000.0,2956784000.0,3116290000.0,5069649462.0,-1.0,-3.897,2865844000.0,5.354,1.0,14464213000.0,0.593,2561904000.0,767543000.0,9284346000.0,9033551000.0,259011000.0,453705000.0,447386000.0,6319000.0,6613342000.0,741878000.0,5871464000.0,2197276462.0,-745463000.0,-9505000.0,-50080000.0,-931548000.0,0.0,-980628000.0,-6171735000.0,-2584174000.0,6406900000.0,0.0,-4630710000.0,-4630710000.0,-4630710000.0,0.0,0.0,-0.19,18360538000.0,-3896325000.0,431919000.0,0.0,0.705,-0.475,-1.333,4069340000.0,0.0,12.1,0.09,0.266,87860000.0,1329257000.0,24373761000.0,24373761000.0,0.0,-0.487,-1.566,-0.445,-0.165,-22244000.0,8202266000.0,1.0,181593096.0,535286077.0,535286077.0,45.534,7167728000.0,7214000.0,-156611000.0,924613000.0,13.39,2153922000.0
37,TMUS,MRT,2012-03-31,2012-03-31,2012-03-31,2021-08-03,-9549000.0,9509207000.0,9343191500.0,2767350000.0,6741857000.0,2.216,16.309,-2682594000.0,1888314000.0,1888314000.0,8695112000.0,-4753375000.0,3.557,2.215,4760687000.0,34610000.0,4726077000.0,4760687000.0,261655000.0,3006124000.0,0.0,0.0,0.0,-4311362000.0,-1305238000.0,-0.063,-1305238000.0,-4311362000.0,-4994885000.0,-9.01,-8.99,-9.01,2957776000.0,2865141000.0,2957776000.0,6068417703.0,-1.0,-4.649,2295997000.0,12.66,1.0,12005102000.0,0.58,2541657000.0,683523000.0,9061890000.0,8893727500.0,252158000.0,336230000.0,329911000.0,6319000.0,6551431000.0,778033000.0,5773398000.0,3269794703.0,-301063000.0,-9000000.0,-20398000.0,-546102000.0,0.0,-566500000.0,-4713154000.0,-1999037000.0,4978591000.0,0.0,-4753375000.0,-4753375000.0,-4753375000.0,0.0,0.0,-0.23,16162172000.0,-4157070000.0,452025000.0,0.0,1.105,-0.688,-2.002,4007177000.0,0.0,18.04,0.158,0.158,80973000.0,1180422000.0,20700214000.0,20700214000.0,0.0,-0.509,-1.659,-0.485,-0.208,-1128000.0,6734822000.0,1.0,181252478.0,181359306.0,182141580.0,114.139,6967550000.0,7215000.0,-241510000.0,831745000.0,38.418,1989317000.0
38,TMUS,MRT,2011-12-31,2011-12-31,2011-12-31,2021-08-03,-9295000.0,9482931000.0,9127966500.0,2743593000.0,6739338000.0,2.259,5.469,-2727000000.0,1945858000.0,1945858000.0,8598000000.0,-4718000000.0,3.359,2.239,4744481000.0,33460000.0,4711021000.0,4744481000.0,245705000.0,2982000000.0,0.0,0.0,0.0,-4264000000.0,-1282000000.0,-0.062,-1282000000.0,-4264000000.0,-4934000000.0,-8.81,-8.81,-8.81,2927600000.0,2783835250.0,2927600000.0,6044929960.0,-1.0,-4.715,2253000000.0,4.209,1.0,12020000000.0,0.583,2539041000.0,670000000.0,8925790000.0,8669660500.0,239648000.0,306291000.0,299972000.0,6319000.0,6555331000.0,816723000.0,5738608000.0,3144414960.0,281000000.0,-17000000.0,0.0,0.0,0.0,0.0,-4699000000.0,-1932000000.0,4980000000.0,0.0,-4718000000.0,-4718000000.0,-4718000000.0,0.0,0.0,-0.229,16130000000.0,-4110000000.0,512346000.0,0.0,1.074,-0.666,-1.97,4017999000.0,0.0,17.36,0.153,0.451,78023000.0,1159418000.0,20618000000.0,20618000000.0,0.0,-0.517,-1.695,-0.492,-0.207,0.0,6728000000.0,1.0,181129894.0,535286077.0,535286077.0,38.518,6943890000.0,7214000.0,-216000000.0,817106000.0,12.972,1926870000.0
39,TMUS,MRT,2011-09-30,2011-09-30,2011-09-30,2021-08-03,-12947000.0,9279601000.0,8736878750.0,2549818000.0,6729783000.0,0.535,15.61,-1055444000.0,1843337000.0,1843337000.0,2790759000.0,223590000.0,3.272,2.284,4743852000.0,32860000.0,4710992000.0,4743852000.0,243696000.0,521354000.0,0.0,0.0,0.0,604453000.0,1125807000.0,0.241,1125807000.0,604453000.0,346986000.0,1.22,1.22,1.22,2825470000.0,2687329250.0,2825470000.0,6040778463.0,10.0,5.366,13325000.0,0.074,1.0,1883985000.0,0.403,2538600000.0,257467000.0,8862178000.0,8331661750.0,147002000.0,306300000.0,299981000.0,6319000.0,6454131000.0,779338000.0,5674793000.0,3152720463.0,950977000.0,-58339000.0,59158000.0,239180000.0,0.0,262985000.0,-380777000.0,724213000.0,1068769000.0,0.0,223590000.0,223590000.0,223590000.0,0.0,0.0,0.048,1144241000.0,739744000.0,476324000.0,0.0,1.116,14.1,14.279,4009265000.0,0.0,17.42,0.674,0.675,65048000.0,1068148000.0,4674744000.0,4674744000.0,0.0,0.026,0.083,0.073,0.129,43576000.0,642506000.0,1.0,180982805.0,181009602.0,182432613.0,25.826,6741001000.0,6290000.0,123396000.0,756362000.0,37.241,1770480000.0
40,TMUS,MRT,2011-06-30,2011-06-30,2011-06-30,2021-08-03,-7582000.0,9101027000.0,8497131750.0,2568302000.0,6532725000.0,0.528,15.267,-913494000.0,1858870000.0,1858870000.0,2635206000.0,231551000.0,3.539,2.31,4746928000.0,32416000.0,4714512000.0,4746928000.0,235461000.0,495849000.0,0.0,0.0,0.0,619377000.0,1115226000.0,0.248,1115226000.0,619377000.0,365695000.0,1.28,1.28,1.28,2749718000.0,2607628000.0,2749718000.0,9132449106.0,15.0,8.189,225655000.0,1.253,1.0,1854939000.0,0.413,2538360000.0,253682000.0,8725052000.0,8259145000.0,140048000.0,307989000.0,299954000.0,8035000.0,6351309000.0,725673000.0,5625636000.0,6174275106.0,1079454000.0,-58339000.0,56549000.0,871321000.0,0.0,892517000.0,-952212000.0,10828000.0,1139149000.0,0.0,231551000.0,231551000.0,231551000.0,0.0,0.0,0.052,1084092000.0,770847000.0,427922000.0,0.0,2.245,26.665,26.891,3856869000.0,0.0,34.42,1.375,1.381,62506000.0,998822000.0,4490145000.0,4490145000.0,0.0,0.027,0.089,0.075,0.138,45448000.0,627478000.0,1.0,179380450.0,180113244.0,182695140.0,24.93,6562667000.0,6290000.0,134144000.0,721143000.0,36.436,1842629000.0
41,TMUS,MRT,2011-03-31,2011-03-31,2011-03-31,2021-08-03,2058000.0,8648307000.0,8091655500.0,2229510000.0,6418797000.0,0.531,14.749,-832758000.0,1324426000.0,1324426000.0,2470164000.0,227131000.0,2.467,2.285,4282600000.0,27536000.0,4255064000.0,4282600000.0,242013000.0,470626000.0,0.0,0.0,0.0,616286000.0,1086912000.0,0.253,1086912000.0,616286000.0,364081000.0,1.26,1.26,1.26,2632553000.0,2524334500.0,2632553000.0,8771485066.0,14.0,8.07,75023000.0,0.42,1.0,1823064000.0,0.425,2537135000.0,252205000.0,8165622000.0,7874984750.0,285849000.0,356715000.0,337401000.0,19314000.0,6015754000.0,903724000.0,5112030000.0,5791609066.0,406976000.0,-58844000.0,28903000.0,439769000.0,0.0,433319000.0,-934124000.0,-51315000.0,907781000.0,0.0,227131000.0,227131000.0,227131000.0,0.0,0.0,0.053,1064060000.0,759004000.0,609160000.0,0.0,2.2,25.499,25.778,3738733000.0,0.0,32.48,1.349,1.35,56640000.0,914486000.0,4293228000.0,4293228000.0,0.0,0.028,0.09,0.078,0.144,46405000.0,631522000.0,1.0,178313087.0,178494135.0,180703097.0,24.052,6111172000.0,6290000.0,136950000.0,677841000.0,34.237,1325786000.0
42,TMUS,MRT,2010-12-31,2010-12-31,2010-12-31,2021-08-03,-1415000.0,7918580000.0,7793716250.0,1593885000.0,6324695000.0,0.522,14.371,-771058000.0,799407000.0,799407000.0,2317875000.0,193415000.0,1.986,2.116,3779283000.0,21996000.0,3757287000.0,3779283000.0,224471000.0,449732000.0,0.0,0.0,0.0,575419000.0,1025151000.0,0.252,1025151000.0,575419000.0,312294000.0,1.08,1.08,1.08,2541576000.0,2446709750.0,2541576000.0,7907393684.0,14.0,7.713,223442000.0,1.263,1.0,1751478000.0,0.43,2522241000.0,263125000.0,7573795000.0,7559519000.0,161049000.0,391562000.0,374862000.0,16700000.0,5377004000.0,802420000.0,4574584000.0,4476258684.0,-132850000.0,-50844000.0,8209000.0,-149788000.0,0.0,-176932000.0,-950418000.0,-137309000.0,994500000.0,0.0,193415000.0,193415000.0,193415000.0,0.0,0.0,0.048,1032580000.0,718898000.0,521788000.0,0.0,1.761,23.143,23.389,3659445000.0,0.0,25.26,1.1,1.098,58056000.0,858108000.0,4069353000.0,4069353000.0,0.0,0.025,0.079,0.076,0.141,46537000.0,621660000.0,1.0,177207390.0,176855522.0,178067544.0,23.009,5396339000.0,6290000.0,118879000.0,643058000.0,30.513,791465000.0
43,TMUS,MRT,2010-09-30,2010-09-30,2010-09-30,2021-08-03,-10275000.0,8320613000.0,7660575500.0,2245754000.0,6074859000.0,0.514,14.164,-720386000.0,903416000.0,903416000.0,2252082000.0,212988000.0,3.259,2.319,4334551000.0,20446000.0,4314105000.0,4334551000.0,198128000.0,436665000.0,0.0,0.0,0.0,625555000.0,1062220000.0,0.27,1062220000.0,625555000.0,355917000.0,1.18,1.18,1.18,2506665000.0,2383351250.0,2506665000.0,6560485758.0,10.0,6.176,78940000.0,0.446,1.0,1681727000.0,0.428,2490629000.0,269638000.0,8572111000.0,7370776000.0,126201000.0,1018951000.0,1012632000.0,6319000.0,5813948000.0,689008000.0,5124940000.0,3701692758.0,-65794000.0,0.0,4191000.0,622438000.0,0.0,626629000.0,-1491749000.0,-787930000.0,799326000.0,0.0,212988000.0,212988000.0,212988000.0,0.0,0.0,0.054,1040329000.0,641398000.0,418873000.0,0.0,1.477,17.38,17.729,3423533000.0,0.0,20.92,0.941,0.941,46737000.0,844557000.0,3933809000.0,3933809000.0,0.0,0.028,0.089,0.085,0.159,47119000.0,616479000.0,1.0,176945160.0,176977266.0,178211608.0,22.228,5829984000.0,5959000.0,142929000.0,631969000.0,32.942,1556746000.0
44,TMUS,MRT,2010-06-30,2010-06-30,2010-06-30,2021-08-03,-9762000.0,7479122000.0,7371144500.0,1487525000.0,5991597000.0,0.517,13.681,-771222000.0,789672000.0,789672000.0,2179509000.0,209251000.0,2.195,2.095,3648465000.0,19921000.0,3628544000.0,3648465000.0,196864000.0,421837000.0,0.0,0.0,0.0,591467000.0,1013304000.0,0.266,1013304000.0,591467000.0,317164000.0,1.16,1.16,1.16,2416544000.0,2315092750.0,2416544000.0,5614711596.0,9.0,5.541,-415000.0,-0.002,1.0,1629104000.0,0.428,2471930000.0,274303000.0,7188411000.0,6897722750.0,195363000.0,306178000.0,299859000.0,6319000.0,5062578000.0,677574000.0,4385004000.0,2892610596.0,-93250000.0,0.0,3254000.0,-20595000.0,0.0,-17341000.0,-846716000.0,-87865000.0,770807000.0,0.0,209251000.0,209251000.0,209251000.0,0.0,0.0,0.055,1037433000.0,591671000.0,426444000.0,0.0,1.197,13.824,14.121,3306443000.0,0.0,16.38,0.759,0.76,47786000.0,767269000.0,3808613000.0,3808613000.0,0.0,0.028,0.09,0.086,0.155,47775000.0,607508000.0,1.0,176594054.0,176639212.0,177842723.0,21.562,5007192000.0,5959000.0,107913000.0,583835000.0,28.347,809951000.0
45,TMUS,MRT,2010-03-31,2010-03-31,2010-03-31,2021-08-03,-10680000.0,7456550000.0,7253998750.0,1538031000.0,5918519000.0,0.504,13.164,-708630000.0,928513000.0,928513000.0,2132120000.0,155532000.0,1.912,2.211,3650614000.0,19742000.0,3630872000.0,3650614000.0,203802000.0,403911000.0,0.0,0.0,0.0,508463000.0,912374000.0,0.25,912374000.0,508463000.0,229128000.0,0.86,0.86,0.86,2322054000.0,2247465750.0,2322054000.0,5197675814.0,10.0,5.697,109152000.0,0.619,1.0,1523569000.0,0.417,2470568000.0,279335000.0,6903759000.0,6768467750.0,117594000.0,281176000.0,274857000.0,6319000.0,5134496000.0,804324000.0,4330172000.0,2497219814.0,63872000.0,0.0,5166000.0,11830000.0,0.0,16996000.0,-770906000.0,-63225000.0,817782000.0,0.0,155532000.0,155532000.0,155532000.0,0.0,0.0,0.043,1014537000.0,509032000.0,552003000.0,0.0,1.075,16.056,16.465,3263511000.0,0.0,14.16,0.683,0.683,52838000.0,687354000.0,3655689000.0,3655689000.0,0.0,0.021,0.069,0.075,0.139,48530000.0,591229000.0,1.0,176357332.0,176391449.0,177001770.0,20.725,4985982000.0,5959000.0,73596000.0,531112000.0,28.267,733707000.0
46,TMUS,MRT,2009-12-31,2009-12-31,2009-12-31,2021-08-03,-11340000.0,7386017000.0,7132663500.0,1491391000.0,5894626000.0,0.488,13.005,-878645000.0,944819000.0,944819000.0,2004324000.0,176844000.0,1.87,2.228,3645275000.0,19326000.0,3625949000.0,3645275000.0,187654000.0,377856000.0,0.0,0.0,0.0,533964000.0,911820000.0,0.262,911820000.0,533964000.0,263679000.0,1.0,0.98,1.0,2288142000.0,2189817000.0,2288142000.0,5328664356.0,10.0,5.844,20704000.0,0.118,1.0,1476191000.0,0.424,2470181000.0,270285000.0,6818823000.0,6699693750.0,147401000.0,231251000.0,224932000.0,6319000.0,5097875000.0,797469000.0,4300406000.0,2688817356.0,231433000.0,0.0,8626000.0,440412000.0,0.0,449038000.0,-1116954000.0,-239258000.0,899349000.0,0.0,176844000.0,176844000.0,176844000.0,0.0,0.0,0.051,940903000.0,535288000.0,558366000.0,0.0,1.175,15.204,15.26,3252213000.0,0.0,15.26,0.773,0.771,51536000.0,664693000.0,3480515000.0,3480515000.0,0.0,0.025,0.081,0.08,0.153,47783000.0,567730000.0,1.0,176200351.0,175949449.0,177971460.0,19.781,4915836000.0,1948000.0,86835000.0,512306000.0,27.939,693922000.0
47,TMUS,MRT,2009-09-30,2009-09-30,2009-09-30,2021-08-03,-20455000.0,7162889000.0,6891696250.0,1469271000.0,5693618000.0,0.475,12.685,-944939000.0,969015000.0,969015000.0,1891230000.0,158293000.0,2.189,2.207,3608862000.0,18174000.0,3590688000.0,3608862000.0,164313000.0,341597000.0,0.0,0.0,0.0,495406000.0,837003000.0,0.256,837003000.0,495406000.0,252682000.0,0.88,0.88,0.88,2233631000.0,2126362250.0,2233631000.0,6034042461.0,12.0,7.209,-245942000.0,-1.397,1.0,1382938000.0,0.422,2451544000.0,242724000.0,6679898000.0,6402284750.0,88124000.0,228774000.0,224928000.0,3846000.0,4929258000.0,671294000.0,4257964000.0,3296113461.0,-64814000.0,1000.0,10673000.0,423411000.0,0.0,434084000.0,-1197895000.0,-237339000.0,698997000.0,0.0,158293000.0,158293000.0,158293000.0,0.0,0.0,0.048,878029000.0,504909000.0,483436000.0,0.0,1.476,20.823,21.273,3097625000.0,0.0,18.72,1.007,1.007,47780000.0,631568000.0,3274168000.0,3274168000.0,0.0,0.023,0.074,0.077,0.151,46655000.0,530326000.0,1.0,176074437.0,176091328.0,177679718.0,18.594,4711345000.0,1832000.0,94389000.0,481732000.0,26.755,797977000.0
48,TMUS,MRT,2009-06-30,2009-06-30,2009-06-30,2021-08-03,-21453000.0,7010539000.0,6670467750.0,1394361000.0,5616178000.0,0.46,12.196,-1028041000.0,869790000.0,869790000.0,1773811000.0,129623000.0,2.214,2.267,3607719000.0,18309000.0,3589410000.0,3607719000.0,171690000.0,310252000.0,0.0,0.0,0.0,459659000.0,769911000.0,0.251,769911000.0,459659000.0,244376000.0,0.72,0.72,0.72,2146036000.0,2074187000.0,2146036000.0,7440506290.0,16.0,9.664,-445976000.0,-2.535,1.0,1291485000.0,0.421,2447269000.0,215283000.0,6671391000.0,6020513250.0,99877000.0,229275000.0,224853000.0,4422000.0,4864503000.0,629808000.0,4234695000.0,4682376290.0,-259147000.0,0.0,10697000.0,411910000.0,0.0,422607000.0,-1263819000.0,-224356000.0,582065000.0,0.0,129623000.0,129623000.0,129623000.0,0.0,0.0,0.042,824130000.0,467355000.0,434977000.0,0.0,2.182,36.123,36.972,3038984000.0,0.0,26.62,1.528,1.528,54159000.0,558018000.0,3065296000.0,3065296000.0,0.0,0.019,0.062,0.076,0.15,45011000.0,508520000.0,1.0,175896930.0,175956232.0,178543666.0,17.421,4563270000.0,1833000.0,114753000.0,441625000.0,25.934,764553000.0
49,TMUS,MRT,2009-03-31,2009-03-31,2009-03-31,2021-08-03,-32915000.0,6971209000.0,6437527750.0,1409330000.0,5561879000.0,0.448,11.914,-1265064000.0,850702000.0,850702000.0,1643906000.0,153892000.0,2.132,2.333,3608832000.0,17727000.0,3591105000.0,3608832000.0,171797000.0,279765000.0,0.0,0.0,0.0,475958000.0,755723000.0,0.262,755723000.0,475958000.0,285546000.0,0.86,0.86,0.86,2091459000.0,2029686250.0,2091459000.0,8367542288.0,18.0,11.072,-618424000.0,-3.523,1.0,1240585000.0,0.43,2439657000.0,190412000.0,6628663000.0,5590399250.0,103154000.0,229247000.0,224635000.0,4612000.0,4879750000.0,661019000.0,4218731000.0,5995073288.0,-460027000.0,-6562000.0,14726000.0,374601000.0,0.0,389327000.0,-1495994000.0,-224368000.0,646640000.0,0.0,153892000.0,153892000.0,153892000.0,0.0,0.0,0.053,753359000.0,487226000.0,465920000.0,0.0,2.866,38.956,39.721,2993108000.0,0.0,34.16,2.078,2.079,45251000.0,531822000.0,2884491000.0,2884491000.0,0.0,0.024,0.076,0.085,0.165,43346000.0,479618000.0,1.0,175499804.0,175545431.0,178214712.0,16.432,4531552000.0,1832000.0,131654000.0,417100000.0,25.814,748311000.0
50,TMUS,MRT,2008-12-31,2008-12-31,2008-12-31,2021-08-03,-32533000.0,6422148000.0,6169873250.0,1043884000.0,5378264000.0,0.446,11.645,-1269150000.0,702523000.0,702523000.0,1561943000.0,149438000.0,1.406,2.157,3074992000.0,17009000.0,3057983000.0,3074992000.0,151779000.0,255319000.0,0.0,0.0,0.0,458822000.0,714141000.0,0.26,714141000.0,458822000.0,279424000.0,0.86,0.84,0.86,2034323000.0,1977701000.0,2034323000.0,7197435787.0,16.0,10.078,-821660000.0,-4.703,1.0,1189573000.0,0.432,2423074000.0,179398000.0,5629187000.0,5163857750.0,155955000.0,5989000.0,3000.0,5986000.0,4387825000.0,742356000.0,3645469000.0,5200070787.0,-772260000.0,-25162000.0,12582000.0,61943000.0,0.0,74525000.0,-1294275000.0,37000.0,447490000.0,0.0,149438000.0,149438000.0,149438000.0,0.0,0.0,0.054,721806000.0,467767000.0,568432000.0,0.0,2.556,34.798,34.535,2847751000.0,0.0,29.7,1.89,1.886,34666000.0,487849000.0,2751516000.0,2751516000.0,0.0,0.024,0.076,0.089,0.167,41142000.0,447582000.0,1.0,175086558.0,174697642.0,177690056.0,15.75,3999074000.0,1832000.0,129986000.0,389509000.0,22.891,301528000.0
51,TMUS,MRT,2008-09-30,2008-09-30,2008-09-30,2021-08-03,-13263000.0,6277975000.0,6015868750.0,1276925000.0,5001050000.0,0.435,11.572,-1215544000.0,1020392000.0,1020392000.0,1470405000.0,87713000.0,1.746,2.1,3017757000.0,16492000.0,3001265000.0,3017757000.0,136536000.0,238025000.0,0.0,0.0,0.0,395931000.0,633956000.0,0.242,633956000.0,395931000.0,210864000.0,0.46,0.46,0.46,2024930000.0,1931306750.0,2024930000.0,6786365685.0,17.0,10.705,-538781000.0,-3.079,1.0,1148611000.0,0.439,2391343000.0,185067000.0,5152812000.0,4927659500.0,82495000.0,16945000.0,0.0,16945000.0,4253045000.0,731185000.0,3521860000.0,4895370685.0,-443868000.0,-24494000.0,14260000.0,-19072000.0,0.0,-4821000.0,-1115810000.0,124228000.0,676763000.0,0.0,87713000.0,87714000.0,87714000.0,0.0,0.0,0.033,688049000.0,460562000.0,573736000.0,0.0,2.418,55.811,60.826,2514435000.0,-1000.0,27.98,1.869,1.87,39306000.0,473275000.0,2619016000.0,2619016000.0,0.0,0.015,0.045,0.08,0.151,39307000.0,446317000.0,1.0,174959638.0,174991846.0,177941968.0,14.967,3886632000.0,4922000.0,123151000.0,384410000.0,22.21,545740000.0
52,TMUS,MRT,2008-06-30,2008-06-30,2008-06-30,2021-08-03,-13631000.0,6078779000.0,5887670000.0,1321505000.0,4757274000.0,0.423,11.276,-1111928000.0,1128937000.0,1128937000.0,1385294000.0,95941000.0,2.105,2.089,3019932000.0,16411000.0,3003521000.0,3019932000.0,127286000.0,215886000.0,0.0,0.0,0.0,414581000.0,630467000.0,0.253,630467000.0,414581000.0,217890000.0,0.5,0.5,0.5,1968033000.0,1898336750.0,1968033000.0,7858711322.0,19.0,12.465,-458513000.0,-2.627,1.0,1103739000.0,0.443,2390959000.0,196691000.0,4950935000.0,4813496000.0,43146000.0,21348000.0,0.0,21348000.0,4110746000.0,627880000.0,3482866000.0,6171868322.0,901101000.0,-25162000.0,14383000.0,-41569000.0,0.0,-27154000.0,274840000.0,1411930000.0,653415000.0,0.0,95941000.0,95942000.0,95942000.0,0.0,0.0,0.039,630692000.0,473047000.0,479025000.0,0.0,3.136,64.329,70.84,2263223000.0,-1000.0,35.42,2.48,2.484,38445000.0,428395000.0,2489033000.0,2489033000.0,0.0,0.016,0.051,0.086,0.167,35632000.0,414159000.0,1.0,174248118.0,174525992.0,178088933.0,14.262,3687820000.0,4921000.0,121949000.0,349952000.0,21.13,693625000.0
53,TMUS,MRT,2008-03-31,2008-03-31,2008-03-31,2021-08-03,-28378000.0,5900591000.0,5784561500.0,1524275000.0,4376316000.0,0.408,10.82,-937473000.0,1310729000.0,1310729000.0,1314732000.0,103570000.0,2.575,2.133,2997572000.0,16000000.0,2981572000.0,2997572000.0,132829000.0,196122000.0,0.0,0.0,0.0,429263000.0,625385000.0,0.265,625385000.0,429263000.0,229068000.0,0.56,0.56,0.56,1883518000.0,1866579750.0,1883518000.0,7450398742.0,17.0,11.913,-352290000.0,-2.024,1.0,1046670000.0,0.443,2072895000.0,200195000.0,4922497000.0,5038595750.0,65475000.0,28049000.0,0.0,28049000.0,4017073000.0,592042000.0,3425031000.0,5918429742.0,1079411000.0,-18600000.0,872804000.0,436713000.0,0.0,1266571000.0,-772343000.0,183730000.0,585183000.0,0.0,103570000.0,102011000.0,102011000.0,0.0,0.0,0.043,577205000.0,469465000.0,438353000.0,0.0,3.142,58.018,60.714,2038194000.0,1559000.0,34.0,2.506,2.506,32827000.0,377930000.0,2361402000.0,2361402000.0,0.0,0.018,0.055,0.085,0.182,32278000.0,383457000.0,1.0,174071463.0,174082046.0,177284114.0,13.565,3827696000.0,4920000.0,125498000.0,306949000.0,21.988,932233000.0
54,TMUS,MRT,2007-12-31,2007-12-31,2007-12-31,2021-08-03,-14469000.0,5806130000.0,5377466750.0,1732884000.0,4073246000.0,0.416,12.852,-784603000.0,1470528000.0,1470528000.0,1244743000.0,100403000.0,2.985,2.141,3002177000.0,16000000.0,2986177000.0,3002177000.0,120481000.0,178202000.0,0.0,0.0,0.0,425247000.0,603449000.0,0.27,603449000.0,425247000.0,223501000.0,0.58,0.56,0.58,1848746000.0,1507181000.0,1848746000.0,8300038035.0,20.0,13.754,-195297000.0,-1.358,1.0,990991000.0,0.443,2072895000.0,201746000.0,4684394000.0,4825400500.0,109139000.0,36050000.0,0.0,36050000.0,3957384000.0,580490000.0,3376894000.0,6757520035.0,1308710000.0,0.0,872206000.0,408520000.0,0.0,1236492000.0,-517088000.0,267515000.0,589306000.0,0.0,100403000.0,92721000.0,92721000.0,0.0,0.0,0.041,530877000.0,460114000.0,439449000.0,0.0,3.655,72.88,67.069,1891411000.0,7682000.0,38.9,3.023,2.503,31809000.0,338411000.0,2235734000.0,2235734000.0,0.0,0.017,0.062,0.088,0.19,28024000.0,352020000.0,1.0,173715168.0,143846140.0,148168862.0,15.543,3733235000.0,4920000.0,123098000.0,290128000.0,25.953,1152394000.0
55,TMUS,MRT,2007-09-30,2007-09-30,2007-09-30,2021-08-03,-4115000.0,5765180000.0,4964214750.0,1949374000.0,3815806000.0,0.423,10.916,-1830854000.0,1464260000.0,1464260000.0,1186909000.0,130735000.0,3.619,2.045,3006778000.0,16000000.0,2990778000.0,3006778000.0,108258000.0,164837000.0,0.0,0.0,0.0,418321000.0,583158000.0,0.278,583158000.0,418321000.0,217026000.0,0.7,0.68,0.7,1893050000.0,1148305750.0,1893050000.0,12246468744.0,29.0,21.0,-1310331000.0,-7.556,1.0,910783000.0,0.434,2072895000.0,201295000.0,4696158000.0,4674079500.0,96090000.0,242179000.0,242179000.0,0.0,3872130000.0,538645000.0,3333485000.0,9462949744.0,1347995000.0,-669000.0,866759000.0,1840761000.0,0.0,2670394000.0,-1842922000.0,-11575000.0,520523000.0,0.0,130735000.0,116798000.0,116798000.0,0.0,0.0,0.056,476146000.0,434637000.0,410527000.0,0.0,4.999,81.02,77.943,1669175000.0,13937000.0,54.56,4.511,4.511,34362000.0,385561000.0,2097692000.0,2097692000.0,0.0,0.024,0.102,0.089,0.199,25693000.0,311847000.0,1.0,173441161.0,173422196.0,178319072.0,12.096,3692285000.0,815000.0,86291000.0,269006000.0,21.291,1410729000.0
56,TMUS,MRT,2007-06-30,2007-06-30,2007-06-30,2021-08-03,6227000.0,5666345000.0,4179463250.0,1978710000.0,3687635000.0,0.463,12.411,-1987312000.0,227836000.0,227836000.0,1123565000.0,106893000.0,3.764,2.077,3011355000.0,16000000.0,2995355000.0,3011355000.0,102869000.0,155956000.0,0.0,0.0,0.0,350704000.0,506660000.0,0.262,506660000.0,350704000.0,179172000.0,0.56,0.54,0.56,1841005000.0,781965500.0,1841005000.0,13813790707.0,39.0,27.264,-1554310000.0,-10.478,1.0,813505000.0,0.42,2072895000.0,171532000.0,5851334000.0,4090411750.0,90000000.0,1548011000.0,1539438000.0,8573000.0,3823903000.0,525635000.0,3298268000.0,11453108707.0,91245000.0,0.0,866483000.0,2060560000.0,0.0,2889876000.0,-3231633000.0,-1244321000.0,433002000.0,0.0,106893000.0,86702000.0,86702000.0,0.0,0.0,0.045,442612000.0,370893000.0,402538000.0,0.0,6.221,132.097,118.0,1534402000.0,20191000.0,66.08,5.913,5.06,29533000.0,332453000.0,1937070000.0,1937070000.0,0.0,0.021,0.111,0.086,0.181,22367000.0,287571000.0,1.0,173321863.0,148335440.0,153242158.0,13.059,3593450000.0,815000.0,72279000.0,241308000.0,24.225,1453075000.0
57,TMUS,MRT,2007-03-31,2007-03-31,2007-03-31,2021-08-03,-992000.0,4272212000.0,3349450000.0,767738000.0,3504474000.0,0.524,5.679,-1961237000.0,231318000.0,231318000.0,1047401000.0,71788000.0,1.566,7.458,2592000000.0,16000000.0,2576000000.0,2592000000.0,105631000.0,147148000.0,0.0,,0.0,264472000.0,411620000.0,0.235,411620000.0,264472000.0,120395000.0,0.34,0.32,0.34,445923000.0,422227750.0,445923000.0,,,,-1550532000.0,-19.748,1.0,706687000.0,0.403,2072885000.0,144077000.0,4069716000.0,3148389000.0,106721000.0,308353000.0,308353000.0,0.0,3325664000.0,490293000.0,2835371000.0,,167559000.0,0.0,-52000.0,1626319000.0,0.0,1632078000.0,-1875224000.0,86013000.0,410705000.0,0.0,71788000.0,46969000.0,46969000.0,0.0,0.0,0.027,413757000.0,292930000.0,364742000.0,0.0,,,,1363786000.0,24819000.0,,,,25531000.0,275919000.0,1754088000.0,1754088000.0,0.0,0.014,0.111,0.084,0.151,16872000.0,265118000.0,1.0,25922937.0,78517560.0,81723940.0,22.34,2199327000.0,815000.0,48607000.0,199106000.0,28.011,277445000.0
58,TMUS,MRT,2006-12-31,2006-12-31,2006-12-31,2021-08-03,1224000.0,4153122000.0,3156051500.0,758527000.0,3394595000.0,0.49,5.304,-1944576000.0,161498000.0,161498000.0,922158000.0,53806000.0,1.741,7.853,2596000000.0,16000000.0,2580000000.0,2596000000.0,90501000.0,135028000.0,0.0,,0.0,206508000.0,341536000.0,0.221,341536000.0,206508000.0,90523000.0,0.22,0.2,0.22,413245000.0,390575500.0,413245000.0,,,,-1579815000.0,-20.277,1.0,624705000.0,0.404,2072885000.0,115985000.0,4079110000.0,3055550000.0,92915000.0,393123000.0,391258000.0,1865000.0,3245374000.0,435629000.0,2809745000.0,,48789000.0,0.0,0.0,1614594000.0,0.0,1623693000.0,-1939665000.0,4911000.0,364761000.0,0.0,53806000.0,28988000.0,28988000.0,0.0,0.0,0.019,387452000.0,237253000.0,325681000.0,0.0,,,,1256162000.0,24818000.0,,,,28140000.0,245690000.0,1546863000.0,1546863000.0,0.0,0.009,0.074,0.068,0.134,14472000.0,243618000.0,1.0,25922937.0,77910190.0,79848304.0,19.854,2080237000.0,815000.0,36717000.0,177197000.0,26.7,322898000.0
59,TMUS,MRT,2006-09-30,2006-09-30,2006-09-30,2021-08-03,1210000.0,2626174000.0,,489496000.0,2136678000.0,,5.483,-953710000.0,122428000.0,122428000.0,816022000.0,89467000.0,0.869,3.999,1102594000.0,200000000.0,902594000.0,1102594000.0,78600000.0,122187000.0,0.0,,0.0,233251000.0,355438000.0,0.257,355438000.0,233251000.0,148677000.0,0.44,0.44,0.44,427689000.0,,427689000.0,,,,-632821000.0,-8.113,1.0,565978000.0,0.41,681475000.0,84574000.0,2361487000.0,,39648000.0,231818000.0,229546000.0,2272000.0,1710236000.0,563378000.0,1146858000.0,,71105000.0,0.0,992000.0,344178000.0,0.0,355590000.0,-605374000.0,113182000.0,320889000.0,0.0,89467000.0,64649000.0,64649000.0,0.0,0.0,0.047,351230000.0,214748000.0,281789000.0,0.0,,,,1207982000.0,24818000.0,,,,23506000.0,268762000.0,1382000000.0,1382000000.0,0.0,,,,0.169,7044000.0,218191000.0,1.0,25922937.0,78001544.0,79822409.0,17.718,1944699000.0,10365000.0,59210000.0,196314000.0,24.932,-73882000.0
60,TMUS,MRT,2006-06-30,2006-06-30,2006-06-30,2021-08-03,1982000.0,2346292000.0,,534920000.0,1811372000.0,,5.16,-721726000.0,142635000.0,142635000.0,733917000.0,80757000.0,1.563,3.637,903122000.0,435000.0,902687000.0,903122000.0,73060000.0,107487000.0,0.0,,0.0,210495000.0,317982000.0,0.254,317982000.0,210495000.0,133663000.0,0.4,0.38,0.4,402054000.0,,402054000.0,,,,-391463000.0,-5.024,1.0,515522000.0,0.413,681299000.0,76832000.0,2083243000.0,,29108000.0,291050000.0,283948000.0,7102000.0,1462243000.0,342237000.0,1120006000.0,,81901000.0,0.0,440000.0,167495000.0,0.0,225739000.0,-474101000.0,16860000.0,330263000.0,0.0,80757000.0,56487000.0,56487000.0,0.0,0.0,0.045,322390000.0,193132000.0,266134000.0,0.0,,,,1091412000.0,24270000.0,,,,19721000.0,245750000.0,1249439000.0,1249439000.0,0.0,,,,0.168,3600000.0,196987000.0,1.0,25922937.0,77914836.0,79675072.0,16.036,1664993000.0,2122000.0,52906000.0,172559000.0,21.369,192683000.0
61,TMUS,MRT,2006-03-31,2006-03-31,2006-03-31,2021-08-03,,,,,,,,,,,645646000.0,194250000.0,,,,,,,,,,,0.0,390300000.0,,,,390300000.0,319420000.0,1.36,1.18,1.36,,,,,,,,,1.0,486288000.0,0.43,,70880000.0,,,,,,,,,,,,,,,,,,,,,194250000.0,170813000.0,170813000.0,0.0,0.0,0.151,62952000.0,423336000.0,,0.0,,,,,23437000.0,,,,,,1131934000.0,1131934000.0,0.0,,,,0.345,,176065000.0,1.0,25922937.0,77587157.0,79643752.0,14.589,,,125170000.0,,,
62,TMUS,MRT,2005-12-31,2005-12-31,2005-12-31,2021-08-03,1783000.0,2158981000.0,1562188500.0,612102000.0,1546879000.0,0.665,5.436,-782083000.0,115629000.0,115629000.0,584083000.0,198677000.0,2.598,3.592,905554000.0,2690000.0,902864000.0,905554000.0,56560000.0,87895000.0,0.0,,0.0,384135000.0,472030000.0,0.455,472030000.0,384135000.0,326102000.0,1.42,1.24,1.42,367906000.0,246670000.0,367906000.0,,,,-498867000.0,-7.371,1.0,454345000.0,0.438,681299000.0,58033000.0,2031990000.0,1420225500.0,39431000.0,395524000.0,390472000.0,5052000.0,1321390000.0,235617000.0,1085773000.0,,90232000.0,0.0,103000.0,658168000.0,0.0,712244000.0,-905228000.0,-353145000.0,283216000.0,0.0,198677000.0,176065000.0,176065000.0,0.0,0.0,0.17,32168000.0,422177000.0,174220000.0,0.0,,,,831490000.0,22612000.0,,,,16028000.0,216702000.0,1038428000.0,1038428000.0,0.0,0.113,0.714,0.27,0.37,2596000.0,162476000.0,1.0,25922937.0,67676198.0,76805294.0,15.344,1477682000.0,2122000.0,127425000.0,146053000.0,21.835,376485000.0
63,TMUS,MRT,2005-09-30,2005-09-30,2005-09-30,2021-08-03,,,,,,,,,,,,,,,,,,,,,,,0.0,,,,,,,,,,,,,,,,,,1.0,,,,,,,,,,,,,,,,,,,,,,,,,,,,,,,,,,,,,,,,,,,,,,,,,,,,,,1.0,25922937.0,65491102.0,,,,,,,,
64,TMUS,MRT,2005-06-30,2005-06-30,2005-06-30,2021-08-03,,,,,,,,,,,,,,,,,,,,,,,0.0,,,,,,,,,,,,,,,,,,1.0,,,,,,,,,,,,,,,,,,,,,,,,,,,,,,,,,,,,,,,,,,,,,,,,,,,,,,1.0,25922937.0,65169748.0,,,,,,,,
65,TMUS,MRT,2004-12-31,2004-12-31,2004-12-31,2021-08-03,-271000.0,965396000.0,932167500.0,156558000.0,808838000.0,0.803,1.98,-337918000.0,24770000.0,24770000.0,423572000.0,64890000.0,0.96,3.504,184999000.0,14310000.0,170689000.0,184999000.0,40424000.0,62201000.0,0.0,,0.0,130920000.0,193121000.0,0.258,193121000.0,130920000.0,111890000.0,0.36,0.3,0.36,125434000.0,98383500.0,125434000.0,,,,-187539000.0,-2.96,1.0,324678000.0,0.434,154144000.0,19030000.0,808461000.0,770434000.0,33717000.0,36964000.0,36964000.0,0.0,439552000.0,163020000.0,276532000.0,,-45935000.0,0.0,0.0,-6898000.0,0.0,-5433000.0,-190881000.0,147037000.0,150379000.0,0.0,64890000.0,43411000.0,43411000.0,0.0,0.0,0.058,196920000.0,127758000.0,105541000.0,0.0,,,,636368000.0,21479000.0,,,,9101000.0,40637000.0,748250000.0,748250000.0,0.0,0.047,0.441,0.17,0.175,10429000.0,131510000.0,1.0,25922937.0,63361026.0,75316843.0,11.809,811252000.0,3574000.0,47000000.0,73101000.0,12.804,-6462000.0
66,TMUS,MRT,2003-12-31,2003-12-31,2003-12-31,2021-08-03,-72000.0,898939000.0,,305733000.0,593206000.0,,3.915,-121287000.0,69660000.0,69660000.0,273043000.0,15358000.0,1.513,6.29,195755000.0,13420000.0,182335000.0,195755000.0,30192000.0,42428000.0,0.0,,0.0,42652000.0,85080000.0,0.189,85080000.0,42652000.0,31537000.0,-0.2,-0.2,-0.2,71333000.0,,71333000.0,,,,-8682000.0,-0.476,1.0,178066000.0,0.395,90619000.0,11115000.0,732407000.0,,16967000.0,186426000.0,186426000.0,0.0,448680000.0,202008000.0,246672000.0,,7688000.0,0.0,0.0,136371000.0,0.0,201951000.0,-306868000.0,-185546000.0,112605000.0,0.0,15358000.0,-3608000.0,-3608000.0,0.0,0.0,-0.008,136893000.0,41173000.0,156160000.0,0.0,,,,485032000.0,18966000.0,,,,8654000.0,-2774000.0,451109000.0,451109000.0,0.0,,,,0.095,5573000.0,94073000.0,1.0,,18221981.0,18221981.0,24.756,808320000.0,5249000.0,16179000.0,30475000.0,44.36,103725000.0
67,TMUS,MRT,2002-12-31,2002-12-31,2002-12-31,2021-08-03,,,,,,,,-373957000.0,,,170075000.0,130305000.0,,,,,,,,21472000.0,,,0.0,162553000.0,184025000.0,1.423,184025000.0,162553000.0,155833000.0,,,,,,,,,,-424629000.0,,1.0,-40734000.0,-0.315,,6720000.0,,,,,,,,,,,18056000.0,0.0,0.0,-3054000.0,0.0,157039000.0,-88311000.0,-586000.0,-50672000.0,0.0,130305000.0,119213000.0,119213000.0,0.0,0.0,0.922,-203026000.0,162292000.0,,,,,,,11092000.0,,,,,,129341000.0,129341000.0,0.0,,,,1.257,1519000.0,55161000.0,1.0,,,,,,,25528000.0,,,
