None,ticker,dimension,calendardate,datekey,reportperiod,lastupdated,accoci,assets,assetsavg,assetsc,assetsnc,assetturnover,bvps,capex,cashneq,cashnequsd,cor,consolinc,currentratio,de,debt,debtc,debtnc,debtusd,deferredrev,depamor,deposits,divyield,dps,ebit,ebitda,ebitdamargin,ebitdausd,ebitusd,ebt,eps,epsdil,epsusd,equity,equityavg,equityusd,ev,evebit,evebitda,fcf,fcfps,fxusd,gp,grossmargin,intangibles,intexp,invcap,invcapavg,inventory,investments,investmentsc,investmentsnc,liabilities,liabilitiesc,liabilitiesnc,marketcap,ncf,ncfbus,ncfcommon,ncfdebt,ncfdiv,ncff,ncfi,ncfinv,ncfo,ncfx,netinc,netinccmn,netinccmnusd,netincdis,netincnci,netmargin,opex,opinc,payables,payoutratio,pb,pe,pe1,ppnenet,prefdivis,price,ps,ps1,receivables,retearn,revenue,revenueusd,rnd,roa,roe,roic,ros,sbcomp,sgna,sharefactor,sharesbas,shareswa,shareswadil,sps,tangibles,taxassets,taxexp,taxliabilities,tbvps,workingcapital
0,NWSA,MRY,2021-12-31,2021-06-30,2021-06-30,2021-09-22,-941000000.0,16771000000.0,15415500000.0,4456000000.0,12315000000.0,0.607,13.898,-366000000.0,2236000000.0,2236000000.0,4831000000.0,389000000.0,1.378,0.929,3429000000.0,28000000.0,3401000000.0,3429000000.0,473000000.0,680000000.0,0.0,0.008,0.2,444000000.0,1124000000.0,0.12,1124000000.0,444000000.0,391000000.0,0.56,0.56,0.56,8211000000.0,8042250000.0,8211000000.0,15609218978.0,35.0,13.887,871000000.0,1.474,1.0,4527000000.0,0.484,6832000000.0,53000000.0,7898000000.0,6957000000.0,253000000.0,351000000.0,0.0,351000000.0,7625000000.0,3234000000.0,4391000000.0,15225218978.0,644000000.0,-886000000.0,0.0,958000000.0,-163000000.0,699000000.0,-1292000000.0,-39000000.0,1237000000.0,75000000.0,330000000.0,330000000.0,330000000.0,0.0,59000000.0,0.035,4102000000.0,425000000.0,321000000.0,0.357,1.854,46.137,46.018,3307000000.0,0.0,25.77,1.627,1.627,1498000000.0,-2911000000.0,9358000000.0,9358000000.0,0.0,0.021,0.041,0.064,0.047,0.0,3254000000.0,1.0,590811757.0,590811757.0,,15.839,9939000000.0,378000000.0,61000000.0,260000000.0,16.823,1222000000.0
1,NWSA,MRY,2020-12-31,2020-06-30,2020-06-30,2021-09-22,-1331000000.0,14261000000.0,15259250000.0,3461000000.0,10800000000.0,0.59,12.884,-402000000.0,1517000000.0,1517000000.0,5000000000.0,-1545000000.0,1.29,0.774,2405000000.0,76000000.0,2329000000.0,2405000000.0,398000000.0,644000000.0,0.0,0.017,0.2,-1223000000.0,-579000000.0,-0.064,-579000000.0,-1223000000.0,-1248000000.0,-2.16,-2.16,-2.16,7582000000.0,8209000000.0,7582000000.0,7955457077.0,-7.0,-13.74,378000000.0,0.642,1.0,4008000000.0,0.445,5815000000.0,25000000.0,6652000000.0,6933000000.0,348000000.0,297000000.0,0.0,297000000.0,5872000000.0,2682000000.0,3190000000.0,6979457077.0,-119000000.0,-32000000.0,0.0,-300000000.0,-158000000.0,-472000000.0,-427000000.0,3000000.0,780000000.0,-7000000.0,-1269000000.0,-1269000000.0,-1269000000.0,0.0,-276000000.0,-0.141,5469000000.0,-1461000000.0,351000000.0,-0.093,0.921,-5.5,-5.491,3317000000.0,0.0,11.86,0.775,0.775,1203000000.0,-3241000000.0,9008000000.0,9008000000.0,0.0,-0.083,-0.155,-0.176,-0.136,0.0,2995000000.0,1.0,588487106.0,588487106.0,,15.307,8446000000.0,332000000.0,21000000.0,258000000.0,14.352,779000000.0
2,NWSA,MRY,2019-12-31,2019-06-30,2019-06-30,2021-09-22,-1126000000.0,15711000000.0,16071000000.0,4050000000.0,11661000000.0,0.627,15.626,-469000000.0,1643000000.0,1643000000.0,5639000000.0,228000000.0,1.213,0.591,1453000000.0,449000000.0,1004000000.0,1453000000.0,428000000.0,659000000.0,0.0,0.015,0.2,340000000.0,999000000.0,0.099,999000000.0,340000000.0,281000000.0,0.27,0.26,0.27,9144000000.0,9239500000.0,9144000000.0,7791834894.0,23.0,7.8,459000000.0,0.784,1.0,4435000000.0,0.44,7573000000.0,59000000.0,4608000000.0,4720750000.0,348000000.0,335000000.0,0.0,335000000.0,5400000000.0,3340000000.0,2060000000.0,7893834894.0,-359000000.0,-188000000.0,0.0,-435000000.0,-161000000.0,-610000000.0,-677000000.0,-38000000.0,928000000.0,-32000000.0,155000000.0,155000000.0,155000000.0,0.0,73000000.0,0.015,4038000000.0,397000000.0,411000000.0,0.741,0.863,50.928,49.963,2554000000.0,0.0,13.49,0.784,0.784,1544000000.0,-1979000000.0,10074000000.0,10074000000.0,0.0,0.01,0.017,0.072,0.034,0.0,3191000000.0,1.0,585161964.0,585161964.0,,17.216,8138000000.0,269000000.0,126000000.0,295000000.0,13.907,710000000.0
3,NWSA,MRY,2018-12-31,2018-06-30,2018-06-30,2021-09-22,-874000000.0,16346000000.0,14684750000.0,4394000000.0,11952000000.0,0.615,15.939,-226000000.0,2034000000.0,2034000000.0,4904000000.0,-1444000000.0,1.334,0.632,1952000000.0,462000000.0,1490000000.0,1952000000.0,516000000.0,472000000.0,0.0,0.013,0.2,-1152000000.0,-680000000.0,-0.075,-680000000.0,-1152000000.0,-1159000000.0,-2.6,-2.6,-2.6,9291000000.0,10189750000.0,9291000000.0,7106914970.0,-6.0,-10.451,531000000.0,0.911,1.0,4120000000.0,0.457,7889000000.0,7000000.0,5080000000.0,4188750000.0,376000000.0,393000000.0,0.0,393000000.0,5869000000.0,3295000000.0,2574000000.0,9034914970.0,38000000.0,-77000000.0,0.0,-118000000.0,-158000000.0,-398000000.0,-321000000.0,-51000000.0,757000000.0,-20000000.0,-1514000000.0,-1514000000.0,-1514000000.0,0.0,70000000.0,-0.168,3872000000.0,248000000.0,605000000.0,-0.077,0.972,-5.968,-5.962,2560000000.0,0.0,15.5,1.001,1.001,1612000000.0,-2163000000.0,9024000000.0,9024000000.0,0.0,-0.103,-0.149,-0.275,-0.128,0.0,3049000000.0,1.0,582897740.0,582897740.0,,15.481,8457000000.0,279000000.0,355000000.0,389000000.0,14.509,1099000000.0
4,NWSA,MRY,2017-12-31,2017-06-30,2017-06-30,2021-09-22,-964000000.0,14552000000.0,14808500000.0,3815000000.0,10737000000.0,0.55,18.544,15000000.0,2016000000.0,2016000000.0,4529000000.0,-643000000.0,1.556,0.322,379000000.0,103000000.0,276000000.0,379000000.0,426000000.0,449000000.0,0.0,0.015,0.2,-749000000.0,-300000000.0,-0.037,-300000000.0,-749000000.0,-710000000.0,-1.27,-1.27,-1.27,10789000000.0,11103250000.0,10789000000.0,6393818619.0,-9.0,-21.313,509000000.0,0.875,1.0,3610000000.0,0.444,6119000000.0,-39000000.0,4344000000.0,4856000000.0,208000000.0,2027000000.0,0.0,2027000000.0,3479000000.0,2452000000.0,1027000000.0,7970818619.0,-143000000.0,-347000000.0,0.0,-23000000.0,-152000000.0,-217000000.0,-420000000.0,-98000000.0,494000000.0,12000000.0,-738000000.0,-738000000.0,-738000000.0,0.0,95000000.0,-0.091,4104000000.0,-494000000.0,222000000.0,-0.157,0.739,-10.801,-10.787,1624000000.0,0.0,13.7,0.979,0.979,1276000000.0,-648000000.0,8139000000.0,8139000000.0,0.0,-0.05,-0.066,-0.154,-0.092,0.0,2728000000.0,1.0,581811578.0,581811578.0,,13.989,8433000000.0,525000000.0,28000000.0,61000000.0,14.494,1363000000.0
5,NWSA,MRY,2016-12-31,2016-06-30,2016-06-30,2021-09-22,-1026000000.0,15483000000.0,15207500000.0,3889000000.0,11594000000.0,0.545,19.938,-215000000.0,2147000000.0,2147000000.0,4728000000.0,250000000.0,1.593,0.32,369000000.0,0.0,369000000.0,369000000.0,388000000.0,505000000.0,0.0,0.018,0.2,168000000.0,673000000.0,0.081,673000000.0,168000000.0,125000000.0,0.3,0.3,0.3,11564000000.0,11654500000.0,11564000000.0,4979819910.0,30.0,7.399,663000000.0,1.143,1.0,3564000000.0,0.43,5921000000.0,43000000.0,5342000000.0,5519000000.0,0.0,2270000000.0,0.0,2270000000.0,3701000000.0,2442000000.0,1259000000.0,6582819910.0,-83000000.0,-834000000.0,-41000000.0,342000000.0,-147000000.0,150000000.0,-1111000000.0,-105000000.0,878000000.0,-36000000.0,179000000.0,179000000.0,179000000.0,-15000000.0,71000000.0,0.022,3316000000.0,248000000.0,217000000.0,0.667,0.569,36.776,37.833,2405000000.0,0.0,11.35,0.794,0.794,1229000000.0,150000000.0,8292000000.0,8292000000.0,0.0,0.012,0.015,0.03,0.02,0.0,2722000000.0,1.0,579984133.0,579984133.0,,14.297,9562000000.0,602000000.0,-54000000.0,171000000.0,16.487,1447000000.0
6,NWSA,MRY,2015-12-31,2015-06-30,2015-06-30,2021-09-22,-582000000.0,15035000000.0,15703500000.0,4014000000.0,11021000000.0,0.543,20.482,-126000000.0,1951000000.0,1951000000.0,4952000000.0,-78000000.0,1.902,0.244,0.0,0.0,0.0,0.0,346000000.0,498000000.0,0.0,0.0,0.0,94000000.0,592000000.0,0.069,592000000.0,94000000.0,38000000.0,-0.26,-0.26,-0.26,11945000000.0,12441250000.0,11945000000.0,6481795660.0,69.0,10.949,705000000.0,1.209,1.0,3572000000.0,0.419,5266000000.0,56000000.0,5708000000.0,5752000000.0,0.0,2379000000.0,0.0,2379000000.0,2919000000.0,2110000000.0,809000000.0,8508795660.0,-1100000000.0,-1190000000.0,-30000000.0,-129000000.0,-30000000.0,-190000000.0,-1741000000.0,-370000000.0,831000000.0,-94000000.0,-147000000.0,-147000000.0,-147000000.0,445000000.0,69000000.0,-0.017,3209000000.0,363000000.0,238000000.0,0.0,0.712,-57.883,-56.115,2690000000.0,0.0,14.59,0.998,0.998,1283000000.0,88000000.0,8524000000.0,8524000000.0,0.0,-0.009,-0.012,0.016,0.011,0.0,2627000000.0,1.0,583193671.0,583193671.0,,14.616,9769000000.0,219000000.0,185000000.0,166000000.0,16.751,1904000000.0
7,NWSA,MRY,2014-12-31,2014-06-30,2014-06-30,2021-09-22,610000000.0,16489000000.0,16339500000.0,5270000000.0,11219000000.0,0.519,22.871,-358000000.0,3145000000.0,3145000000.0,5074000000.0,294000000.0,2.328,0.233,0.0,0.0,0.0,0.0,369000000.0,552000000.0,0.0,0.0,0.0,-307000000.0,245000000.0,0.029,245000000.0,-307000000.0,-375000000.0,0.41,0.41,0.41,13243000000.0,12961750000.0,13243000000.0,7180676656.0,-23.0,29.309,671000000.0,1.159,1.0,3412000000.0,0.402,4919000000.0,68000000.0,6161000000.0,6038000000.0,0.0,2609000000.0,0.0,2609000000.0,3090000000.0,2264000000.0,826000000.0,10387676656.0,933000000.0,157000000.0,0.0,0.0,-24000000.0,189000000.0,-285000000.0,-84000000.0,1029000000.0,27000000.0,239000000.0,239000000.0,239000000.0,142000000.0,55000000.0,0.028,3095000000.0,317000000.0,276000000.0,0.0,0.784,43.463,43.756,3009000000.0,0.0,17.94,1.224,1.224,1454000000.0,237000000.0,8486000000.0,8486000000.0,0.0,0.015,0.018,-0.051,-0.036,0.0,2449000000.0,1.0,579023225.0,579023225.0,,14.656,11570000000.0,0.0,-614000000.0,224000000.0,19.982,3006000000.0
8,NWSA,MRY,2013-12-31,2013-06-30,2013-06-30,2021-09-22,271000000.0,15643000000.0,14366500000.0,4643000000.0,11000000000.0,0.619,21.696,-332000000.0,2381000000.0,2381000000.0,5420000000.0,547000000.0,2.139,0.236,0.0,0.0,0.0,0.0,389000000.0,548000000.0,0.0,,0.0,209000000.0,757000000.0,0.085,757000000.0,209000000.0,132000000.0,0.87,0.87,0.87,12558000000.0,10683500000.0,12558000000.0,,,,169000000.0,0.292,1.0,3471000000.0,0.39,4911000000.0,77000000.0,6180000000.0,9191500000.0,0.0,2499000000.0,0.0,2499000000.0,2967000000.0,2171000000.0,796000000.0,,1313000000.0,-1330000000.0,0.0,-235000000.0,-20000000.0,2486000000.0,-1674000000.0,-12000000.0,501000000.0,-65000000.0,506000000.0,506000000.0,506000000.0,0.0,41000000.0,0.057,5068000000.0,-1597000000.0,242000000.0,0.0,,,,2992000000.0,0.0,,,,1582000000.0,0.0,8891000000.0,8891000000.0,0.0,0.035,0.047,0.023,0.024,0.0,2783000000.0,1.0,578821799.0,578821799.0,,15.361,10732000000.0,0.0,-374000000.0,152000000.0,18.541,2472000000.0
9,NWSA,MRY,2012-12-31,2012-06-30,2012-06-30,2021-09-22,1047000000.0,13090000000.0,15049000000.0,3115000000.0,9975000000.0,0.575,15.219,-375000000.0,1133000000.0,1133000000.0,5122000000.0,-2040000000.0,1.263,0.473,7762000000.0,0.0,7762000000.0,7762000000.0,386000000.0,483000000.0,0.0,,0.0,-2356000000.0,-1873000000.0,-0.216,-1873000000.0,-2356000000.0,-2412000000.0,-3.58,-3.58,-3.58,8809000000.0,10619000000.0,8809000000.0,,,,476000000.0,0.822,1.0,3532000000.0,0.408,5049000000.0,56000000.0,12203000000.0,8365000000.0,0.0,1126000000.0,0.0,1126000000.0,4171000000.0,2467000000.0,1704000000.0,,-814000000.0,-21000000.0,0.0,0.0,-13000000.0,-1006000000.0,-659000000.0,-263000000.0,851000000.0,-75000000.0,-2075000000.0,-2075000000.0,-2075000000.0,0.0,35000000.0,-0.24,5996000000.0,-2464000000.0,284000000.0,0.0,,,,3274000000.0,0.0,,,,1369000000.0,,8654000000.0,8654000000.0,0.0,-0.138,-0.195,-0.282,-0.272,0.0,2750000000.0,1.0,578821799.0,578821799.0,,14.951,8041000000.0,0.0,-337000000.0,926000000.0,13.892,648000000.0
10,NWSA,MRY,2011-12-31,2011-06-30,2011-06-30,2021-09-22,0.0,17008000000.0,,3994000000.0,13014000000.0,,,-549000000.0,2022000000.0,2022000000.0,5234000000.0,704000000.0,1.555,0.368,0.0,0.0,0.0,0.0,447000000.0,430000000.0,0.0,,0.0,982000000.0,1412000000.0,0.155,1412000000.0,982000000.0,935000000.0,1.17,1.17,1.17,12429000000.0,,12429000000.0,,,,782000000.0,,1.0,3861000000.0,0.425,7891000000.0,47000000.0,4527000000.0,,0.0,1035000000.0,0.0,1035000000.0,4579000000.0,2568000000.0,2011000000.0,,720000000.0,-323000000.0,0.0,0.0,-10000000.0,270000000.0,-881000000.0,-9000000.0,1331000000.0,222000000.0,678000000.0,678000000.0,678000000.0,0.0,26000000.0,0.075,3103000000.0,758000000.0,314000000.0,0.0,,,,3725000000.0,0.0,,,,1503000000.0,,9095000000.0,9095000000.0,0.0,,,,0.108,0.0,2648000000.0,1.0,,,,,9117000000.0,0.0,257000000.0,1379000000.0,,1426000000.0
11,NWSA,MRY,2010-12-31,2010-06-30,2010-06-30,2021-09-22,,,,,,,,-328000000.0,,,5008000000.0,259000000.0,,,,,,,,414000000.0,,,0.0,473000000.0,887000000.0,0.101,887000000.0,473000000.0,445000000.0,,,,,,,,,,719000000.0,,1.0,3744000000.0,0.428,,28000000.0,,,,,,,,,,,222000000.0,779000000.0,0.0,-1000000.0,-5000000.0,-1230000000.0,405000000.0,-46000000.0,1047000000.0,14000000.0,243000000.0,243000000.0,243000000.0,0.0,16000000.0,0.028,3364000000.0,380000000.0,,,,,,,0.0,,,,,,8752000000.0,8752000000.0,0.0,,,,0.054,0.0,2931000000.0,1.0,,,,,,,202000000.0,,,
0,NWSA,MRQ,2021-06-30,2021-06-30,2021-06-30,2021-09-22,-941000000.0,16771000000.0,,4456000000.0,12315000000.0,,13.898,-137000000.0,2236000000.0,2236000000.0,1283000000.0,-15000000.0,1.378,0.929,3429000000.0,28000000.0,3401000000.0,3429000000.0,473000000.0,176000000.0,0.0,0.008,0.0,-85000000.0,91000000.0,0.037,91000000.0,-85000000.0,-106000000.0,-0.02,-0.02,-0.02,8211000000.0,,8211000000.0,15609218978.0,35.0,13.887,40000000.0,0.068,1.0,1209000000.0,0.485,6832000000.0,21000000.0,7898000000.0,,253000000.0,351000000.0,0.0,351000000.0,7625000000.0,3234000000.0,4391000000.0,15225218978.0,187000000.0,-795000000.0,0.0,1119000000.0,-59000000.0,1028000000.0,-946000000.0,-14000000.0,177000000.0,3000000.0,-14000000.0,-14000000.0,-14000000.0,0.0,-1000000.0,-0.006,1250000000.0,-41000000.0,321000000.0,0.0,1.854,46.137,46.018,3307000000.0,0.0,25.77,1.627,1.627,1498000000.0,-2911000000.0,2492000000.0,2492000000.0,0.0,,,,,0.0,999000000.0,1.0,590811757.0,590811757.0,,4.218,9939000000.0,378000000.0,-92000000.0,260000000.0,16.823,1222000000.0
1,NWSA,MRQ,2021-03-31,2021-03-31,2021-03-31,2021-09-22,-965000000.0,15397000000.0,,3943000000.0,11454000000.0,,13.861,-59000000.0,1974000000.0,1974000000.0,1186000000.0,96000000.0,1.244,0.766,2358000000.0,212000000.0,2146000000.0,2358000000.0,449000000.0,173000000.0,0.0,0.008,0.1,134000000.0,307000000.0,0.131,307000000.0,134000000.0,122000000.0,0.13,0.13,0.13,8188000000.0,,8188000000.0,15876089145.0,110.0,19.649,518000000.0,0.877,1.0,1149000000.0,0.492,6219000000.0,12000000.0,6393000000.0,,246000000.0,391000000.0,0.0,391000000.0,6268000000.0,3169000000.0,3099000000.0,15022089145.0,469000000.0,-1000000.0,0.0,-59000000.0,-24000000.0,-110000000.0,-70000000.0,-14000000.0,577000000.0,15000000.0,79000000.0,79000000.0,79000000.0,0.0,17000000.0,0.034,1054000000.0,95000000.0,336000000.0,0.769,1.835,-283.436,-254.3,3323000000.0,0.0,25.43,1.709,1.709,1335000000.0,-2897000000.0,2335000000.0,2335000000.0,0.0,,,,,0.0,851000000.0,1.0,590723128.0,590723128.0,,3.953,9178000000.0,302000000.0,43000000.0,334000000.0,15.537,774000000.0
2,NWSA,MRQ,2020-12-31,2020-12-31,2020-12-31,2021-09-22,-990000000.0,15094000000.0,,3596000000.0,11498000000.0,,13.768,-79000000.0,1562000000.0,1562000000.0,1198000000.0,261000000.0,1.257,0.74,2416000000.0,212000000.0,2204000000.0,2416000000.0,400000000.0,167000000.0,0.0,0.011,0.0,328000000.0,495000000.0,0.205,495000000.0,328000000.0,316000000.0,0.39,0.39,0.39,8131000000.0,,8131000000.0,11492820033.0,-16.0,-164.183,249000000.0,0.422,1.0,1216000000.0,0.504,6226000000.0,12000000.0,6861000000.0,,203000000.0,353000000.0,0.0,353000000.0,6020000000.0,2861000000.0,3159000000.0,10612820033.0,-21000000.0,-89000000.0,0.0,-106000000.0,-60000000.0,-169000000.0,-180000000.0,-4000000.0,328000000.0,44000000.0,231000000.0,231000000.0,231000000.0,0.0,30000000.0,0.096,909000000.0,307000000.0,291000000.0,0.0,1.305,-12.312,-12.224,3389000000.0,0.0,17.97,1.217,1.217,1444000000.0,-2976000000.0,2414000000.0,2414000000.0,0.0,,,,,0.0,719000000.0,1.0,590585422.0,590585422.0,,4.087,8868000000.0,337000000.0,85000000.0,339000000.0,15.016,735000000.0
3,NWSA,MRQ,2020-09-30,2020-09-30,2020-09-30,2021-09-22,-1235000000.0,14400000000.0,,3435000000.0,10965000000.0,,12.978,-91000000.0,1539000000.0,1539000000.0,1164000000.0,47000000.0,1.255,0.778,2419000000.0,78000000.0,2341000000.0,2419000000.0,409000000.0,164000000.0,0.0,0.014,0.1,67000000.0,231000000.0,0.109,231000000.0,67000000.0,59000000.0,0.06,0.06,0.06,7639000000.0,,7639000000.0,9140507751.0,-10.0,-35.428,64000000.0,0.109,1.0,953000000.0,0.45,5866000000.0,8000000.0,6676000000.0,,203000000.0,314000000.0,0.0,314000000.0,5946000000.0,2738000000.0,3208000000.0,8252507751.0,9000000.0,-1000000.0,0.0,4000000.0,-20000000.0,-50000000.0,-96000000.0,-7000000.0,155000000.0,13000000.0,34000000.0,34000000.0,34000000.0,0.0,13000000.0,0.016,889000000.0,64000000.0,322000000.0,1.667,1.08,-8.187,-8.199,3273000000.0,0.0,14.02,0.939,0.939,1240000000.0,-3207000000.0,2117000000.0,2117000000.0,0.0,,,,,0.0,685000000.0,1.0,588623948.0,588623948.0,,3.597,8534000000.0,337000000.0,25000000.0,263000000.0,14.498,697000000.0
4,NWSA,MRQ,2020-06-30,2020-06-30,2020-06-30,2021-09-22,-1331000000.0,14261000000.0,,3461000000.0,10800000000.0,,12.884,-70000000.0,1517000000.0,1517000000.0,1028000000.0,-401000000.0,1.29,0.774,2405000000.0,76000000.0,2329000000.0,2405000000.0,398000000.0,160000000.0,0.0,0.017,0.0,-385000000.0,-225000000.0,-0.117,-225000000.0,-385000000.0,-397000000.0,-0.68,-0.68,-0.68,7582000000.0,,7582000000.0,7955457077.0,-7.0,-13.74,248000000.0,0.421,1.0,895000000.0,0.465,5815000000.0,12000000.0,6652000000.0,,348000000.0,297000000.0,0.0,297000000.0,5872000000.0,2682000000.0,3190000000.0,6979457077.0,136000000.0,-30000000.0,0.0,-64000000.0,-58000000.0,-131000000.0,-100000000.0,-1000000.0,318000000.0,32000000.0,-397000000.0,-397000000.0,-397000000.0,0.0,-4000000.0,-0.206,1239000000.0,-344000000.0,351000000.0,0.0,0.921,-5.5,-5.491,3317000000.0,0.0,11.86,0.775,0.775,1203000000.0,-3241000000.0,1923000000.0,1923000000.0,0.0,,,,,0.0,700000000.0,1.0,588487106.0,588487106.0,,3.268,8446000000.0,332000000.0,0.0,258000000.0,14.352,779000000.0
5,NWSA,MRQ,2020-03-31,2020-03-31,2020-03-31,2021-09-22,-1331000000.0,14261000000.0,,3461000000.0,10800000000.0,,12.889,-105000000.0,1517000000.0,1517000000.0,1283000000.0,-1036000000.0,1.29,0.774,2405000000.0,76000000.0,2329000000.0,2405000000.0,398000000.0,160000000.0,0.0,0.022,0.1,-731000000.0,-571000000.0,-0.252,-571000000.0,-731000000.0,-740000000.0,-1.24,-1.24,-1.24,7582000000.0,,7582000000.0,6551688858.0,-8.0,-30.904,165000000.0,0.28,1.0,983000000.0,0.434,5815000000.0,9000000.0,6652000000.0,,348000000.0,297000000.0,0.0,297000000.0,5872000000.0,2682000000.0,3190000000.0,5279688858.0,115000000.0,0.0,0.0,8000000.0,-19000000.0,-13000000.0,-93000000.0,12000000.0,270000000.0,-38000000.0,-730000000.0,-730000000.0,-730000000.0,0.0,-306000000.0,-0.322,2026000000.0,-1043000000.0,351000000.0,-0.081,0.696,-5.72,-5.753,3317000000.0,0.0,8.975,0.553,0.553,1203000000.0,-3241000000.0,2266000000.0,2266000000.0,0.0,,,,,0.0,741000000.0,1.0,588266168.0,588266168.0,,3.852,8446000000.0,332000000.0,-10000000.0,258000000.0,14.357,779000000.0
6,NWSA,MRQ,2019-12-31,2019-12-31,2019-12-31,2021-09-22,-1117000000.0,16282000000.0,,3718000000.0,12564000000.0,,15.23,-113000000.0,1272000000.0,1272000000.0,1351000000.0,103000000.0,1.363,0.687,2544000000.0,0.0,2544000000.0,2544000000.0,411000000.0,162000000.0,0.0,0.014,0.0,145000000.0,307000000.0,0.124,307000000.0,145000000.0,137000000.0,0.15,0.14,0.15,8958000000.0,,8958000000.0,9533971349.0,-96.0,17.086,52000000.0,0.088,1.0,1128000000.0,0.455,7233000000.0,8000000.0,7594000000.0,,358000000.0,325000000.0,0.0,325000000.0,6155000000.0,2727000000.0,3428000000.0,8316971349.0,-184000000.0,-2000000.0,0.0,-153000000.0,-59000000.0,-233000000.0,-116000000.0,-3000000.0,165000000.0,15000000.0,85000000.0,85000000.0,85000000.0,0.0,18000000.0,0.034,964000000.0,164000000.0,375000000.0,0.0,0.928,-45.448,-47.133,3775000000.0,0.0,14.14,0.854,0.854,1570000000.0,-2114000000.0,2479000000.0,2479000000.0,0.0,,,,,0.0,773000000.0,1.0,588187507.0,588187507.0,,4.215,9049000000.0,283000000.0,52000000.0,268000000.0,15.385,991000000.0
7,NWSA,MRQ,2019-09-30,2019-09-30,2019-09-30,2021-09-22,-1266000000.0,16233000000.0,,3799000000.0,12434000000.0,,14.889,-114000000.0,1441000000.0,1441000000.0,1338000000.0,-211000000.0,1.088,0.735,2658000000.0,622000000.0,2036000000.0,2658000000.0,448000000.0,162000000.0,0.0,0.014,0.1,-252000000.0,-90000000.0,-0.038,-90000000.0,-252000000.0,-248000000.0,-0.39,-0.39,-0.39,8714000000.0,,8714000000.0,7957037354.0,-101.0,13.743,-87000000.0,-0.149,1.0,1002000000.0,0.428,7124000000.0,-4000000.0,6834000000.0,,402000000.0,329000000.0,0.0,329000000.0,6404000000.0,3492000000.0,2912000000.0,8147037354.0,-186000000.0,0.0,0.0,-91000000.0,-22000000.0,-95000000.0,-118000000.0,-5000000.0,27000000.0,-16000000.0,-227000000.0,-227000000.0,-227000000.0,0.0,16000000.0,-0.097,1240000000.0,-238000000.0,406000000.0,-0.256,0.935,-47.093,-48.0,3723000000.0,0.0,13.92,0.824,0.824,1540000000.0,-2200000000.0,2340000000.0,2340000000.0,0.0,,,,,0.0,781000000.0,1.0,585275672.0,585275672.0,,3.998,9109000000.0,305000000.0,-21000000.0,274000000.0,15.564,307000000.0
8,NWSA,MRQ,2019-06-30,2019-06-30,2019-06-30,2021-09-22,-1126000000.0,15711000000.0,,4050000000.0,11661000000.0,,15.626,-101000000.0,1643000000.0,1643000000.0,1415000000.0,-42000000.0,1.213,0.591,1453000000.0,449000000.0,1004000000.0,1453000000.0,428000000.0,165000000.0,0.0,0.015,0.0,-23000000.0,142000000.0,0.058,142000000.0,-23000000.0,-37000000.0,-0.08,-0.09,-0.08,9144000000.0,,9144000000.0,7791834894.0,23.0,7.8,166000000.0,0.284,1.0,1051000000.0,0.426,7573000000.0,14000000.0,4608000000.0,,348000000.0,335000000.0,0.0,335000000.0,5400000000.0,3340000000.0,2060000000.0,7893834894.0,27000000.0,-51000000.0,0.0,-84000000.0,-59000000.0,-109000000.0,-154000000.0,-2000000.0,267000000.0,-9000000.0,-51000000.0,-51000000.0,-51000000.0,0.0,9000000.0,-0.021,1064000000.0,-13000000.0,411000000.0,0.0,0.863,50.928,49.963,2554000000.0,0.0,13.49,0.784,0.784,1544000000.0,-1979000000.0,2466000000.0,2466000000.0,0.0,,,,,0.0,782000000.0,1.0,585161964.0,585161964.0,,4.214,8138000000.0,269000000.0,14000000.0,295000000.0,13.907,710000000.0
9,NWSA,MRQ,2019-03-31,2019-03-31,2019-03-31,2021-09-22,-1019000000.0,16058000000.0,,4247000000.0,11811000000.0,,15.88,-136000000.0,1648000000.0,1648000000.0,1400000000.0,23000000.0,1.154,0.603,1546000000.0,678000000.0,868000000.0,1546000000.0,460000000.0,168000000.0,0.0,0.016,0.1,31000000.0,199000000.0,0.081,199000000.0,31000000.0,17000000.0,0.02,0.02,0.02,9289000000.0,,9289000000.0,7338849269.0,103.0,9.917,167000000.0,0.285,1.0,1057000000.0,0.43,7737000000.0,14000000.0,4540000000.0,,404000000.0,347000000.0,0.0,347000000.0,5600000000.0,3679000000.0,1921000000.0,7276849269.0,-2000000.0,43000000.0,0.0,-144000000.0,-21000000.0,-168000000.0,-114000000.0,-23000000.0,303000000.0,9000000.0,10000000.0,10000000.0,10000000.0,0.0,13000000.0,0.004,1012000000.0,45000000.0,432000000.0,5.0,0.783,-44.102,-42.897,2557000000.0,0.0,12.44,0.706,0.706,1631000000.0,-1927000000.0,2457000000.0,2457000000.0,0.0,,,,,0.0,810000000.0,1.0,584955729.0,584955729.0,,4.2,8321000000.0,257000000.0,7000000.0,321000000.0,14.225,568000000.0
10,NWSA,MRQ,2018-12-31,2018-12-31,2018-12-31,2021-09-22,-1076000000.0,16227000000.0,,4429000000.0,11798000000.0,,15.84,-99000000.0,1618000000.0,1618000000.0,1484000000.0,119000000.0,1.193,0.625,1680000000.0,744000000.0,936000000.0,1680000000.0,430000000.0,163000000.0,0.0,0.018,0.0,165000000.0,328000000.0,0.125,328000000.0,165000000.0,150000000.0,0.16,0.16,0.16,9264000000.0,,9264000000.0,6608991329.0,-6.0,-13.599,146000000.0,0.25,1.0,1143000000.0,0.435,7796000000.0,15000000.0,4781000000.0,,400000000.0,345000000.0,0.0,345000000.0,5793000000.0,3712000000.0,2081000000.0,6637991329.0,-252000000.0,-186000000.0,0.0,-146000000.0,-58000000.0,-209000000.0,-288000000.0,-3000000.0,245000000.0,-16000000.0,95000000.0,95000000.0,95000000.0,0.0,24000000.0,0.036,955000000.0,188000000.0,625000000.0,0.0,0.717,-5.094,-5.044,2517000000.0,0.0,11.35,0.668,0.668,1853000000.0,-1937000000.0,2627000000.0,2627000000.0,0.0,,,,,0.0,773000000.0,1.0,584845051.0,584845051.0,,4.492,8431000000.0,228000000.0,55000000.0,384000000.0,14.416,717000000.0
11,NWSA,MRQ,2018-09-30,2018-09-30,2018-09-30,2021-09-22,-970000000.0,16288000000.0,,4469000000.0,11819000000.0,,15.885,-133000000.0,1886000000.0,1886000000.0,1340000000.0,128000000.0,1.261,0.633,1857000000.0,671000000.0,1186000000.0,1857000000.0,436000000.0,163000000.0,0.0,0.015,0.1,167000000.0,330000000.0,0.131,330000000.0,167000000.0,151000000.0,0.17,0.17,0.17,9261000000.0,,9261000000.0,7608024105.0,-7.0,-13.513,-20000000.0,-0.034,1.0,1184000000.0,0.469,7760000000.0,16000000.0,4954000000.0,,388000000.0,390000000.0,0.0,390000000.0,5858000000.0,3545000000.0,2313000000.0,7690024105.0,-132000000.0,6000000.0,0.0,-61000000.0,-23000000.0,-124000000.0,-121000000.0,-10000000.0,113000000.0,-16000000.0,101000000.0,101000000.0,101000000.0,0.0,27000000.0,0.04,1007000000.0,177000000.0,537000000.0,0.588,0.83,-5.192,-5.173,2512000000.0,0.0,13.19,0.81,0.81,1648000000.0,-2032000000.0,2524000000.0,2524000000.0,0.0,,,,,0.0,826000000.0,1.0,583019265.0,583019265.0,,4.329,8528000000.0,260000000.0,50000000.0,401000000.0,14.627,924000000.0
12,NWSA,MRQ,2018-06-30,2018-06-30,2018-06-30,2021-09-22,-874000000.0,16346000000.0,,4394000000.0,11952000000.0,,15.939,-163000000.0,2034000000.0,2034000000.0,1465000000.0,-355000000.0,1.334,0.632,1952000000.0,462000000.0,1490000000.0,1952000000.0,516000000.0,175000000.0,0.0,0.013,0.0,-292000000.0,-117000000.0,-0.043,-117000000.0,-292000000.0,-308000000.0,-0.64,-0.64,-0.64,9291000000.0,,9291000000.0,7106914970.0,-6.0,-10.451,129000000.0,0.221,1.0,1228000000.0,0.456,7889000000.0,16000000.0,5080000000.0,,376000000.0,393000000.0,0.0,393000000.0,5869000000.0,3295000000.0,2574000000.0,9034914970.0,-49000000.0,-15000000.0,0.0,-25000000.0,-59000000.0,-164000000.0,-177000000.0,-9000000.0,292000000.0,-29000000.0,-371000000.0,-371000000.0,-371000000.0,0.0,16000000.0,-0.138,1167000000.0,61000000.0,605000000.0,0.0,0.972,-5.968,-5.962,2560000000.0,0.0,15.5,1.001,1.001,1612000000.0,-2163000000.0,2693000000.0,2693000000.0,0.0,,,,,0.0,914000000.0,1.0,582897740.0,582897740.0,,4.62,8457000000.0,279000000.0,63000000.0,389000000.0,14.509,1099000000.0
13,NWSA,MRQ,2018-03-31,2018-03-31,2018-03-31,2021-09-22,-829000000.0,13372000000.0,,3986000000.0,9386000000.0,,16.637,50000000.0,2112000000.0,2112000000.0,1151000000.0,-1110000000.0,1.616,0.349,184000000.0,0.0,184000000.0,184000000.0,448000000.0,100000000.0,0.0,0.013,0.1,-1127000000.0,-1027000000.0,-0.491,-1027000000.0,-1127000000.0,-1125000000.0,-1.94,-1.94,-1.94,9695000000.0,,9695000000.0,7538274889.0,-6.0,-7.977,311000000.0,0.534,1.0,942000000.0,0.45,5950000000.0,-2000000.0,3027000000.0,,0.0,957000000.0,0.0,957000000.0,3381000000.0,2467000000.0,914000000.0,9207274889.0,261000000.0,-9000000.0,0.0,0.0,-19000000.0,-32000000.0,32000000.0,-9000000.0,261000000.0,-5000000.0,-1128000000.0,-1128000000.0,-1128000000.0,0.0,18000000.0,-0.539,1107000000.0,-165000000.0,230000000.0,-0.052,0.95,-5.857,-5.852,1642000000.0,0.0,15.8,1.095,1.095,1328000000.0,-1792000000.0,2093000000.0,2093000000.0,0.0,,,,,0.0,761000000.0,1.0,582738917.0,582738917.0,,3.592,7422000000.0,370000000.0,3000000.0,55000000.0,12.736,1519000000.0
14,NWSA,MRQ,2017-12-31,2017-12-31,2017-12-31,2021-09-22,-832000000.0,14359000000.0,,3718000000.0,10641000000.0,,18.64,-51000000.0,1856000000.0,1856000000.0,1139000000.0,-66000000.0,1.638,0.295,187000000.0,0.0,187000000.0,187000000.0,390000000.0,100000000.0,0.0,0.012,0.0,151000000.0,251000000.0,0.115,251000000.0,151000000.0,152000000.0,-0.14,-0.14,-0.14,10860000000.0,,10860000000.0,7848299735.0,-47.0,32.838,157000000.0,0.269,1.0,1041000000.0,0.478,6198000000.0,-1000000.0,4222000000.0,,0.0,2019000000.0,0.0,2019000000.0,3201000000.0,2270000000.0,931000000.0,9444299735.0,-18000000.0,1000000.0,0.0,-93000000.0,-59000000.0,-171000000.0,-55000000.0,-21000000.0,208000000.0,-3000000.0,-83000000.0,-83000000.0,-83000000.0,0.0,17000000.0,-0.038,825000000.0,216000000.0,216000000.0,0.0,0.87,-21.034,-21.052,1631000000.0,0.0,16.21,1.138,1.138,1379000000.0,-664000000.0,2180000000.0,2180000000.0,0.0,,,,,0.0,713000000.0,1.0,582621822.0,582621822.0,,3.742,8161000000.0,349000000.0,235000000.0,59000000.0,14.007,1448000000.0
15,NWSA,MRQ,2017-09-30,2017-09-30,2017-09-30,2021-09-22,-852000000.0,14662000000.0,,3768000000.0,10894000000.0,,18.753,-62000000.0,1877000000.0,1877000000.0,1149000000.0,87000000.0,1.559,0.318,281000000.0,0.0,281000000.0,281000000.0,448000000.0,97000000.0,0.0,0.015,0.1,116000000.0,213000000.0,0.103,213000000.0,116000000.0,122000000.0,0.12,0.12,0.12,10913000000.0,,10913000000.0,5976468456.0,-10.0,-30.184,-66000000.0,-0.113,1.0,909000000.0,0.442,6223000000.0,-6000000.0,4426000000.0,,0.0,2044000000.0,0.0,2044000000.0,3466000000.0,2417000000.0,1049000000.0,7716468456.0,-156000000.0,-54000000.0,0.0,0.0,-21000000.0,-31000000.0,-121000000.0,-12000000.0,-4000000.0,17000000.0,68000000.0,68000000.0,68000000.0,0.0,19000000.0,0.033,773000000.0,136000000.0,235000000.0,0.833,0.707,-11.781,-11.735,1636000000.0,0.0,13.26,0.937,0.937,1365000000.0,-581000000.0,2058000000.0,2058000000.0,0.0,,,,,0.0,661000000.0,1.0,581935781.0,581935781.0,,3.536,8439000000.0,553000000.0,54000000.0,73000000.0,14.502,1351000000.0
16,NWSA,MRQ,2017-06-30,2017-06-30,2017-06-30,2021-09-22,-964000000.0,14552000000.0,,3815000000.0,10737000000.0,,18.544,-49000000.0,2016000000.0,2016000000.0,1145000000.0,-424000000.0,1.556,0.322,379000000.0,103000000.0,276000000.0,379000000.0,426000000.0,100000000.0,0.0,0.015,0.0,-482000000.0,-382000000.0,-0.184,-382000000.0,-482000000.0,-413000000.0,-0.74,-0.74,-0.74,10789000000.0,,10789000000.0,6393818619.0,-9.0,-21.313,226000000.0,0.388,1.0,935000000.0,0.45,6119000000.0,-69000000.0,4344000000.0,,208000000.0,2027000000.0,0.0,2027000000.0,3479000000.0,2452000000.0,1027000000.0,7970818619.0,-161000000.0,-317000000.0,0.0,0.0,-59000000.0,-65000000.0,-371000000.0,-5000000.0,275000000.0,12000000.0,-429000000.0,-429000000.0,-429000000.0,0.0,5000000.0,-0.206,1341000000.0,-406000000.0,222000000.0,0.0,0.739,-10.801,-10.787,1624000000.0,0.0,13.7,0.979,0.979,1276000000.0,-648000000.0,2080000000.0,2080000000.0,0.0,,,,,0.0,723000000.0,1.0,581811578.0,581811578.0,,3.575,8433000000.0,525000000.0,16000000.0,61000000.0,14.494,1363000000.0
17,NWSA,MRQ,2017-03-31,2017-03-31,2017-03-31,2021-09-22,-1045000000.0,14886000000.0,,3762000000.0,11124000000.0,,19.156,113000000.0,1850000000.0,1850000000.0,1101000000.0,0.0,1.529,0.311,273000000.0,0.0,273000000.0,273000000.0,435000000.0,109000000.0,0.0,0.015,0.1,48000000.0,157000000.0,0.079,157000000.0,48000000.0,40000000.0,-0.01,-0.01,-0.01,11139000000.0,,11139000000.0,6263383416.0,-76.0,15.581,331000000.0,0.569,1.0,877000000.0,0.443,6175000000.0,8000000.0,4673000000.0,,0.0,2010000000.0,0.0,2010000000.0,3469000000.0,2461000000.0,1008000000.0,7559383416.0,256000000.0,-3000000.0,0.0,0.0,-16000000.0,-31000000.0,69000000.0,-54000000.0,218000000.0,30000000.0,-5000000.0,-5000000.0,-5000000.0,0.0,5000000.0,-0.003,804000000.0,73000000.0,229000000.0,-10.0,0.679,-34.518,-33.333,1961000000.0,0.0,13.0,0.912,0.912,1326000000.0,-219000000.0,1978000000.0,1978000000.0,0.0,,,,,0.0,662000000.0,1.0,581491032.0,581491032.0,,3.402,8711000000.0,536000000.0,45000000.0,82000000.0,14.98,1301000000.0
18,NWSA,MRQ,2016-12-31,2016-12-31,2016-12-31,2021-09-22,-1289000000.0,14527000000.0,,3591000000.0,10936000000.0,,18.844,-24000000.0,1564000000.0,1564000000.0,1126000000.0,-219000000.0,1.545,0.301,268000000.0,0.0,268000000.0,268000000.0,404000000.0,120000000.0,0.0,0.017,0.0,-306000000.0,-186000000.0,-0.088,-186000000.0,-306000000.0,-321000000.0,-0.5,-0.5,-0.5,10955000000.0,,10955000000.0,5540213391.0,-15.0,41.039,248000000.0,0.427,1.0,990000000.0,0.468,6089000000.0,15000000.0,4817000000.0,,0.0,1932000000.0,0.0,1932000000.0,3299000000.0,2325000000.0,974000000.0,6662213391.0,103000000.0,-59000000.0,0.0,0.0,-59000000.0,-62000000.0,-107000000.0,-39000000.0,272000000.0,-38000000.0,-289000000.0,-289000000.0,-289000000.0,0.0,70000000.0,-0.137,1141000000.0,-151000000.0,240000000.0,0.0,0.608,-18.353,-17.906,1981000000.0,0.0,11.46,0.813,0.813,1528000000.0,-213000000.0,2116000000.0,2116000000.0,0.0,,,,,0.0,665000000.0,1.0,581344973.0,581344973.0,,3.64,8438000000.0,549000000.0,-32000000.0,40000000.0,14.515,1266000000.0
19,NWSA,MRQ,2016-09-30,2016-09-30,2016-09-30,2021-09-22,-986000000.0,15269000000.0,,3328000000.0,11941000000.0,,19.874,-25000000.0,1499000000.0,1499000000.0,1157000000.0,0.0,1.455,0.306,377000000.0,0.0,377000000.0,377000000.0,401000000.0,120000000.0,0.0,0.014,0.1,-9000000.0,111000000.0,0.056,111000000.0,-9000000.0,-16000000.0,-0.03,-0.03,-0.03,11530000000.0,,11530000000.0,6332755211.0,101.0,11.169,-296000000.0,-0.51,1.0,808000000.0,0.411,6270000000.0,7000000.0,5590000000.0,,0.0,2269000000.0,0.0,2269000000.0,3523000000.0,2287000000.0,1236000000.0,8110755211.0,-341000000.0,32000000.0,0.0,-23000000.0,-18000000.0,-59000000.0,-11000000.0,0.0,-271000000.0,8000000.0,-15000000.0,-15000000.0,-15000000.0,0.0,15000000.0,-0.008,818000000.0,-10000000.0,240000000.0,-3.333,0.703,-737.341,-466.0,2367000000.0,0.0,13.98,0.984,0.984,1294000000.0,76000000.0,1965000000.0,1965000000.0,0.0,,,,,0.0,678000000.0,1.0,580168470.0,580168470.0,,3.387,8999000000.0,628000000.0,-1000000.0,171000000.0,15.511,1041000000.0
20,NWSA,MRQ,2016-06-30,2016-06-30,2016-06-30,2021-09-22,-1026000000.0,15483000000.0,,3889000000.0,11594000000.0,,19.938,-35000000.0,2147000000.0,2147000000.0,1252000000.0,109000000.0,1.593,0.32,369000000.0,0.0,369000000.0,369000000.0,388000000.0,135000000.0,0.0,0.018,0.0,185000000.0,320000000.0,0.144,320000000.0,185000000.0,176000000.0,0.15,0.15,0.15,11564000000.0,,11564000000.0,4979819910.0,30.0,7.399,320000000.0,0.552,1.0,974000000.0,0.438,5921000000.0,9000000.0,5342000000.0,,0.0,2270000000.0,0.0,2270000000.0,3701000000.0,2442000000.0,1259000000.0,6582819910.0,-122000000.0,-352000000.0,0.0,0.0,-59000000.0,-54000000.0,-423000000.0,-43000000.0,355000000.0,-18000000.0,90000000.0,90000000.0,90000000.0,5000000.0,19000000.0,0.04,616000000.0,358000000.0,217000000.0,0.0,0.569,36.776,37.833,2405000000.0,0.0,11.35,0.794,0.794,1229000000.0,150000000.0,2226000000.0,2226000000.0,0.0,,,,,0.0,735000000.0,1.0,579984133.0,579984133.0,,3.838,9562000000.0,602000000.0,86000000.0,171000000.0,16.487,1447000000.0
21,NWSA,MRQ,2016-03-31,2016-03-31,2016-03-31,2021-09-22,-845000000.0,15716000000.0,,3905000000.0,11811000000.0,,20.065,-60000000.0,1972000000.0,1972000000.0,1084000000.0,-130000000.0,1.475,0.332,369000000.0,0.0,369000000.0,369000000.0,378000000.0,126000000.0,0.0,0.016,0.1,-236000000.0,-110000000.0,-0.058,-110000000.0,-236000000.0,-247000000.0,-0.26,-0.26,-0.26,11646000000.0,,11646000000.0,5528974306.0,-17.0,34.556,117000000.0,0.202,1.0,807000000.0,0.427,5910000000.0,11000000.0,5555000000.0,,0.0,2264000000.0,0.0,2264000000.0,3871000000.0,2648000000.0,1223000000.0,7411974306.0,82000000.0,-383000000.0,-23000000.0,342000000.0,-14000000.0,303000000.0,-438000000.0,-26000000.0,177000000.0,7000000.0,-149000000.0,-149000000.0,-149000000.0,2000000.0,19000000.0,-0.079,1079000000.0,-272000000.0,227000000.0,-0.385,0.636,-25.647,-25.039,2499000000.0,0.0,12.77,0.906,0.906,1254000000.0,60000000.0,1891000000.0,1891000000.0,0.0,,,,,0.0,649000000.0,1.0,580420854.0,580420854.0,,3.258,9806000000.0,666000000.0,-98000000.0,200000000.0,16.895,1257000000.0
22,NWSA,MRQ,2015-12-31,2015-12-31,2015-12-31,2021-09-22,-923000000.0,14875000000.0,,3795000000.0,11080000000.0,,20.29,-57000000.0,1883000000.0,1883000000.0,1193000000.0,82000000.0,1.811,0.246,0.0,0.0,0.0,0.0,337000000.0,123000000.0,0.0,0.007,0.0,123000000.0,246000000.0,0.114,246000000.0,123000000.0,112000000.0,0.11,0.11,0.11,11792000000.0,,11792000000.0,5866501808.0,-159.0,12.922,148000000.0,0.255,1.0,968000000.0,0.448,5254000000.0,11000000.0,5642000000.0,,0.0,2288000000.0,0.0,2288000000.0,2896000000.0,2096000000.0,800000000.0,7764501808.0,-26000000.0,-85000000.0,-3000000.0,0.0,-58000000.0,-62000000.0,-164000000.0,-22000000.0,205000000.0,11000000.0,63000000.0,63000000.0,63000000.0,24000000.0,19000000.0,0.029,833000000.0,135000000.0,248000000.0,0.0,0.658,-66.363,-63.619,2554000000.0,0.0,13.36,0.932,0.932,1409000000.0,268000000.0,2161000000.0,2161000000.0,0.0,,,,,0.0,688000000.0,1.0,581175285.0,581175285.0,,3.718,9621000000.0,0.0,49000000.0,145000000.0,16.554,1699000000.0
23,NWSA,MRQ,2015-09-30,2015-09-30,2015-09-30,2021-09-22,-1025000000.0,14756000000.0,,3889000000.0,10867000000.0,,20.006,-63000000.0,1898000000.0,1898000000.0,1199000000.0,189000000.0,1.795,0.256,0.0,0.0,0.0,0.0,354000000.0,121000000.0,0.0,0.008,0.1,96000000.0,217000000.0,0.108,217000000.0,96000000.0,84000000.0,0.3,0.3,0.3,11616000000.0,,11616000000.0,5376539772.0,88.0,9.67,78000000.0,0.134,1.0,815000000.0,0.405,5155000000.0,12000000.0,5537000000.0,,0.0,2196000000.0,0.0,2196000000.0,2975000000.0,2166000000.0,809000000.0,7327539772.0,-17000000.0,-14000000.0,-15000000.0,0.0,-16000000.0,-37000000.0,-86000000.0,-14000000.0,141000000.0,-36000000.0,175000000.0,175000000.0,175000000.0,-46000000.0,14000000.0,0.087,788000000.0,27000000.0,272000000.0,0.333,0.631,-198.042,-157.75,2553000000.0,0.0,12.62,0.869,0.869,1361000000.0,204000000.0,2014000000.0,2014000000.0,0.0,,,,,0.0,650000000.0,1.0,580629142.0,580629142.0,,3.469,9601000000.0,0.0,-91000000.0,171000000.0,16.536,1723000000.0
24,NWSA,MRQ,2015-06-30,2015-06-30,2015-06-30,2021-09-22,-582000000.0,15035000000.0,,4014000000.0,11021000000.0,,20.482,92000000.0,1951000000.0,1951000000.0,1215000000.0,-363000000.0,1.902,0.244,0.0,0.0,0.0,0.0,346000000.0,123000000.0,0.0,0.0,0.0,-316000000.0,-193000000.0,-0.091,-193000000.0,-316000000.0,-330000000.0,-0.66,-0.66,-0.66,11945000000.0,,11945000000.0,6481795660.0,69.0,10.949,97000000.0,0.166,1.0,902000000.0,0.426,5266000000.0,14000000.0,5708000000.0,,0.0,2379000000.0,0.0,2379000000.0,2919000000.0,2110000000.0,809000000.0,8508795660.0,-79000000.0,-136000000.0,-30000000.0,0.0,-1000000.0,-30000000.0,-228000000.0,-113000000.0,5000000.0,3000000.0,-378000000.0,-378000000.0,-378000000.0,383000000.0,15000000.0,-0.179,863000000.0,39000000.0,238000000.0,0.0,0.712,-57.883,-56.115,2690000000.0,0.0,14.59,0.998,0.998,1283000000.0,88000000.0,2117000000.0,2117000000.0,0.0,,,,,0.0,687000000.0,1.0,583193671.0,583193671.0,,3.63,9769000000.0,219000000.0,48000000.0,166000000.0,16.751,1904000000.0
25,NWSA,MRQ,2015-03-31,2015-03-31,2015-03-31,2021-09-22,-554000000.0,15686000000.0,,4088000000.0,11598000000.0,,21.299,-68000000.0,2027000000.0,2027000000.0,1204000000.0,34000000.0,1.799,0.255,0.0,0.0,0.0,0.0,399000000.0,124000000.0,0.0,0.0,0.0,60000000.0,184000000.0,0.09,184000000.0,60000000.0,48000000.0,0.04,0.04,0.04,12369000000.0,,12369000000.0,7379420026.0,14.0,7.242,214000000.0,0.369,1.0,837000000.0,0.41,5823000000.0,12000000.0,5563000000.0,,0.0,2382000000.0,0.0,2382000000.0,3160000000.0,2273000000.0,887000000.0,9297420026.0,141000000.0,15000000.0,0.0,0.0,-12000000.0,-4000000.0,-48000000.0,-11000000.0,282000000.0,-32000000.0,23000000.0,23000000.0,23000000.0,22000000.0,11000000.0,0.011,787000000.0,50000000.0,225000000.0,0.0,0.752,38.104,39.049,2699000000.0,0.0,16.01,1.093,1.093,1360000000.0,467000000.0,2041000000.0,2041000000.0,0.0,,,,,0.0,653000000.0,1.0,580725798.0,580725798.0,,3.515,9863000000.0,0.0,25000000.0,295000000.0,16.984,1815000000.0
26,NWSA,MRQ,2014-12-31,2014-12-31,2014-12-31,2021-09-22,-261000000.0,15970000000.0,,4052000000.0,11918000000.0,,21.739,-56000000.0,1918000000.0,1918000000.0,1251000000.0,163000000.0,1.74,0.254,0.0,0.0,0.0,0.0,412000000.0,127000000.0,0.0,0.0,0.0,221000000.0,348000000.0,0.154,348000000.0,221000000.0,208000000.0,0.24,0.24,0.24,12610000000.0,,12610000000.0,6366389114.0,12.0,6.104,268000000.0,0.462,1.0,1007000000.0,0.446,5926000000.0,13000000.0,5797000000.0,,0.0,2466000000.0,0.0,2466000000.0,3203000000.0,2329000000.0,874000000.0,9101389114.0,-790000000.0,-769000000.0,0.0,-129000000.0,0.0,-130000000.0,-956000000.0,-131000000.0,324000000.0,-27000000.0,143000000.0,143000000.0,143000000.0,19000000.0,20000000.0,0.063,799000000.0,208000000.0,320000000.0,0.0,0.722,33.834,34.867,2809000000.0,0.0,15.69,1.065,1.065,1505000000.0,444000000.0,2258000000.0,2258000000.0,0.0,,,,,0.0,655000000.0,1.0,580075788.0,580075788.0,,3.893,10044000000.0,0.0,65000000.0,274000000.0,17.315,1723000000.0
27,NWSA,MRQ,2014-09-30,2014-09-30,2014-09-30,2021-09-22,152000000.0,16123000000.0,,4865000000.0,11258000000.0,,22.177,-94000000.0,2735000000.0,2735000000.0,1282000000.0,88000000.0,2.122,0.245,0.0,0.0,0.0,0.0,404000000.0,124000000.0,0.0,0.0,0.0,129000000.0,253000000.0,0.12,253000000.0,129000000.0,112000000.0,0.11,0.11,0.11,12841000000.0,,12841000000.0,6322221841.0,25.0,8.013,126000000.0,0.218,1.0,826000000.0,0.392,5155000000.0,17000000.0,5940000000.0,,0.0,2497000000.0,0.0,2497000000.0,3141000000.0,2293000000.0,848000000.0,9467221841.0,-372000000.0,-300000000.0,0.0,0.0,-17000000.0,-26000000.0,-509000000.0,-115000000.0,220000000.0,-38000000.0,65000000.0,65000000.0,65000000.0,21000000.0,23000000.0,0.031,760000000.0,66000000.0,272000000.0,0.0,0.737,34.178,34.787,2910000000.0,0.0,16.35,1.111,1.111,1471000000.0,302000000.0,2108000000.0,2108000000.0,0.0,,,,,0.0,632000000.0,1.0,579034975.0,579034975.0,,3.641,10968000000.0,0.0,47000000.0,245000000.0,18.942,2572000000.0
28,NWSA,MRQ,2014-06-30,2014-06-30,2014-06-30,2021-09-22,610000000.0,16489000000.0,,5270000000.0,11219000000.0,,22.871,-114000000.0,3145000000.0,3145000000.0,1246000000.0,29000000.0,2.328,0.233,0.0,0.0,0.0,0.0,369000000.0,131000000.0,0.0,0.0,0.0,103000000.0,234000000.0,0.112,234000000.0,103000000.0,85000000.0,0.02,0.02,0.02,13243000000.0,,13243000000.0,7180676656.0,-23.0,29.309,112000000.0,0.193,1.0,852000000.0,0.406,4919000000.0,18000000.0,6161000000.0,,0.0,2609000000.0,0.0,2609000000.0,3090000000.0,2264000000.0,826000000.0,10387676656.0,125000000.0,87000000.0,0.0,0.0,-1000000.0,-2000000.0,-99000000.0,-72000000.0,226000000.0,9000000.0,13000000.0,13000000.0,13000000.0,142000000.0,16000000.0,0.006,684000000.0,168000000.0,276000000.0,0.0,0.784,43.463,43.756,3009000000.0,0.0,17.94,1.224,1.224,1454000000.0,237000000.0,2098000000.0,2098000000.0,0.0,,,,,0.0,532000000.0,1.0,579023225.0,579023225.0,,3.623,11570000000.0,0.0,72000000.0,224000000.0,19.982,3006000000.0
29,NWSA,MRQ,2014-03-31,2014-03-31,2014-03-31,2021-09-22,482000000.0,16543000000.0,,5370000000.0,11173000000.0,,22.511,-97000000.0,3207000000.0,3207000000.0,1259000000.0,61000000.0,2.15,0.259,0.0,0.0,0.0,0.0,406000000.0,142000000.0,0.0,0.0,0.0,66000000.0,208000000.0,0.1,208000000.0,66000000.0,49000000.0,0.08,0.08,0.08,13034000000.0,,13034000000.0,7062665404.0,-4.0,-5.488,299000000.0,0.516,1.0,819000000.0,0.394,4879000000.0,17000000.0,5959000000.0,,0.0,2551000000.0,0.0,2551000000.0,3375000000.0,2498000000.0,877000000.0,9970665404.0,272000000.0,-4000000.0,0.0,0.0,-10000000.0,-13000000.0,-111000000.0,-10000000.0,396000000.0,27000000.0,48000000.0,48000000.0,48000000.0,0.0,13000000.0,0.023,796000000.0,23000000.0,245000000.0,0.0,0.765,-11.103,-11.038,2959000000.0,0.0,17.22,1.153,1.153,1485000000.0,225000000.0,2078000000.0,2078000000.0,0.0,,,,,0.0,644000000.0,1.0,579016574.0,579016574.0,,3.589,11664000000.0,0.0,1000000.0,295000000.0,20.145,2872000000.0
30,NWSA,MRQ,2013-12-31,2013-12-31,2013-12-31,2021-09-22,257000000.0,15983000000.0,,5112000000.0,10871000000.0,,22.025,-80000000.0,2908000000.0,2908000000.0,1274000000.0,166000000.0,2.23,0.244,0.0,0.0,0.0,0.0,380000000.0,138000000.0,0.0,0.0,0.0,-44000000.0,94000000.0,0.042,94000000.0,-44000000.0,-60000000.0,0.26,0.26,0.26,12749000000.0,,12749000000.0,7742868422.0,-5.0,-7.758,268000000.0,0.463,1.0,964000000.0,0.431,4848000000.0,16000000.0,5935000000.0,,0.0,2431000000.0,0.0,2431000000.0,3112000000.0,2292000000.0,820000000.0,10430868422.0,245000000.0,-20000000.0,0.0,0.0,-1000000.0,-1000000.0,-102000000.0,-2000000.0,348000000.0,-25000000.0,151000000.0,151000000.0,151000000.0,0.0,15000000.0,0.067,811000000.0,153000000.0,325000000.0,0.0,0.818,-16.743,-16.685,2927000000.0,0.0,18.02,1.193,1.193,1481000000.0,177000000.0,2238000000.0,2238000000.0,0.0,,,,,0.0,637000000.0,1.0,578849524.0,578849524.0,,3.866,11135000000.0,147000000.0,-211000000.0,239000000.0,19.236,2820000000.0
31,NWSA,MRQ,2013-09-30,2013-09-30,2013-09-30,2021-09-22,489000000.0,16343000000.0,,5230000000.0,11113000000.0,,22.15,-67000000.0,2688000000.0,2688000000.0,1295000000.0,38000000.0,1.977,0.266,0.0,0.0,0.0,0.0,414000000.0,141000000.0,0.0,0.0,0.0,-432000000.0,-291000000.0,-0.14,-291000000.0,-432000000.0,-449000000.0,0.05,0.05,0.05,12821000000.0,,12821000000.0,6914878092.0,-61.0,15.366,-8000000.0,-0.014,1.0,777000000.0,0.375,4913000000.0,17000000.0,6097000000.0,,0.0,2571000000.0,0.0,2571000000.0,3404000000.0,2645000000.0,759000000.0,9295878092.0,291000000.0,94000000.0,0.0,0.0,-12000000.0,205000000.0,27000000.0,0.0,59000000.0,16000000.0,27000000.0,27000000.0,27000000.0,0.0,11000000.0,0.013,804000000.0,-27000000.0,651000000.0,0.0,0.725,14.873,14.87,3012000000.0,0.0,16.06,1.053,1.053,1426000000.0,27000000.0,2072000000.0,2072000000.0,0.0,,,,,0.0,636000000.0,1.0,578821799.0,578821799.0,,3.58,11430000000.0,584000000.0,-476000000.0,185000000.0,19.747,2585000000.0
32,NWSA,MRQ,2013-06-30,2013-06-30,2013-06-30,2021-09-22,271000000.0,15643000000.0,,4643000000.0,11000000000.0,,21.696,-105000000.0,2381000000.0,2381000000.0,1380000000.0,-1113000000.0,2.139,0.236,0.0,0.0,0.0,0.0,389000000.0,150000000.0,0.0,,0.0,-1448000000.0,-1298000000.0,-0.575,-1298000000.0,-1448000000.0,-1471000000.0,-1.95,-1.95,-1.95,12558000000.0,,12558000000.0,,,,-24000000.0,-0.041,1.0,877000000.0,0.389,4911000000.0,23000000.0,6180000000.0,,0.0,2499000000.0,0.0,2499000000.0,2967000000.0,2171000000.0,796000000.0,,922000000.0,125000000.0,0.0,0.0,0.0,823000000.0,18000000.0,-2000000.0,81000000.0,-80000000.0,-1124000000.0,-1124000000.0,-1124000000.0,0.0,11000000.0,-0.498,2403000000.0,-1526000000.0,242000000.0,0.0,,,,2992000000.0,0.0,,,,1582000000.0,0.0,2257000000.0,2257000000.0,0.0,,,,,0.0,747000000.0,1.0,578821799.0,578821799.0,,3.899,10732000000.0,0.0,-347000000.0,152000000.0,18.541,2472000000.0
33,NWSA,MRQ,2013-03-31,2013-03-31,2013-03-31,2021-09-22,,,,,,,,-86000000.0,,,1354000000.0,332000000.0,,,,,,,,144000000.0,,,0.0,353000000.0,497000000.0,0.228,497000000.0,353000000.0,328000000.0,0.56,0.56,0.56,,,,,,,329000000.0,0.568,1.0,826000000.0,0.379,,25000000.0,,,,,,,,,,,797000000.0,673000000.0,0.0,0.0,-9000000.0,-198000000.0,580000000.0,-7000000.0,415000000.0,1000000.0,323000000.0,323000000.0,323000000.0,0.0,9000000.0,0.148,855000000.0,-29000000.0,,0.0,,,,,0.0,,,,,,2180000000.0,2180000000.0,0.0,,,,,0.0,657000000.0,1.0,578821799.0,578821799.0,,3.766,,,5000000.0,,,
34,NWSA,MRQ,2012-12-31,2012-12-31,2012-12-31,2021-09-22,,,,,,,,-77000000.0,,,1352000000.0,1411000000.0,,,,,,,,129000000.0,,,0.0,1413000000.0,1542000000.0,0.664,1542000000.0,1413000000.0,1395000000.0,2.42,2.42,2.42,,,,,,,15000000.0,0.026,1.0,969000000.0,0.417,,18000000.0,,,,,,,,,,,-269000000.0,-1900000000.0,0.0,-235000000.0,0.0,1617000000.0,-1978000000.0,-1000000.0,92000000.0,0.0,1399000000.0,1399000000.0,1399000000.0,0.0,12000000.0,0.603,860000000.0,109000000.0,,0.0,,,,,0.0,,,,,,2321000000.0,2321000000.0,0.0,,,,,0.0,669000000.0,1.0,578821799.0,578821799.0,,4.01,,,-4000000.0,,,
35,NWSA,MRQ,2012-09-30,2012-09-30,2012-09-30,2021-09-22,,,,,,,,-64000000.0,,,1334000000.0,-83000000.0,,,,,,,,125000000.0,,,0.0,-109000000.0,16000000.0,0.008,16000000.0,-109000000.0,-120000000.0,-0.16,-0.16,-0.16,,,,,,,-151000000.0,-0.261,1.0,799000000.0,0.375,,11000000.0,,,,,,,,,,,-137000000.0,-228000000.0,0.0,0.0,-11000000.0,244000000.0,-294000000.0,-2000000.0,-87000000.0,14000000.0,-92000000.0,-92000000.0,-92000000.0,0.0,9000000.0,-0.043,950000000.0,-151000000.0,,0.0,,,,,0.0,,,,,,2133000000.0,2133000000.0,0.0,,,,,0.0,710000000.0,1.0,578821799.0,578821799.0,,3.685,,,-28000000.0,,,
36,NWSA,MRQ,2012-06-30,2012-06-30,2012-06-30,2021-09-22,1047000000.0,13090000000.0,,3115000000.0,9975000000.0,,15.219,,1133000000.0,1133000000.0,,,1.263,0.473,7762000000.0,0.0,7762000000.0,7762000000.0,386000000.0,,0.0,,0.0,,,,,,,,,,8809000000.0,,8809000000.0,,,,,,1.0,,,5049000000.0,,12203000000.0,,0.0,1126000000.0,0.0,1126000000.0,4171000000.0,2467000000.0,1704000000.0,,,,,,,,,,,,,,,,,,,,284000000.0,,,,,3274000000.0,,,,,1369000000.0,,,,,,,,,,,1.0,578821799.0,578821799.0,,,8041000000.0,0.0,,926000000.0,13.892,648000000.0
37,NWSA,MRQ,2011-06-30,2011-06-30,2011-06-30,2021-09-22,0.0,17008000000.0,,3994000000.0,13014000000.0,,,,2022000000.0,2022000000.0,,,1.555,0.368,0.0,0.0,0.0,0.0,447000000.0,,0.0,,0.0,,,,,,,,,,12429000000.0,,12429000000.0,,,,,,1.0,,,7891000000.0,,4527000000.0,,0.0,1035000000.0,0.0,1035000000.0,4579000000.0,2568000000.0,2011000000.0,,,,,,,,,,,,,,,,,,,,314000000.0,,,,,3725000000.0,,,,,1503000000.0,,,,,,,,,,,1.0,,,,,9117000000.0,0.0,,1379000000.0,,1426000000.0
0,NWSA,MRT,2021-06-30,2021-06-30,2021-06-30,2021-09-22,-941000000.0,16771000000.0,15415500000.0,4456000000.0,12315000000.0,0.607,13.898,-366000000.0,2236000000.0,2236000000.0,4831000000.0,389000000.0,1.378,0.929,3429000000.0,28000000.0,3401000000.0,3429000000.0,473000000.0,680000000.0,0.0,0.008,0.2,444000000.0,1124000000.0,0.12,1124000000.0,444000000.0,391000000.0,0.56,0.56,0.56,8211000000.0,8042250000.0,8211000000.0,15609218978.0,35.0,13.887,871000000.0,1.474,1.0,4527000000.0,0.484,6832000000.0,53000000.0,7898000000.0,6957000000.0,253000000.0,351000000.0,0.0,351000000.0,7625000000.0,3234000000.0,4391000000.0,15225218978.0,644000000.0,-886000000.0,0.0,958000000.0,-163000000.0,699000000.0,-1292000000.0,-39000000.0,1237000000.0,75000000.0,330000000.0,330000000.0,330000000.0,0.0,59000000.0,0.035,4102000000.0,425000000.0,321000000.0,0.357,1.854,46.137,46.018,3307000000.0,0.0,25.77,1.627,1.627,1498000000.0,-2911000000.0,9358000000.0,9358000000.0,0.0,0.021,0.041,0.064,0.047,0.0,3254000000.0,1.0,590811757.0,590811757.0,,15.839,9939000000.0,378000000.0,61000000.0,260000000.0,16.823,1222000000.0
1,NWSA,MRT,2021-03-31,2021-03-31,2021-03-31,2021-09-22,-965000000.0,15397000000.0,14788000000.0,3943000000.0,11454000000.0,0.594,13.861,-299000000.0,1974000000.0,1974000000.0,4576000000.0,3000000.0,1.244,0.766,2358000000.0,212000000.0,2146000000.0,2358000000.0,449000000.0,664000000.0,0.0,0.008,0.2,144000000.0,808000000.0,0.092,808000000.0,144000000.0,100000000.0,-0.1,-0.1,-0.1,8188000000.0,7885000000.0,8188000000.0,15876089145.0,110.0,19.649,1079000000.0,1.827,1.0,4213000000.0,0.479,6219000000.0,44000000.0,6393000000.0,6645500000.0,246000000.0,391000000.0,0.0,391000000.0,6268000000.0,3169000000.0,3099000000.0,15022089145.0,593000000.0,-121000000.0,0.0,-225000000.0,-162000000.0,-460000000.0,-446000000.0,-26000000.0,1378000000.0,104000000.0,-53000000.0,-53000000.0,-53000000.0,0.0,56000000.0,-0.006,4091000000.0,122000000.0,336000000.0,-2.0,1.835,-283.436,-254.3,3323000000.0,0.0,25.43,1.709,1.709,1335000000.0,-2897000000.0,8789000000.0,8789000000.0,0.0,-0.004,-0.007,0.022,0.016,0.0,2955000000.0,1.0,590723128.0,590723128.0,,14.878,9178000000.0,302000000.0,153000000.0,334000000.0,15.537,774000000.0
2,NWSA,MRT,2020-12-31,2020-12-31,2020-12-31,2021-09-22,-990000000.0,15094000000.0,14504000000.0,3596000000.0,11498000000.0,0.601,13.768,-345000000.0,1562000000.0,1562000000.0,4673000000.0,-1129000000.0,1.257,0.74,2416000000.0,212000000.0,2204000000.0,2416000000.0,400000000.0,651000000.0,0.0,0.011,0.2,-721000000.0,-70000000.0,-0.008,-70000000.0,-721000000.0,-762000000.0,-1.47,-1.47,-1.47,8131000000.0,7733500000.0,8131000000.0,11492820033.0,-16.0,-164.183,726000000.0,1.229,1.0,4047000000.0,0.464,6226000000.0,41000000.0,6861000000.0,6710250000.0,203000000.0,353000000.0,0.0,353000000.0,6020000000.0,2861000000.0,3159000000.0,10612820033.0,239000000.0,-120000000.0,0.0,-158000000.0,-157000000.0,-363000000.0,-469000000.0,0.0,1071000000.0,51000000.0,-862000000.0,-862000000.0,-862000000.0,0.0,-267000000.0,-0.099,5063000000.0,-1016000000.0,291000000.0,-0.136,1.305,-12.312,-12.224,3389000000.0,0.0,17.97,1.217,1.217,1444000000.0,-2976000000.0,8720000000.0,8720000000.0,0.0,-0.059,-0.111,-0.107,-0.083,0.0,2845000000.0,1.0,590585422.0,590585422.0,,14.765,8868000000.0,337000000.0,100000000.0,339000000.0,15.016,735000000.0
3,NWSA,MRT,2020-09-30,2020-09-30,2020-09-30,2021-09-22,-1235000000.0,14400000000.0,14801000000.0,3435000000.0,10965000000.0,0.594,12.978,-379000000.0,1539000000.0,1539000000.0,4826000000.0,-1287000000.0,1.255,0.778,2419000000.0,78000000.0,2341000000.0,2419000000.0,409000000.0,646000000.0,0.0,0.014,0.2,-904000000.0,-258000000.0,-0.029,-258000000.0,-904000000.0,-941000000.0,-1.71,-1.72,-1.71,7639000000.0,7940250000.0,7639000000.0,9140507751.0,-10.0,-35.428,529000000.0,0.899,1.0,3959000000.0,0.451,5866000000.0,37000000.0,6676000000.0,6893500000.0,203000000.0,314000000.0,0.0,314000000.0,5946000000.0,2738000000.0,3208000000.0,8252507751.0,76000000.0,-33000000.0,0.0,-205000000.0,-156000000.0,-427000000.0,-405000000.0,1000000.0,908000000.0,22000000.0,-1008000000.0,-1008000000.0,-1008000000.0,0.0,-279000000.0,-0.115,5118000000.0,-1159000000.0,322000000.0,-0.117,1.08,-8.187,-8.199,3273000000.0,0.0,14.02,0.939,0.939,1240000000.0,-3207000000.0,8785000000.0,8785000000.0,0.0,-0.068,-0.127,-0.131,-0.103,0.0,2899000000.0,1.0,588623948.0,588623948.0,,14.925,8534000000.0,337000000.0,67000000.0,263000000.0,14.498,697000000.0
4,NWSA,MRT,2020-06-30,2020-06-30,2020-06-30,2021-09-22,-1331000000.0,14261000000.0,15259250000.0,3461000000.0,10800000000.0,0.59,12.884,-402000000.0,1517000000.0,1517000000.0,5000000000.0,-1545000000.0,1.29,0.774,2405000000.0,76000000.0,2329000000.0,2405000000.0,398000000.0,644000000.0,0.0,0.017,0.2,-1223000000.0,-579000000.0,-0.064,-579000000.0,-1223000000.0,-1248000000.0,-2.16,-2.16,-2.16,7582000000.0,8209000000.0,7582000000.0,7955457077.0,-7.0,-13.74,378000000.0,0.642,1.0,4008000000.0,0.445,5815000000.0,25000000.0,6652000000.0,6933000000.0,348000000.0,297000000.0,0.0,297000000.0,5872000000.0,2682000000.0,3190000000.0,6979457077.0,-119000000.0,-32000000.0,0.0,-300000000.0,-158000000.0,-472000000.0,-427000000.0,3000000.0,780000000.0,-7000000.0,-1269000000.0,-1269000000.0,-1269000000.0,0.0,-276000000.0,-0.141,5469000000.0,-1461000000.0,351000000.0,-0.093,0.921,-5.5,-5.491,3317000000.0,0.0,11.86,0.775,0.775,1203000000.0,-3241000000.0,9008000000.0,9008000000.0,0.0,-0.083,-0.155,-0.176,-0.136,0.0,2995000000.0,1.0,588487106.0,588487106.0,,15.307,8446000000.0,332000000.0,21000000.0,258000000.0,14.352,779000000.0
5,NWSA,MRT,2020-03-31,2020-03-31,2020-03-31,2021-09-22,-1331000000.0,14261000000.0,15621750000.0,3461000000.0,10800000000.0,0.611,12.889,-433000000.0,1517000000.0,1517000000.0,5387000000.0,-1186000000.0,1.29,0.774,2405000000.0,76000000.0,2329000000.0,2405000000.0,398000000.0,649000000.0,0.0,0.022,0.2,-861000000.0,-212000000.0,-0.022,-212000000.0,-861000000.0,-888000000.0,-1.56,-1.58,-1.56,7582000000.0,8599500000.0,7582000000.0,6551688858.0,-8.0,-30.904,296000000.0,0.503,1.0,4164000000.0,0.436,5815000000.0,27000000.0,6652000000.0,6422000000.0,348000000.0,297000000.0,0.0,297000000.0,5872000000.0,2682000000.0,3190000000.0,5279688858.0,-228000000.0,-53000000.0,0.0,-320000000.0,-159000000.0,-450000000.0,-481000000.0,2000000.0,729000000.0,-48000000.0,-923000000.0,-923000000.0,-923000000.0,0.0,-263000000.0,-0.097,5294000000.0,-1130000000.0,351000000.0,-0.128,0.696,-5.72,-5.753,3317000000.0,0.0,8.975,0.553,0.553,1203000000.0,-3241000000.0,9551000000.0,9551000000.0,0.0,-0.059,-0.107,-0.134,-0.09,0.0,3077000000.0,1.0,588266168.0,588266168.0,,16.236,8446000000.0,332000000.0,35000000.0,258000000.0,14.357,779000000.0
6,NWSA,MRT,2019-12-31,2019-12-31,2019-12-31,2021-09-22,-1117000000.0,16282000000.0,16071000000.0,3718000000.0,12564000000.0,0.606,15.23,-464000000.0,1272000000.0,1272000000.0,5504000000.0,-127000000.0,1.363,0.687,2544000000.0,0.0,2544000000.0,2544000000.0,411000000.0,657000000.0,0.0,0.014,0.2,-99000000.0,558000000.0,0.057,558000000.0,-99000000.0,-131000000.0,-0.3,-0.32,-0.3,8958000000.0,9026250000.0,8958000000.0,9533971349.0,-96.0,17.086,298000000.0,0.507,1.0,4238000000.0,0.435,7233000000.0,32000000.0,7594000000.0,5894000000.0,358000000.0,325000000.0,0.0,325000000.0,6155000000.0,2727000000.0,3428000000.0,8316971349.0,-345000000.0,-10000000.0,0.0,-472000000.0,-161000000.0,-605000000.0,-502000000.0,-33000000.0,762000000.0,-1000000.0,-183000000.0,-183000000.0,-183000000.0,0.0,56000000.0,-0.019,4280000000.0,-42000000.0,375000000.0,-0.667,0.928,-45.448,-47.133,3775000000.0,0.0,14.14,0.854,0.854,1570000000.0,-2114000000.0,9742000000.0,9742000000.0,0.0,-0.011,-0.02,-0.017,-0.01,0.0,3146000000.0,1.0,588187507.0,588187507.0,,16.563,9049000000.0,283000000.0,52000000.0,268000000.0,15.385,991000000.0
7,NWSA,MRT,2019-09-30,2019-09-30,2019-09-30,2021-09-22,-1266000000.0,16233000000.0,16057250000.0,3799000000.0,12434000000.0,0.616,14.889,-450000000.0,1441000000.0,1441000000.0,5637000000.0,-111000000.0,1.088,0.735,2658000000.0,622000000.0,2036000000.0,2658000000.0,448000000.0,658000000.0,0.0,0.014,0.2,-79000000.0,579000000.0,0.059,579000000.0,-79000000.0,-118000000.0,-0.29,-0.3,-0.29,8714000000.0,9102750000.0,8714000000.0,7957037354.0,-101.0,13.743,392000000.0,0.67,1.0,4253000000.0,0.43,7124000000.0,39000000.0,6834000000.0,5190750000.0,402000000.0,329000000.0,0.0,329000000.0,6404000000.0,3492000000.0,2912000000.0,8147037354.0,-413000000.0,-194000000.0,0.0,-465000000.0,-160000000.0,-581000000.0,-674000000.0,-33000000.0,842000000.0,-32000000.0,-173000000.0,-173000000.0,-173000000.0,0.0,62000000.0,-0.017,4271000000.0,-18000000.0,406000000.0,-0.69,0.935,-47.093,-48.0,3723000000.0,0.0,13.92,0.824,0.824,1540000000.0,-2200000000.0,9890000000.0,9890000000.0,0.0,-0.011,-0.019,-0.015,-0.008,0.0,3146000000.0,1.0,585275672.0,585275672.0,,16.898,9109000000.0,305000000.0,55000000.0,274000000.0,15.564,307000000.0
8,NWSA,MRT,2019-06-30,2019-06-30,2019-06-30,2021-09-22,-1126000000.0,15711000000.0,16071000000.0,4050000000.0,11661000000.0,0.627,15.626,-469000000.0,1643000000.0,1643000000.0,5639000000.0,228000000.0,1.213,0.591,1453000000.0,449000000.0,1004000000.0,1453000000.0,428000000.0,659000000.0,0.0,0.015,0.2,340000000.0,999000000.0,0.099,999000000.0,340000000.0,281000000.0,0.27,0.26,0.27,9144000000.0,9239500000.0,9144000000.0,7791834894.0,23.0,7.8,459000000.0,0.784,1.0,4435000000.0,0.44,7573000000.0,59000000.0,4608000000.0,4720750000.0,348000000.0,335000000.0,0.0,335000000.0,5400000000.0,3340000000.0,2060000000.0,7893834894.0,-359000000.0,-188000000.0,0.0,-435000000.0,-161000000.0,-610000000.0,-677000000.0,-38000000.0,928000000.0,-32000000.0,155000000.0,155000000.0,155000000.0,0.0,73000000.0,0.015,4038000000.0,397000000.0,411000000.0,0.741,0.863,50.928,49.963,2554000000.0,0.0,13.49,0.784,0.784,1544000000.0,-1979000000.0,10074000000.0,10074000000.0,0.0,0.01,0.017,0.072,0.034,0.0,3191000000.0,1.0,585161964.0,585161964.0,,17.216,8138000000.0,269000000.0,126000000.0,295000000.0,13.907,710000000.0
9,NWSA,MRT,2019-03-31,2019-03-31,2019-03-31,2021-09-22,-1019000000.0,16058000000.0,16229750000.0,4247000000.0,11811000000.0,0.635,15.88,-531000000.0,1648000000.0,1648000000.0,5689000000.0,-85000000.0,1.154,0.603,1546000000.0,678000000.0,868000000.0,1546000000.0,460000000.0,669000000.0,0.0,0.016,0.2,71000000.0,740000000.0,0.072,740000000.0,71000000.0,10000000.0,-0.29,-0.29,-0.29,9289000000.0,9276250000.0,9289000000.0,7338849269.0,103.0,9.917,422000000.0,0.721,1.0,4612000000.0,0.448,7737000000.0,61000000.0,4540000000.0,4838750000.0,404000000.0,347000000.0,0.0,347000000.0,5600000000.0,3679000000.0,1921000000.0,7276849269.0,-435000000.0,-152000000.0,0.0,-376000000.0,-161000000.0,-665000000.0,-700000000.0,-45000000.0,953000000.0,-52000000.0,-165000000.0,-165000000.0,-165000000.0,0.0,80000000.0,-0.016,4141000000.0,471000000.0,432000000.0,-0.69,0.783,-44.102,-42.897,2557000000.0,0.0,12.44,0.706,0.706,1631000000.0,-1927000000.0,10301000000.0,10301000000.0,0.0,-0.01,-0.018,0.015,0.007,0.0,3323000000.0,1.0,584955729.0,584955729.0,,17.61,8321000000.0,257000000.0,175000000.0,321000000.0,14.225,568000000.0
10,NWSA,MRT,2018-12-31,2018-12-31,2018-12-31,2021-09-22,-1076000000.0,16227000000.0,15558250000.0,4429000000.0,11798000000.0,0.639,15.84,-345000000.0,1618000000.0,1618000000.0,5440000000.0,-1218000000.0,1.193,0.625,1680000000.0,744000000.0,936000000.0,1680000000.0,430000000.0,601000000.0,0.0,0.018,0.2,-1087000000.0,-486000000.0,-0.049,-486000000.0,-1087000000.0,-1132000000.0,-2.25,-2.25,-2.25,9264000000.0,9377750000.0,9264000000.0,6608991329.0,-6.0,-13.599,566000000.0,0.968,1.0,4497000000.0,0.453,7796000000.0,45000000.0,4781000000.0,4460500000.0,400000000.0,345000000.0,0.0,345000000.0,5793000000.0,3712000000.0,2081000000.0,6637991329.0,-172000000.0,-204000000.0,0.0,-232000000.0,-159000000.0,-529000000.0,-554000000.0,-31000000.0,911000000.0,-66000000.0,-1303000000.0,-1303000000.0,-1303000000.0,0.0,85000000.0,-0.131,4236000000.0,261000000.0,625000000.0,-0.089,0.717,-5.094,-5.044,2517000000.0,0.0,11.35,0.668,0.668,1853000000.0,-1937000000.0,9937000000.0,9937000000.0,0.0,-0.084,-0.139,-0.244,-0.109,0.0,3274000000.0,1.0,584845051.0,584845051.0,,16.991,8431000000.0,228000000.0,171000000.0,384000000.0,14.416,717000000.0
11,NWSA,MRT,2018-09-30,2018-09-30,2018-09-30,2021-09-22,-970000000.0,16288000000.0,15091250000.0,4469000000.0,11819000000.0,0.629,15.885,-297000000.0,1886000000.0,1886000000.0,5095000000.0,-1403000000.0,1.261,0.633,1857000000.0,671000000.0,1186000000.0,1857000000.0,436000000.0,538000000.0,0.0,0.015,0.2,-1101000000.0,-563000000.0,-0.059,-563000000.0,-1101000000.0,-1130000000.0,-2.55,-2.55,-2.55,9261000000.0,9776750000.0,9261000000.0,7608024105.0,-7.0,-13.513,577000000.0,0.99,1.0,4395000000.0,0.463,7760000000.0,29000000.0,4954000000.0,4320750000.0,388000000.0,390000000.0,0.0,390000000.0,5858000000.0,3545000000.0,2313000000.0,7690024105.0,62000000.0,-17000000.0,0.0,-179000000.0,-160000000.0,-491000000.0,-321000000.0,-49000000.0,874000000.0,-53000000.0,-1481000000.0,-1481000000.0,-1481000000.0,0.0,78000000.0,-0.156,4106000000.0,289000000.0,537000000.0,-0.078,0.83,-5.192,-5.173,2512000000.0,0.0,13.19,0.81,0.81,1648000000.0,-2032000000.0,9490000000.0,9490000000.0,0.0,-0.098,-0.151,-0.255,-0.116,0.0,3214000000.0,1.0,583019265.0,583019265.0,,16.277,8528000000.0,260000000.0,351000000.0,401000000.0,14.627,924000000.0
12,NWSA,MRT,2018-06-30,2018-06-30,2018-06-30,2021-09-22,-874000000.0,16346000000.0,14684750000.0,4394000000.0,11952000000.0,0.615,15.939,-226000000.0,2034000000.0,2034000000.0,4904000000.0,-1444000000.0,1.334,0.632,1952000000.0,462000000.0,1490000000.0,1952000000.0,516000000.0,472000000.0,0.0,0.013,0.2,-1152000000.0,-680000000.0,-0.075,-680000000.0,-1152000000.0,-1159000000.0,-2.6,-2.6,-2.6,9291000000.0,10189750000.0,9291000000.0,7106914970.0,-6.0,-10.451,531000000.0,0.911,1.0,4120000000.0,0.457,7889000000.0,7000000.0,5080000000.0,4188750000.0,376000000.0,393000000.0,0.0,393000000.0,5869000000.0,3295000000.0,2574000000.0,9034914970.0,38000000.0,-77000000.0,0.0,-118000000.0,-158000000.0,-398000000.0,-321000000.0,-51000000.0,757000000.0,-20000000.0,-1514000000.0,-1514000000.0,-1514000000.0,0.0,70000000.0,-0.168,3872000000.0,248000000.0,605000000.0,-0.077,0.972,-5.968,-5.962,2560000000.0,0.0,15.5,1.001,1.001,1612000000.0,-2163000000.0,9024000000.0,9024000000.0,0.0,-0.103,-0.149,-0.275,-0.128,0.0,3049000000.0,1.0,582897740.0,582897740.0,,15.481,8457000000.0,279000000.0,355000000.0,389000000.0,14.509,1099000000.0
13,NWSA,MRT,2018-03-31,2018-03-31,2018-03-31,2021-09-22,-829000000.0,13372000000.0,14236250000.0,3986000000.0,9386000000.0,0.591,16.637,-112000000.0,2112000000.0,2112000000.0,4584000000.0,-1513000000.0,1.616,0.349,184000000.0,0.0,184000000.0,184000000.0,448000000.0,397000000.0,0.0,0.013,0.2,-1342000000.0,-945000000.0,-0.112,-945000000.0,-1342000000.0,-1264000000.0,-2.7,-2.7,-2.7,9695000000.0,10564250000.0,9695000000.0,7538274889.0,-6.0,-7.977,628000000.0,1.078,1.0,3827000000.0,0.455,5950000000.0,-78000000.0,3027000000.0,4004750000.0,0.0,957000000.0,0.0,957000000.0,3381000000.0,2467000000.0,914000000.0,9207274889.0,-74000000.0,-379000000.0,0.0,-93000000.0,-158000000.0,-299000000.0,-515000000.0,-47000000.0,740000000.0,21000000.0,-1572000000.0,-1572000000.0,-1572000000.0,0.0,59000000.0,-0.187,4046000000.0,-219000000.0,230000000.0,-0.074,0.95,-5.857,-5.852,1642000000.0,0.0,15.8,1.095,1.095,1328000000.0,-1792000000.0,8411000000.0,8411000000.0,0.0,-0.11,-0.149,-0.335,-0.16,0.0,2858000000.0,1.0,582738917.0,582738917.0,,14.434,7422000000.0,370000000.0,308000000.0,55000000.0,12.736,1519000000.0
14,NWSA,MRT,2017-12-31,2017-12-31,2017-12-31,2021-09-22,-832000000.0,14359000000.0,14614750000.0,3718000000.0,10641000000.0,0.568,18.64,-49000000.0,1856000000.0,1856000000.0,4534000000.0,-403000000.0,1.638,0.295,187000000.0,0.0,187000000.0,187000000.0,390000000.0,406000000.0,0.0,0.012,0.2,-167000000.0,239000000.0,0.029,239000000.0,-167000000.0,-99000000.0,-0.77,-0.77,-0.77,10860000000.0,10925250000.0,10860000000.0,7848299735.0,-47.0,32.838,648000000.0,1.112,1.0,3762000000.0,0.453,6198000000.0,-68000000.0,4222000000.0,4416250000.0,0.0,2019000000.0,0.0,2019000000.0,3201000000.0,2270000000.0,931000000.0,9444299735.0,-79000000.0,-373000000.0,0.0,-93000000.0,-155000000.0,-298000000.0,-478000000.0,-92000000.0,697000000.0,56000000.0,-449000000.0,-449000000.0,-449000000.0,0.0,46000000.0,-0.054,3743000000.0,19000000.0,216000000.0,-0.26,0.87,-21.034,-21.052,1631000000.0,0.0,16.21,1.138,1.138,1379000000.0,-664000000.0,8296000000.0,8296000000.0,0.0,-0.031,-0.041,-0.038,-0.02,0.0,2759000000.0,1.0,582621822.0,582621822.0,,14.239,8161000000.0,349000000.0,350000000.0,59000000.0,14.007,1448000000.0
15,NWSA,MRT,2017-09-30,2017-09-30,2017-09-30,2021-09-22,-852000000.0,14662000000.0,14656750000.0,3768000000.0,10894000000.0,0.562,18.753,-22000000.0,1877000000.0,1877000000.0,4521000000.0,-556000000.0,1.559,0.318,281000000.0,0.0,281000000.0,281000000.0,448000000.0,426000000.0,0.0,0.015,0.2,-624000000.0,-198000000.0,-0.024,-198000000.0,-624000000.0,-572000000.0,-1.13,-1.13,-1.13,10913000000.0,10949000000.0,10913000000.0,5976468456.0,-10.0,-30.184,739000000.0,1.27,1.0,3711000000.0,0.451,6223000000.0,-52000000.0,4426000000.0,4565000000.0,0.0,2044000000.0,0.0,2044000000.0,3466000000.0,2417000000.0,1049000000.0,7716468456.0,42000000.0,-433000000.0,0.0,0.0,-155000000.0,-189000000.0,-530000000.0,-110000000.0,761000000.0,21000000.0,-655000000.0,-655000000.0,-655000000.0,0.0,99000000.0,-0.08,4059000000.0,-348000000.0,235000000.0,-0.177,0.707,-11.781,-11.735,1636000000.0,0.0,13.26,0.937,0.937,1365000000.0,-581000000.0,8232000000.0,8232000000.0,0.0,-0.045,-0.06,-0.137,-0.076,0.0,2711000000.0,1.0,581935781.0,581935781.0,,14.146,8439000000.0,553000000.0,83000000.0,73000000.0,14.502,1351000000.0
16,NWSA,MRT,2017-06-30,2017-06-30,2017-06-30,2021-09-22,-964000000.0,14552000000.0,14808500000.0,3815000000.0,10737000000.0,0.55,18.544,15000000.0,2016000000.0,2016000000.0,4529000000.0,-643000000.0,1.556,0.322,379000000.0,103000000.0,276000000.0,379000000.0,426000000.0,449000000.0,0.0,0.015,0.2,-749000000.0,-300000000.0,-0.037,-300000000.0,-749000000.0,-710000000.0,-1.27,-1.27,-1.27,10789000000.0,11103250000.0,10789000000.0,6393818619.0,-9.0,-21.313,509000000.0,0.875,1.0,3610000000.0,0.444,6119000000.0,-39000000.0,4344000000.0,4856000000.0,208000000.0,2027000000.0,0.0,2027000000.0,3479000000.0,2452000000.0,1027000000.0,7970818619.0,-143000000.0,-347000000.0,0.0,-23000000.0,-152000000.0,-217000000.0,-420000000.0,-98000000.0,494000000.0,12000000.0,-738000000.0,-738000000.0,-738000000.0,0.0,95000000.0,-0.091,4104000000.0,-494000000.0,222000000.0,-0.157,0.739,-10.801,-10.787,1624000000.0,0.0,13.7,0.979,0.979,1276000000.0,-648000000.0,8139000000.0,8139000000.0,0.0,-0.05,-0.066,-0.154,-0.092,0.0,2728000000.0,1.0,581811578.0,581811578.0,,13.989,8433000000.0,525000000.0,28000000.0,61000000.0,14.494,1363000000.0
17,NWSA,MRT,2017-03-31,2017-03-31,2017-03-31,2021-09-22,-1045000000.0,14886000000.0,15041250000.0,3762000000.0,11124000000.0,0.551,19.156,29000000.0,1850000000.0,1850000000.0,4636000000.0,-110000000.0,1.529,0.311,273000000.0,0.0,273000000.0,273000000.0,435000000.0,484000000.0,0.0,0.015,0.2,-82000000.0,402000000.0,0.049,402000000.0,-82000000.0,-121000000.0,-0.39,-0.39,-0.39,11139000000.0,11297000000.0,11139000000.0,6263383416.0,-76.0,15.581,603000000.0,1.037,1.0,3649000000.0,0.44,6175000000.0,39000000.0,4673000000.0,5105500000.0,0.0,2010000000.0,0.0,2010000000.0,3469000000.0,2461000000.0,1008000000.0,7559383416.0,-104000000.0,-382000000.0,0.0,-23000000.0,-152000000.0,-206000000.0,-472000000.0,-136000000.0,574000000.0,-18000000.0,-219000000.0,-219000000.0,-219000000.0,5000000.0,109000000.0,-0.026,3379000000.0,270000000.0,229000000.0,-0.513,0.679,-34.518,-33.333,1961000000.0,0.0,13.0,0.912,0.912,1326000000.0,-219000000.0,8285000000.0,8285000000.0,0.0,-0.015,-0.019,-0.016,-0.01,0.0,2740000000.0,1.0,581491032.0,581491032.0,,14.248,8711000000.0,536000000.0,98000000.0,82000000.0,14.98,1301000000.0
18,NWSA,MRT,2016-12-31,2016-12-31,2016-12-31,2021-09-22,-1289000000.0,14527000000.0,15248750000.0,3591000000.0,10936000000.0,0.538,18.844,-144000000.0,1564000000.0,1564000000.0,4619000000.0,-240000000.0,1.545,0.301,268000000.0,0.0,268000000.0,268000000.0,404000000.0,501000000.0,0.0,0.017,0.2,-366000000.0,135000000.0,0.016,135000000.0,-366000000.0,-408000000.0,-0.64,-0.64,-0.64,10955000000.0,11423750000.0,10955000000.0,5540213391.0,-15.0,41.039,389000000.0,0.669,1.0,3579000000.0,0.437,6089000000.0,42000000.0,4817000000.0,5326000000.0,0.0,1932000000.0,0.0,1932000000.0,3299000000.0,2325000000.0,974000000.0,6662213391.0,-278000000.0,-762000000.0,-23000000.0,319000000.0,-150000000.0,128000000.0,-979000000.0,-108000000.0,533000000.0,-41000000.0,-363000000.0,-363000000.0,-363000000.0,7000000.0,123000000.0,-0.044,3654000000.0,-75000000.0,240000000.0,-0.312,0.608,-18.353,-17.906,1981000000.0,0.0,11.46,0.813,0.813,1528000000.0,-213000000.0,8198000000.0,8198000000.0,0.0,-0.024,-0.032,-0.069,-0.045,0.0,2727000000.0,1.0,581344973.0,581344973.0,,14.102,8438000000.0,549000000.0,-45000000.0,40000000.0,14.515,1266000000.0
19,NWSA,MRT,2016-09-30,2016-09-30,2016-09-30,2021-09-22,-986000000.0,15269000000.0,15335750000.0,3328000000.0,11941000000.0,0.538,19.874,-177000000.0,1499000000.0,1499000000.0,4686000000.0,61000000.0,1.455,0.306,377000000.0,0.0,377000000.0,377000000.0,401000000.0,504000000.0,0.0,0.014,0.2,63000000.0,567000000.0,0.069,567000000.0,63000000.0,25000000.0,-0.03,-0.03,-0.03,11530000000.0,11633000000.0,11530000000.0,6332755211.0,101.0,11.169,289000000.0,0.498,1.0,3557000000.0,0.432,6270000000.0,38000000.0,5590000000.0,5532250000.0,0.0,2269000000.0,0.0,2269000000.0,3523000000.0,2287000000.0,1236000000.0,8110755211.0,-407000000.0,-788000000.0,-26000000.0,319000000.0,-149000000.0,128000000.0,-1036000000.0,-91000000.0,466000000.0,8000000.0,-11000000.0,-11000000.0,-11000000.0,31000000.0,72000000.0,-0.001,3346000000.0,211000000.0,240000000.0,-6.667,0.703,-737.341,-466.0,2367000000.0,0.0,13.98,0.984,0.984,1294000000.0,76000000.0,8243000000.0,8243000000.0,0.0,-0.001,-0.001,0.011,0.008,0.0,2750000000.0,1.0,580168470.0,580168470.0,,14.208,8999000000.0,628000000.0,36000000.0,171000000.0,15.511,1041000000.0
20,NWSA,MRT,2016-06-30,2016-06-30,2016-06-30,2021-09-22,-1026000000.0,15483000000.0,15207500000.0,3889000000.0,11594000000.0,0.545,19.938,-215000000.0,2147000000.0,2147000000.0,4728000000.0,250000000.0,1.593,0.32,369000000.0,0.0,369000000.0,369000000.0,388000000.0,505000000.0,0.0,0.018,0.2,168000000.0,673000000.0,0.081,673000000.0,168000000.0,125000000.0,0.3,0.3,0.3,11564000000.0,11654500000.0,11564000000.0,4979819910.0,30.0,7.399,663000000.0,1.143,1.0,3564000000.0,0.43,5921000000.0,43000000.0,5342000000.0,5519000000.0,0.0,2270000000.0,0.0,2270000000.0,3701000000.0,2442000000.0,1259000000.0,6582819910.0,-83000000.0,-834000000.0,-41000000.0,342000000.0,-147000000.0,150000000.0,-1111000000.0,-105000000.0,878000000.0,-36000000.0,179000000.0,179000000.0,179000000.0,-15000000.0,71000000.0,0.022,3316000000.0,248000000.0,217000000.0,0.667,0.569,36.776,37.833,2405000000.0,0.0,11.35,0.794,0.794,1229000000.0,150000000.0,8292000000.0,8292000000.0,0.0,0.012,0.015,0.03,0.02,0.0,2722000000.0,1.0,579984133.0,579984133.0,,14.297,9562000000.0,602000000.0,-54000000.0,171000000.0,16.487,1447000000.0
21,NWSA,MRT,2016-03-31,2016-03-31,2016-03-31,2021-09-22,-845000000.0,15716000000.0,15095500000.0,3905000000.0,11811000000.0,0.542,20.065,-88000000.0,1972000000.0,1972000000.0,4691000000.0,-222000000.0,1.475,0.332,369000000.0,0.0,369000000.0,369000000.0,378000000.0,493000000.0,0.0,0.016,0.2,-333000000.0,160000000.0,0.02,160000000.0,-333000000.0,-381000000.0,-0.51,-0.51,-0.51,11646000000.0,11749750000.0,11646000000.0,5528974306.0,-17.0,34.556,440000000.0,0.758,1.0,3492000000.0,0.427,5910000000.0,48000000.0,5555000000.0,5610500000.0,0.0,2264000000.0,0.0,2264000000.0,3871000000.0,2648000000.0,1223000000.0,7411974306.0,-40000000.0,-618000000.0,-71000000.0,342000000.0,-89000000.0,174000000.0,-916000000.0,-175000000.0,528000000.0,-15000000.0,-289000000.0,-289000000.0,-289000000.0,363000000.0,67000000.0,-0.035,3563000000.0,-71000000.0,227000000.0,-0.392,0.636,-25.647,-25.039,2499000000.0,0.0,12.77,0.906,0.906,1254000000.0,60000000.0,8183000000.0,8183000000.0,0.0,-0.019,-0.025,-0.059,-0.041,0.0,2674000000.0,1.0,580420854.0,580420854.0,,14.098,9806000000.0,666000000.0,-92000000.0,200000000.0,16.895,1257000000.0
22,NWSA,MRT,2015-12-31,2015-12-31,2015-12-31,2021-09-22,-923000000.0,14875000000.0,15088000000.0,3795000000.0,11080000000.0,0.552,20.29,-96000000.0,1883000000.0,1883000000.0,4811000000.0,-58000000.0,1.811,0.246,0.0,0.0,0.0,0.0,337000000.0,491000000.0,0.0,0.007,0.1,-37000000.0,454000000.0,0.054,454000000.0,-37000000.0,-86000000.0,-0.21,-0.21,-0.21,11792000000.0,11930500000.0,11792000000.0,5866501808.0,-159.0,12.922,537000000.0,0.924,1.0,3522000000.0,0.423,5254000000.0,49000000.0,5642000000.0,5612500000.0,0.0,2288000000.0,0.0,2288000000.0,2896000000.0,2096000000.0,800000000.0,7764501808.0,19000000.0,-220000000.0,-48000000.0,0.0,-87000000.0,-133000000.0,-526000000.0,-160000000.0,633000000.0,-54000000.0,-117000000.0,-117000000.0,-117000000.0,383000000.0,59000000.0,-0.014,3271000000.0,251000000.0,248000000.0,-0.476,0.658,-66.363,-63.619,2554000000.0,0.0,13.36,0.932,0.932,1409000000.0,268000000.0,8333000000.0,8333000000.0,0.0,-0.008,-0.01,-0.007,-0.004,0.0,2678000000.0,1.0,581175285.0,581175285.0,,14.338,9621000000.0,0.0,31000000.0,145000000.0,16.554,1699000000.0
23,NWSA,MRT,2015-09-30,2015-09-30,2015-09-30,2021-09-22,-1025000000.0,14756000000.0,15361750000.0,3889000000.0,10867000000.0,0.549,20.006,-95000000.0,1898000000.0,1898000000.0,4869000000.0,23000000.0,1.795,0.256,0.0,0.0,0.0,0.0,354000000.0,495000000.0,0.0,0.008,0.1,61000000.0,556000000.0,0.066,556000000.0,61000000.0,10000000.0,-0.08,-0.08,-0.08,11616000000.0,12135000000.0,11616000000.0,5376539772.0,88.0,9.67,657000000.0,1.132,1.0,3561000000.0,0.422,5155000000.0,51000000.0,5537000000.0,5651250000.0,0.0,2196000000.0,0.0,2196000000.0,2975000000.0,2166000000.0,809000000.0,7327539772.0,-745000000.0,-904000000.0,-45000000.0,-129000000.0,-29000000.0,-201000000.0,-1318000000.0,-269000000.0,752000000.0,-92000000.0,-37000000.0,-37000000.0,-37000000.0,378000000.0,60000000.0,-0.004,3237000000.0,324000000.0,272000000.0,-1.25,0.631,-198.042,-157.75,2553000000.0,0.0,12.62,0.869,0.869,1361000000.0,204000000.0,8430000000.0,8430000000.0,0.0,-0.002,-0.003,0.011,0.007,0.0,2645000000.0,1.0,580629142.0,580629142.0,,14.519,9601000000.0,0.0,47000000.0,171000000.0,16.536,1723000000.0
24,NWSA,MRT,2015-06-30,2015-06-30,2015-06-30,2021-09-22,-582000000.0,15035000000.0,15703500000.0,4014000000.0,11021000000.0,0.543,20.482,-126000000.0,1951000000.0,1951000000.0,4952000000.0,-78000000.0,1.902,0.244,0.0,0.0,0.0,0.0,346000000.0,498000000.0,0.0,0.0,0.0,94000000.0,592000000.0,0.069,592000000.0,94000000.0,38000000.0,-0.26,-0.26,-0.26,11945000000.0,12441250000.0,11945000000.0,6481795660.0,69.0,10.949,705000000.0,1.209,1.0,3572000000.0,0.419,5266000000.0,56000000.0,5708000000.0,5752000000.0,0.0,2379000000.0,0.0,2379000000.0,2919000000.0,2110000000.0,809000000.0,8508795660.0,-1100000000.0,-1190000000.0,-30000000.0,-129000000.0,-30000000.0,-190000000.0,-1741000000.0,-370000000.0,831000000.0,-94000000.0,-147000000.0,-147000000.0,-147000000.0,445000000.0,69000000.0,-0.017,3209000000.0,363000000.0,238000000.0,0.0,0.712,-57.883,-56.115,2690000000.0,0.0,14.59,0.998,0.998,1283000000.0,88000000.0,8524000000.0,8524000000.0,0.0,-0.009,-0.012,0.016,0.011,0.0,2627000000.0,1.0,583193671.0,583193671.0,,14.616,9769000000.0,219000000.0,185000000.0,166000000.0,16.751,1904000000.0
25,NWSA,MRT,2015-03-31,2015-03-31,2015-03-31,2021-09-22,-554000000.0,15686000000.0,16067000000.0,4088000000.0,11598000000.0,0.529,21.299,-332000000.0,2027000000.0,2027000000.0,4983000000.0,314000000.0,1.799,0.255,0.0,0.0,0.0,0.0,399000000.0,506000000.0,0.0,0.0,0.0,513000000.0,1019000000.0,0.12,1019000000.0,513000000.0,453000000.0,0.41,0.41,0.41,12369000000.0,12765750000.0,12369000000.0,7379420026.0,14.0,7.242,720000000.0,1.24,1.0,3522000000.0,0.414,5823000000.0,60000000.0,5563000000.0,5865250000.0,0.0,2382000000.0,0.0,2382000000.0,3160000000.0,2273000000.0,887000000.0,9297420026.0,-896000000.0,-967000000.0,0.0,-129000000.0,-30000000.0,-162000000.0,-1612000000.0,-329000000.0,1052000000.0,-88000000.0,244000000.0,244000000.0,244000000.0,204000000.0,70000000.0,0.029,3030000000.0,492000000.0,225000000.0,0.0,0.752,38.104,39.049,2699000000.0,0.0,16.01,1.093,1.093,1360000000.0,467000000.0,8505000000.0,8505000000.0,0.0,0.015,0.019,0.087,0.06,0.0,2472000000.0,1.0,580725798.0,580725798.0,,14.645,9863000000.0,0.0,209000000.0,295000000.0,16.984,1815000000.0
26,NWSA,MRT,2014-12-31,2014-12-31,2014-12-31,2021-09-22,-261000000.0,15970000000.0,16281250000.0,4052000000.0,11918000000.0,0.525,21.739,-361000000.0,1918000000.0,1918000000.0,5038000000.0,341000000.0,1.74,0.254,0.0,0.0,0.0,0.0,412000000.0,524000000.0,0.0,0.0,0.0,519000000.0,1043000000.0,0.122,1043000000.0,519000000.0,454000000.0,0.45,0.45,0.45,12610000000.0,12932000000.0,12610000000.0,6366389114.0,12.0,6.104,805000000.0,1.388,1.0,3504000000.0,0.41,5926000000.0,65000000.0,5797000000.0,5964250000.0,0.0,2466000000.0,0.0,2466000000.0,3203000000.0,2329000000.0,874000000.0,9101389114.0,-765000000.0,-986000000.0,0.0,-129000000.0,-28000000.0,-171000000.0,-1675000000.0,-328000000.0,1166000000.0,-29000000.0,269000000.0,269000000.0,269000000.0,182000000.0,72000000.0,0.031,3039000000.0,465000000.0,320000000.0,0.0,0.722,33.834,34.867,2809000000.0,0.0,15.69,1.065,1.065,1505000000.0,444000000.0,8542000000.0,8542000000.0,0.0,0.017,0.021,0.087,0.061,0.0,2463000000.0,1.0,580075788.0,580075788.0,,14.726,10044000000.0,0.0,185000000.0,274000000.0,17.315,1723000000.0
27,NWSA,MRT,2014-09-30,2014-09-30,2014-09-30,2021-09-22,152000000.0,16123000000.0,16284500000.0,4865000000.0,11258000000.0,0.523,22.177,-385000000.0,2735000000.0,2735000000.0,5061000000.0,344000000.0,2.122,0.245,0.0,0.0,0.0,0.0,404000000.0,535000000.0,0.0,0.0,0.0,254000000.0,789000000.0,0.093,789000000.0,254000000.0,186000000.0,0.47,0.47,0.47,12841000000.0,12966750000.0,12841000000.0,6322221841.0,25.0,8.013,805000000.0,1.39,1.0,3461000000.0,0.406,5155000000.0,68000000.0,5940000000.0,5998750000.0,0.0,2497000000.0,0.0,2497000000.0,3141000000.0,2293000000.0,848000000.0,9467221841.0,270000000.0,-237000000.0,0.0,0.0,-29000000.0,-42000000.0,-821000000.0,-199000000.0,1190000000.0,-27000000.0,277000000.0,277000000.0,277000000.0,163000000.0,67000000.0,0.033,3051000000.0,410000000.0,272000000.0,0.0,0.737,34.178,34.787,2910000000.0,0.0,16.35,1.111,1.111,1471000000.0,302000000.0,8522000000.0,8522000000.0,0.0,0.017,0.021,0.042,0.03,0.0,2445000000.0,1.0,579034975.0,579034975.0,,14.718,10968000000.0,0.0,-91000000.0,245000000.0,18.942,2572000000.0
28,NWSA,MRT,2014-06-30,2014-06-30,2014-06-30,2021-09-22,610000000.0,16489000000.0,16339500000.0,5270000000.0,11219000000.0,0.519,22.871,-358000000.0,3145000000.0,3145000000.0,5074000000.0,294000000.0,2.328,0.233,0.0,0.0,0.0,0.0,369000000.0,552000000.0,0.0,0.0,0.0,-307000000.0,245000000.0,0.029,245000000.0,-307000000.0,-375000000.0,0.41,0.41,0.41,13243000000.0,12961750000.0,13243000000.0,7180676656.0,-23.0,29.309,671000000.0,1.159,1.0,3412000000.0,0.402,4919000000.0,68000000.0,6161000000.0,6038000000.0,0.0,2609000000.0,0.0,2609000000.0,3090000000.0,2264000000.0,826000000.0,10387676656.0,933000000.0,157000000.0,0.0,0.0,-24000000.0,189000000.0,-285000000.0,-84000000.0,1029000000.0,27000000.0,239000000.0,239000000.0,239000000.0,142000000.0,55000000.0,0.028,3095000000.0,317000000.0,276000000.0,0.0,0.784,43.463,43.756,3009000000.0,0.0,17.94,1.224,1.224,1454000000.0,237000000.0,8486000000.0,8486000000.0,0.0,0.015,0.018,-0.051,-0.036,0.0,2449000000.0,1.0,579023225.0,579023225.0,,14.656,11570000000.0,0.0,-614000000.0,224000000.0,19.982,3006000000.0
29,NWSA,MRT,2014-03-31,2014-03-31,2014-03-31,2021-09-22,482000000.0,16543000000.0,16128000000.0,5370000000.0,11173000000.0,0.536,22.511,-349000000.0,3207000000.0,3207000000.0,5208000000.0,-848000000.0,2.15,0.259,0.0,0.0,0.0,0.0,406000000.0,571000000.0,0.0,0.0,0.0,-1858000000.0,-1287000000.0,-0.149,-1287000000.0,-1858000000.0,-1931000000.0,-1.56,-1.56,-1.56,13034000000.0,12790500000.0,13034000000.0,7062665404.0,-4.0,-5.488,535000000.0,0.924,1.0,3437000000.0,0.398,4879000000.0,73000000.0,5959000000.0,6042750000.0,0.0,2551000000.0,0.0,2551000000.0,3375000000.0,2498000000.0,877000000.0,9970665404.0,1730000000.0,195000000.0,0.0,0.0,-23000000.0,1014000000.0,-168000000.0,-14000000.0,884000000.0,-62000000.0,-898000000.0,-898000000.0,-898000000.0,0.0,50000000.0,-0.104,4814000000.0,-1377000000.0,245000000.0,0.0,0.765,-11.103,-11.038,2959000000.0,0.0,17.22,1.153,1.153,1485000000.0,225000000.0,8645000000.0,8645000000.0,0.0,-0.056,-0.07,-0.307,-0.215,0.0,2664000000.0,1.0,579016574.0,579016574.0,,14.93,11664000000.0,0.0,-1033000000.0,295000000.0,20.145,2872000000.0
30,NWSA,MRT,2013-12-31,2013-12-31,2013-12-31,2021-09-22,257000000.0,15983000000.0,,5112000000.0,10871000000.0,,22.025,-338000000.0,2908000000.0,2908000000.0,5303000000.0,-577000000.0,2.23,0.244,0.0,0.0,0.0,0.0,380000000.0,573000000.0,0.0,0.0,0.0,-1571000000.0,-998000000.0,-0.114,-998000000.0,-1571000000.0,-1652000000.0,-1.08,-1.08,-1.08,12749000000.0,,12749000000.0,7742868422.0,-5.0,-7.758,565000000.0,0.976,1.0,3444000000.0,0.394,4848000000.0,81000000.0,5935000000.0,,0.0,2431000000.0,0.0,2431000000.0,3112000000.0,2292000000.0,820000000.0,10430868422.0,2255000000.0,872000000.0,0.0,0.0,-22000000.0,829000000.0,523000000.0,-11000000.0,903000000.0,-88000000.0,-623000000.0,-623000000.0,-623000000.0,0.0,46000000.0,-0.071,4873000000.0,-1429000000.0,325000000.0,0.0,0.818,-16.743,-16.685,2927000000.0,0.0,18.02,1.193,1.193,1481000000.0,177000000.0,8747000000.0,8747000000.0,0.0,,,,-0.18,0.0,2677000000.0,1.0,578849524.0,578849524.0,,15.111,11135000000.0,147000000.0,-1029000000.0,239000000.0,19.236,2820000000.0
31,NWSA,MRT,2013-09-30,2013-09-30,2013-09-30,2021-09-22,489000000.0,16343000000.0,,5230000000.0,11113000000.0,,22.15,-335000000.0,2688000000.0,2688000000.0,5381000000.0,668000000.0,1.977,0.266,0.0,0.0,0.0,0.0,414000000.0,564000000.0,0.0,0.0,0.0,-114000000.0,450000000.0,0.051,450000000.0,-114000000.0,-197000000.0,1.08,1.08,1.08,12821000000.0,,12821000000.0,6914878092.0,-61.0,15.366,312000000.0,0.539,1.0,3449000000.0,0.391,4913000000.0,83000000.0,6097000000.0,,0.0,2571000000.0,0.0,2571000000.0,3404000000.0,2645000000.0,759000000.0,9295878092.0,1741000000.0,-1008000000.0,0.0,-235000000.0,-21000000.0,2447000000.0,-1353000000.0,-10000000.0,647000000.0,-63000000.0,625000000.0,625000000.0,625000000.0,0.0,43000000.0,0.071,4922000000.0,-1473000000.0,651000000.0,0.0,0.725,14.873,14.87,3012000000.0,0.0,16.06,1.053,1.053,1426000000.0,27000000.0,8830000000.0,8830000000.0,0.0,,,,-0.013,0.0,2709000000.0,1.0,578821799.0,578821799.0,,15.255,11430000000.0,584000000.0,-822000000.0,185000000.0,19.747,2585000000.0
32,NWSA,MRT,2013-06-30,2013-06-30,2013-06-30,2021-09-22,271000000.0,15643000000.0,14366500000.0,4643000000.0,11000000000.0,0.619,21.696,-332000000.0,2381000000.0,2381000000.0,5420000000.0,547000000.0,2.139,0.236,0.0,0.0,0.0,0.0,389000000.0,548000000.0,0.0,,0.0,209000000.0,757000000.0,0.085,757000000.0,209000000.0,132000000.0,0.87,0.87,0.87,12558000000.0,10683500000.0,12558000000.0,,,,169000000.0,0.292,1.0,3471000000.0,0.39,4911000000.0,77000000.0,6180000000.0,9191500000.0,0.0,2499000000.0,0.0,2499000000.0,2967000000.0,2171000000.0,796000000.0,,1313000000.0,-1330000000.0,0.0,-235000000.0,-20000000.0,2486000000.0,-1674000000.0,-12000000.0,501000000.0,-65000000.0,506000000.0,506000000.0,506000000.0,0.0,41000000.0,0.057,5068000000.0,-1597000000.0,242000000.0,0.0,,,,2992000000.0,0.0,,,,1582000000.0,0.0,8891000000.0,8891000000.0,0.0,0.035,0.047,0.023,0.024,0.0,2783000000.0,1.0,578821799.0,578821799.0,,15.361,10732000000.0,0.0,-374000000.0,152000000.0,18.541,2472000000.0
33,NWSA,MRT,2013-03-31,2013-03-31,2013-03-31,2021-09-22,,,,,,,,,,,,,,,,,,,,,,,0.0,,,,,,,,,,,,,,,,,,1.0,,,,,,,,,,,,,,,,,,,,,,,,,,,,,,,,,,,,,,,,,,,,,,,,,,,,,,1.0,578821799.0,578821799.0,,,,,,,,
34,NWSA,MRT,2012-12-31,2012-12-31,2012-12-31,2021-09-22,,,,,,,,,,,,,,,,,,,,,,,0.0,,,,,,,,,,,,,,,,,,1.0,,,,,,,,,,,,,,,,,,,,,,,,,,,,,,,,,,,,,,,,,,,,,,,,,,,,,,1.0,578821799.0,578821799.0,,,,,,,,
35,NWSA,MRT,2012-09-30,2012-09-30,2012-09-30,2021-09-22,,,,,,,,,,,,,,,,,,,,,,,0.0,,,,,,,,,,,,,,,,,,1.0,,,,,,,,,,,,,,,,,,,,,,,,,,,,,,,,,,,,,,,,,,,,,,,,,,,,,,1.0,578821799.0,578821799.0,,,,,,,,
36,NWSA,MRT,2012-06-30,2012-06-30,2012-06-30,2021-09-22,1047000000.0,13090000000.0,15049000000.0,3115000000.0,9975000000.0,0.575,15.219,-375000000.0,1133000000.0,1133000000.0,5122000000.0,-2040000000.0,1.263,0.473,7762000000.0,0.0,7762000000.0,7762000000.0,386000000.0,483000000.0,0.0,,0.0,-2356000000.0,-1873000000.0,-0.216,-1873000000.0,-2356000000.0,-2412000000.0,-3.58,-3.58,-3.58,8809000000.0,10619000000.0,8809000000.0,,,,476000000.0,0.822,1.0,3532000000.0,0.408,5049000000.0,56000000.0,12203000000.0,8365000000.0,0.0,1126000000.0,0.0,1126000000.0,4171000000.0,2467000000.0,1704000000.0,,-814000000.0,-21000000.0,0.0,0.0,-13000000.0,-1006000000.0,-659000000.0,-263000000.0,851000000.0,-75000000.0,-2075000000.0,-2075000000.0,-2075000000.0,0.0,35000000.0,-0.24,5996000000.0,-2464000000.0,284000000.0,0.0,,,,3274000000.0,0.0,,,,1369000000.0,,8654000000.0,8654000000.0,0.0,-0.138,-0.195,-0.282,-0.272,0.0,2750000000.0,1.0,578821799.0,578821799.0,,14.951,8041000000.0,0.0,-337000000.0,926000000.0,13.892,648000000.0
37,NWSA,MRT,2011-06-30,2011-06-30,2011-06-30,2021-09-22,0.0,17008000000.0,,3994000000.0,13014000000.0,,,-549000000.0,2022000000.0,2022000000.0,5234000000.0,704000000.0,1.555,0.368,0.0,0.0,0.0,0.0,447000000.0,430000000.0,0.0,,0.0,982000000.0,1412000000.0,0.155,1412000000.0,982000000.0,935000000.0,1.17,1.17,1.17,12429000000.0,,12429000000.0,,,,782000000.0,,1.0,3861000000.0,0.425,7891000000.0,47000000.0,4527000000.0,,0.0,1035000000.0,0.0,1035000000.0,4579000000.0,2568000000.0,2011000000.0,,720000000.0,-323000000.0,0.0,0.0,-10000000.0,270000000.0,-881000000.0,-9000000.0,1331000000.0,222000000.0,678000000.0,678000000.0,678000000.0,0.0,26000000.0,0.075,3103000000.0,758000000.0,314000000.0,0.0,,,,3725000000.0,0.0,,,,1503000000.0,,9095000000.0,9095000000.0,0.0,,,,0.108,0.0,2648000000.0,1.0,,,,,9117000000.0,0.0,257000000.0,1379000000.0,,1426000000.0
38,NWSA,MRT,2010-06-30,2010-06-30,2010-06-30,2021-09-22,,,,,,,,-328000000.0,,,5008000000.0,259000000.0,,,,,,,,414000000.0,,,0.0,473000000.0,887000000.0,0.101,887000000.0,473000000.0,445000000.0,,,,,,,,,,719000000.0,,1.0,3744000000.0,0.428,,28000000.0,,,,,,,,,,,222000000.0,779000000.0,0.0,-1000000.0,-5000000.0,-1230000000.0,405000000.0,-46000000.0,1047000000.0,14000000.0,243000000.0,243000000.0,243000000.0,0.0,16000000.0,0.028,3364000000.0,380000000.0,,,,,,,0.0,,,,,,8752000000.0,8752000000.0,0.0,,,,0.054,0.0,2931000000.0,1.0,,,,,,,202000000.0,,,
