None,ticker,dimension,calendardate,datekey,reportperiod,lastupdated,accoci,assets,assetsavg,assetsc,assetsnc,assetturnover,bvps,capex,cashneq,cashnequsd,cor,consolinc,currentratio,de,debt,debtc,debtnc,debtusd,deferredrev,depamor,deposits,divyield,dps,ebit,ebitda,ebitdamargin,ebitdausd,ebitusd,ebt,eps,epsdil,epsusd,equity,equityavg,equityusd,ev,evebit,evebitda,fcf,fcfps,fxusd,gp,grossmargin,intangibles,intexp,invcap,invcapavg,inventory,investments,investmentsc,investmentsnc,liabilities,liabilitiesc,liabilitiesnc,marketcap,ncf,ncfbus,ncfcommon,ncfdebt,ncfdiv,ncff,ncfi,ncfinv,ncfo,ncfx,netinc,netinccmn,netinccmnusd,netincdis,netincnci,netmargin,opex,opinc,payables,payoutratio,pb,pe,pe1,ppnenet,prefdivis,price,ps,ps1,receivables,retearn,revenue,revenueusd,rnd,roa,roe,roic,ros,sbcomp,sgna,sharefactor,sharesbas,shareswa,shareswadil,sps,tangibles,taxassets,taxexp,taxliabilities,tbvps,workingcapital
0,AJG,ARY,2020-12-31,2021-02-08,2020-12-31,2021-08-02,-643600000,22331400000,21572250000.0,11124200000,11207200000,0.325,31.93,-99300000.0,3574300000,3574300000,1788600000.0,858100000.0,1.098,2.602,4865500000,278600000,4586900000,4865500000,541300000,562400000.0,0,0.015,1.8,1028000000.0,1590400000.0,0.227,1590400000.0,1028000000.0,831600000.0,4.29,4.2,4.29,6186200000,5619000000.0,6186200000,24090523200,23.0,15.147,1653200000.0,8.533,1.0,5215000000.0,0.745,8526900000,196400000.0,4960700000,5304300000.0,0,0,0,0,16098700000,10135000000,5963700000,22799323200,950400000.0,-316100000.0,111900000.0,-79100000.0,-347400000.0,-505100000.0,-416800000.0,-1400000.0,1752500000.0,119800000.0,818800000.0,818800000.0,818800000.0,0.0,39300000.0,0.117,4028900000.0,1186100000.0,7784600000,0.42,3.686,27.845,27.431,824600000,0.0,117.68,3.255,3.255,6436000000,2371700000,7003600000.0,7003600000.0,0.0,0.038,0.146,0.194,0.147,74500000.0,3466500000.0,1.0,193740000,193740000,,36.149,13804500000,1085800000,12800000.0,0,71.253,989200000
1,AJG,ARY,2019-12-31,2020-02-07,2019-12-31,2021-08-02,-759600000,19634800000,19160075000.0,9117500000,10517300000,0.376,27.387,-138800000.0,2623900000,2623900000,2421300000.0,715800000.0,1.022,2.797,4947600000,790600000,4157000000,4947600000,503800000,474400000.0,0,0.016,1.72,758900000.0,1233300000.0,0.171,1233300000.0,758900000.0,579100000.0,3.6,3.52,3.6,5155500000,4939625000.0,5155500000,22076457710,29.0,17.9,980400000.0,5.208,1.0,4773700000.0,0.663,7937200000,179800000.0,5100300000,5170000000.0,0,0,0,0,14419300000,8921000000,5498300000,19752757710,387100000.0,-1185800000.0,101200000.0,999200000.0,-321100000.0,638400000.0,-1376600000.0,-52000000.0,1119200000.0,6100000.0,668800000.0,668800000.0,668800000.0,0.0,47000000.0,0.093,3813900000.0,959800000.0,6348500000,0.478,3.831,29.535,29.147,860900000,0.0,104.93,2.745,2.745,5419200000,1901300000,7195000000.0,7195000000.0,0.0,0.035,0.135,0.147,0.105,61200000.0,3339500000.0,1.0,188247000,188247000,,38.221,11697600000,945600000,-89700000.0,0,62.14,196500000
2,AJG,ARY,2018-12-31,2019-02-08,2018-12-31,2021-08-02,-785600000,16334000000,16201675000.0,8118700000,8215300000,0.428,24.443,-124400000.0,2236800000,2236800000,2719700000.0,675900000.0,1.055,2.615,3610400000,519000000,3091400000,3610400000,457700000,419000000.0,0,0.021,1.64,575400000.0,994400000.0,0.143,994400000.0,575400000.0,437000000.0,3.47,3.4,3.47,4498900000,4500400000.0,4498900000,15883049800,28.0,15.972,640700000.0,3.481,1.0,4214300000.0,0.608,6398600000,138400000.0,3615400000,3661775000.0,0,0,0,0,11764300000,7693600000,4070700000,14509449800,-68200000.0,-770300000.0,70600000.0,507900000.0,-301800000.0,162000000.0,-910300000.0,-15600000.0,765100000.0,-85000000.0,633500000.0,633500000.0,633500000.0,0.0,42400000.0,0.091,3445300000.0,769000000.0,5740200000,0.473,3.225,22.904,22.718,436900000,0.0,78.83,2.093,2.093,4857500000,1558600000,6934000000.0,6934000000.0,0.0,0.039,0.141,0.157,0.083,55300000.0,3026300000.0,1.0,184060000,184060000,,37.672,9935400000,806200000,-196500000.0,0,53.979,425100000
3,AJG,ARY,2017-12-31,2018-02-12,2017-12-31,2021-08-02,-559900000,12897400000,12514500000.0,5170600000,7726800000,0.492,22.627,-129200000.0,2305000000,2305000000,2488400000.0,499200000.0,1.053,2.127,3133000000,441100000,2691900000,3133000000,74800000,385800000.0,0,0.024,1.56,466100000.0,851900000.0,0.138,851900000.0,466100000.0,342000000.0,2.57,2.54,2.57,4105200000,3930600000.0,4105200000,12840215460,28.0,15.072,725000000.0,3.996,1.0,3671200000.0,0.596,5842500000,124100000.0,2970600000,2932425000.0,0,0,0,0,8732500000,4912300000,3820200000,12012215460,367400000.0,-372900000.0,42700000.0,260600000.0,-282700000.0,-47800000.0,-511000000.0,-8900000.0,854200000.0,72000000.0,463100000.0,463100000.0,463100000.0,0.0,36100000.0,0.075,3138100000.0,533100000.0,3475900000,0.607,2.926,25.939,25.763,412200000,0.0,66.21,1.95,1.95,2157200000,1095900000,6159600000.0,6159600000.0,0.0,0.037,0.118,0.159,0.076,50800000.0,2752300000.0,1.0,181426000,181426000,,33.951,7054900000,905100000,-121100000.0,0,38.886,258300000
4,AJG,ARY,2016-12-31,2017-02-13,2016-12-31,2021-08-02,-763600000,11489600000,11196700000.0,4416100000,7073500000,0.5,20.136,-217800000.0,1937600000,1937600000,2206300000.0,445000000.0,0.958,2.178,2848200000,703600000,2144600000,2848200000,69000000,350800000.0,0,0.027,1.52,436100000.0,786900000.0,0.141,786900000.0,436100000.0,326300000.0,2.33,2.32,2.33,3596600000,3620025000.0,3596600000,10832774350,25.0,13.766,404300000.0,2.264,1.0,3388500000.0,0.606,5395100000,109800000.0,2393400000,2322600000.0,0,0,0,0,7833800000,4611700000,3222100000,9922174350,65100000.0,-319500000.0,-55400000.0,396800000.0,-272200000.0,33900000.0,-569200000.0,-31900000.0,622100000.0,-21700000.0,414400000.0,414400000.0,414400000.0,0.0,30600000.0,0.074,2889700000.0,498800000.0,2996100000,0.652,2.759,23.943,23.841,377600000,0.0,55.55,1.773,1.773,1844800000,916400000,5594800000.0,5594800000.0,0.0,0.037,0.114,0.188,0.078,43200000.0,2538900000.0,1.0,178617000,178617000,,31.323,6094500000,796500000,-88100000.0,0,34.12,-195600000
5,AJG,ARY,2015-12-31,2016-02-10,2015-12-31,2021-08-02,-522500000,10913800000,10467800000.0,4335800000,6578000000,0.515,20.552,-99000000.0,1892500000,1892500000,2192200000.0,389100000.0,1.034,1.986,2457000000,382000000,2075000000,2457000000,61300000,334200000.0,0,0.039,1.48,364200000.0,698400000.0,0.13,698400000.0,364200000.0,261200000.0,2.07,2.06,2.07,3638300000,3518600000.0,3638300000,7291526000,20.0,10.44,553600000.0,3.127,1.0,3200200000.0,0.593,5361700000,103000000.0,1924900000,2041725000.0,0,0,0,0,7225600000,4191700000,3033900000,6727026000,166000000.0,-333100000.0,203300000.0,78900000.0,-257500000.0,-9900000.0,-461600000.0,-29500000.0,652600000.0,-15100000.0,356800000.0,356800000.0,356800000.0,0.0,32300000.0,0.066,2763100000.0,437100000.0,2877100000,0.715,1.849,18.854,18.357,202700000,0.0,38.0,1.248,1.248,1734000000,774500000,5392400000.0,5392400000.0,0.0,0.034,0.101,0.178,0.068,33900000.0,2428900000.0,1.0,177027000,177027000,,30.461,5552100000,521400000,-95600000.0,0,31.363,144100000
6,AJG,ARY,2014-12-31,2015-02-13,2014-12-31,2021-08-02,-260600000,10010000000,9323225000.0,3811200000,6198800000,0.496,19.603,-81500000.0,1682000000,1682000000,1826100000.0,303400000.0,1.046,2.1,2392900000,267900000,2125000000,2392900000,66100000,258900000.0,0,0.03,1.44,356400000.0,615300000.0,0.133,615300000.0,356400000.0,267400000.0,1.98,1.97,1.98,3229400000,2969800000.0,3229400000,8536240000,24.0,13.873,320800000.0,1.947,1.0,2800400000.0,0.605,5225600000,89000000.0,1852600000,1738825000.0,0,0,0,0,6780600000,3642700000,3137900000,7825340000,16300000.0,-1910100000.0,997000000.0,817000000.0,-223100000.0,1597800000.0,-2011700000.0,-20100000.0,402300000.0,27900000.0,303400000.0,303400000.0,303400000.0,0.0,0.0,0.066,2426500000.0,373900000.0,2623300000,0.727,2.423,25.792,23.99,195400000,0.0,47.5,1.691,1.691,1462500000,676000000,4626500000.0,4626500000.0,0.0,0.033,0.102,0.205,0.077,33500000.0,2167600000.0,1.0,164744000,164744000,,28.083,4784400000,392600000,-36000000.0,0,29.041,168500000
7,AJG,ARY,2013-12-31,2014-02-07,2013-12-31,2021-08-02,-2600000,6860500000,5904475000.0,2875600000,3984900000,0.539,15.582,-93600000.0,1325500000,1325500000,989700000.0,268600000.0,0.875,2.29,1455500000,630500000,825000000,1455500000,84500000,178600000.0,0,0.031,1.4,324600000.0,503200000.0,0.158,503200000.0,324600000.0,274500000.0,2.08,2.06,2.08,2085500000,1846100000.0,2085500000,6195674120,19.0,12.313,256300000.0,1.915,1.0,2189900000.0,0.689,3224000000,50100000.0,481700000,564450000.0,0,0,0,0,4775000000,3284800000,1490200000,6065674120,-4000000.0,-722200000.0,76200000.0,601500000.0,-182600000.0,502600000.0,-851700000.0,-35900000.0,349900000.0,-4800000.0,268600000.0,268600000.0,268600000.0,0.0,0.0,0.084,1863600000.0,326300000.0,2154700000,0.673,2.908,22.583,21.788,160400000,0.0,45.32,1.908,1.908,1288800000,596400000,3179600000.0,3179600000.0,0.0,0.045,0.145,0.575,0.102,26700000.0,1685000000.0,1.0,133841000,133841000,,23.757,3636500000,279800000,5900000.0,0,27.17,-409200000
8,AJG,ARY,2012-12-31,2013-02-08,2012-12-31,2021-08-02,-32800000,5352300000,5024475000.0,2429500000,2922800000,0.502,13.177,-51000000.0,1153700000,1153700000,594800000.0,195000000.0,1.028,2.227,854000000,129000000,725000000,854000000,70600000,140400000.0,0,0.036,1.36,288300000.0,428700000.0,0.17,428700000.0,288300000.0,245300000.0,1.61,1.59,1.61,1658600000,1531075000.0,1658600000,4479583900,16.0,10.449,292000000.0,2.32,1.0,1925500000.0,0.764,2282300000,43000000.0,407400000,443375000.0,0,0,0,0,3693700000,2362900000,1330800000,4779283900,10900000.0,-332700000.0,80800000.0,169000000.0,-204400000.0,45900000.0,-382200000.0,1500000.0,343000000.0,4200000.0,195000000.0,195000000.0,195000000.0,0.0,0.0,0.077,1633800000.0,291700000.0,1819700000,0.845,2.882,24.509,23.584,105400000,0.0,37.97,1.896,1.896,1096100000,510400000,2520300000.0,2520300000.0,0.0,0.039,0.127,0.65,0.114,15800000.0,1493400000.0,1.0,125870000,125870000,,20.023,3070000000,251800000,50300000.0,0,24.39,66600000
9,AJG,ARY,2011-12-31,2012-02-14,2011-12-31,2021-08-02,-47200000,4483500000,4250925000.0,2199400000,2284100000,0.502,10.81,-40000000.0,983700000,983700000,451000000.0,144100000.0,1.061,2.605,685000000,10000000,675000000,685000000,69700000,115200000.0,0,0.038,1.32,248600000.0,363800000.0,0.17,363800000.0,248600000.0,207800000.0,1.29,1.28,1.29,1243600000,1203200000.0,1243600000,3735752800,15.0,10.269,243100000.0,2.113,1.0,1683700000.0,0.789,1716800000,40800000.0,394400000,422450000.0,0,0,0,0,3239900000,2073600000,1166300000,4034452800,41400000.0,-254100000.0,72700000.0,135000000.0,-145800000.0,65600000.0,-307300000.0,-13200000.0,283100000.0,0.0,144100000.0,144100000.0,144100000.0,0.0,0.0,0.068,1441300000.0,242400000.0,1621900000,1.023,3.244,27.998,27.186,91300000,0.0,35.07,1.89,1.89,1027100000,482900000,2134700000.0,2134700000.0,0.0,0.034,0.12,0.588,0.116,21100000.0,1326100000.0,1.0,115040000,115040000,,18.556,2766700000,240200000,63700000.0,0,24.05,125800000
10,AJG,ARY,2010-12-31,2011-02-07,2010-12-31,2021-08-02,2200000,3596000000,3461150000.0,1726000000,1870000000,0.539,10.19,-25400000.0,849500000,849500000,418600000.0,174100000.0,1.094,2.249,550000000,0,550000000,550000000,60500000,93100000.0,0,0.042,1.28,248400000.0,341500000.0,0.183,341500000.0,248400000.0,213800000.0,1.66,1.66,1.66,1106700000,1000050000.0,1106700000,2979284950,12.0,8.724,206400000.0,1.9,1.0,1445600000.0,0.775,1367200000,34600000.0,352000000,399325000.0,0,0,0,0,2489300000,1577300000,912000000,3278784950,43900000.0,-78900000.0,35900000.0,0.0,-133500000.0,-96200000.0,-91700000.0,12600000.0,231800000.0,0.0,174100000.0,174100000.0,174100000.0,-10800000.0,0.0,0.093,1210600000.0,235000000.0,1250300000,0.771,2.963,18.833,18.187,75800000,0.0,30.19,1.759,1.759,750100000,488300000,1864200000.0,1864200000.0,0.0,0.05,0.174,0.622,0.133,15600000.0,1117500000.0,1.0,108605000,108605000,,17.165,2228800000,245200000,39700000.0,0,20.522,148700000
11,AJG,ARY,2009-12-31,2010-02-05,2009-12-31,2021-08-02,-9000000,3250300000,3313125000.0,1540000000,1710300000,0.522,8.713,-23500000.0,728500000,728500000,324300000.0,128600000.0,1.044,2.64,550000000,0,550000000,550000000,41500000,85600000.0,0,0.055,1.28,235100000.0,320700000.0,0.185,320700000.0,235100000.0,206600000.0,1.28,1.28,1.28,892900000,850000000.0,892900000,2188857300,9.0,6.825,188000000.0,1.834,1.0,1405000000.0,0.812,1180700000,28500000.0,416700000,263825000.0,0,45700000,100000,45600000,2357400000,1474400000,883000000,2367357300,11500000.0,-43700000.0,7300000.0,18000000.0,-127900000.0,-105400000.0,-94600000.0,-27400000.0,211500000.0,0.0,128600000.0,128600000.0,128600000.0,4500000.0,0.0,0.074,1161300000.0,243700000.0,1166500000,1.0,2.651,18.409,18.047,80700000,0.0,23.1,1.369,1.369,693700000,450300000,1729300000.0,1729300000.0,0.0,0.039,0.151,0.891,0.136,16100000.0,1061000000.0,1.0,102483000,102483000,,16.874,2069600000,271100000,78000000.0,0,20.195,65600000
12,AJG,ARY,2008-12-31,2009-02-06,2008-12-31,2021-08-02,-40300000,3271300000,3329725000.0,1702000000,1569300000,0.494,7.659,-32000000.0,745400000,745400000,381200000.0,77300000.0,0.916,3.43,532000000,132000000,400000000,532000000,46200000,87400000.0,0,0.071,1.28,158100000.0,245500000.0,0.149,245500000.0,158100000.0,129500000.0,0.83,0.82,0.83,738500000,734575000.0,738500000,1517446700,10.0,6.181,128600000.0,1.334,1.0,1263800000.0,0.768,1057600000,28600000.0,141700000,122675000.0,0,18100000,200000,17900000,2532800000,1858600000,674200000,1730846700,-61500000.0,-241100000.0,21300000.0,132000000.0,-118500000.0,40000000.0,-262100000.0,11000000.0,160600000.0,0.0,77300000.0,77300000.0,77300000.0,34100000.0,0.0,0.047,1071600000.0,192200000.0,1365300000,1.542,2.344,22.391,21.627,88800000,0.0,17.95,1.052,1.052,826500000,452000000,1645000000.0,1645000000.0,0.0,0.023,0.105,1.289,0.096,18300000.0,988000000.0,1.0,96426000,96426000,,17.06,2213700000,300900000,52200000.0,0,22.958,-156600000
13,AJG,ARY,2007-12-31,2008-02-04,2007-12-31,2021-08-02,7400000,3556800000,3555275000.0,2275800000,1281000000,0.457,7.773,-40700000.0,857300000,857300000,342000000.0,138800000.0,1.02,3.971,400000000,0,400000000,400000000,44100000,71600000.0,0,0.049,1.24,200300000.0,271900000.0,0.167,271900000.0,200300000.0,184300000.0,1.45,1.43,1.45,715500000,783875000.0,715500000,1890869990,9.0,6.954,211600000.0,2.299,1.0,1281300000.0,0.789,756200000,16000000.0,111100000,-63950000.0,0,33800000,7500000,26300000,2841300000,2232200000,609100000,2348169990,47900000.0,-214300000.0,-239600000.0,396500000.0,-118800000.0,41500000.0,-245900000.0,9100000.0,252300000.0,0.0,138800000.0,138800000.0,138800000.0,15800000.0,0.0,0.086,1065200000.0,216100000.0,1874000000,0.855,3.282,16.918,17.593,87900000,0.0,25.51,1.447,1.447,1303700000,495900000,1623300000.0,1623300000.0,0.0,0.039,0.177,-3.132,0.123,19000000.0,911600000.0,1.0,92049000,92049000,,17.635,2800600000,292600000,45500000.0,0,30.425,43600000
14,AJG,ARY,2006-12-31,2007-02-05,2006-12-31,2021-08-02,5000000,3420100000,3402150000.0,2376200000,1043900000,0.451,8.786,-33000000.0,796900000,796900000,322400000.0,128500000.0,0.99,2.958,34800000,8900000,25900000,34800000,39700000,56400000.0,0,0.042,1.2,161600000.0,218000000.0,0.142,218000000.0,161600000.0,153100000.0,1.32,1.31,1.32,864100000,822500000.0,864100000,2076396440,13.0,9.525,71700000.0,0.729,1.0,1211600000.0,0.79,529700000,8500000.0,-273000000,-133725000.0,0,81700000,49200000,32500000,2556000000,2401300000,154700000,2838496440,-109800000.0,-72900000.0,-9200000.0,-2900000.0,-114400000.0,-118600000.0,-95900000.0,10000000.0,104700000.0,0.0,128500000.0,128500000.0,128500000.0,0.0,0.0,0.084,1050000000.0,161600000.0,1958800000,0.909,3.285,22.089,21.864,103100000,0.0,28.86,1.85,1.85,1422300000,475000000,1534000000.0,1534000000.0,0.0,0.038,0.156,-1.208,0.105,24600000.0,880900000.0,1.0,98354000,98354000,,15.597,2890400000,286800000,24600000.0,51000000,29.388,-25100000
15,AJG,ARY,2005-12-31,2006-02-08,2005-12-31,2021-08-02,-6600000,3389500000,3361850000.0,2401800000,987700000,0.441,8.035,-22800000.0,836100000,836100000,322300000.0,30800000.0,1.006,3.407,112900000,5300000,107600000,112900000,35700000,53400000.0,0,0.039,1.12,11000000.0,64400000.0,0.043,64400000.0,11000000.0,-600000.0,0.33,0.32,0.33,769100000,744800000.0,769100000,2002033810,182.0,31.087,166000000.0,1.734,1.0,1161600000.0,0.783,418200000,11600000.0,-138200000,-100175000.0,0,111800000,43200000,68600000,2620400000,2386300000,234100000,2725233810,93200000.0,4700000.0,25900000.0,-4600000.0,-102300000.0,-81000000.0,-14600000.0,0.0,188800000.0,0.0,30800000.0,30800000.0,30800000.0,-2200000.0,0.0,0.021,1152800000.0,8800000.0,1917400000,3.394,3.543,88.482,86.273,185100000,0.0,28.47,1.837,1.837,1396800000,463700000,1483900000.0,1483900000.0,0.0,0.009,0.041,-0.11,0.007,26600000.0,789900000.0,1.0,95723000,95723000,,15.502,2971300000,236100000,-31400000.0,24600000,31.041,15500000
16,AJG,ARY,2004-12-31,2005-01-28,2004-12-31,2021-08-02,0,3237900000,3103525000.0,2227800000,1010100000,0.477,8.261,-29000000.0,713500000,713500000,277500000.0,188500000.0,1.007,3.255,181400000,41400000,140000000,181400000,35000000,53300000.0,0,0.034,1.0,245000000.0,298300000.0,0.202,298300000.0,245000000.0,235500000.0,2.06,1.99,2.06,761000000,712175000.0,761000000,2176375000,9.0,7.296,248200000.0,2.694,1.0,1202800000.0,0.813,374200000,9500000.0,119500000,108775000.0,0,158400000,26000000,132400000,2476900000,2212100000,264800000,2708475000,31000000.0,-112800000.0,-25600000.0,3300000.0,-84900000.0,-107200000.0,-139000000.0,0.0,277200000.0,0.0,188500000.0,188500000.0,188500000.0,0.0,0.0,0.127,957800000.0,245000000.0,1838900000,0.485,3.559,14.369,14.272,259000000,0.0,29.4,1.83,1.83,1355500000,539000000,1480300000.0,1480300000.0,0.0,0.061,0.265,2.252,0.166,33200000.0,735400000.0,1.0,92125000,92125000,,16.068,2863700000,184800000,47000000.0,24800000,31.085,15700000
17,AJG,ARY,2003-12-31,2004-02-09,2003-12-31,2021-08-02,0,2901600000,2683350000.0,2107900000,793700000,0.471,6.879,-25300000.0,631200000,631200000,262800000.0,146200000.0,1.023,3.687,153000000,30900000,122100000,153000000,27300000,41000000.0,0,0.022,0.72,201300000.0,242300000.0,0.192,242300000.0,201300000.0,193300000.0,1.63,1.57,1.63,619100000,581750000.0,619100000,2433202950,12.0,10.042,203700000.0,2.263,1.0,1001000000.0,0.792,222900000,8000000.0,139200000,245525000.0,0,152900000,31900000,121000000,2282500000,2061300000,221200000,2911402950,41000000.0,-24500000.0,-57100000.0,-23200000.0,-61900000.0,-142200000.0,-45800000.0,0.0,229000000.0,0.0,146200000.0,146200000.0,146200000.0,0.0,0.0,0.116,799700000.0,201300000.0,1743500000,0.442,4.703,19.914,19.847,266200000,0.0,32.35,2.304,2.304,1286400000,442300000,1263800000.0,1263800000.0,0.0,0.054,0.251,0.82,0.159,23500000.0,660800000.0,1.0,89997000,89997000,,14.043,2678700000,137800000,47100000.0,24300000,29.764,46600000
18,AJG,ARY,2002-12-31,2003-03-25,2002-12-31,2021-08-02,0,2463574000,2358821250.0,1773610000,689964000,0.467,5.947,-45430000.0,408859000,408859000,0.0,129739000.0,1.014,3.664,176131000,47782000,128349000,176131000,19427000,32430000.0,0,0.024,0.6,185342000.0,217772000.0,0.198,217772000.0,185342000.0,185342000.0,1.49,1.41,1.49,528155000,475827250.0,528155000,2009699250,11.0,9.228,104253000.0,1.174,1.0,1101222000.0,1.0,135062000,0.0,346180000,341522500.0,0,238969000,70556000,168413000,1935419000,1749604000,185815000,2242427250,54006000.0,-2943000.0,3884000.0,-475000.0,-50359000.0,-46950000.0,-48727000.0,-2251000.0,149683000.0,0.0,129739000.0,129739000.0,129739000.0,0.0,0.0,0.118,915880000.0,185342000.0,1595764000,0.403,4.246,17.284,16.946,250995000,0.0,25.25,2.036,2.036,1183737000,360958000,1101222000.0,1101222000.0,0.0,0.055,0.273,0.543,0.168,18683000.0,576497000.0,1.0,88809000,88809000,,12.4,2328512000,102361000,55603000.0,11036000,26.219,24006000
19,AJG,ARY,2001-12-31,2002-03-22,2001-12-31,2021-08-02,-2624000,1471823000,1219841750.0,1024266000,447557000,0.746,4.342,-24319000.0,306843000,306843000,0.0,125256000.0,0.96,2.961,0,0,0,0,16527000,20042000.0,0,0.016,0.52,141853000.0,161895000.0,0.178,161895000.0,141853000.0,141853000.0,1.48,1.39,1.48,371613000,342913750.0,371613000,2505217220,18.0,15.474,105990000.0,1.239,1.0,910043000.0,1.0,65341000,0.0,33084000,50670000.0,0,70878000,52588000,18290000,1100210000,1066555000,33655000,2812060220,-44497000.0,-15193000.0,-76868000.0,35000000.0,-41618000.0,-96983000.0,-77823000.0,9492000.0,130309000.0,0.0,125256000.0,125256000.0,125256000.0,0.0,0.0,0.138,768190000.0,141853000.0,915448000,0.351,7.567,22.451,22.203,51246000,0.0,32.86,3.09,3.09,555276000,283796000,910043000.0,910043000.0,0.0,0.103,0.365,2.8,0.156,24806000.0,477279000.0,1.0,85577000,85577000,,10.634,1406482000,99263000,16597000.0,33226000,16.435,-42289000
20,AJG,ARY,2000-12-31,2001-03-27,2000-12-31,2021-08-02,-2498000,1062298000,944430500.0,777722000,284576000,0.784,3.946,-14568000.0,258132000,258132000,0.0,87776000.0,1.067,2.379,0,0,0,0,18983000,16316000.0,0,0.017,0.46,125394000.0,141710000.0,0.191,141710000.0,125394000.0,125394000.0,1.12,1.05,1.12,314372000,284196250.0,314372000,1956694000,16.0,13.808,121661000.0,1.527,1.0,740596000.0,1.0,15931000,0.0,59484000,72064250.0,0,83251000,59945000,23306000,747926000,728751000,19175000,2214826000,27751000.0,2334000.0,-3507000.0,-15000000.0,-33759000.0,-55501000.0,-52977000.0,-2599000.0,136229000.0,0.0,87776000.0,87776000.0,87776000.0,0.0,0.0,0.119,615202000.0,125394000.0,660633000,0.411,7.045,25.233,24.821,40036000,0.0,27.8,2.991,2.991,405164000,237373000,740596000.0,740596000.0,0.0,0.093,0.309,1.74,0.169,20027000.0,384164000.0,1.0,79670000,79670000,,9.296,1046367000,46775000,37618000.0,9786000,13.134,48971000
21,AJG,ARY,1999-12-31,2000-03-23,1999-12-31,2021-08-02,-2669000,884146000,808512500.0,642842000,241304000,0.749,3.269,-16560000.0,169955000,169955000,0.0,67753000.0,1.027,2.646,0,0,0,0,15537000,15300000.0,0,0.026,0.3,104235000.0,119535000.0,0.197,119535000.0,104235000.0,104235000.0,0.925,0.88,0.925,242467000,223829250.0,242467000,954182280,9.0,7.982,47094000.0,0.635,1.0,605836000.0,1.0,10895000,0.0,77615000,63831500.0,0,84131000,63857000,20274000,641679000,625681000,15998000,1124137280,-3917000.0,0.0,-2399000.0,0.0,-28010000.0,-27689000.0,-39882000.0,-2736000.0,63654000.0,0.0,67753000.0,67753000.0,67753000.0,0.0,0.0,0.112,501601000.0,104235000.0,558354000,0.432,4.636,16.592,16.384,36249000,0.0,15.155,1.856,1.856,364854000,208296000,605836000.0,605836000.0,0.0,0.084,0.303,1.633,0.172,0.0,312690000.0,1.0,74176000,74176000,,8.168,873251000,173886000,36482000.0,8530000,11.773,17161000
22,AJG,ARY,1998-12-31,1999-03-29,1998-12-31,2021-08-02,-777000,746010000,700981500.0,530956000,215054000,0.771,2.797,-13994000.0,148140000,148140000,0.0,56501000.0,1.001,2.685,0,0,0,0,13616000,11728000.0,0,0.031,0.363,84529000.0,96257000.0,0.178,96257000.0,84529000.0,84529000.0,0.812,0.775,0.812,202468000,189290500.0,202468000,693513069,8.0,7.205,42373000.0,0.585,1.0,540655000.0,1.0,12471000,0.0,54743000,38665750.0,0,77457000,57368000,20089000,543542000,530656000,12886000,841653069,-10503000.0,0.0,5004000.0,-1130000.0,-23185000.0,-17664000.0,-49206000.0,16934000.0,56367000.0,0.0,56501000.0,56501000.0,56501000.0,0.0,0.0,0.105,456126000.0,84529000.0,462962000,0.447,4.157,14.896,14.317,31461000,0.0,11.625,1.557,1.557,288276000,172381000,540655000.0,540655000.0,0.0,0.081,0.298,2.186,0.156,0.0,281509000.0,1.0,72400264,72400264,,7.468,733539000,151033000,28028000.0,12621000,10.132,300000
23,AJG,ARY,1998-12-31,1999-03-26,1998-12-31,2021-08-02,-777000,746010000,700981500.0,530956000,215054000,0.771,2.797,-13994000.0,148140000,148140000,0.0,56501000.0,1.001,2.685,0,0,0,0,13616000,11728000.0,0,0.03,0.35,84529000.0,96257000.0,0.178,96257000.0,84529000.0,84529000.0,0.812,0.775,0.812,202468000,189290500.0,202468000,709441127,8.0,7.37,42373000.0,0.585,1.0,540655000.0,1.0,12471000,0.0,54743000,38665750.0,0,77457000,57368000,20089000,543542000,530656000,12886000,857581127,-10503000.0,0.0,5004000.0,-1130000.0,-23185000.0,-17664000.0,-49206000.0,16934000.0,56367000.0,0.0,56501000.0,56501000.0,56501000.0,0.0,0.0,0.105,456126000.0,84529000.0,462962000,0.431,4.236,15.178,14.587,31461000,0.0,11.845,1.586,1.586,288276000,172381000,540655000.0,540655000.0,0.0,0.081,0.298,2.186,0.156,0.0,281509000.0,1.0,72400264,72400264,,7.468,733539000,151033000,28028000.0,12621000,10.132,300000
24,AJG,ARY,1997-12-31,1998-02-27,1997-12-31,2021-08-02,1658000,641752000,,468841000,172911000,,2.467,-11295000.0,148338000,148338000,0.0,53316000.0,1.006,2.915,0,0,0,0,11608000,11055000.0,0,0.03,0.31,80782000.0,91837000.0,0.188,91837000.0,80782000.0,80782000.0,0.81,0.782,0.81,163907000,,163907000,537782806,7.0,5.856,54352000.0,0.818,1.0,488028000.0,1.0,10370000,0.0,17006000,,0,101884000,62681000,39203000,477845000,466038000,11807000,686120806,10161000.0,0.0,-6162000.0,3870000.0,-19990000.0,-19890000.0,-35596000.0,1843000.0,65647000.0,0.0,53316000.0,53316000.0,53316000.0,0.0,0.0,0.109,407246000.0,80782000.0,402195000,0.383,4.186,12.869,12.75,27810000,0.0,10.328,1.406,1.406,217555000,141309000,488028000.0,488028000.0,0.0,,,,0.166,0.0,249882000.0,1.0,66436292,66436292,,7.346,631382000,95528000,27466000.0,10783000,9.504,2803000
0,AJG,ARQ,2021-06-30,2021-07-30,2021-06-30,2021-08-02,-530500000,27817200000,,15939300000,11877900000,,40.207,-32000000.0,6375000000,6375000000,522200000.0,201800000.0,1.326,2.341,6380900000,366100000,6014800000,6380900000,592100000,145200000.0,0,0.013,0.48,266900000.0,412100000.0,0.213,412100000.0,266900000.0,210700000.0,0.94,0.92,0.94,8312700000,,8312700000,28808242500,26.0,17.1,370000000.0,1.79,1.0,1411300000.0,0.73,9077600000,56200000.0,6724200000,,0,0,0,0,19463200000,12021300000,7441900000,28802342500,3014100000.0,-151900000.0,1464800000.0,1578300000.0,-105000000.0,2782500000.0,-184200000.0,-300000.0,402000000.0,13800000.0,190200000.0,190200000.0,190200000.0,0.0,11600000.0,0.098,1082300000.0,329000000.0,9716700000,0.511,3.465,32.322,30.55,813200000,0.0,139.31,3.764,3.764,8394800000,2749100000,1933500000.0,1933500000.0,0.0,,,,,22000000.0,937100000.0,1.0,206750000,206750000,,9.352,18739600000,1126300000,20500000.0,0,90.639,3918000000
1,AJG,ARQ,2021-03-31,2021-04-30,2021-03-31,2021-08-02,-527800000,24414500000,,12667500000,11747000000,,34.362,-27200000.0,3360900000,3360900000,542200000.0,393700000.0,1.1,2.62,4832600000,151300000,4681300000,4832600000,590700000,143300000.0,0,0.013,0.48,444900000.0,588200000.0,0.272,588200000.0,444900000.0,396800000.0,1.96,1.92,1.96,6731100000,,6731100000,29865520650,28.0,18.564,259100000.0,1.323,1.0,1622800000.0,0.75,8989700000,48100000.0,5380500000,,0,0,0,0,17635000000,11516000000,6119000000,28393820650,-213400000.0,-390300000.0,37200000.0,-29600000.0,-97400000.0,-118100000.0,-417900000.0,-400000.0,286300000.0,36300000.0,382100000.0,382100000.0,382100000.0,0.0,11600000.0,0.176,1118900000.0,503900000.0,9205000000,0.245,4.218,33.225,32.72,819400000,0.0,144.95,3.889,3.889,8309300000,2658900000,2165000000.0,2165000000.0,0.0,,,,,18000000.0,975600000.0,1.0,195887000,195887000,,11.052,15424800000,1087900000,14700000.0,0,78.743,1151500000
2,AJG,ARQ,2020-12-31,2021-02-08,2020-12-31,2021-08-02,-643600000,22331400000,,11124200000,11207200000,,31.93,-19800000.0,3574300000,3574300000,447100000.0,153100000.0,1.098,2.602,4865500000,278600000,4586900000,4865500000,541300000,133500000.0,0,0.015,0.45,170600000.0,304100000.0,0.179,304100000.0,170600000.0,122800000.0,0.74,0.72,0.74,6186200000,,6186200000,24090523200,23.0,15.147,345100000.0,1.781,1.0,1256500000.0,0.738,8526900000,47800000.0,4960700000,,0,0,0,0,16098700000,10135000000,5963700000,22799323200,99500000.0,-233800000.0,28300000.0,-50600000.0,-87300000.0,-123900000.0,-254000000.0,-400000.0,364900000.0,112500000.0,142200000.0,142200000.0,142200000.0,0.0,10900000.0,0.083,1014700000.0,241800000.0,7784600000,0.608,3.686,27.845,27.431,824600000,0.0,117.68,3.255,3.255,6436000000,2371700000,1703600000.0,1703600000.0,0.0,,,,,19300000.0,881200000.0,1.0,193740000,193740000,,8.793,13804500000,1085800000,-19400000.0,0,71.253,989200000
3,AJG,ARQ,2020-09-30,2020-10-30,2020-09-30,2021-08-02,-870400000,21814900000,,11200300000,10614600000,,30.011,-20700000.0,3474800000,3474800000,522400000.0,187800000.0,1.107,2.772,4876200000,318000000,4558200000,4876200000,531400000,133900000.0,0,0.017,0.45,246400000.0,380300000.0,0.206,380300000.0,246400000.0,198300000.0,0.92,0.9,0.92,5771700000,,5771700000,21347114620,22.0,13.854,564700000.0,2.936,1.0,1326700000.0,0.717,8027200000,48100000.0,5071900000,,0,0,0,0,15996700000,10117200000,5879500000,19945714620,472100000.0,-1900000.0,25400000.0,-70600000.0,-86600000.0,-128700000.0,-23000000.0,-400000.0,585400000.0,38400000.0,176600000.0,176600000.0,176600000.0,0.0,11200000.0,0.096,1007400000.0,319300000.0,7952900000,0.489,3.456,25.733,25.357,805100000,0.0,103.71,2.841,2.841,6702500000,2317300000,1849100000.0,1849100000.0,0.0,,,,,17700000.0,873500000.0,1.0,192322000,192322000,,9.615,13787700000,1049800000,21700000.0,0,71.691,1083100000
4,AJG,ARQ,2020-06-30,2020-07-31,2020-06-30,2021-08-02,-982200000,21306200000,,10760400000,10545800000,,28.666,-29300000.0,3002700000,3002700000,376000000.0,161800000.0,1.091,2.874,4951900000,328600000,4623300000,4951900000,519600000,122600000.0,0,0.016,0.45,213600000.0,336200000.0,0.212,336200000.0,213600000.0,163600000.0,0.81,0.79,0.81,5488600000,,5488600000,22530202810,25.0,15.752,664300000.0,3.469,1.0,1208000000.0,0.763,7982400000,50000000.0,5409000000,,0,0,0,0,15771700000,9864000000,5907700000,20581002810,369500000.0,-5300000.0,34300000.0,-266400000.0,-86100000.0,-400400000.0,-34800000.0,-200000.0,693600000.0,111100000.0,153700000.0,153700000.0,153700000.0,0.0,8100000.0,0.097,938200000.0,269800000.0,7950500000,0.556,3.75,28.403,27.919,823600000,0.0,107.49,2.941,2.941,6873500000,2228300000,1584000000.0,1584000000.0,0.0,,,,,18900000.0,815600000.0,1.0,191469000,191469000,,8.273,13323800000,1012100000,9900000.0,0,69.587,896400000
5,AJG,ARQ,2020-03-31,2020-05-05,2020-03-31,2021-08-02,-1231100000,20836500000,,10527200000,10309300000,,26.524,-29500000.0,2633200000,2633200000,443100000.0,355400000.0,1.07,3.135,5212100000,577600000,4634500000,5212100000,491500000,172400000.0,0,0.021,0.45,397400000.0,569800000.0,0.305,569800000.0,397400000.0,346900000.0,1.83,1.79,1.83,5029500000,,5029500000,18342093730,23.0,13.605,79100000.0,0.417,1.0,1423800000.0,0.763,7802000000,50500000.0,5775600000,,0,0,0,0,15766400000,9837800000,5928600000,15763193730,9300000.0,-75100000.0,23900000.0,308500000.0,-87400000.0,147900000.0,-105000000.0,-400000.0,108600000.0,-142200000.0,346300000.0,346300000.0,346300000.0,0.0,9100000.0,0.185,1068600000.0,355200000.0,7778700000,0.246,3.134,23.147,22.901,829100000,0.0,83.13,2.229,2.229,7094300000,2161400000,1866900000.0,1866900000.0,0.0,,,,,18600000.0,896200000.0,1.0,189621000,189621000,,9.845,13034500000,1003800000,600000.0,0,68.74,689400000
6,AJG,ARQ,2019-12-31,2020-02-07,2019-12-31,2021-08-02,-759600000,19634800000,,9117500000,10517300000,,27.387,-31100000.0,2623900000,2623900000,561200000.0,105600000.0,1.022,2.797,4947600000,790600000,4157000000,4947600000,503800000,129600000.0,0,0.016,0.43,125000000.0,254600000.0,0.148,254600000.0,125000000.0,76900000.0,0.53,0.51,0.53,5155500000,,5155500000,22076457710,29.0,17.9,319000000.0,1.695,1.0,1160200000.0,0.674,7937200000,48100000.0,5100300000,,0,0,0,0,14419300000,8921000000,5498300000,19752757710,16600000.0,-314100000.0,18100000.0,126000000.0,-81300000.0,9700000.0,-396200000.0,-51000000.0,350100000.0,53000000.0,98500000.0,98500000.0,98500000.0,0.0,7100000.0,0.057,987000000.0,173200000.0,6348500000,0.811,3.831,29.535,29.147,860900000,0.0,104.93,2.745,2.745,5419200000,1901300000,1721400000.0,1721400000.0,0.0,,,,,15900000.0,857400000.0,1.0,188247000,188247000,,9.144,11697600000,945600000,-21600000.0,0,62.14,196500000
7,AJG,ARQ,2019-09-30,2019-10-25,2019-09-30,2021-08-02,-925100000,19173800000,,9328600000,9845200000,,25.966,-32400000.0,2607300000,2607300000,665400000.0,137100000.0,1.047,2.945,4811200000,660100000,4151100000,4811200000,493900000,119300000.0,0,0.019,0.43,150400000.0,269700000.0,0.148,269700000.0,150400000.0,103800000.0,0.68,0.66,0.68,4843300000,,4843300000,18888382350,27.0,16.315,317100000.0,1.7,1.0,1159800000.0,0.635,7388300000,46600000.0,5078500000,,0,0,0,0,14261800000,8910900000,5350900000,16684482350,60700000.0,-214900000.0,18000000.0,103600000.0,-80100000.0,8600000.0,-247600000.0,-300000.0,349500000.0,-49800000.0,126100000.0,126100000.0,126100000.0,0.0,11000000.0,0.069,958000000.0,201800000.0,6573900000,0.632,3.445,24.265,24.046,843300000,0.0,89.45,2.34,2.34,5684700000,1884200000,1825200000.0,1825200000.0,0.0,,,,,15500000.0,838700000.0,1.0,186523000,186523000,,9.785,11785500000,952800000,-22300000.0,0,63.185,417700000
8,AJG,ARQ,2019-06-30,2019-07-26,2019-06-30,2021-08-02,-802500000,19200300000,,9547400000,9652900000,,26.223,-36000000.0,2546600000,2546600000,549700000.0,121400000.0,1.069,2.921,4705300000,562300000,4143000000,4705300000,504300000,115000000.0,0,0.018,0.43,139100000.0,254100000.0,0.153,254100000.0,139100000.0,94200000.0,0.59,0.58,0.59,4879400000,,4879400000,19338543100,29.0,17.416,479800000.0,2.579,1.0,1108100000.0,0.668,7250700000,44900000.0,5175800000,,0,0,0,0,14252500000,8932500000,5320000000,17179843100,5800000.0,-555200000.0,32300000.0,195100000.0,-80100000.0,112700000.0,-591500000.0,-300000.0,515800000.0,-31200000.0,110100000.0,110100000.0,110100000.0,0.0,11300000.0,0.066,921300000.0,186800000.0,6873800000,0.729,3.521,24.931,24.687,826400000,0.0,92.33,2.425,2.425,6007600000,1839300000,1657800000.0,1657800000.0,0.0,,,,,16200000.0,806300000.0,1.0,186070000,186070000,,8.91,11949600000,905700000,-15900000.0,0,64.221,614900000
9,AJG,ARQ,2019-03-31,2019-04-29,2019-03-31,2021-08-02,-721500000,18631400000,,9669500000,8961900000,,26.344,-39300000.0,2540800000,2540800000,645000000.0,351700000.0,1.119,2.802,4515000000,494800000,4020200000,4515000000,480100000,110500000.0,0,0.02,0.43,344400000.0,454900000.0,0.229,454900000.0,344400000.0,304200000.0,1.81,1.77,1.81,4880300000,,4880300000,17340853400,26.0,15.921,-135500000.0,-0.731,1.0,1345600000.0,0.676,6642300000,40200000.0,5325400000,,0,0,0,0,13673200000,8637900000,5035300000,15366653400,304000000.0,-101600000.0,32800000.0,574500000.0,-79600000.0,507400000.0,-141300000.0,-400000.0,-96200000.0,34100000.0,334100000.0,334100000.0,334100000.0,0.0,17600000.0,0.168,947600000.0,398000000.0,6741400000,0.238,3.149,22.145,21.944,819000000,0.0,82.95,2.168,2.168,6253200000,1810200000,1990600000.0,1990600000.0,0.0,,,,,13600000.0,837100000.0,1.0,185252000,185252000,,10.745,11989100000,869900000,-29900000.0,0,64.718,1031600000
10,AJG,ARQ,2018-12-31,2019-02-08,2018-12-31,2021-08-02,-785600000,16334000000,,8118700000,8215300000,,24.443,-33600000.0,2236800000,2236800000,671300000.0,127800000.0,1.055,2.615,3610400000,519000000,3091400000,3610400000,457700000,109800000.0,0,0.021,0.41,69200000.0,179000000.0,0.108,179000000.0,69200000.0,32700000.0,0.64,0.62,0.64,4498900000,,4498900000,15883049800,28.0,15.972,226900000.0,1.233,1.0,986100000.0,0.595,6398600000,36500000.0,3615400000,,0,0,0,0,11764300000,7693600000,4070700000,14509449800,-23700000.0,-207400000.0,12000000.0,98900000.0,-75600000.0,5200000.0,-256500000.0,-15500000.0,260500000.0,-32900000.0,117300000.0,117300000.0,117300000.0,0.0,10500000.0,0.071,869900000.0,116200000.0,5740200000,0.641,3.225,22.904,22.718,436900000,0.0,78.83,2.093,2.093,4857500000,1558600000,1657400000.0,1657400000.0,0.0,,,,,13500000.0,760100000.0,1.0,184060000,184060000,,9.005,9935400000,806200000,-84600000.0,0,53.979,425100000
11,AJG,ARQ,2018-09-30,2018-10-26,2018-09-30,2021-08-02,-673400000,16114700000,,8084000000,8030700000,,24.745,-28100000.0,2260500000,2260500000,736500000.0,138400000.0,1.089,2.531,3530500000,389300000,3141200000,3530500000,472700000,106200000.0,0,0.022,0.41,116200000.0,222400000.0,0.125,222400000.0,116200000.0,79500000.0,0.7,0.68,0.7,4544500000,,4544500000,14865757560,24.0,14.614,163200000.0,0.889,1.0,1042000000.0,0.586,6273400000,36700000.0,3688700000,,0,0,0,0,11502000000,7422600000,4079400000,13595757560,-84200000.0,-179600000.0,22200000.0,48500000.0,-75300000.0,-44800000.0,-208100000.0,-400000.0,191300000.0,-22600000.0,127600000.0,127600000.0,127600000.0,0.0,10800000.0,0.072,871900000.0,170100000.0,5693600000,0.586,2.992,21.883,21.646,429300000,0.0,74.03,1.977,1.977,4872000000,1517600000,1778500000.0,1778500000.0,0.0,,,,,13500000.0,765700000.0,1.0,183652000,183652000,,9.684,9841300000,743400000,-48100000.0,0,53.587,661400000
12,AJG,ARQ,2018-06-30,2018-07-27,2018-06-30,2021-08-02,-651400000,16230500000,,8365000000,7865500000,,24.334,-31600000.0,2344700000,2344700000,664600000.0,123700000.0,1.105,2.637,3487100000,346100000,3141000000,3487100000,471800000,104200000.0,0,0.023,0.41,128700000.0,232900000.0,0.14,232900000.0,128700000.0,94800000.0,0.63,0.62,0.63,4443600000,,4443600000,14087764680,23.0,13.871,499300000.0,2.734,1.0,995800000.0,0.6,6134900000,33900000.0,3669400000,,0,0,0,0,11717400000,7568600000,4148800000,12945364680,236000000.0,-328200000.0,15400000.0,220800000.0,-74800000.0,132100000.0,-358800000.0,1000000.0,530900000.0,-68200000.0,114900000.0,114900000.0,114900000.0,0.0,8800000.0,0.069,828900000.0,166900000.0,5982700000,0.651,2.913,20.742,20.608,427600000,0.0,70.89,1.937,1.937,5142200000,1466000000,1660400000.0,1660400000.0,0.0,,,,,13600000.0,724700000.0,1.0,182612000,182612000,,9.093,10095600000,716300000,-20100000.0,0,55.284,796400000
13,AJG,ARQ,2018-03-31,2018-05-07,2018-03-31,2021-08-02,-499500000,16127500000,,8533300000,7594200000,,24.768,-31100000.0,2108700000,2108700000,647300000.0,286000000.0,1.102,2.557,3273100000,481000000,2792100000,3273100000,465200000,98800000.0,0,0.023,0.41,261300000.0,360100000.0,0.196,360100000.0,261300000.0,230000000.0,1.51,1.48,1.51,4514600000,,4514600000,13744882460,21.0,13.114,-248700000.0,-1.364,1.0,1190400000.0,0.648,5875900000,31300000.0,3673600000,,0,0,0,0,11543000000,7742400000,3800600000,12580482460,-196300000.0,-55100000.0,21000000.0,139700000.0,-76100000.0,69500000.0,-86900000.0,-700000.0,-217600000.0,38700000.0,273700000.0,273700000.0,273700000.0,0.0,12300000.0,0.149,874600000.0,315800000.0,6071300000,0.272,2.787,18.471,18.308,424200000,0.0,69.02,1.911,1.911,5675400000,1426700000,1837700000.0,1837700000.0,0.0,,,,,14700000.0,775800000.0,1.0,182273000,182273000,,10.082,10251600000,708400000,-43700000.0,0,56.243,790900000
14,AJG,ARQ,2017-12-31,2018-02-12,2017-12-31,2021-08-02,-559900000,12897400000,,5170600000,7726800000,,22.627,-35400000.0,2305000000,2305000000,646800000.0,113200000.0,1.053,2.127,3133000000,441100000,2691900000,3133000000,74800000,96600000.0,0,0.024,0.39,105200000.0,201800000.0,0.126,201800000.0,105200000.0,74000000.0,0.58,0.57,0.58,4105200000,,4105200000,12840215460,28.0,15.072,359700000.0,1.983,1.0,952200000.0,0.595,5842500000,31200000.0,2970600000,,0,0,0,0,8732500000,4912300000,3820200000,12012215460,348000000.0,-55300000.0,-7500000.0,97600000.0,-71100000.0,-1200000.0,-91000000.0,-300000.0,395100000.0,45100000.0,105100000.0,105100000.0,105100000.0,0.0,8100000.0,0.066,835500000.0,116700000.0,3475900000,0.672,2.926,25.939,25.763,412200000,0.0,66.21,1.95,1.95,2157200000,1095900000,1599000000.0,1599000000.0,0.0,,,,,12500000.0,738900000.0,1.0,181426000,181426000,,8.814,7054900000,905100000,-31100000.0,0,38.886,258300000
15,AJG,ARQ,2017-09-30,2017-10-30,2017-09-30,2021-08-02,-498900000,12810400000,,5087400000,7723000000,,22.732,-28200000.0,2180500000,2180500000,665600000.0,137800000.0,1.081,2.102,3023100000,281400000,2741700000,3023100000,85400000,100100000.0,0,0.025,0.39,120700000.0,220800000.0,0.139,220800000.0,120700000.0,89300000.0,0.72,0.71,0.72,4110000000,,4110000000,12185929260,27.0,14.671,225500000.0,1.247,1.0,918900000.0,0.58,5831600000,31400000.0,3116200000,,0,0,0,0,8638200000,4705200000,3933000000,11343329260,-22900000.0,-95000000.0,15300000.0,-95700000.0,-70000000.0,-165600000.0,-125500000.0,-2300000.0,253700000.0,14500000.0,130400000.0,130400000.0,130400000.0,0.0,7400000.0,0.082,780200000.0,138700000.0,3508500000,0.542,2.76,25.035,24.897,413400000,0.0,62.74,1.908,1.908,2227300000,1062100000,1584500000.0,1584500000.0,0.0,,,,,12900000.0,680100000.0,1.0,180799000,180799000,,8.764,6978800000,918400000,-41100000.0,0,38.6,382200000
16,AJG,ARQ,2017-06-30,2017-07-28,2017-06-30,2021-08-02,-661900000,12569600000,,5107200000,7462400000,,21.34,-36300000.0,2068900000,2068900000,608700000.0,180400000.0,1.051,2.252,3112800000,468000000,2644800000,3112800000,74000000,95300000.0,0,0.026,0.39,170100000.0,265400000.0,0.17,265400000.0,170100000.0,138500000.0,0.96,0.95,0.96,3844700000,,3844700000,11747443240,26.0,14.423,-600000.0,-0.003,1.0,954700000.0,0.611,5651600000,31600000.0,3103900000,,0,0,0,0,8659600000,4858000000,3801600000,10703543240,23800000.0,-79000000.0,14600000.0,169500000.0,-70200000.0,99100000.0,-116400000.0,-1100000.0,35700000.0,5400000.0,171900000.0,171900000.0,171900000.0,0.0,8500000.0,0.11,771000000.0,183700000.0,3546400000,0.406,2.784,24.026,23.859,387600000,0.0,59.41,1.832,1.832,2374200000,1002900000,1563400000.0,1563400000.0,0.0,,,,,15100000.0,675700000.0,1.0,180164000,180164000,,8.678,6918000000,861900000,-33400000.0,0,38.398,249200000
17,AJG,ARQ,2017-03-31,2017-04-28,2017-03-31,2021-08-02,-699100000,11780600000,,4483200000,7297400000,,20.402,-29300000.0,1822000000,1822000000,567300000.0,67800000.0,0.937,2.199,2944100000,799400000,2144700000,2944100000,75300000,93800000.0,0,0.027,0.39,70100000.0,163900000.0,0.116,163900000.0,70100000.0,40200000.0,0.31,0.31,0.31,3662500000,,3662500000,11140776340,26.0,13.984,140400000.0,0.782,1.0,845400000.0,0.598,5579000000,29900000.0,2539000000,,0,0,0,0,8053300000,4784700000,3268600000,10018676340,18500000.0,-143600000.0,20300000.0,89200000.0,-71400000.0,19900000.0,-178100000.0,-5200000.0,169700000.0,7000000.0,55700000.0,55700000.0,55700000.0,0.0,12100000.0,0.039,751400000.0,94000000.0,3028200000,1.258,2.735,23.651,23.45,375500000,0.0,55.81,1.755,1.755,2066800000,901800000,1412700000.0,1412700000.0,0.0,,,,,10300000.0,657600000.0,1.0,179514000,179514000,,7.87,6201600000,806700000,-15500000.0,0,34.547,-301500000
18,AJG,ARQ,2016-12-31,2017-02-13,2016-12-31,2021-08-02,-763600000,11489600000,,4416100000,7073500000,,20.136,-79000000.0,1937600000,1937600000,528500000.0,101000000.0,0.958,2.178,2848200000,703600000,2144600000,2848200000,69000000,89300000.0,0,0.027,0.38,91200000.0,180500000.0,0.13,180500000.0,91200000.0,62900000.0,0.53,0.53,0.53,3596600000,,3596600000,10832774350,25.0,13.766,154700000.0,0.866,1.0,856500000.0,0.618,5395100000,28300000.0,2393400000,,0,0,0,0,7833800000,4611700000,3222100000,9922174350,13700000.0,-118600000.0,8800000.0,68700000.0,-67900000.0,2300000.0,-207200000.0,-9600000.0,233700000.0,-15100000.0,95100000.0,95100000.0,95100000.0,0.0,5900000.0,0.069,748500000.0,108000000.0,2996100000,0.717,2.759,23.943,23.841,377600000,0.0,55.55,1.773,1.773,1844800000,916400000,1385000000.0,1385000000.0,0.0,,,,,10700000.0,659200000.0,1.0,178617000,178617000,,7.754,6094500000,796500000,-32200000.0,0,34.12,-195600000
19,AJG,ARQ,2016-09-30,2016-10-28,2016-09-30,2021-08-02,-620500000,11200300000,,4213700000,6986600000,,20.718,-35700000.0,1928900000,1928900000,639300000.0,130400000.0,0.958,2.023,2785700000,741100000,2044600000,2785700000,83700000,88900000.0,0,0.031,0.38,115800000.0,204700000.0,0.138,204700000.0,115800000.0,87300000.0,0.69,0.69,0.69,3686500000,,3686500000,9456688530,24.0,12.634,207700000.0,1.167,1.0,843000000.0,0.569,5392500000,28500000.0,2265700000,,0,0,0,0,7459100000,4398900000,3060200000,8599888530,120700000.0,-60400000.0,15900000.0,51600000.0,-67900000.0,-14500000.0,-106400000.0,-10300000.0,243400000.0,-1800000.0,122800000.0,122800000.0,122800000.0,0.0,7600000.0,0.083,715500000.0,127500000.0,2866900000,0.551,2.333,22.536,22.584,213900000,0.0,48.33,1.551,1.551,1683700000,889800000,1482300000.0,1482300000.0,0.0,,,,,10800000.0,626600000.0,1.0,177941000,177941000,,8.33,5807800000,749800000,-35500000.0,0,32.639,-185200000
20,AJG,ARQ,2016-06-30,2016-07-29,2016-06-30,2021-08-02,-603500000,11384300000,,4485600000,6898700000,,20.335,-41200000.0,1842000000,1842000000,529600000.0,155700000.0,1.023,2.147,2730600000,386200000,2344400000,2730600000,72800000,88600000.0,0,0.03,0.38,159000000.0,247600000.0,0.173,247600000.0,159000000.0,131800000.0,0.85,0.84,0.85,3599900000,,3599900000,9596754890,24.0,12.806,-5600000.0,-0.032,1.0,897500000.0,0.629,5375900000,27200000.0,2513300000,,0,0,0,0,7728500000,4383700000,3344800000,8708154890,-14300000.0,-80500000.0,-56500000.0,209800000.0,-67500000.0,80200000.0,-127200000.0,-5500000.0,35600000.0,-2900000.0,150000000.0,150000000.0,150000000.0,0.0,5700000.0,0.105,719600000.0,177900000.0,3216500000,0.447,2.419,22.209,22.258,213900000,0.0,49.19,1.578,1.578,2038400000,835200000,1427100000.0,1427100000.0,0.0,,,,,12700000.0,631000000.0,1.0,177031000,177031000,,8.061,6008400000,702300000,-18200000.0,0,33.94,101900000
21,AJG,ARQ,2016-03-31,2016-05-02,2016-03-31,2021-08-02,-535400000,10712600000,,3939500000,6773100000,,20.308,-61900000.0,1728900000,1728900000,508900000.0,57900000.0,0.979,1.963,2523000000,451200000,2071800000,2523000000,70500000,84000000.0,0,0.032,0.38,70100000.0,154100000.0,0.119,154100000.0,70100000.0,44300000.0,0.26,0.26,0.26,3597100000,,3597100000,9101450100,23.0,12.463,47500000.0,0.268,1.0,791500000.0,0.609,5366300000,25800000.0,2118000000,,0,0,0,0,7060300000,4022400000,3037900000,8307350100,-55000000.0,-60000000.0,-23600000.0,66700000.0,-68900000.0,-34100000.0,-128400000.0,-6500000.0,109400000.0,-1900000.0,46500000.0,46500000.0,46500000.0,0.0,11400000.0,0.036,706100000.0,85400000.0,2722900000,1.462,2.309,21.781,21.514,218200000,0.0,46.9,1.521,1.521,1706800000,753400000,1300400000.0,1300400000.0,0.0,,,,,9000000.0,622100000.0,1.0,177129000,177129000,,7.342,5346300000,660600000,-2200000.0,0,30.183,-82900000
22,AJG,ARQ,2015-12-31,2016-02-10,2015-12-31,2021-08-02,-522500000,10913800000,,4335800000,6578000000,,20.552,-27200000.0,1892500000,1892500000,538500000.0,68200000.0,1.034,1.986,2457000000,382000000,2075000000,2457000000,61300000,93800000.0,0,0.039,0.37,48300000.0,142100000.0,0.106,142100000.0,48300000.0,22500000.0,0.34,0.35,0.34,3638300000,,3638300000,7291526000,20.0,10.44,298900000.0,1.688,1.0,796400000.0,0.597,5361700000,25800000.0,1924900000,,0,0,0,0,7225600000,4191700000,3033900000,6727026000,110700000.0,-165300000.0,4300000.0,61500000.0,-65000000.0,-11100000.0,-201400000.0,-8900000.0,326100000.0,-2900000.0,62300000.0,62300000.0,62300000.0,0.0,5900000.0,0.047,727500000.0,68900000.0,2877100000,1.088,1.849,18.854,18.357,202700000,0.0,38.0,1.248,1.248,1734000000,774500000,1334900000.0,1334900000.0,0.0,,,,,8900000.0,633700000.0,1.0,177027000,177027000,,7.541,5552100000,521400000,-39800000.0,0,31.363,144100000
23,AJG,ARQ,2015-09-30,2015-10-28,2015-09-30,2021-08-02,-496300000,10510400000,,4020100000,6490300000,,20.671,-29100000.0,1719300000,1719300000,627000000.0,140900000.0,1.078,1.862,2392600000,267600000,2125000000,2392600000,51700000,81900000.0,0,0.033,0.37,123700000.0,205600000.0,0.141,205600000.0,123700000.0,98100000.0,0.76,0.75,0.76,3652400000,,3652400000,8456714750,23.0,12.402,215700000.0,1.221,1.0,827800000.0,0.569,5321400000,25600000.0,2133100000,,0,0,0,0,6802500000,3729200000,3073300000,7783414750,48000000.0,-108700000.0,10800000.0,32000000.0,-67200000.0,-36000000.0,-151100000.0,-13300000.0,244800000.0,-9700000.0,133300000.0,133300000.0,133300000.0,0.0,7600000.0,0.092,686800000.0,141000000.0,2707100000,0.487,2.131,22.495,21.915,200700000,0.0,44.05,1.468,1.468,1600800000,778400000,1454800000.0,1454800000.0,0.0,,,,,8600000.0,604900000.0,1.0,176695000,176695000,,8.233,5189000000,487800000,-35200000.0,0,29.367,290900000
24,AJG,ARQ,2015-06-30,2015-07-31,2015-06-30,2021-08-02,-338700000,10716100000,,4261400000,6454700000,,20.846,-24900000.0,1765500000,1765500000,513900000.0,147600000.0,1.091,1.925,2371600000,246600000,2125000000,2371600000,63800000,82300000.0,0,0.031,0.37,146200000.0,228500000.0,0.167,228500000.0,146200000.0,120200000.0,0.82,0.81,0.82,3638500000,,3638500000,8884769350,25.0,13.405,-56500000.0,-0.324,1.0,857500000.0,0.625,5330900000,26000000.0,2085900000,,0,0,0,0,7004600000,3905400000,3099200000,8278669350,44900000.0,-37900000.0,170100000.0,38700000.0,-62600000.0,141600000.0,-68800000.0,-6000000.0,-31600000.0,3700000.0,139300000.0,139300000.0,139300000.0,0.0,8300000.0,0.102,697400000.0,160100000.0,2901100000,0.451,2.275,27.028,25.918,198200000,0.0,47.43,1.612,1.612,1764500000,710800000,1371400000.0,1371400000.0,0.0,,,,,10000000.0,615100000.0,1.0,174545000,174545000,,7.857,5385200000,438000000,-19100000.0,0,30.853,356000000
25,AJG,ARQ,2015-03-31,2015-04-28,2015-03-31,2021-08-02,-380200000,9730900000,,3594800000,6136100000,,18.872,-17800000.0,1463400000,1463400000,512800000.0,32400000.0,1.045,2.07,2335800000,210800000,2125000000,2335800000,76300000,76200000.0,0,0.03,0.37,46000000.0,122200000.0,0.099,122200000.0,46000000.0,20400000.0,0.13,0.13,0.13,3145200000,,3145200000,8983596190,26.0,14.441,95500000.0,0.573,1.0,718500000.0,0.584,5141600000,25600000.0,2023000000,,0,0,0,0,6511300000,3438700000,3072600000,8111196190,-37600000.0,-21200000.0,18100000.0,-53300000.0,-62700000.0,-104400000.0,-40300000.0,-1300000.0,113300000.0,-6200000.0,21900000.0,21900000.0,21900000.0,0.0,10500000.0,0.018,651400000.0,67100000.0,2447000000,2.846,2.579,29.388,28.297,190600000,0.0,48.67,1.641,1.641,1543600000,636000000,1231300000.0,1231300000.0,0.0,,,,,6400000.0,575200000.0,1.0,166657000,166657000,,7.388,4589300000,395400000,-1500000.0,0,27.537,156100000
26,AJG,ARQ,2014-12-31,2015-02-13,2014-12-31,2021-08-02,-260600000,10010000000,,3811200000,6198800000,,19.603,-21800000.0,1682000000,1682000000,512200000.0,51500000.0,1.046,2.1,2392900000,267900000,2125000000,2392900000,66100000,73600000.0,0,0.03,0.36,52000000.0,125600000.0,0.101,125600000.0,52000000.0,26300000.0,0.3,0.3,0.3,3229400000,,3229400000,8536240000,24.0,13.873,147300000.0,0.894,1.0,733200000.0,0.589,5225600000,25700000.0,1852600000,,0,0,0,0,6780600000,3642700000,3137900000,7825340000,23900000.0,-78600000.0,36400000.0,-35800000.0,-58800000.0,-58000000.0,-101000000.0,-600000.0,169100000.0,13800000.0,51500000.0,51500000.0,51500000.0,0.0,0.0,0.041,680300000.0,52900000.0,2623300000,1.2,2.423,25.792,23.99,195400000,0.0,47.5,1.691,1.691,1462500000,676000000,1245400000.0,1245400000.0,0.0,,,,,8400000.0,606700000.0,1.0,164744000,164744000,,7.56,4784400000,392600000,-25200000.0,0,29.041,168500000
27,AJG,ARQ,2014-09-30,2014-10-29,2014-09-30,2021-08-02,-83700000,9988000000,,3972400000,6015600000,,20.177,-17600000.0,1632600000,1632600000,531200000.0,93600000.0,1.054,2.068,2421200000,296200000,2125000000,2421200000,98700000,72900000.0,0,0.03,0.36,113600000.0,186500000.0,0.145,186500000.0,113600000.0,87700000.0,0.58,0.58,0.58,3256000000,,3256000000,8439341340,23.0,13.991,8800000.0,0.055,1.0,755600000.0,0.587,5067300000,25900000.0,1939500000,,0,0,0,0,6732000000,3769800000,2962200000,7650741340,-683000000.0,-432200000.0,12600000.0,-208700000.0,-58200000.0,-255300000.0,-449300000.0,500000.0,26400000.0,-4800000.0,93600000.0,93600000.0,93600000.0,0.0,0.0,0.073,637500000.0,118100000.0,2755400000,0.621,2.35,24.529,22.469,196600000,0.0,47.41,1.791,1.791,1669000000,683700000,1286800000.0,1286800000.0,0.0,,,,,8800000.0,564600000.0,1.0,161374000,161374000,,7.974,4920700000,352700000,-5900000.0,0,30.493,202600000
28,AJG,ARQ,2014-06-30,2014-08-01,2014-06-30,2021-08-02,54200000,10019300000,,4440300000,5579000000,,20.439,-22300000.0,2082500000,2082500000,454500000.0,109000000.0,1.146,2.083,2517000000,392000000,2125000000,2517000000,94300000,59500000.0,0,0.032,0.36,128300000.0,187800000.0,0.159,187800000.0,128300000.0,107100000.0,0.71,0.7,0.71,3249600000,,3249600000,7543077030,21.0,13.46,108400000.0,0.682,1.0,724800000.0,0.615,4659100000,21200000.0,1919700000,,0,0,0,0,6769700000,3875000000,2894700000,7108577030,234300000.0,-1377700000.0,929900000.0,624600000.0,-56800000.0,1501600000.0,-1416900000.0,-16900000.0,130700000.0,18900000.0,109000000.0,109000000.0,109000000.0,0.0,0.0,0.092,589500000.0,135300000.0,2819400000,0.507,2.188,24.27,21.29,193700000,0.0,44.71,1.861,1.861,1997600000,648400000,1179300000.0,1179300000.0,0.0,,,,,9100000.0,530000000.0,1.0,158993000,158993000,,7.417,5360200000,328900000,-1900000.0,0,33.713,565300000
29,AJG,ARQ,2014-03-31,2014-04-24,2014-03-31,2021-08-02,6900000,7275600000,,3198000000,4077600000,,13.649,-19800000.0,1655100000,1655100000,328200000.0,49300000.0,1.054,2.393,1892400000,467400000,1425000000,1892400000,86600000,52900000.0,0,0.032,0.36,62500000.0,115400000.0,0.126,115400000.0,62500000.0,46300000.0,0.37,0.36,0.37,2144200000,,2144200000,7254778320,22.0,13.827,56300000.0,0.358,1.0,586800000.0,0.641,3235800000,16200000.0,1243500000,,0,0,0,0,5131400000,3033600000,2097800000,7017478320,441100000.0,-21600000.0,18100000.0,436900000.0,-49300000.0,409500000.0,-44500000.0,-3100000.0,76100000.0,0.0,49300000.0,49300000.0,49300000.0,0.0,0.0,0.054,519200000.0,67600000.0,1974700000,0.973,3.273,25.297,21.071,165900000,0.0,44.67,2.052,2.052,1253400000,596900000,915000000.0,915000000.0,0.0,,,,,7200000.0,466300000.0,1.0,157096000,157096000,,5.824,4039800000,292900000,-3000000.0,0,25.715,164400000
30,AJG,ARQ,2013-12-31,2014-02-07,2013-12-31,2021-08-02,-2600000,6860500000,,2875600000,3984900000,,15.582,-23800000.0,1325500000,1325500000,303400000.0,60000000.0,0.875,2.29,1455500000,630500000,825000000,1455500000,84500000,50300000.0,0,0.031,0.35,63200000.0,113500000.0,0.127,113500000.0,63200000.0,49300000.0,0.45,0.45,0.45,2085500000,,2085500000,6195674120,19.0,12.313,47500000.0,0.355,1.0,586800000.0,0.659,3224000000,13900000.0,481700000,,0,0,0,0,4775000000,3284800000,1490200000,6065674120,11200000.0,-392500000.0,11700000.0,395000000.0,-46600000.0,361300000.0,-421200000.0,-4900000.0,71300000.0,-200000.0,60000000.0,60000000.0,60000000.0,0.0,0.0,0.067,523400000.0,63400000.0,2154700000,0.778,2.908,22.583,21.788,160400000,0.0,45.32,1.908,1.908,1288800000,596400000,890200000.0,890200000.0,0.0,,,,,10700000.0,473100000.0,1.0,133841000,133841000,,6.651,3636500000,279800000,-10700000.0,0,27.17,-409200000
31,AJG,ARQ,2013-09-30,2013-10-30,2013-09-30,2021-08-02,-41800000,5970200000,,2546700000,3423500000,,14.689,-33900000.0,1211100000,1211100000,280000000.0,74600000.0,0.988,2.09,1060500000,235500000,825000000,1060500000,69700000,45100000.0,0,0.029,0.35,98600000.0,143700000.0,0.172,143700000.0,98600000.0,85500000.0,0.57,0.57,0.57,1932200000,,1932200000,6097455000,19.0,12.632,170900000.0,1.299,1.0,555800000.0,0.665,2689500000,13100000.0,552200000,,0,0,0,0,4038000000,2577900000,1460100000,6248055000,46900000.0,-219200000.0,13100000.0,135500000.0,-45900000.0,104100000.0,-265200000.0,-12100000.0,204800000.0,3200000.0,74600000.0,74600000.0,74600000.0,0.0,0.0,0.089,457600000.0,98200000.0,1875900000,0.614,3.234,25.808,25.266,148100000,0.0,47.5,2.109,2.109,1075100000,583200000,835800000.0,835800000.0,0.0,,,,,7100000.0,412500000.0,1.0,131538000,131538000,,6.354,3280700000,283600000,10900000.0,0,24.941,-31200000
32,AJG,ARQ,2013-06-30,2013-07-31,2013-06-30,2021-08-02,-72600000,5562100000,,2602600000,2959500000,,13.328,-26600000.0,1153500000,1153500000,214400000.0,93500000.0,1.11,2.268,925000000,0,925000000,925000000,73600000,42800000.0,0,0.031,0.35,109300000.0,152100000.0,0.195,152100000.0,109300000.0,97400000.0,0.73,0.73,0.73,1702000000,,1702000000,5438737240,18.0,11.759,-4000000.0,-0.031,1.0,565100000.0,0.725,2290800000,11900000.0,699100000,,0,0,0,0,3860100000,2343700000,1516400000,5667237240,16000000.0,-92300000.0,24400000.0,150000000.0,-45900000.0,129400000.0,-132500000.0,-13600000.0,22600000.0,-3500000.0,93500000.0,93500000.0,93500000.0,0.0,0.0,0.12,458300000.0,106800000.0,1947600000,0.479,3.33,24.726,24.519,123000000,0.0,44.38,2.041,2.041,1245200000,554900000,779500000.0,779500000.0,0.0,,,,,5800000.0,415500000.0,1.0,127698000,127698000,,6.104,3271300000,275100000,3900000.0,0,25.617,258900000
33,AJG,ARQ,2013-03-31,2013-05-01,2013-03-31,2021-08-02,-55000000,5225100000,,2301400000,2923700000,,13.133,-9300000.0,1023100000,1023100000,191900000.0,40500000.0,1.039,2.139,775000000,50000000,725000000,775000000,66400000,40400000.0,0,0.032,0.35,53500000.0,93900000.0,0.139,93900000.0,53500000.0,42300000.0,0.32,0.32,0.32,1664700000,,1664700000,5144015160,17.0,11.464,41900000.0,0.331,1.0,482200000.0,0.715,2237100000,11200000.0,524800000,,0,0,0,0,3560400000,2215100000,1345300000,5392115160,-78100000.0,-18200000.0,27000000.0,-79000000.0,-44200000.0,-92200000.0,-32800000.0,-5300000.0,51200000.0,-4300000.0,40500000.0,40500000.0,40500000.0,0.0,0.0,0.06,424300000.0,57900000.0,1728300000,1.094,3.239,25.999,25.321,108500000,0.0,42.54,2.037,2.037,1050600000,506400000,674100000.0,674100000.0,0.0,,,,,3100000.0,383900000.0,1.0,126754000,126754000,,5.318,2988000000,258500000,1800000.0,0,23.573,86300000
34,AJG,ARQ,2012-12-31,2013-02-08,2012-12-31,2021-08-02,-32800000,5352300000,,2429500000,2922800000,,13.177,-14900000.0,1153700000,1153700000,166800000.0,33500000.0,1.028,2.227,854000000,129000000,725000000,854000000,70600000,36700000.0,0,0.036,0.34,56300000.0,93000000.0,0.138,93000000.0,56300000.0,45400000.0,0.26,0.26,0.26,1658600000,,1658600000,4479583900,16.0,10.449,148700000.0,1.181,1.0,506400000.0,0.752,2282300000,10900000.0,407400000,,0,0,0,0,3693700000,2362900000,1330800000,4779283900,-3100000.0,-203700000.0,19900000.0,129000000.0,-84700000.0,61000000.0,-227800000.0,-9200000.0,163600000.0,100000.0,33500000.0,33500000.0,33500000.0,0.0,0.0,0.05,447700000.0,58700000.0,1819700000,1.308,2.882,24.509,23.584,105400000,0.0,37.97,1.896,1.896,1096100000,510400000,673200000.0,673200000.0,0.0,,,,,3900000.0,411000000.0,1.0,125870000,125870000,,5.348,3070000000,251800000,11900000.0,0,24.39,66600000
35,AJG,ARQ,2012-09-30,2012-10-31,2012-09-30,2021-08-02,-25800000,5009300000,,2324900000,2684400000,,13.154,-9500000.0,1110700000,1110700000,149300000.0,61700000.0,1.112,2.062,725000000,0,725000000,725000000,67700000,36500000.0,0,0.038,0.34,87000000.0,123500000.0,0.19,123500000.0,87000000.0,76300000.0,0.5,0.5,0.5,1636200000,,1636200000,4022575280,14.0,9.412,106900000.0,0.859,1.0,501100000.0,0.77,2096600000,10700000.0,436700000,,0,0,0,0,3373100000,2090300000,1282800000,4408275280,23100000.0,-60100000.0,12300000.0,2000000.0,-41100000.0,-25300000.0,-72100000.0,-2500000.0,116400000.0,4100000.0,61700000.0,61700000.0,61700000.0,0.0,0.0,0.095,410400000.0,90700000.0,1703600000,0.68,2.694,21.823,20.847,101000000,0.0,35.44,1.817,1.817,1031700000,519700000,650400000.0,650400000.0,0.0,,,,,4200000.0,373900000.0,1.0,124387000,124387000,,5.229,2912700000,240900000,14600000.0,0,23.416,234600000
36,AJG,ARQ,2012-06-30,2012-08-01,2012-06-30,2021-08-02,-48100000,5133600000,,2631800000,2501800000,,12.175,-13200000.0,1106300000,1106300000,152700000.0,71700000.0,1.078,2.485,723000000,48000000,675000000,723000000,74000000,36400000.0,0,0.037,0.34,101900000.0,138300000.0,0.213,138300000.0,101900000.0,91100000.0,0.6,0.59,0.6,1472900000,,1472900000,3965823150,14.0,9.565,97400000.0,0.805,1.0,497200000.0,0.765,1930800000,10800000.0,377500000,,0,0,0,0,3660700000,2442000000,1218700000,4349123150,-19700000.0,-57600000.0,21900000.0,-44000000.0,-39800000.0,-59500000.0,-70800000.0,0.0,110600000.0,0.0,71700000.0,71700000.0,71700000.0,0.0,0.0,0.11,400500000.0,96700000.0,2038200000,0.567,2.953,23.257,22.329,100900000,0.0,35.95,1.86,1.86,1367600000,500700000,649900000.0,649900000.0,0.0,,,,,5000000.0,364100000.0,1.0,120977000,120977000,,5.372,3202800000,237700000,19400000.0,0,26.474,189800000
37,AJG,ARQ,2012-03-31,2012-05-02,2012-03-31,2021-08-02,-36000000,4602700000,,2225000000,2377700000,,11.468,-13400000.0,979600000,979600000,126000000.0,28100000.0,1.088,2.393,767000000,92000000,675000000,767000000,73600000,30800000.0,0,0.036,0.34,43100000.0,73900000.0,0.135,73900000.0,43100000.0,32500000.0,0.24,0.24,0.24,1356600000,,1356600000,4204684660,16.0,11.059,-61000000.0,-0.516,1.0,420800000.0,0.77,1794000000,10600000.0,551900000,,0,0,0,0,3246100000,2044200000,1201900000,4417284660,10600000.0,-11300000.0,26700000.0,82000000.0,-38800000.0,69700000.0,-11500000.0,13200000.0,-47600000.0,0.0,28100000.0,28100000.0,28100000.0,0.0,0.0,0.051,375200000.0,45600000.0,1638100000,1.417,3.256,28.136,26.863,95700000,0.0,37.34,1.977,1.977,1080100000,470500000,546800000.0,546800000.0,0.0,,,,,2700000.0,344400000.0,1.0,118299000,118299000,,4.622,2808700000,236500000,4400000.0,0,23.742,180800000
38,AJG,ARQ,2011-12-31,2012-02-14,2011-12-31,2021-08-02,-47200000,4483500000,,2199400000,2284100000,,10.81,-10800000.0,983700000,983700000,122500000.0,40500000.0,1.061,2.605,685000000,10000000,675000000,685000000,69700000,33900000.0,0,0.038,0.33,57800000.0,91700000.0,0.159,91700000.0,57800000.0,47400000.0,0.36,0.35,0.36,1243600000,,1243600000,3735752800,15.0,10.269,90300000.0,0.785,1.0,455900000.0,0.788,1716800000,10400000.0,394400000,,0,0,0,0,3239900000,2073600000,1166300000,4034452800,49800000.0,-24300000.0,19000000.0,10000000.0,-37200000.0,-6700000.0,-44600000.0,-9500000.0,101100000.0,0.0,40500000.0,40500000.0,40500000.0,0.0,0.0,0.07,398300000.0,57600000.0,1621900000,0.917,3.244,27.998,27.186,91300000,0.0,35.07,1.89,1.89,1027100000,482900000,578400000.0,578400000.0,0.0,,,,,4400000.0,364400000.0,1.0,115040000,115040000,,5.028,2766700000,240200000,6900000.0,0,24.05,125800000
39,AJG,ARQ,2011-09-30,2011-10-28,2011-09-30,2021-08-02,-12100000,4247200000,,2088700000,2158500000,,10.801,-12100000.0,959800000,959800000,114600000.0,46700000.0,1.075,2.483,675000000,0,675000000,675000000,64300000,29400000.0,0,0.042,0.33,81300000.0,110700000.0,0.197,110700000.0,81300000.0,71000000.0,0.41,0.41,0.41,1219300000,,1219300000,3210057680,14.0,9.458,72500000.0,0.642,1.0,448200000.0,0.796,1648900000,10300000.0,369900000,,0,0,0,0,3027900000,1943600000,1084300000,3494857680,-21800000.0,-26800000.0,8100000.0,-35000000.0,-37000000.0,-63700000.0,-42700000.0,-3800000.0,84600000.0,0.0,46700000.0,46700000.0,46700000.0,0.0,0.0,0.083,371200000.0,77000000.0,1600400000,0.805,2.866,22.077,21.5,90500000,0.0,30.96,1.734,1.734,982000000,480400000,562800000.0,562800000.0,0.0,,,,,4100000.0,341800000.0,1.0,112883000,112883000,,4.986,2598300000,214200000,24300000.0,0,23.018,145100000
40,AJG,ARQ,2011-06-30,2011-08-03,2011-06-30,2021-08-02,3700000,4581900000,,2416000000,2165900000,,10.725,-8800000.0,996100000,996100000,119900000.0,41700000.0,1.056,2.809,710000000,35000000,675000000,710000000,64500000,27400000.0,0,0.046,0.33,76500000.0,103900000.0,0.19,103900000.0,76500000.0,65900000.0,0.38,0.37,0.38,1202800000,,1202800000,2888923120,12.0,8.741,95900000.0,0.855,1.0,426200000.0,0.78,1635300000,10600000.0,373400000,,0,0,0,0,3379100000,2287100000,1092000000,3175023120,-70000000.0,-183900000.0,19600000.0,35000000.0,-36900000.0,18000000.0,-192700000.0,0.0,104700000.0,0.0,41700000.0,41700000.0,41700000.0,0.0,0.0,0.076,352200000.0,74000000.0,1927800000,0.868,2.64,20.121,19.259,87700000,0.0,28.31,1.657,1.657,1292900000,471300000,546100000.0,546100000.0,0.0,,,,,10200000.0,324800000.0,1.0,112152000,112152000,,4.869,2946600000,234100000,24200000.0,0,26.273,128900000
41,AJG,ARQ,2011-03-31,2011-04-29,2011-03-31,2021-08-02,6500000,3691100000,,1749800000,1941300000,,10.403,-8300000.0,913300000,913300000,94000000.0,15200000.0,1.178,2.218,675000000,0,675000000,675000000,65000000,24500000.0,0,0.043,0.33,33000000.0,57500000.0,0.129,57500000.0,33000000.0,23500000.0,0.14,0.14,0.14,1147100000,,1147100000,3045332140,13.0,9.344,-15600000.0,-0.141,1.0,353400000.0,0.79,1415400000,9500000.0,552100000,,0,0,0,0,2544000000,1485300000,1058700000,3283632140,83400000.0,-19100000.0,26000000.0,125000000.0,-34700000.0,118000000.0,-27300000.0,100000.0,-7300000.0,0.0,15200000.0,15200000.0,15200000.0,0.0,0.0,0.034,319600000.0,33800000.0,1213400000,2.357,2.863,20.51,19.722,79400000,0.0,29.78,1.795,1.795,718800000,466800000,447400000.0,447400000.0,0.0,,,,,2400000.0,295100000.0,1.0,110263000,110263000,,4.058,2275700000,242500000,8300000.0,0,20.639,264500000
42,AJG,ARQ,2010-12-31,2011-02-07,2010-12-31,2021-08-02,2200000,3596000000,,1726000000,1870000000,,10.19,-7300000.0,849500000,849500000,101200000.0,54700000.0,1.094,2.249,550000000,0,550000000,550000000,60500000,24100000.0,0,0.042,0.32,43200000.0,67300000.0,0.147,67300000.0,43200000.0,34500000.0,0.51,0.52,0.51,1106700000,,1106700000,2979284950,12.0,8.724,12100000.0,0.111,1.0,357900000.0,0.78,1367200000,8700000.0,352000000,,0,0,0,0,2489300000,1577300000,912000000,3278784950,-46500000.0,-34700000.0,10100000.0,0.0,-33800000.0,-23400000.0,-42500000.0,-500000.0,19400000.0,0.0,54700000.0,54700000.0,54700000.0,-8700000.0,0.0,0.119,323100000.0,34800000.0,1250300000,0.627,2.963,18.833,18.187,75800000,0.0,30.19,1.759,1.759,750100000,488300000,459100000.0,459100000.0,0.0,,,,,4100000.0,299000000.0,1.0,108605000,108605000,,4.227,2228800000,245200000,-20200000.0,0,20.522,148700000
43,AJG,ARQ,2010-09-30,2010-10-29,2010-09-30,2021-08-02,-2600000,3460700000,,1689900000,1770800000,,9.541,-5100000.0,861700000,861700000,84800000.0,46200000.0,1.103,2.422,550000000,0,550000000,550000000,44500000,22800000.0,0,0.045,0.32,79000000.0,101800000.0,0.22,101800000.0,79000000.0,70400000.0,0.44,0.44,0.44,1011400000,,1011400000,2673428960,11.0,8.057,117700000.0,1.11,1.0,378400000.0,0.817,1260000000,8600000.0,356700000,,0,0,0,0,2449300000,1532300000,917000000,2985128960,66300000.0,-19200000.0,3000000.0,0.0,-33800000.0,-32100000.0,-24400000.0,-100000.0,122800000.0,0.0,46200000.0,46200000.0,46200000.0,0.0,0.0,0.1,303300000.0,75100000.0,1252700000,0.727,2.951,21.917,21.662,75800000,0.0,28.16,1.622,1.622,704900000,468400000,463200000.0,463200000.0,0.0,,,,,4300000.0,280500000.0,1.0,106006000,106006000,,4.37,2200700000,244900000,24200000.0,5700000,20.76,157600000
44,AJG,ARQ,2010-06-30,2010-07-30,2010-06-30,2021-08-02,-13300000,3555800000,,1823600000,1732200000,,9.177,-7000000.0,796000000,796000000,87400000.0,44000000.0,1.079,2.683,550000000,0,550000000,550000000,43700000,24600000.0,0,0.05,0.32,74700000.0,99300000.0,0.216,99300000.0,74700000.0,66000000.0,0.42,0.42,0.42,965400000,,965400000,2428260260,10.0,7.555,79100000.0,0.752,1.0,372100000.0,0.81,1211400000,8700000.0,408500000,,0,0,0,0,2590400000,1689900000,900500000,2674260260,2900000.0,-20700000.0,11000000.0,-35000000.0,-33100000.0,-55800000.0,-27400000.0,300000.0,86100000.0,0.0,44000000.0,44000000.0,44000000.0,-2100000.0,0.0,0.096,300400000.0,71700000.0,1414400000,0.762,2.77,20.321,20.016,79000000,0.0,25.42,1.472,1.472,916000000,456300000,459500000.0,459500000.0,0.0,,,,,4800000.0,275800000.0,1.0,105203000,105203000,,4.368,2344400000,255400000,22000000.0,0,22.285,133700000
45,AJG,ARQ,2010-03-31,2010-04-26,2010-03-31,2021-08-02,-9200000,3232100000,,1521900000,1710200000,,8.848,-6000000.0,733100000,733100000,145200000.0,29200000.0,1.071,2.526,585000000,35000000,550000000,585000000,45700000,21600000.0,0,0.048,0.32,51500000.0,73100000.0,0.152,73100000.0,51500000.0,42900000.0,0.28,0.28,0.28,916700000,,916700000,2591084000,11.0,7.977,-2500000.0,-0.024,1.0,337200000.0,0.699,1183400000,8600000.0,480100000,,0,0,0,0,2315400000,1420500000,894900000,2739184000,21200000.0,-4300000.0,11800000.0,35000000.0,-32800000.0,15100000.0,2600000.0,12900000.0,3500000.0,0.0,29200000.0,29200000.0,29200000.0,0.0,0.0,0.061,283800000.0,53400000.0,1142000000,1.143,2.988,20.846,20.496,79500000,0.0,26.44,1.513,1.513,665500000,446200000,482400000.0,482400000.0,0.0,,,,,2400000.0,262200000.0,1.0,103600000,103600000,,4.656,2048700000,264700000,13700000.0,0,19.775,101400000
46,AJG,ARQ,2009-12-31,2010-02-05,2009-12-31,2021-08-02,-9000000,3250300000,,1540000000,1710300000,,8.713,-5900000.0,728500000,728500000,87800000.0,16800000.0,1.044,2.64,550000000,0,550000000,550000000,41500000,22400000.0,0,0.055,0.32,35200000.0,57600000.0,0.132,57600000.0,35200000.0,27800000.0,0.16,0.16,0.16,892900000,,892900000,2188857300,9.0,6.825,10000000.0,0.098,1.0,347300000.0,0.798,1180700000,7400000.0,416700000,,0,45700000,100000,45600000,2357400000,1474400000,883000000,2367357300,-32000000.0,-9900000.0,1400000.0,19000000.0,-32600000.0,-11900000.0,-36000000.0,-20200000.0,15900000.0,0.0,16800000.0,16800000.0,16800000.0,2600000.0,0.0,0.039,308000000.0,39300000.0,1166500000,2.0,2.651,18.409,18.047,80700000,0.0,23.1,1.369,1.369,693700000,450300000,435100000.0,435100000.0,0.0,,,,,5200000.0,281000000.0,1.0,102483000,102483000,,4.246,2069600000,271100000,11000000.0,0,20.195,65600000
47,AJG,ARQ,2009-09-30,2009-10-29,2009-09-30,2021-08-02,-27800000,3241100000,,1565600000,1675500000,,8.537,-4100000.0,789500000,789500000,80700000.0,41600000.0,0.96,2.729,531000000,131000000,400000000,531000000,46800000,21500000.0,0,0.056,0.32,69900000.0,91400000.0,0.208,91400000.0,69900000.0,63100000.0,0.41,0.41,0.41,869100000,,869100000,2049306000,9.0,6.754,113900000.0,1.119,1.0,358800000.0,0.816,1160800000,6800000.0,191300000,,0,25800000,500000,25300000,2372000000,1630500000,741500000,2307806000,11800000.0,-1900000.0,1700000.0,-62000000.0,-32400000.0,-92700000.0,-13500000.0,-7500000.0,118000000.0,0.0,41600000.0,41600000.0,41600000.0,0.0,0.0,0.095,287700000.0,71100000.0,1208400000,0.78,2.655,19.809,19.376,82600000,0.0,22.67,1.353,1.353,664800000,466300000,439500000.0,439500000.0,0.0,,,,,3900000.0,260200000.0,1.0,101800000,101800000,,4.317,2080300000,272900000,21500000.0,0,20.435,-64900000
48,AJG,ARQ,2009-06-30,2009-07-30,2009-06-30,2021-08-02,-31500000,3652500000,,1980700000,1671800000,,8.298,-8200000.0,830000000,830000000,78100000.0,43800000.0,0.957,3.349,593000000,193000000,400000000,593000000,54600000,21600000.0,0,0.056,0.32,81100000.0,102700000.0,0.226,102700000.0,81100000.0,74100000.0,0.44,0.44,0.44,839800000,,839800000,2080480000,10.0,7.354,103400000.0,1.022,1.0,375500000.0,0.828,1161200000,7000000.0,183700000,,0,17900000,200000,17700000,2812700000,2070600000,742100000,2317480000,33600000.0,-7500000.0,1800000.0,-29000000.0,-32100000.0,-62400000.0,-15600000.0,100000.0,111600000.0,0.0,43800000.0,43800000.0,43800000.0,0.0,0.0,0.097,293000000.0,82500000.0,1583400000,0.727,2.76,20.563,19.741,86100000,0.0,22.9,1.367,1.367,1034300000,457500000,453600000.0,453600000.0,0.0,,,,,4600000.0,269400000.0,1.0,101200000,101200000,,4.482,2491300000,277900000,30300000.0,0,24.618,-89900000
49,AJG,ARQ,2009-03-31,2009-05-01,2009-03-31,2021-08-02,-41200000,3108600000,,1444500000,1664100000,,7.966,-5300000.0,736900000,736900000,77700000.0,26400000.0,0.914,2.895,622000000,222000000,400000000,622000000,56400000,20100000.0,0,0.06,0.32,48900000.0,69000000.0,0.172,69000000.0,48900000.0,41600000.0,0.27,0.27,0.27,798200000,,798200000,2028378000,10.0,7.397,-39300000.0,-0.392,1.0,323400000.0,0.806,1150000000,7300000.0,263600000,,0,17900000,300000,17600000,2310400000,1580100000,730300000,2143278000,-1900000.0,-24400000.0,2400000.0,90000000.0,-30800000.0,61600000.0,-29500000.0,200000.0,-34000000.0,0.0,26400000.0,26400000.0,26400000.0,1900000.0,0.0,0.066,272600000.0,50800000.0,1065000000,1.185,2.685,19.538,18.44,85500000,0.0,21.39,1.283,1.283,574900000,446200000,401100000.0,401100000.0,0.0,,,,,2400000.0,250400000.0,1.0,100200000,100200000,,4.003,1958600000,291700000,15200000.0,0,19.547,-135600000
50,AJG,ARQ,2008-12-31,2009-02-06,2008-12-31,2021-08-02,-40300000,3271300000,,1702000000,1569300000,,7.659,-7000000.0,745400000,745400000,108200000.0,4700000.0,0.916,3.43,532000000,132000000,400000000,532000000,46200000,21600000.0,0,0.071,0.32,18700000.0,40300000.0,0.098,40300000.0,18700000.0,11000000.0,0.05,0.04,0.05,738500000,,738500000,1517446700,10.0,6.181,32600000.0,0.338,1.0,303900000.0,0.737,1057600000,7700000.0,141700000,,0,18100000,200000,17900000,2532800000,1858600000,674200000,1730846700,-55200000.0,-76000000.0,1800000.0,14000000.0,-30400000.0,-14500000.0,-80300000.0,2700000.0,39600000.0,0.0,4700000.0,4700000.0,4700000.0,7000000.0,0.0,0.011,278200000.0,25700000.0,1365300000,6.4,2.344,22.391,21.627,88800000,0.0,17.95,1.052,1.052,826500000,452000000,412100000.0,412100000.0,0.0,,,,,4700000.0,254600000.0,1.0,96426000,96426000,,4.274,2213700000,300900000,6300000.0,0,22.958,-156600000
51,AJG,ARQ,2008-09-30,2008-10-30,2008-09-30,2021-08-02,7000000,3197200000,,1743800000,1453400000,,8.158,-8600000.0,838000000,838000000,99900000.0,37800000.0,0.959,3.125,518000000,118000000,400000000,518000000,45800000,18300000.0,0,0.053,0.32,52600000.0,70900000.0,0.166,70900000.0,52600000.0,45500000.0,0.4,0.4,0.4,775000000,,775000000,1955250000,11.0,7.031,93400000.0,0.983,1.0,328300000.0,0.767,945400000,7100000.0,113800000,,0,27700000,5100000,22600000,2422200000,1818000000,604200000,2275250000,16700000.0,-65200000.0,7700000.0,13000000.0,-29900000.0,-6400000.0,-78900000.0,-5100000.0,102000000.0,0.0,37800000.0,37800000.0,37800000.0,3900000.0,0.0,0.088,271800000.0,56500000.0,1377500000,0.8,2.936,23.701,23.252,87500000,0.0,23.95,1.419,1.419,784000000,478400000,428200000.0,428200000.0,0.0,,,,,4100000.0,250000000.0,1.0,95000000,95000000,,4.507,2251800000,275000000,7700000.0,0,23.703,-74200000
52,AJG,ARQ,2008-06-30,2008-07-31,2008-06-30,2021-08-02,7900000,3509500000,,2132800000,1376700000,,7.783,-8200000.0,907500000,907500000,85200000.0,40800000.0,0.986,3.833,505000000,105000000,400000000,505000000,53400000,18300000.0,0,0.05,0.32,75700000.0,94000000.0,0.219,94000000.0,75700000.0,68400000.0,0.44,0.44,0.44,726200000,,726200000,1970119000,10.0,6.724,74200000.0,0.795,1.0,343700000.0,0.801,853200000,7300000.0,91400000,,0,30800000,5700000,25100000,2783300000,2162400000,620900000,2372619000,47700000.0,-62800000.0,5000000.0,49000000.0,-29700000.0,25500000.0,-60200000.0,10800000.0,82400000.0,0.0,40800000.0,40800000.0,40800000.0,900000.0,0.0,0.095,267100000.0,76600000.0,1756800000,0.727,3.267,21.569,21.551,87500000,0.0,25.43,1.484,1.484,1104700000,470900000,428900000.0,428900000.0,0.0,,,,,5400000.0,246200000.0,1.0,93300000,93300000,,4.597,2656300000,282200000,27600000.0,5500000,28.471,-29600000
53,AJG,ARQ,2008-03-31,2008-04-29,2008-03-31,2021-08-02,7600000,3340900000,,2020800000,1320100000,,7.528,-8200000.0,834400000,834400000,87900000.0,-6000000.0,0.999,3.782,456000000,56000000,400000000,456000000,51700000,29200000.0,0,0.05,0.32,11100000.0,40300000.0,0.107,40300000.0,11100000.0,4600000.0,-0.07,-0.07,-0.07,698600000,,698600000,1931392000,10.0,7.033,-71600000.0,-0.772,1.0,287900000.0,0.766,796300000,6500000.0,143800000,,0,34600000,8800000,25800000,2642300000,2022400000,619900000,2309792000,-70700000.0,-37100000.0,6800000.0,56000000.0,-28500000.0,35400000.0,-42700000.0,2600000.0,-63400000.0,0.0,-6000000.0,-6000000.0,-6000000.0,22300000.0,0.0,-0.016,254500000.0,33400000.0,1684300000,-4.571,3.306,20.441,20.916,86700000,0.0,24.89,1.434,1.434,1063000000,460100000,375800000.0,375800000.0,0.0,,,,,4100000.0,237200000.0,1.0,92800000,92800000,,4.05,2544600000,289200000,10600000.0,0,27.42,-1600000
54,AJG,ARQ,2007-12-31,2008-02-04,2007-12-31,2021-08-02,7400000,3556800000,,2275800000,1281000000,,7.773,-14700000.0,857300000,857300000,79600000.0,23400000.0,1.02,3.971,400000000,0,400000000,400000000,44100000,26100000.0,0,0.049,0.31,46800000.0,72900000.0,0.197,72900000.0,46800000.0,40200000.0,0.26,0.25,0.26,715500000,,715500000,1890869990,9.0,6.954,88500000.0,0.961,1.0,290600000.0,0.785,756200000,6600000.0,111100000,,0,33800000,7500000,26300000,2841300000,2232200000,609100000,2348169990,-95500000.0,-98900000.0,-64900000.0,0.0,-29100000.0,-94000000.0,-104700000.0,8900000.0,103200000.0,0.0,23400000.0,23400000.0,23400000.0,15800000.0,0.0,0.063,228000000.0,62600000.0,1874000000,1.192,3.282,16.918,17.593,87900000,0.0,25.51,1.447,1.447,1303700000,495900000,370200000.0,370200000.0,0.0,,,,,4100000.0,211400000.0,1.0,92049000,92049000,,4.022,2800600000,292600000,16800000.0,0,30.425,43600000
55,AJG,ARQ,2007-09-30,2007-10-25,2007-09-30,2021-08-02,9500000,3570900000,,2370100000,1200800000,,8.193,-8900000.0,972000000,972000000,89700000.0,51800000.0,1.087,3.642,403500000,3500000,400000000,403500000,34400000,14800000.0,0,0.048,0.31,71000000.0,85800000.0,0.202,85800000.0,71000000.0,65400000.0,0.55,0.54,0.55,769300000,,769300000,1837218000,11.0,7.902,67200000.0,0.716,1.0,334400000.0,0.788,674700000,5600000.0,147300000,,0,59900000,32500000,27400000,2801600000,2180400000,621200000,2405718000,140500000.0,-18600000.0,-49800000.0,170400000.0,-29500000.0,92100000.0,-27700000.0,-200000.0,76100000.0,0.0,51800000.0,51800000.0,51800000.0,0.0,0.0,0.122,263400000.0,71000000.0,1826200000,0.564,3.127,17.184,17.669,80000000,0.0,25.62,1.442,1.442,1247800000,501000000,424100000.0,424100000.0,0.0,,,,,5000000.0,238500000.0,1.0,93900000,93900000,,4.517,2896200000,308400000,13600000.0,0,30.843,189700000
56,AJG,ARQ,2007-06-30,2007-07-26,2007-06-30,2021-08-02,7500000,3701700000,,2545100000,1156600000,,8.214,-7200000.0,903700000,903700000,90100000.0,43800000.0,0.943,3.729,233000000,233000000,0,233000000,39600000,15200000.0,0,0.044,0.31,60400000.0,75600000.0,0.172,75600000.0,60400000.0,57200000.0,0.45,0.44,0.45,782800000,,782800000,1966251000,12.0,8.762,107000000.0,1.123,1.0,350700000.0,0.796,647600000,3200000.0,-316000000,,0,69200000,41800000,27400000,2918900000,2699400000,219500000,2636951000,52100000.0,-18000000.0,-116800000.0,109300000.0,-30700000.0,-37200000.0,-24900000.0,300000.0,114200000.0,0.0,43800000.0,43800000.0,43800000.0,0.0,0.0,0.099,290300000.0,60400000.0,2165700000,0.689,3.369,19.053,19.486,78100000,0.0,27.67,1.584,1.584,1493000000,478400000,440800000.0,440800000.0,0.0,,,,,5800000.0,238100000.0,1.0,95300000,95300000,,4.625,3054100000,294600000,13400000.0,0,32.047,-154300000
57,AJG,ARQ,2007-03-31,2007-04-26,2007-03-31,2021-08-02,5200000,3391700000,,2268900000,1122800000,,8.776,-9900000.0,774800000,774800000,82600000.0,19800000.0,0.981,2.908,123800000,123800000,0,123800000,32600000,15500000.0,0,0.044,0.31,22100000.0,37600000.0,0.097,37600000.0,22100000.0,21500000.0,0.2,0.2,0.2,867900000,,867900000,2097431000,14.0,9.912,-51100000.0,-0.517,1.0,305600000.0,0.787,626400000,600000.0,-198200000,,0,99900000,70400000,29500000,2523800000,2312500000,211300000,2748431000,-49200000.0,-78800000.0,-8100000.0,116800000.0,-29500000.0,80600000.0,-88600000.0,100000.0,-41200000.0,0.0,19800000.0,19800000.0,19800000.0,0.0,0.0,0.051,283500000.0,22100000.0,1877800000,1.55,3.167,20.948,20.585,79200000,0.0,27.79,1.723,1.723,1306500000,464100000,388200000.0,388200000.0,0.0,,,,,4100000.0,223600000.0,1.0,98900000,98900000,,3.925,2765300000,290000000,1700000.0,0,27.961,-43600000
58,AJG,ARQ,2006-12-31,2007-02-05,2006-12-31,2021-08-02,5000000,3420100000,,2376200000,1043900000,,8.786,-5500000.0,796900000,796900000,91400000.0,24600000.0,0.99,2.958,34800000,8900000,25900000,34800000,39700000,15700000.0,0,0.042,0.3,17800000.0,33500000.0,0.081,33500000.0,17800000.0,15600000.0,0.25,0.25,0.25,864100000,,864100000,2076396440,13.0,9.525,25100000.0,0.255,1.0,323300000.0,0.78,529700000,2200000.0,-273000000,,0,81700000,49200000,32500000,2556000000,2401300000,154700000,2838496440,-23100000.0,-18400000.0,-16200000.0,-700000.0,-29400000.0,-45800000.0,-7900000.0,10000000.0,30600000.0,0.0,24600000.0,24600000.0,24600000.0,0.0,0.0,0.059,305500000.0,17800000.0,1958800000,1.2,3.285,22.089,21.864,103100000,0.0,28.86,1.85,1.85,1422300000,475000000,414700000.0,414700000.0,0.0,,,,,5300000.0,236000000.0,1.0,98354000,98354000,,4.216,2890400000,286800000,-9000000.0,51000000,29.388,-25100000
59,AJG,ARQ,2006-09-30,2006-10-26,2006-09-30,2021-08-02,-6000000,3415100000,,2337900000,1077200000,,8.622,-8500000.0,869000000,869000000,80900000.0,50200000.0,1.003,3.038,110800000,8100000,102700000,110800000,36400000,14800000.0,0,0.043,0.3,62900000.0,77700000.0,0.184,77700000.0,62900000.0,60800000.0,0.52,0.51,0.52,845800000,,845800000,1956227000,14.0,10.104,91500000.0,0.933,1.0,340300000.0,0.808,481100000,2100000.0,-154100000,,0,94300000,36900000,57400000,2569300000,2329900000,239400000,2714427000,8700000.0,-15200000.0,2900000.0,-35800000.0,-29200000.0,-61400000.0,-29900000.0,0.0,100000000.0,0.0,50200000.0,50200000.0,50200000.0,0.0,0.0,0.119,277400000.0,62900000.0,1952100000,0.577,3.209,25.512,24.928,189100000,0.0,27.67,1.815,1.815,1303100000,479900000,421200000.0,421200000.0,0.0,,,,,5400000.0,220100000.0,1.0,98100000,98100000,,4.294,2934000000,263900000,10600000.0,38900000,29.908,8000000
60,AJG,ARQ,2006-06-30,2006-07-28,2006-06-30,2021-08-02,-6000000,3638300000,,2599800000,1038500000,,8.243,-9600000.0,831500000,831500000,76500000.0,36600000.0,0.999,3.541,146500000,42200000,104300000,146500000,34700000,13000000.0,0,0.042,0.3,49800000.0,62800000.0,0.169,62800000.0,49800000.0,47700000.0,0.38,0.37,0.38,801200000,,801200000,1973420000,13.0,9.987,58600000.0,0.603,1.0,294100000.0,0.794,457400000,2100000.0,-107300000,,0,90100000,28100000,62000000,2837100000,2603200000,233900000,2658420000,38400000.0,-25000000.0,-4400000.0,34200000.0,-29000000.0,4600000.0,-34400000.0,0.0,68200000.0,0.0,36600000.0,36600000.0,36600000.0,0.0,0.0,0.099,244300000.0,49800000.0,2239600000,0.789,3.318,24.915,24.42,189400000,0.0,27.35,1.816,1.816,1618200000,459100000,370600000.0,370600000.0,0.0,,,,,7800000.0,219300000.0,1.0,97200000,97200000,,3.813,3180900000,246600000,11100000.0,24500000,32.725,-3400000
61,AJG,ARQ,2006-03-31,2006-04-25,2006-03-31,2021-08-02,-6400000,3135100000,,2130100000,1005000000,,8.055,-9400000.0,697600000,697600000,73600000.0,17100000.0,1.005,3.025,112300000,6300000,106000000,112300000,33100000,12900000.0,0,0.043,0.3,31100000.0,44000000.0,0.134,44000000.0,31100000.0,29000000.0,0.18,0.17,0.18,778900000,,778900000,1989821000,12.0,9.174,-103500000.0,-1.07,1.0,253900000.0,0.775,430900000,2100000.0,-500000,,0,96900000,30700000,66200000,2356200000,2119400000,236800000,2575121000,-133800000.0,-14300000.0,8500000.0,-600000.0,-26800000.0,-16000000.0,-23700000.0,0.0,-94100000.0,0.0,17100000.0,17100000.0,17100000.0,0.0,0.0,0.052,222800000.0,31100000.0,1804500000,1.667,3.306,21.125,20.643,187100000,0.0,26.63,1.758,1.758,1282600000,451700000,327500000.0,327500000.0,0.0,,,,,6100000.0,205500000.0,1.0,96700000,96700000,,3.387,2704200000,235300000,11900000.0,21100000,27.965,10700000
62,AJG,ARQ,2005-12-31,2006-02-08,2005-12-31,2021-08-02,-6600000,3389500000,,2401800000,987700000,,8.035,-8400000.0,836100000,836100000,103000000.0,2500000.0,1.006,3.407,112900000,5300000,107600000,112900000,35700000,12100000.0,0,0.039,0.28,-3000000.0,9100000.0,0.024,9100000.0,-3000000.0,-6100000.0,0.03,0.02,0.03,769100000,,769100000,2002033810,182.0,31.087,24300000.0,0.254,1.0,273100000.0,0.726,418200000,3100000.0,-138200000,,0,111800000,43200000,68600000,2620400000,2386300000,234100000,2725233810,3900000.0,-200000.0,6600000.0,-2400000.0,-26700000.0,-22500000.0,-6300000.0,0.0,32700000.0,0.0,2500000.0,2500000.0,2500000.0,5000000.0,0.0,0.007,271100000.0,2000000.0,1917400000,9.333,3.543,88.482,86.273,185100000,0.0,28.47,1.837,1.837,1396800000,463700000,376100000.0,376100000.0,0.0,,,,,5700000.0,205600000.0,1.0,95723000,95723000,,3.929,2971300000,236100000,-8600000.0,24600000,31.041,15500000
63,AJG,ARQ,2005-09-30,2005-10-27,2005-09-30,2021-08-02,-100000,3385800000,,2419800000,966000000,,8.241,-3200000.0,897800000,897800000,75700000.0,50500000.0,1.012,3.316,115400000,34700000,80700000,115400000,41100000,13200000.0,0,0.038,0.28,68500000.0,81700000.0,0.21,81700000.0,68500000.0,65600000.0,0.53,0.52,0.53,784500000,,784500000,1978400000,25.0,14.931,99000000.0,1.04,1.0,314200000.0,0.806,407300000,2900000.0,-194500000,,0,121300000,31400000,89900000,2601300000,2390600000,210700000,2760800000,70800000.0,-2900000.0,3700000.0,-1700000.0,-26500000.0,-24500000.0,-6900000.0,0.0,102200000.0,0.0,50500000.0,50500000.0,50500000.0,0.0,0.0,0.13,245700000.0,68500000.0,1948400000,0.528,3.519,35.669,35.802,183600000,0.0,29.0,1.844,1.844,1328600000,488100000,389900000.0,389900000.0,0.0,,,,,4400000.0,202000000.0,1.0,95200000,95200000,,4.096,2978500000,209400000,15100000.0,37700000,31.287,29200000
64,AJG,ARQ,2005-06-30,2005-07-28,2005-06-30,2021-08-02,-200000,3444400000,,2475900000,968500000,,7.853,-6500000.0,773200000,773200000,74100000.0,51800000.0,0.994,3.636,117000000,35300000,81700000,117000000,49200000,14100000.0,0,0.038,0.28,68000000.0,82100000.0,0.221,82100000.0,68000000.0,65000000.0,0.55,0.54,0.55,742900000,,742900000,1961382000,25.0,14.594,33500000.0,0.354,1.0,297000000.0,0.8,400300000,3000000.0,-103900000,,0,136600000,28000000,108600000,2701500000,2491800000,209700000,2617582000,30800000.0,17600000.0,6200000.0,-300000.0,-26100000.0,-20200000.0,11000000.0,0.0,40000000.0,0.0,51800000.0,51800000.0,51800000.0,-7600000.0,0.0,0.14,236600000.0,60400000.0,2065200000,0.509,3.523,32.197,31.805,188100000,0.0,27.67,1.769,1.769,1514200000,464200000,371100000.0,371100000.0,0.0,,,,,7500000.0,189100000.0,1.0,94600000,94600000,,3.923,3044100000,199700000,13200000.0,22800000,32.179,-15900000
65,AJG,ARQ,2005-03-31,2005-05-02,2005-03-31,2021-08-02,0,3227700000,,2217000000,1010700000,,7.325,-4700000.0,718400000,718400000,69500000.0,-74000000.0,0.972,3.728,181200000,42900000,138300000,181200000,39300000,14000000.0,0,0.037,0.28,-122700000.0,-108700000.0,-0.312,-108700000.0,-122700000.0,-125300000.0,-0.8,-0.8,-0.8,682700000,,682700000,2063080000,29.0,16.206,9200000.0,0.099,1.0,279400000.0,0.801,372900000,2600000.0,35900000,,0,157200000,27800000,129400000,2545000000,2281700000,263300000,2600280000,-12300000.0,-9800000.0,9400000.0,-200000.0,-23000000.0,-13800000.0,-12400000.0,0.0,13900000.0,0.0,-74000000.0,-74000000.0,-74000000.0,200000.0,0.0,-0.212,401900000.0,-122500000.0,1827400000,-0.35,3.809,34.395,33.614,252200000,0.0,27.9,1.748,1.748,1305400000,438800000,348900000.0,348900000.0,0.0,,,,,9000000.0,193200000.0,1.0,93200000,93200000,,3.744,2854800000,191800000,-51300000.0,0,30.631,-64700000
66,AJG,ARQ,2004-12-31,2005-01-28,2004-12-31,2021-08-02,0,3237900000,,2227800000,1010100000,,8.261,-6800000.0,713500000,713500000,72300000.0,49100000.0,1.007,3.255,181400000,41400000,140000000,181400000,35000000,13500000.0,0,0.034,0.25,63900000.0,77400000.0,0.2,77400000.0,63900000.0,61300000.0,0.53,0.51,0.53,761000000,,761000000,2176375000,9.0,7.296,35300000.0,0.383,1.0,314600000.0,0.813,374200000,2600000.0,119500000,,0,158400000,26000000,132400000,2476900000,2212100000,264800000,2708475000,-72700000.0,-67200000.0,-14700000.0,-1800000.0,-23100000.0,-39600000.0,-75200000.0,0.0,42100000.0,0.0,49100000.0,49100000.0,49100000.0,0.0,0.0,0.127,250700000.0,63900000.0,1838900000,0.472,3.559,14.369,14.272,259000000,0.0,29.4,1.83,1.83,1355500000,539000000,386900000.0,386900000.0,0.0,,,,,5900000.0,201200000.0,1.0,92125000,92125000,,4.2,2863700000,184800000,12200000.0,24800000,31.085,15700000
67,AJG,ARQ,2004-09-30,2004-10-28,2004-09-30,2021-08-02,0,3085000000,,2181800000,903200000,,8.04,-10600000.0,785600000,785600000,69900000.0,54400000.0,1.041,3.153,183100000,41400000,141700000,183100000,37700000,13000000.0,0,0.033,0.25,70600000.0,83600000.0,0.224,83600000.0,70600000.0,68000000.0,0.59,0.57,0.59,742900000,,742900000,2006876000,8.0,6.71,83600000.0,0.905,1.0,303100000.0,0.813,293900000,2600000.0,93700000,,0,156500000,25900000,130600000,2342100000,2094900000,247200000,2609376000,39000000.0,-10100000.0,-13200000.0,1000000.0,-23000000.0,-35200000.0,-20000000.0,0.0,94200000.0,0.0,54400000.0,54400000.0,54400000.0,0.0,0.0,0.146,232500000.0,70600000.0,1753200000,0.424,3.512,13.836,13.577,259100000,0.0,28.24,1.789,1.789,1246400000,513100000,373000000.0,373000000.0,0.0,,,,,6900000.0,183800000.0,1.0,92400000,92400000,,4.037,2791100000,164400000,13600000.0,19300000,30.207,86900000
68,AJG,ARQ,2004-06-30,2004-07-28,2004-06-30,2021-08-02,0,3218200000,,2343400000,874800000,,7.584,-6200000.0,736800000,736800000,68300000.0,46100000.0,1.029,3.619,182100000,38700000,143400000,182100000,36600000,15000000.0,0,0.028,0.25,60000000.0,75000000.0,0.198,75000000.0,60000000.0,57600000.0,0.51,0.49,0.51,696800000,,696800000,2292537240,9.0,7.832,71200000.0,0.775,1.0,310600000.0,0.82,269300000,2400000.0,117700000,,0,155500000,27500000,128000000,2521400000,2276500000,244900000,2847237240,46800000.0,-14200000.0,9600000.0,1900000.0,-22600000.0,-11100000.0,-19500000.0,0.0,77400000.0,0.0,46100000.0,46100000.0,46100000.0,0.0,0.0,0.122,250600000.0,60000000.0,1930300000,0.49,4.086,15.55,15.266,272800000,0.0,30.99,1.99,1.99,1439400000,481800000,378900000.0,378900000.0,0.0,,,,,11500000.0,179700000.0,1.0,91876000,91876000,,4.124,2948900000,151100000,11500000.0,21900000,32.097,66900000
69,AJG,ARQ,2004-03-31,2004-04-30,2004-03-31,2021-08-02,0,2873000000,,2049300000,823700000,,7.137,-5400000.0,666100000,666100000,67000000.0,38900000.0,1.022,3.434,155200000,33900000,121300000,155200000,30700000,11800000.0,0,0.025,0.25,50500000.0,62300000.0,0.182,62300000.0,50500000.0,48600000.0,0.43,0.41,0.43,648000000,,648000000,2415326160,10.0,8.707,58100000.0,0.64,1.0,274500000.0,0.804,253400000,1900000.0,104200000,,0,142200000,26100000,116100000,2225000000,2004500000,220500000,2926226160,17900000.0,-21300000.0,-7300000.0,2200000.0,-16200000.0,-21300000.0,-24300000.0,0.0,63500000.0,0.0,38900000.0,38900000.0,38900000.0,0.0,0.0,0.114,224000000.0,50500000.0,1694400000,0.581,4.516,16.895,16.786,263100000,0.0,32.23,2.166,2.166,1225900000,458600000,341500000.0,341500000.0,0.0,,,,,8900000.0,170700000.0,1.0,90792000,90792000,,3.761,2619600000,141400000,9700000.0,19500000,28.853,44800000
70,AJG,ARQ,2003-12-31,2004-02-09,2003-12-31,2021-08-02,0,2901600000,,2107900000,793700000,,6.879,-7400000.0,631200000,631200000,72200000.0,49200000.0,1.023,3.687,153000000,30900000,122100000,153000000,27300000,11500000.0,0,0.022,0.18,66700000.0,78200000.0,0.214,78200000.0,66700000.0,64800000.0,0.55,0.53,0.55,619100000,,619100000,2433202950,12.0,10.042,77100000.0,0.857,1.0,293300000.0,0.802,222900000,1900000.0,139200000,,0,152900000,31900000,121000000,2282500000,2061300000,221200000,2911402950,15400000.0,-27300000.0,-24600000.0,1800000.0,-16200000.0,-39000000.0,-30100000.0,0.0,84500000.0,0.0,49200000.0,49200000.0,49200000.0,0.0,0.0,0.135,226600000.0,66700000.0,1743500000,0.327,4.703,19.914,19.847,266200000,0.0,32.35,2.304,2.304,1286400000,442300000,365500000.0,365500000.0,0.0,,,,,7500000.0,175300000.0,1.0,89997000,89997000,,4.061,2678700000,137800000,15600000.0,24300000,29.764,46600000
71,AJG,ARQ,2003-09-30,2003-10-23,2003-09-30,2021-08-02,0,2695100000,,1975600000,719500000,,6.557,-5300000.0,578700000,578700000,64300000.0,48900000.0,1.036,3.563,151100000,25200000,125900000,151100000,29600000,10800000.0,0,0.025,0.18,66400000.0,77200000.0,0.224,77200000.0,66400000.0,64400000.0,0.54,0.52,0.54,590600000,,590600000,2055652673,11.0,9.133,83200000.0,0.924,1.0,280700000.0,0.814,168000000,2000000.0,191700000,,0,217700000,82300000,135400000,2104500000,1907800000,196700000,2483252673,29200000.0,-2400000.0,-25600000.0,-10200000.0,-16300000.0,-52100000.0,-7200000.0,0.0,88500000.0,0.0,48900000.0,48900000.0,48900000.0,0.0,0.0,0.142,214300000.0,66400000.0,1641300000,0.333,4.205,18.355,18.258,265700000,0.0,27.57,2.061,2.061,1202200000,409300000,345000000.0,345000000.0,0.0,,,,,7000000.0,166900000.0,1.0,90070826,90070826,,3.83,2527100000,110800000,15500000.0,300000,28.057,67800000
72,AJG,ARQ,2003-06-30,2003-07-24,2003-06-30,2021-08-02,0,2644300000,,1952000000,692300000,,6.32,-2700000.0,434000000,434000000,63500000.0,36200000.0,1.037,3.619,161300000,34600000,126700000,161300000,27600000,9400000.0,0,0.025,0.18,50300000.0,59700000.0,0.2,59700000.0,50300000.0,48300000.0,0.4,0.39,0.4,572500000,,572500000,2159412308,14.0,11.359,-5000000.0,-0.055,1.0,235500000.0,0.788,155500000,2000000.0,334200000,,0,240100000,92400000,147700000,2071800000,1881900000,189900000,2432112308,-16100000.0,2400000.0,-4500000.0,8300000.0,-16100000.0,-12300000.0,-1500000.0,0.0,-2300000.0,0.0,36200000.0,36200000.0,36200000.0,0.0,0.0,0.121,185200000.0,50300000.0,1647600000,0.45,4.248,22.17,21.829,248600000,0.0,26.85,2.156,2.156,1318100000,376600000,299000000.0,299000000.0,0.0,,,,,6900000.0,161600000.0,1.0,90581464,90581464,,3.301,2488800000,102300000,12100000.0,500000,27.476,70100000
73,AJG,ARQ,2003-03-31,2003-05-15,2003-03-31,2021-08-02,0,2492400000,,1804500000,687900000,,6.049,-9900000.0,415700000,415700000,62800000.0,11900000.0,1.026,3.575,153000000,25500000,127500000,153000000,23000000,9300000.0,0,0.024,0.18,15800000.0,25100000.0,0.099,25100000.0,15800000.0,15800000.0,0.13,0.13,0.13,544800000,,544800000,2068212040,14.0,11.041,48400000.0,0.537,1.0,191500000.0,0.753,153400000,0.0,317000000,,0,238900000,96700000,142200000,1947600000,1759300000,188300000,2330912040,12500000.0,2800000.0,-2400000.0,-23100000.0,-13300000.0,-38800000.0,-7000000.0,0.0,58300000.0,0.0,11900000.0,11900000.0,11900000.0,0.0,0.0,0.047,175700000.0,15800000.0,1543400000,1.385,4.278,21.59,21.213,253800000,0.0,25.88,2.107,2.107,1213600000,356700000,254300000.0,254300000.0,0.0,,,,,2100000.0,157000000.0,1.0,90066153,90066153,,2.823,2339000000,102300000,3900000.0,2100000,25.97,45200000
74,AJG,ARQ,2002-12-31,2003-03-25,2002-12-31,2021-08-02,0,2463574000,,1773610000,689964000,,5.947,-12986000.0,408859000,408859000,0.0,38293000.0,1.014,3.664,176131000,47782000,128349000,176131000,19427000,8386000.0,0,0.024,0.15,54705000.0,63091000.0,0.206,63091000.0,54705000.0,54705000.0,0.44,0.41,0.44,528155000,,528155000,2009699250,11.0,9.228,43482000.0,0.49,1.0,306782000.0,1.0,135062000,0.0,346180000,,0,238969000,70556000,168413000,1935419000,1749604000,185815000,2242427250,23892000.0,-1134000.0,1280000.0,-5612000.0,-13196000.0,-17528000.0,-15048000.0,0.0,56468000.0,0.0,38293000.0,38293000.0,38293000.0,0.0,0.0,0.125,252077000.0,54705000.0,1595764000,0.341,4.246,17.284,16.946,250995000,0.0,25.25,2.036,2.036,1183737000,360958000,306782000.0,306782000.0,0.0,,,,,969000.0,157205000.0,1.0,88809000,88809000,,3.454,2328512000,102361000,16412000.0,11036000,26.219,24006000
75,AJG,ARQ,2002-09-30,2002-11-14,2002-09-30,2021-08-02,0,2350570000,,1690678000,659892000,,5.545,-10507000.0,421909000,421909000,0.0,23310000.0,1.001,3.819,181743000,52590000,129153000,181743000,21414000,8915000.0,0,0.022,0.15,33300000.0,42215000.0,0.157,42215000.0,33300000.0,33300000.0,0.26,0.25,0.26,487812000,,487812000,2095484547,13.0,10.597,71930000.0,0.818,1.0,268187000.0,1.0,109053000,0.0,312111000,,0,238854000,63739000,175115000,1862758000,1689240000,173518000,2335650547,18055000.0,-3289000.0,-10594000.0,-30951000.0,-13250000.0,-54795000.0,-9587000.0,-3142000.0,82437000.0,0.0,23310000.0,23310000.0,23310000.0,0.0,0.0,0.087,234887000.0,33300000.0,1567521000,0.577,4.788,18.757,18.566,244833000,0.0,26.55,2.228,2.228,1098386000,335947000,268187000.0,268187000.0,0.0,,,,,1002000.0,147637000.0,1.0,87971772,87971772,,3.049,2241517000,97514000,9990000.0,651000,25.48,1438000
76,AJG,ARQ,2002-06-30,2002-08-14,2002-06-30,2021-08-02,-3407000,2448529000,,1745886000,702643000,,5.465,-10694000.0,337538000,337538000,0.0,34461000.0,0.977,4.072,212694000,77237000,135457000,212694000,19633000,8389000.0,0,0.019,0.15,48532000.0,56921000.0,0.205,56921000.0,48532000.0,48532000.0,0.39,0.37,0.39,482768000,,482768000,2454489586,14.0,12.132,-11239000.0,-0.127,1.0,277091000.0,1.0,107042000,0.0,429408000,,0,68700000,53622000,15078000,1965761000,1787235000,178526000,2579333586,7392000.0,2621000.0,9333000.0,17757000.0,-12849000.0,14241000.0,-6304000.0,-275000.0,-545000.0,0.0,34461000.0,34461000.0,34461000.0,0.0,0.0,0.124,228559000.0,48532000.0,1648745000,0.385,5.343,18.023,17.59,241225000,0.0,29.2,2.545,2.545,1255450000,325833000,277091000.0,277091000.0,0.0,,,,,12805000.0,145333000.0,1.0,88333342,88333342,,3.137,2341487000,99785000,14071000.0,900000,26.507,-41349000
77,AJG,ARQ,2002-03-31,2002-05-14,2002-03-31,2021-08-02,-2780000,2172612000,,1576991000,595621000,,4.7,-11243000.0,350026000,350026000,0.0,33675000.0,0.969,4.37,156733000,57050000,99683000,156733000,17419000,6740000.0,0,0.015,0.15,48805000.0,55545000.0,0.223,55545000.0,48805000.0,48805000.0,0.39,0.37,0.39,404574000,,404574000,2893811958,19.0,16.179,80000.0,0.001,1.0,249162000.0,1.0,72845000,0.0,278391000,,0,70025000,53446000,16579000,1768038000,1628083000,139955000,3087104958,4667000.0,-1141000.0,3865000.0,18331000.0,-11064000.0,11132000.0,-17788000.0,1166000.0,11323000.0,0.0,33675000.0,33675000.0,33675000.0,0.0,0.0,0.135,200357000.0,48805000.0,1466253000,0.385,7.631,23.439,23.286,189008000,0.0,35.86,3.265,3.265,1088795000,304623000,249162000.0,249162000.0,0.0,,,,,3907000.0,126322000.0,1.0,86087701,86087701,,2.894,2099767000,99367000,15130000.0,17430000,24.391,-51092000
78,AJG,ARQ,2001-12-31,2002-03-22,2001-12-31,2021-08-02,-2624000,1471823000,,1024266000,447557000,,4.342,-8762000.0,306843000,306843000,0.0,33073000.0,0.96,2.961,0,0,0,0,16527000,6065000.0,0,0.016,0.13,36989000.0,43054000.0,0.17,43054000.0,36989000.0,36989000.0,0.39,0.36,0.39,371613000,,371613000,2505217220,18.0,15.474,29161000.0,0.341,1.0,253956000.0,1.0,65341000,0.0,33084000,,0,70878000,52588000,18290000,1100210000,1066555000,33655000,2812060220,-26904000.0,-17893000.0,-31823000.0,30000000.0,-11038000.0,-12861000.0,-51966000.0,37000.0,37923000.0,0.0,33073000.0,33073000.0,33073000.0,0.0,0.0,0.13,216967000.0,36989000.0,915448000,0.333,7.567,22.451,22.203,51246000,0.0,32.86,3.09,3.09,555276000,283796000,253956000.0,253956000.0,0.0,,,,,6246000.0,141099000.0,1.0,85577000,85577000,,2.968,1406482000,99263000,3916000.0,33226000,16.435,-42289000
79,AJG,ARQ,2001-09-30,2001-11-13,2001-09-30,2021-08-02,-2804000,1165910000,,849202000,316708000,,4.052,-6030000.0,314154000,314154000,0.0,41903000.0,1.067,2.398,0,0,0,0,18074000,4782000.0,0,0.015,0.13,42019000.0,46801000.0,0.201,46801000.0,42019000.0,42019000.0,0.49,0.47,0.49,343164000,,343164000,2592757550,20.0,17.269,62779000.0,0.741,1.0,233297000.0,1.0,22867000,0.0,33091000,,0,67205000,48712000,18493000,822746000,795798000,26948000,2906911550,22184000.0,0.0,-26670000.0,-3500000.0,-10943000.0,-41660000.0,-4965000.0,2785000.0,68809000.0,0.0,41903000.0,41903000.0,41903000.0,0.0,0.0,0.18,191278000.0,42019000.0,724860000,0.265,8.471,25.539,25.051,46017000,0.0,34.32,3.4,3.4,402756000,261920000,233297000.0,233297000.0,0.0,,,,,11256000.0,114843000.0,1.0,84700220,84700220,,2.754,1143043000,48925000,116000.0,474000,13.495,53404000
80,AJG,ARQ,2001-06-30,2001-08-13,2001-06-30,2021-08-02,-1859000,1215239000,,881816000,333423000,,3.967,-5003000.0,279428000,279428000,0.0,23056000.0,1.032,2.641,0,0,0,0,17684000,4868000.0,0,0.017,0.13,28598000.0,33466000.0,0.16,33466000.0,28598000.0,28598000.0,0.27,0.26,0.27,333791000,,333791000,2085200432,16.0,13.71,3611000.0,0.043,1.0,209092000.0,1.0,22609000,0.0,59047000,,0,72207000,49299000,22908000,881448000,854155000,27293000,2364628432,-18852000.0,0.0,-9797000.0,8500000.0,-10489000.0,-19769000.0,-7697000.0,6347000.0,8614000.0,0.0,23056000.0,23056000.0,23056000.0,0.0,0.0,0.11,180494000.0,28598000.0,786560000,0.481,7.084,23.007,22.039,43524000,0.0,28.1,2.895,2.895,499039000,230772000,209092000.0,209092000.0,0.0,,,,,2833000.0,109443000.0,1.0,84150478,84150478,,2.485,1192630000,48295000,5542000.0,194000,14.173,27661000
81,AJG,ARQ,2001-03-31,2001-05-14,2001-03-31,2021-08-02,-1376000,1026395000,,707623000,318772000,,4.006,-4524000.0,253360000,253360000,0.0,23462000.0,1.043,2.177,0,0,0,0,17496000,4327000.0,0,0.02,0.13,29327000.0,33654000.0,0.169,33654000.0,29327000.0,29327000.0,0.29,0.27,0.29,323087000,,323087000,1705676764,13.0,11.732,10439000.0,0.129,1.0,198812000.0,1.0,17186000,0.0,77458000,,0,73512000,48702000,24810000,703308000,678391000,24917000,1959036764,-20925000.0,2700000.0,-8578000.0,0.0,-9148000.0,-22693000.0,-13195000.0,323000.0,14963000.0,0.0,23462000.0,23462000.0,23462000.0,0.0,0.0,0.118,169485000.0,29327000.0,631237000,0.448,6.063,20.741,20.242,40957000,0.0,24.29,2.557,2.557,354441000,243811000,198812000.0,198812000.0,0.0,,,,,4471000.0,105912000.0,1.0,80651987,80651987,,2.465,1009209000,47692000,5865000.0,5898000,12.513,29232000
82,AJG,ARQ,2000-12-31,2001-03-27,2000-12-31,2021-08-02,-2498000,1062298000,,777722000,284576000,,3.946,-2841000.0,258132000,258132000,0.0,25401000.0,1.067,2.379,0,0,0,0,18983000,3923000.0,0,0.017,0.0,32297000.0,36220000.0,0.17,36220000.0,32297000.0,32297000.0,0.32,0.295,0.32,314372000,,314372000,1956694000,16.0,13.808,40067000.0,0.503,1.0,213652000.0,1.0,15931000,0.0,59484000,,0,83251000,59945000,23306000,747926000,728751000,19175000,2214826000,4634000.0,2334000.0,-10177000.0,0.0,-9051000.0,-20269000.0,-18005000.0,-975000.0,42908000.0,0.0,25401000.0,25401000.0,25401000.0,0.0,0.0,0.119,181355000.0,32297000.0,660633000,0.0,7.045,25.233,24.821,40036000,0.0,27.8,2.991,2.991,405164000,237373000,213652000.0,213652000.0,0.0,,,,,8928000.0,112114000.0,1.0,79670000,79670000,,2.682,1046367000,46775000,6896000.0,9786000,13.134,48971000
83,AJG,ARQ,2000-09-30,2000-11-14,2000-09-30,2021-08-02,-1964000,938122000,,654812000,283310000,,3.824,-2806000.0,244706000,244706000,0.0,30858000.0,1.058,2.117,0,0,0,0,17913000,4556000.0,0,0.015,0.115,44199000.0,48755000.0,0.25,48755000.0,44199000.0,44199000.0,0.395,0.365,0.395,300962000,,300962000,2116355440,18.0,15.553,51074000.0,0.649,1.0,195347000.0,1.0,14612000,0.0,60053000,,0,83152000,59878000,23274000,637160000,618751000,18409000,2361061440,26118000.0,0.0,1581000.0,-5000000.0,-8776000.0,-23273000.0,-4489000.0,-1113000.0,53880000.0,0.0,30858000.0,30858000.0,30858000.0,0.0,0.0,0.158,151148000.0,44199000.0,570875000,0.291,7.845,29.696,28.626,40712000,0.0,30.0,3.495,3.495,306287000,247704000,195347000.0,195347000.0,0.0,,,,,11099000.0,94441000.0,1.0,78702048,78702048,,2.482,923510000,204712000,13341000.0,713000,11.734,36061000
84,AJG,ARQ,2000-06-30,2000-08-10,2000-06-30,2021-08-02,-2507000,928751000,,674968000,253783000,,3.536,-4900000.0,179757000,179757000,0.0,14733000.0,1.05,2.442,0,0,0,0,17742000,4072000.0,0,0.018,0.115,22682000.0,26754000.0,0.169,26754000.0,22682000.0,22682000.0,0.195,0.185,0.195,269827000,,269827000,1689654789,15.0,13.352,550000.0,0.007,1.0,158444000.0,1.0,12658000,0.0,93592000,,0,86325000,64949000,21376000,658924000,642744000,16180000,1869411789,-6479000.0,0.0,5343000.0,-5000000.0,-8564000.0,-2169000.0,-9760000.0,186000.0,5450000.0,0.0,14733000.0,14733000.0,14733000.0,0.0,0.0,0.093,135762000.0,22682000.0,601494000,0.59,6.928,26.111,25.389,38800000,0.0,24.5,2.923,2.923,386009000,220483000,158444000.0,158444000.0,0.0,,,,,0.0,84791000.0,1.0,76302522,76302522,,2.077,916093000,180949000,7949000.0,537000,12.006,32224000
85,AJG,ARQ,2000-03-31,2000-05-12,2000-03-31,2021-08-02,-2717000,848551000,,604696000,243855000,,3.381,-4021000.0,179096000,179096000,0.0,15155000.0,1.042,2.372,0,0,0,0,17175000,3765000.0,0,0.023,0.115,23315000.0,27080000.0,0.178,27080000.0,23315000.0,23315000.0,0.205,0.195,0.205,251624000,,251624000,1167747711,11.0,9.518,29970000.0,0.403,1.0,152270000.0,1.0,14031000,0.0,75128000,,0,85321000,64136000,21185000,596927000,580296000,16631000,1346843711,3478000.0,0.0,-254000.0,-5000000.0,-7368000.0,-9790000.0,-20723000.0,-697000.0,33991000.0,0.0,15155000.0,15155000.0,15155000.0,0.0,0.0,0.1,128955000.0,23315000.0,530160000,0.561,5.353,19.411,19.189,37314000,0.0,18.095,2.167,2.167,324140000,215172000,152270000.0,152270000.0,0.0,,,,,0.0,82066000.0,1.0,74431816,74431816,,2.046,834520000,171325000,8160000.0,3300000,11.212,24400000
86,AJG,ARQ,1999-12-31,2000-03-23,1999-12-31,2021-08-02,-2669000,884146000,,642842000,241304000,,3.269,-2895000.0,169955000,169955000,0.0,18762000.0,1.027,2.646,0,0,0,0,15537000,4617000.0,0,0.026,0.1,28864000.0,33481000.0,0.198,33481000.0,28864000.0,28864000.0,0.253,0.243,0.253,242467000,,242467000,954182280,9.0,7.982,413000.0,0.006,1.0,169478000.0,1.0,10895000,0.0,77615000,,0,84131000,63857000,20274000,641679000,625681000,15998000,1124137280,-5057000.0,0.0,-639000.0,4000000.0,-7348000.0,-4150000.0,-4215000.0,943000.0,3308000.0,0.0,18762000.0,18762000.0,18762000.0,0.0,0.0,0.111,140614000.0,28864000.0,558354000,0.395,4.636,16.592,16.384,36249000,0.0,15.155,1.856,1.856,364854000,208296000,169478000.0,169478000.0,0.0,,,,,0.0,85752000.0,1.0,74176000,74176000,,2.285,873251000,173886000,10102000.0,8530000,11.773,17161000
87,AJG,ARQ,1999-09-30,1999-11-12,1999-09-30,2021-08-02,-1724000,821261000,,586163000,235098000,,3.175,-5157000.0,187100000,187100000,0.0,22946000.0,1.022,2.52,0,0,0,0,17531000,3791000.0,0,0.028,0.1,35438000.0,39229000.0,0.246,39229000.0,35438000.0,35438000.0,0.312,0.297,0.312,233303000,,233303000,826790633,8.0,7.168,46508000.0,0.633,1.0,159326000.0,1.0,11126000,0.0,49318000,,0,84298000,61715000,22583000,587958000,573717000,14241000,1013890633,18758000.0,0.0,1279000.0,-11500000.0,-7279000.0,-16562000.0,-16345000.0,-1031000.0,51665000.0,0.0,22946000.0,22946000.0,22946000.0,0.0,0.0,0.144,123888000.0,35438000.0,514333000,0.321,4.346,15.257,15.59,36705000,0.0,13.797,1.668,1.668,295687000,200650000,159326000.0,159326000.0,0.0,,,,,0.0,77356000.0,1.0,73483648,73483648,,2.168,810135000,164684000,12492000.0,12874000,11.025,12446000
88,AJG,ARQ,1999-06-30,1999-08-10,1999-06-30,2021-08-02,-875000,808205000,,578500000,229705000,,2.963,-4310000.0,150341000,150341000,0.0,12521000.0,1.001,2.748,0,0,0,0,18319000,3640000.0,0,0.029,0.1,19263000.0,22903000.0,0.163,22903000.0,19263000.0,19263000.0,0.172,0.165,0.172,215661000,,215661000,776476336,8.0,7.227,-2631000.0,-0.036,1.0,140333000.0,1.0,11926000,0.0,67889000,,0,83033000,60341000,22692000,592544000,578049000,14495000,926817336,2934000.0,0.0,2992000.0,12500000.0,-7207000.0,10436000.0,-9181000.0,-2170000.0,1679000.0,0.0,12521000.0,12521000.0,12521000.0,0.0,0.0,0.089,121070000.0,19263000.0,519206000,0.581,4.298,14.748,14.93,34461000,0.0,12.735,1.575,1.575,325639000,185000000,140333000.0,140333000.0,0.0,,,,,0.0,75010000.0,1.0,72777176,72777176,,1.928,796279000,160626000,6742000.0,3472000,10.941,451000
89,AJG,ARQ,1999-03-31,1999-07-08,1999-03-31,2021-08-02,-1013000,720438000,,499853000,220585000,,2.833,-4198000.0,143386000,143386000,0.0,13272000.0,0.992,2.534,0,0,0,0,18227000,3252000.0,0,0.03,0.1,20418000.0,23670000.0,0.175,23670000.0,20418000.0,20418000.0,0.182,0.175,0.182,203886000,,203886000,755024462,8.0,7.433,2804000.0,0.039,1.0,135115000.0,1.0,12451000,0.0,60504000,,0,78103000,57874000,20229000,516552000,504097000,12455000,898410462,-20552000.0,0.0,-6031000.0,-5000000.0,-6176000.0,-17413000.0,-10141000.0,-478000.0,7002000.0,0.0,13272000.0,13272000.0,13272000.0,0.0,0.0,0.098,114697000.0,20418000.0,452830000,0.549,4.406,15.051,15.263,33005000,0.0,12.485,1.578,1.578,256894000,179758000,135115000.0,135115000.0,0.0,,,,,0.0,73714000.0,1.0,71959188,71959188,,1.878,707987000,154900000,7146000.0,5480000,9.839,-4244000
90,AJG,ARQ,1999-03-31,1999-05-17,1999-03-31,2021-08-02,-1013000,720438000,,499853000,220585000,,2.833,-4198000.0,143386000,143386000,0.0,13272000.0,0.992,2.534,0,0,0,0,18227000,3252000.0,0,0.031,0.1,20418000.0,23670000.0,0.175,23670000.0,20418000.0,20418000.0,0.182,0.175,0.182,203886000,,203886000,701055071,8.0,6.981,2804000.0,0.039,1.0,135115000.0,1.0,12451000,0.0,60504000,,0,78103000,57874000,20229000,516552000,504097000,12455000,844441071,-20552000.0,0.0,-6031000.0,-5000000.0,-6176000.0,-17413000.0,-10141000.0,-478000.0,7002000.0,0.0,13272000.0,13272000.0,13272000.0,0.0,0.0,0.098,114697000.0,20418000.0,452830000,0.549,4.142,14.361,14.139,33005000,0.0,11.735,1.52,1.52,256894000,179758000,135115000.0,135115000.0,0.0,,,,,0.0,73714000.0,1.0,71959188,71959188,,1.878,707987000,154900000,7146000.0,5480000,9.839,-4244000
91,AJG,ARQ,1998-12-31,1999-03-29,1998-12-31,2021-08-02,-777000,746010000,,530956000,215054000,,2.797,-6554000.0,148140000,148140000,0.0,16822000.0,1.001,2.685,0,0,0,0,13616000,3211000.0,0,0.031,0.1,25167000.0,28378000.0,0.178,28378000.0,25167000.0,25167000.0,0.23,0.22,0.23,202468000,,202468000,693513069,8.0,7.205,16635000.0,0.23,1.0,159267000.0,1.0,12471000,0.0,54743000,,0,77457000,57368000,20089000,543542000,530656000,12886000,841653069,-4988000.0,0.0,-185000.0,-7500000.0,-6059000.0,-15996000.0,-12181000.0,755000.0,23189000.0,0.0,16822000.0,16822000.0,16822000.0,0.0,0.0,0.106,134100000.0,25167000.0,462962000,0.435,4.157,14.896,14.317,31461000,0.0,11.625,1.557,1.557,288276000,172381000,159267000.0,159267000.0,0.0,,,,,0.0,77900000.0,1.0,72400264,72400264,,2.2,733539000,151033000,8345000.0,12621000,10.132,300000
92,AJG,ARQ,1998-12-31,1999-03-26,1998-12-31,2021-08-02,-777000,746010000,,530956000,215054000,,2.797,-6554000.0,148140000,148140000,0.0,16822000.0,1.001,2.685,0,0,0,0,13616000,3211000.0,0,0.03,0.087,25167000.0,28378000.0,0.178,28378000.0,25167000.0,25167000.0,0.23,0.22,0.23,202468000,,202468000,709441127,8.0,7.37,16635000.0,0.23,1.0,159267000.0,1.0,12471000,0.0,54743000,,0,77457000,57368000,20089000,543542000,530656000,12886000,857581127,-4988000.0,0.0,-185000.0,-7500000.0,-6059000.0,-15996000.0,-12181000.0,755000.0,23189000.0,0.0,16822000.0,16822000.0,16822000.0,0.0,0.0,0.106,134100000.0,25167000.0,462962000,0.378,4.236,15.178,14.587,31461000,0.0,11.845,1.586,1.586,288276000,172381000,159267000.0,159267000.0,0.0,,,,,0.0,77900000.0,1.0,72400264,72400264,,2.2,733539000,151033000,8345000.0,12621000,10.132,300000
93,AJG,ARQ,1998-09-30,1998-11-09,1998-09-30,2021-08-02,-182000,720998000,,519948000,201050000,,2.771,-3081000.0,163392000,163392000,0.0,19337000.0,1.006,2.764,0,0,0,0,16284000,2786000.0,0,0.03,0.087,28541000.0,31327000.0,0.224,31327000.0,28541000.0,28541000.0,0.28,0.268,0.28,191568000,,191568000,613203961,,,26703000.0,0.386,1.0,140115000.0,1.0,10143000,0.0,30708000,,0,77943000,56266000,21677000,529430000,516755000,12675000,776595961,1475000.0,0.0,-4854000.0,0.0,-6035000.0,-9845000.0,-18464000.0,1023000.0,29784000.0,0.0,19337000.0,19337000.0,19337000.0,0.0,0.0,0.138,111574000.0,28541000.0,456724000,0.311,4.054,,,27404000,0.0,11.235,,,260692000,163358000,140115000.0,140115000.0,0.0,,,,,0.0,70454000.0,1.0,69122916,69122916,,2.027,710855000,141826000,9204000.0,2889000,10.284,3193000
94,AJG,ARQ,1998-06-30,1998-08-03,1998-06-30,2021-08-02,1595000,706290000,,518729000,187561000,,2.687,-2579000.0,152913000,152913000,0.0,9370000.0,1.02,2.811,0,0,0,0,17599000,2847000.0,0,0.034,0.087,14197000.0,17044000.0,0.141,17044000.0,14197000.0,14197000.0,0.138,0.13,0.138,185335000,,185335000,522798354,,,-8738000.0,-0.127,1.0,120994000.0,1.0,9926000,0.0,35080000,,0,87658000,62457000,25201000,520955000,508371000,12584000,675711354,12184000.0,0.0,3258000.0,22000000.0,-5948000.0,20360000.0,-2017000.0,14657000.0,-6159000.0,0.0,9370000.0,9370000.0,9370000.0,0.0,0.0,0.077,106797000.0,14197000.0,447931000,0.63,3.646,,,26879000,0.0,9.797,,,258297000,149881000,120994000.0,120994000.0,0.0,,,,,0.0,67243000.0,1.0,68967732,68967732,,1.754,696364000,125555000,4827000.0,520000,10.097,10358000
95,AJG,ARQ,1998-03-31,1998-04-29,1998-03-31,2021-08-02,1802000,630628000,,444170000,186458000,,2.615,-1780000.0,148057000,148057000,0.0,10972000.0,1.014,2.547,0,0,0,0,17433000,2884000.0,0,0.029,0.087,16624000.0,19508000.0,0.162,19508000.0,16624000.0,16624000.0,0.165,0.158,0.165,177791000,,177791000,599681068,,,7773000.0,0.114,1.0,120279000.0,1.0,10246000,0.0,34132000,,0,104298000,64968000,39330000,452837000,438193000,14644000,747738068,-19174000.0,0.0,6785000.0,-15630000.0,-5143000.0,-12183000.0,-16544000.0,499000.0,9553000.0,0.0,10972000.0,10972000.0,10972000.0,0.0,0.0,0.091,103655000.0,16624000.0,400319000,0.527,4.206,,,26932000,0.0,11.0,,,191625000,146465000,120279000.0,120279000.0,0.0,,,,,0.0,65912000.0,1.0,67976188,67976188,,1.769,620382000,109950000,5652000.0,6232000,9.126,5977000
96,AJG,ARQ,1997-12-31,1998-02-27,1997-12-31,2021-08-02,1658000,641752000,,468841000,172911000,,2.467,,148338000,148338000,,,1.006,2.915,0,0,0,0,11608000,,0,0.03,0.077,,,,,,,,,,163907000,,163907000,537782806,7.0,5.856,,,1.0,,,10370000,,17006000,,0,101884000,62681000,39203000,477845000,466038000,11807000,686120806,,,,,,,,,,,,,,,,,,,402195000,,4.186,12.869,12.75,27810000,,10.328,1.406,1.406,217555000,141309000,,,,,,,,,,1.0,66436292,66436292,,,631382000,95528000,,10783000,9.504,2803000
0,AJG,ART,2021-06-30,2021-07-30,2021-06-30,2021-08-02,-530500000,27817200000,24094500000.0,15939300000,11877900000,0.318,40.207,-99700000.0,6375000000,6375000000,2033900000.0,936400000.0,1.326,2.341,6380900000,366100000,6014800000,6380900000,592100000,555900000.0,0,0.013,1.86,1128800000.0,1684700000.0,0.22,1684700000.0,1128800000.0,928600000.0,4.56,4.46,4.56,8312700000,6750425000.0,8312700000,28808242500,26.0,17.1,1538900000.0,7.443,1.0,5617300000.0,0.734,9077600000,200200000.0,6724200000,5534325000.0,0,0,0,0,19463200000,12021300000,7441900000,28802342500,3372300000.0,-777900000.0,1555700000.0,1427500000.0,-376300000.0,2411800000.0,-879100000.0,-1500000.0,1638600000.0,201000000.0,891100000.0,891100000.0,891100000.0,0.0,45300000.0,0.116,4223300000.0,1394000000.0,9716700000,0.408,3.465,32.322,30.55,813200000,0.0,139.31,3.764,3.764,8394800000,2749100000,7651200000.0,7651200000.0,0.0,0.037,0.132,0.204,0.148,77000000.0,3667400000.0,1.0,206750000,206750000,,37.007,18739600000,1126300000,37500000.0,0,90.639,3918000000
1,AJG,ART,2021-03-31,2021-04-30,2021-03-31,2021-08-02,-527800000,24414500000,22466750000.0,12667500000,11747000000,0.325,34.362,-97000000.0,3360900000,3360900000,1887700000.0,896400000.0,1.1,2.62,4832600000,151300000,4681300000,4832600000,590700000,533300000.0,0,0.013,1.83,1075500000.0,1608800000.0,0.22,1608800000.0,1075500000.0,881500000.0,4.43,4.33,4.43,6731100000,6044400000.0,6731100000,29865520650,28.0,18.564,1833200000.0,9.358,1.0,5414000000.0,0.741,8989700000,194000000.0,5380500000,5205525000.0,0,0,0,0,17635000000,11516000000,6119000000,28393820650,727700000.0,-631300000.0,125200000.0,-417200000.0,-357400000.0,-771100000.0,-729700000.0,-1400000.0,1930200000.0,298300000.0,854600000.0,854600000.0,854600000.0,0.0,41800000.0,0.117,4079200000.0,1334800000.0,9205000000,0.413,4.218,33.225,32.72,819400000,0.0,144.95,3.889,3.889,8309300000,2658900000,7301700000.0,7301700000.0,0.0,0.038,0.141,0.207,0.147,73900000.0,3545900000.0,1.0,195887000,195887000,,37.275,15424800000,1087900000,26900000.0,0,78.743,1151500000
2,AJG,ART,2020-12-31,2021-02-08,2020-12-31,2021-08-02,-643600000,22331400000,21572250000.0,11124200000,11207200000,0.325,31.93,-99300000.0,3574300000,3574300000,1788600000.0,858100000.0,1.098,2.602,4865500000,278600000,4586900000,4865500000,541300000,562400000.0,0,0.015,1.8,1028000000.0,1590400000.0,0.227,1590400000.0,1028000000.0,831600000.0,4.29,4.2,4.29,6186200000,5619000000.0,6186200000,24090523200,23.0,15.147,1653200000.0,8.533,1.0,5215000000.0,0.745,8526900000,196400000.0,4960700000,5304300000.0,0,0,0,0,16098700000,10135000000,5963700000,22799323200,950400000.0,-316100000.0,111900000.0,-79100000.0,-347400000.0,-505100000.0,-416800000.0,-1400000.0,1752500000.0,119800000.0,818800000.0,818800000.0,818800000.0,0.0,39300000.0,0.117,4028900000.0,1186100000.0,7784600000,0.42,3.686,27.845,27.431,824600000,0.0,117.68,3.255,3.255,6436000000,2371700000,7003600000.0,7003600000.0,0.0,0.038,0.146,0.194,0.147,74500000.0,3466500000.0,1.0,193740000,193740000,,36.149,13804500000,1085800000,12800000.0,0,71.253,989200000
3,AJG,ART,2020-09-30,2020-10-30,2020-09-30,2021-08-02,-870400000,21814900000,20898100000.0,11200300000,10614600000,0.336,30.011,-110600000.0,3474800000,3474800000,1902700000.0,810600000.0,1.107,2.772,4876200000,318000000,4558200000,4876200000,531400000,558500000.0,0,0.017,1.78,982400000.0,1540900000.0,0.219,1540900000.0,982400000.0,785700000.0,4.09,3.99,4.09,5771700000,5361325000.0,5771700000,21347114620,22.0,13.854,1627100000.0,8.46,1.0,5118700000.0,0.729,8027200000,196700000.0,5071900000,5339200000.0,0,0,0,0,15996700000,10117200000,5879500000,19945714620,867500000.0,-396400000.0,101700000.0,97500000.0,-341400000.0,-371500000.0,-559000000.0,-52000000.0,1737700000.0,60300000.0,775100000.0,775100000.0,775100000.0,0.0,35500000.0,0.11,4001200000.0,1117500000.0,7952900000,0.435,3.456,25.733,25.357,805100000,0.0,103.71,2.841,2.841,6702500000,2317300000,7021400000.0,7021400000.0,0.0,0.037,0.145,0.184,0.14,71100000.0,3442700000.0,1.0,192322000,192322000,,36.509,13787700000,1049800000,10600000.0,0,71.691,1083100000
4,AJG,ART,2020-06-30,2020-07-31,2020-06-30,2021-08-02,-982200000,21306200000,20237825000.0,10760400000,10545800000,0.346,28.666,-122300000.0,3002700000,3002700000,2045700000.0,759900000.0,1.091,2.874,4951900000,328600000,4623300000,4951900000,519600000,543900000.0,0,0.016,1.76,886400000.0,1430300000.0,0.204,1430300000.0,886400000.0,691200000.0,3.85,3.75,3.85,5488600000,5129225000.0,5488600000,22530202810,25.0,15.752,1379500000.0,7.205,1.0,4951800000.0,0.708,7982400000,195200000.0,5409000000,5340850000.0,0,0,0,0,15771700000,9864000000,5907700000,20581002810,456100000.0,-609400000.0,94300000.0,271700000.0,-334900000.0,-234200000.0,-783600000.0,-51900000.0,1501800000.0,-27900000.0,724600000.0,724600000.0,724600000.0,0.0,35300000.0,0.104,3951800000.0,1000000000.0,7950500000,0.457,3.75,28.403,27.919,823600000,0.0,107.49,2.941,2.941,6873500000,2228300000,6997500000.0,6997500000.0,0.0,0.036,0.141,0.166,0.127,68900000.0,3407900000.0,1.0,191469000,191469000,,36.546,13323800000,1012100000,-33400000.0,0,69.587,896400000
5,AJG,ART,2020-03-31,2020-05-05,2020-03-31,2021-08-02,-1231100000,20836500000,19711350000.0,10527200000,10309300000,0.359,26.524,-129000000.0,2633200000,2633200000,2219400000.0,719500000.0,1.07,3.135,5212100000,577600000,4634500000,5212100000,491500000,536300000.0,0,0.021,1.74,811900000.0,1348200000.0,0.191,1348200000.0,811900000.0,621800000.0,3.63,3.54,3.63,5029500000,4976925000.0,5029500000,18342093730,23.0,13.605,1195000000.0,6.302,1.0,4851900000.0,0.686,7802000000,190100000.0,5775600000,5282550000.0,0,0,0,0,15766400000,9837800000,5928600000,15763193730,92400000.0,-1159300000.0,92300000.0,733200000.0,-328900000.0,278900000.0,-1340300000.0,-52000000.0,1324000000.0,-170200000.0,681000000.0,681000000.0,681000000.0,0.0,38500000.0,0.096,3934900000.0,917000000.0,7778700000,0.479,3.134,23.147,22.901,829100000,0.0,83.13,2.229,2.229,7094300000,2161400000,7071300000.0,7071300000.0,0.0,0.035,0.137,0.154,0.115,66200000.0,3398600000.0,1.0,189621000,189621000,,37.292,13034500000,1003800000,-59200000.0,0,68.74,689400000
6,AJG,ART,2019-12-31,2020-02-07,2019-12-31,2021-08-02,-759600000,19634800000,19160075000.0,9117500000,10517300000,0.376,27.387,-138800000.0,2623900000,2623900000,2421300000.0,715800000.0,1.022,2.797,4947600000,790600000,4157000000,4947600000,503800000,474400000.0,0,0.016,1.72,758900000.0,1233300000.0,0.171,1233300000.0,758900000.0,579100000.0,3.6,3.52,3.6,5155500000,4939625000.0,5155500000,22076457710,29.0,17.9,980400000.0,5.208,1.0,4773700000.0,0.663,7937200000,179800000.0,5100300000,5170000000.0,0,0,0,0,14419300000,8921000000,5498300000,19752757710,387100000.0,-1185800000.0,101200000.0,999200000.0,-321100000.0,638400000.0,-1376600000.0,-52000000.0,1119200000.0,6100000.0,668800000.0,668800000.0,668800000.0,0.0,47000000.0,0.093,3813900000.0,959800000.0,6348500000,0.478,3.831,29.535,29.147,860900000,0.0,104.93,2.745,2.745,5419200000,1901300000,7195000000.0,7195000000.0,0.0,0.035,0.135,0.147,0.105,61200000.0,3339500000.0,1.0,188247000,188247000,,38.221,11697600000,945600000,-89700000.0,0,62.14,196500000
7,AJG,ART,2019-09-30,2019-10-25,2019-09-30,2021-08-02,-925100000,19173800000,18334875000.0,9328600000,9845200000,0.389,25.966,-141300000.0,2607300000,2607300000,2531400000.0,738000000.0,1.047,2.945,4811200000,660100000,4151100000,4811200000,493900000,454600000.0,0,0.019,1.7,703100000.0,1157700000.0,0.162,1157700000.0,703100000.0,534900000.0,3.72,3.63,3.72,4843300000,4775475000.0,4843300000,18888382350,27.0,16.315,888300000.0,4.762,1.0,4599600000.0,0.645,7388300000,168200000.0,5078500000,4798775000.0,0,0,0,0,14261800000,8910900000,5350900000,16684482350,346800000.0,-1079100000.0,95100000.0,972100000.0,-315400000.0,633900000.0,-1236900000.0,-16500000.0,1029600000.0,-79800000.0,687600000.0,687600000.0,687600000.0,0.0,50400000.0,0.096,3696800000.0,902800000.0,6573900000,0.457,3.445,24.265,24.046,843300000,0.0,89.45,2.34,2.34,5684700000,1884200000,7131000000.0,7131000000.0,0.0,0.038,0.144,0.147,0.099,58800000.0,3242200000.0,1.0,186523000,186523000,,38.231,11785500000,952800000,-152700000.0,0,63.185,417700000
8,AJG,ART,2019-06-30,2019-07-26,2019-06-30,2021-08-02,-802500000,19200300000,17570100000.0,9547400000,9652900000,0.403,26.223,-137000000.0,2546600000,2546600000,2602500000.0,739300000.0,1.069,2.921,4705300000,562300000,4143000000,4705300000,504300000,441500000.0,0,0.018,1.68,668900000.0,1110400000.0,0.157,1110400000.0,668900000.0,510600000.0,3.74,3.65,3.74,4879400000,4700775000.0,4879400000,19338543100,29.0,17.416,734400000.0,3.947,1.0,4481800000.0,0.633,7250700000,158300000.0,5175800000,4451325000.0,0,0,0,0,14252500000,8932500000,5320000000,17179843100,201900000.0,-1043800000.0,99300000.0,917000000.0,-310600000.0,580500000.0,-1197400000.0,-16600000.0,871400000.0,-52600000.0,689100000.0,689100000.0,689100000.0,0.0,50200000.0,0.097,3610700000.0,871100000.0,6873800000,0.449,3.521,24.931,24.687,826400000,0.0,92.33,2.425,2.425,6007600000,1839300000,7084300000.0,7084300000.0,0.0,0.039,0.147,0.15,0.094,56800000.0,3169200000.0,1.0,186070000,186070000,,38.073,11949600000,905700000,-178500000.0,0,64.221,614900000
9,AJG,ART,2019-03-31,2019-04-29,2019-03-31,2021-08-02,-721500000,18631400000,16827650000.0,9669500000,8961900000,0.421,26.344,-132600000.0,2540800000,2540800000,2717400000.0,741600000.0,1.119,2.802,4515000000,494800000,4020200000,4515000000,480100000,430700000.0,0,0.02,1.66,658500000.0,1089200000.0,0.154,1089200000.0,658500000.0,511200000.0,3.78,3.69,3.78,4880300000,4591825000.0,4880300000,17340853400,26.0,15.921,753900000.0,4.07,1.0,4369500000.0,0.617,6642300000,147300000.0,5325400000,4074725000.0,0,0,0,0,13673200000,8637900000,5035300000,15366653400,432100000.0,-816800000.0,82400000.0,942700000.0,-305300000.0,599900000.0,-964700000.0,-15300000.0,886500000.0,-89600000.0,693900000.0,693900000.0,693900000.0,0.0,47700000.0,0.098,3518300000.0,851200000.0,6741400000,0.439,3.149,22.145,21.944,819000000,0.0,82.95,2.168,2.168,6253200000,1810200000,7086900000.0,7086900000.0,0.0,0.041,0.151,0.162,0.093,54200000.0,3087600000.0,1.0,185252000,185252000,,38.255,11989100000,869900000,-182700000.0,0,64.718,1031600000
10,AJG,ART,2018-12-31,2019-02-08,2018-12-31,2021-08-02,-785600000,16334000000,16201675000.0,8118700000,8215300000,0.428,24.443,-124400000.0,2236800000,2236800000,2719700000.0,675900000.0,1.055,2.615,3610400000,519000000,3091400000,3610400000,457700000,419000000.0,0,0.021,1.64,575400000.0,994400000.0,0.143,994400000.0,575400000.0,437000000.0,3.47,3.4,3.47,4498900000,4500400000.0,4498900000,15883049800,28.0,15.972,640700000.0,3.481,1.0,4214300000.0,0.608,6398600000,138400000.0,3615400000,3661775000.0,0,0,0,0,11764300000,7693600000,4070700000,14509449800,-68200000.0,-770300000.0,70600000.0,507900000.0,-301800000.0,162000000.0,-910300000.0,-15600000.0,765100000.0,-85000000.0,633500000.0,633500000.0,633500000.0,0.0,42400000.0,0.091,3445300000.0,769000000.0,5740200000,0.473,3.225,22.904,22.718,436900000,0.0,78.83,2.093,2.093,4857500000,1558600000,6934000000.0,6934000000.0,0.0,0.039,0.141,0.157,0.083,55300000.0,3026300000.0,1.0,184060000,184060000,,37.672,9935400000,806200000,-196500000.0,0,53.979,425100000
11,AJG,ART,2018-09-30,2018-10-26,2018-09-30,2021-08-02,-673400000,16114700000,15342525000.0,8084000000,8030700000,0.448,24.745,-126200000.0,2260500000,2260500000,2695200000.0,661300000.0,1.089,2.531,3530500000,389300000,3141200000,3530500000,472700000,405800000.0,0,0.022,1.62,611400000.0,1017200000.0,0.148,1017200000.0,611400000.0,478300000.0,3.42,3.35,3.42,4544500000,4401975000.0,4544500000,14865757560,24.0,14.614,773500000.0,4.212,1.0,4180400000.0,0.608,6273400000,133100000.0,3688700000,3500575000.0,0,0,0,0,11502000000,7422600000,4079400000,13595757560,303500000.0,-618200000.0,51100000.0,506600000.0,-297300000.0,155600000.0,-744800000.0,-400000.0,899700000.0,-7000000.0,621300000.0,621300000.0,621300000.0,0.0,40000000.0,0.09,3410900000.0,769500000.0,5693600000,0.474,2.992,21.883,21.646,429300000,0.0,74.03,1.977,1.977,4872000000,1517600000,6875600000.0,6875600000.0,0.0,0.04,0.141,0.175,0.089,54300000.0,3005100000.0,1.0,183652000,183652000,,37.438,9841300000,743400000,-143000000.0,0,53.587,661400000
12,AJG,ART,2018-06-30,2018-07-27,2018-06-30,2021-08-02,-651400000,16230500000,14516450000.0,8365000000,7865500000,0.46,24.334,-126300000.0,2344700000,2344700000,2624300000.0,660700000.0,1.105,2.637,3487100000,346100000,3141000000,3487100000,471800000,399700000.0,0,0.023,1.6,615900000.0,1015600000.0,0.152,1015600000.0,615900000.0,488100000.0,3.44,3.38,3.44,4443600000,4293350000.0,4443600000,14087764680,23.0,13.871,835800000.0,4.577,1.0,4057300000.0,0.607,6134900000,127800000.0,3669400000,3357450000.0,0,0,0,0,11717400000,7568600000,4148800000,12945364680,364800000.0,-533600000.0,44200000.0,362400000.0,-292000000.0,34800000.0,-662200000.0,-2300000.0,962100000.0,30100000.0,624100000.0,624100000.0,624100000.0,0.0,36600000.0,0.093,3319200000.0,738100000.0,5982700000,0.465,2.913,20.742,20.608,427600000,0.0,70.89,1.937,1.937,5142200000,1466000000,6681600000.0,6681600000.0,0.0,0.043,0.145,0.183,0.092,53700000.0,2919500000.0,1.0,182612000,182612000,,36.589,10095600000,716300000,-136000000.0,0,55.284,796400000
13,AJG,ART,2018-03-31,2018-05-07,2018-03-31,2021-08-02,-499500000,16127500000,13601225000.0,8533300000,7594200000,0.484,24.768,-131000000.0,2108700000,2108700000,2568400000.0,717400000.0,1.102,2.557,3273100000,481000000,2792100000,3273100000,465200000,390800000.0,0,0.023,1.58,657300000.0,1048100000.0,0.159,1048100000.0,657300000.0,531800000.0,3.77,3.71,3.77,4514600000,4143625000.0,4514600000,13744882460,21.0,13.114,335900000.0,1.843,1.0,4016200000.0,0.61,5875900000,125500000.0,3673600000,3216075000.0,0,0,0,0,11543000000,7742400000,3800600000,12580482460,152600000.0,-284400000.0,43400000.0,311100000.0,-287400000.0,1800000.0,-419800000.0,-4400000.0,466900000.0,103700000.0,681100000.0,681100000.0,681100000.0,0.0,36300000.0,0.103,3261300000.0,754900000.0,6071300000,0.419,2.787,18.471,18.308,424200000,0.0,69.02,1.911,1.911,5675400000,1426700000,6584600000.0,6584600000.0,0.0,0.05,0.164,0.204,0.1,55200000.0,2870500000.0,1.0,182273000,182273000,,36.125,10251600000,708400000,-149300000.0,0,56.243,790900000
14,AJG,ART,2017-12-31,2018-02-12,2017-12-31,2021-08-02,-559900000,12897400000,12514500000.0,5170600000,7726800000,0.492,22.627,-129200000.0,2305000000,2305000000,2488400000.0,499200000.0,1.053,2.127,3133000000,441100000,2691900000,3133000000,74800000,385800000.0,0,0.024,1.56,466100000.0,851900000.0,0.138,851900000.0,466100000.0,342000000.0,2.57,2.54,2.57,4105200000,3930600000.0,4105200000,12840215460,28.0,15.072,725000000.0,3.996,1.0,3671200000.0,0.596,5842500000,124100000.0,2970600000,2932425000.0,0,0,0,0,8732500000,4912300000,3820200000,12012215460,367400000.0,-372900000.0,42700000.0,260600000.0,-282700000.0,-47800000.0,-511000000.0,-8900000.0,854200000.0,72000000.0,463100000.0,463100000.0,463100000.0,0.0,36100000.0,0.075,3138100000.0,533100000.0,3475900000,0.607,2.926,25.939,25.763,412200000,0.0,66.21,1.95,1.95,2157200000,1095900000,6159600000.0,6159600000.0,0.0,0.037,0.118,0.159,0.076,50800000.0,2752300000.0,1.0,181426000,181426000,,33.951,7054900000,905100000,-121100000.0,0,38.886,258300000
15,AJG,ART,2017-09-30,2017-10-30,2017-09-30,2021-08-02,-498900000,12810400000,12162550000.0,5087400000,7723000000,0.489,22.732,-172800000.0,2180500000,2180500000,2370100000.0,487000000.0,1.081,2.102,3023100000,281400000,2741700000,3023100000,85400000,378500000.0,0,0.025,1.55,452100000.0,830600000.0,0.14,830600000.0,452100000.0,330900000.0,2.52,2.5,2.52,4110000000,3803450000.0,4110000000,12185929260,27.0,14.671,520000000.0,2.876,1.0,3575500000.0,0.601,5831600000,121200000.0,3116200000,2788125000.0,0,0,0,0,8638200000,4705200000,3933000000,11343329260,33100000.0,-436200000.0,59000000.0,231700000.0,-279500000.0,-44300000.0,-627200000.0,-18200000.0,692800000.0,11800000.0,453100000.0,453100000.0,453100000.0,0.0,33900000.0,0.076,3051100000.0,524400000.0,3508500000,0.615,2.76,25.035,24.897,413400000,0.0,62.74,1.908,1.908,2227300000,1062100000,5945600000.0,5945600000.0,0.0,0.037,0.119,0.162,0.076,49000000.0,2672600000.0,1.0,180799000,180799000,,32.885,6978800000,918400000,-122200000.0,0,38.6,382200000
16,AJG,ART,2017-06-30,2017-07-28,2017-06-30,2021-08-02,-661900000,12569600000,11760025000.0,5107200000,7462400000,0.497,21.34,-180300000.0,2068900000,2068900000,2343800000.0,479600000.0,1.051,2.252,3112800000,468000000,2644800000,3112800000,74000000,367300000.0,0,0.026,1.54,447200000.0,814500000.0,0.139,814500000.0,447200000.0,328900000.0,2.49,2.48,2.49,3844700000,3697575000.0,3844700000,11747443240,26.0,14.423,502200000.0,2.787,1.0,3499600000.0,0.599,5651600000,118300000.0,3103900000,2575500000.0,0,0,0,0,8659600000,4858000000,3801600000,10703543240,176700000.0,-401600000.0,59600000.0,379000000.0,-277400000.0,106800000.0,-608100000.0,-26200000.0,682500000.0,-4500000.0,445500000.0,445500000.0,445500000.0,0.0,34100000.0,0.076,2986400000.0,513200000.0,3546400000,0.618,2.784,24.026,23.859,387600000,0.0,59.41,1.832,1.832,2374200000,1002900000,5843400000.0,5843400000.0,0.0,0.038,0.12,0.174,0.077,46900000.0,2619100000.0,1.0,180164000,180164000,,32.434,6918000000,861900000,-116600000.0,0,38.398,249200000
17,AJG,ART,2017-03-31,2017-04-28,2017-03-31,2021-08-02,-699100000,11780600000,11463700000.0,4483200000,7297400000,0.498,20.402,-185200000.0,1822000000,1822000000,2264700000.0,454900000.0,0.937,2.199,2944100000,799400000,2144700000,2944100000,75300000,360600000.0,0,0.027,1.53,436100000.0,796700000.0,0.14,796700000.0,436100000.0,322200000.0,2.38,2.37,2.38,3662500000,3636375000.0,3662500000,11140776340,26.0,13.984,497200000.0,2.77,1.0,3442400000.0,0.603,5579000000,113900000.0,2539000000,2427850000.0,0,0,0,0,8053300000,4784700000,3268600000,10018676340,138600000.0,-403100000.0,-11500000.0,419300000.0,-274700000.0,87900000.0,-618900000.0,-30600000.0,682400000.0,-12800000.0,423600000.0,423600000.0,423600000.0,0.0,31300000.0,0.074,2935000000.0,507400000.0,3028200000,0.643,2.735,23.651,23.45,375500000,0.0,55.81,1.755,1.755,2066800000,901800000,5707100000.0,5707100000.0,0.0,0.037,0.116,0.18,0.076,44500000.0,2574400000.0,1.0,179514000,179514000,,31.792,6201600000,806700000,-101400000.0,0,34.547,-301500000
18,AJG,ART,2016-12-31,2017-02-13,2016-12-31,2021-08-02,-763600000,11489600000,11196700000.0,4416100000,7073500000,0.5,20.136,-217800000.0,1937600000,1937600000,2206300000.0,445000000.0,0.958,2.178,2848200000,703600000,2144600000,2848200000,69000000,350800000.0,0,0.027,1.52,436100000.0,786900000.0,0.141,786900000.0,436100000.0,326300000.0,2.33,2.32,2.33,3596600000,3620025000.0,3596600000,10832774350,25.0,13.766,404300000.0,2.264,1.0,3388500000.0,0.606,5395100000,109800000.0,2393400000,2322600000.0,0,0,0,0,7833800000,4611700000,3222100000,9922174350,65100000.0,-319500000.0,-55400000.0,396800000.0,-272200000.0,33900000.0,-569200000.0,-31900000.0,622100000.0,-21700000.0,414400000.0,414400000.0,414400000.0,0.0,30600000.0,0.074,2889700000.0,498800000.0,2996100000,0.652,2.759,23.943,23.841,377600000,0.0,55.55,1.773,1.773,1844800000,916400000,5594800000.0,5594800000.0,0.0,0.037,0.114,0.188,0.078,43200000.0,2538900000.0,1.0,178617000,178617000,,31.323,6094500000,796500000,-88100000.0,0,34.12,-195600000
19,AJG,ART,2016-09-30,2016-10-28,2016-09-30,2021-08-02,-620500000,11200300000,11052750000.0,4213700000,6986600000,0.502,20.718,-166000000.0,1928900000,1928900000,2216300000.0,412200000.0,0.958,2.023,2785700000,741100000,2044600000,2785700000,83700000,355300000.0,0,0.031,1.51,393200000.0,748500000.0,0.135,748500000.0,393200000.0,285900000.0,2.14,2.14,2.14,3686500000,3630450000.0,3686500000,9456688530,24.0,12.634,548500000.0,3.082,1.0,3328400000.0,0.6,5392500000,107300000.0,2265700000,2205475000.0,0,0,0,0,7459100000,4398900000,3060200000,8599888530,162100000.0,-366200000.0,-59900000.0,389600000.0,-269300000.0,20500000.0,-563400000.0,-31200000.0,714500000.0,-9500000.0,381600000.0,381600000.0,381600000.0,0.0,30600000.0,0.069,2868700000.0,459700000.0,2866900000,0.706,2.333,22.536,22.584,213900000,0.0,48.33,1.551,1.551,1683700000,889800000,5544700000.0,5544700000.0,0.0,0.035,0.105,0.178,0.071,41400000.0,2513400000.0,1.0,177941000,177941000,,31.16,5807800000,749800000,-95700000.0,0,32.639,-185200000
20,AJG,ART,2016-06-30,2016-07-29,2016-06-30,2021-08-02,-603500000,11384300000,10880275000.0,4485600000,6898700000,0.507,20.335,-159400000.0,1842000000,1842000000,2204000000.0,422700000.0,1.023,2.147,2730600000,386200000,2344400000,2730600000,72800000,348300000.0,0,0.03,1.5,401100000.0,749400000.0,0.136,749400000.0,401100000.0,296700000.0,2.21,2.2,2.21,3599900000,3621925000.0,3599900000,9596754890,24.0,12.806,556500000.0,3.144,1.0,3313200000.0,0.601,5375900000,104400000.0,2513300000,2172325000.0,0,0,0,0,7728500000,4383700000,3344800000,8708154890,89400000.0,-414500000.0,-65000000.0,370000000.0,-268600000.0,-1000000.0,-608100000.0,-34200000.0,715900000.0,-17400000.0,392100000.0,392100000.0,392100000.0,0.0,30600000.0,0.071,2840000000.0,473200000.0,3216500000,0.679,2.419,22.209,22.258,213900000,0.0,49.19,1.578,1.578,2038400000,835200000,5517200000.0,5517200000.0,0.0,0.036,0.108,0.185,0.073,39200000.0,2491700000.0,1.0,177031000,177031000,,31.165,6008400000,702300000,-95400000.0,0,33.94,101900000
21,AJG,ART,2016-03-31,2016-05-02,2016-03-31,2021-08-02,-535400000,10712600000,10713225000.0,3939500000,6773100000,0.51,20.308,-143100000.0,1728900000,1728900000,2188300000.0,414600000.0,0.979,1.963,2523000000,451200000,2071800000,2523000000,70500000,342000000.0,0,0.032,1.49,388300000.0,730300000.0,0.134,730300000.0,388300000.0,285100000.0,2.18,2.17,2.18,3597100000,3631575000.0,3597100000,9101450100,23.0,12.463,505600000.0,2.854,1.0,3273200000.0,0.599,5366300000,103200000.0,2118000000,2065475000.0,0,0,0,0,7060300000,4022400000,3037900000,8307350100,148600000.0,-371900000.0,161600000.0,198900000.0,-263700000.0,60400000.0,-549700000.0,-34700000.0,648700000.0,-10800000.0,381400000.0,381400000.0,381400000.0,0.0,33200000.0,0.07,2817800000.0,455400000.0,2722900000,0.683,2.309,21.781,21.514,218200000,0.0,46.9,1.521,1.521,1706800000,753400000,5461500000.0,5461500000.0,0.0,0.036,0.105,0.188,0.071,36500000.0,2475800000.0,1.0,177129000,177129000,,30.833,5346300000,660600000,-96300000.0,0,30.183,-82900000
22,AJG,ART,2015-12-31,2016-02-10,2015-12-31,2021-08-02,-522500000,10913800000,10467800000.0,4335800000,6578000000,0.515,20.552,-99000000.0,1892500000,1892500000,2192200000.0,389100000.0,1.034,1.986,2457000000,382000000,2075000000,2457000000,61300000,334200000.0,0,0.039,1.48,364200000.0,698400000.0,0.13,698400000.0,364200000.0,261200000.0,2.07,2.06,2.07,3638300000,3518600000.0,3638300000,7291526000,20.0,10.44,553600000.0,3.127,1.0,3200200000.0,0.593,5361700000,103000000.0,1924900000,2041725000.0,0,0,0,0,7225600000,4191700000,3033900000,6727026000,166000000.0,-333100000.0,203300000.0,78900000.0,-257500000.0,-9900000.0,-461600000.0,-29500000.0,652600000.0,-15100000.0,356800000.0,356800000.0,356800000.0,0.0,32300000.0,0.066,2763100000.0,437100000.0,2877100000,0.715,1.849,18.854,18.357,202700000,0.0,38.0,1.248,1.248,1734000000,774500000,5392400000.0,5392400000.0,0.0,0.034,0.101,0.178,0.068,33900000.0,2428900000.0,1.0,177027000,177027000,,30.461,5552100000,521400000,-95600000.0,0,31.363,144100000
23,AJG,ART,2015-09-30,2015-10-28,2015-09-30,2021-08-02,-496300000,10510400000,10241850000.0,4020100000,6490300000,0.518,20.671,-93600000.0,1719300000,1719300000,2165900000.0,372400000.0,1.078,1.862,2392600000,267600000,2125000000,2392600000,51700000,314000000.0,0,0.033,1.47,367900000.0,681900000.0,0.129,681900000.0,367900000.0,265000000.0,2.01,1.99,2.01,3652400000,3416375000.0,3652400000,8456714750,23.0,12.402,402000000.0,2.275,1.0,3137000000.0,0.592,5321400000,102900000.0,2133100000,2023650000.0,0,0,0,0,6802500000,3729200000,3073300000,7783414750,79200000.0,-246400000.0,235400000.0,-18400000.0,-251300000.0,-56800000.0,-361200000.0,-21200000.0,495600000.0,1600000.0,346000000.0,346000000.0,346000000.0,0.0,26400000.0,0.065,2715900000.0,421100000.0,2707100000,0.731,2.131,22.495,21.915,200700000,0.0,44.05,1.468,1.468,1600800000,778400000,5302900000.0,5302900000.0,0.0,0.034,0.101,0.182,0.069,33400000.0,2401900000.0,1.0,176695000,176695000,,30.012,5189000000,487800000,-81000000.0,0,29.367,290900000
24,AJG,ART,2015-06-30,2015-07-31,2015-06-30,2021-08-02,-338700000,10716100000,10111250000.0,4261400000,6454700000,0.508,20.846,-82100000.0,1765500000,1765500000,2070100000.0,325100000.0,1.091,1.925,2371600000,246600000,2125000000,2371600000,63800000,305000000.0,0,0.031,1.46,357800000.0,662800000.0,0.129,662800000.0,357800000.0,254600000.0,1.83,1.82,1.83,3638500000,3317275000.0,3638500000,8884769350,25.0,13.405,195100000.0,1.118,1.0,3064800000.0,0.597,5330900000,103200000.0,2085900000,1975250000.0,0,0,0,0,7004600000,3905400000,3099200000,8278669350,-651800000.0,-569900000.0,237200000.0,-259100000.0,-242300000.0,-276100000.0,-659400000.0,-7400000.0,277200000.0,6500000.0,306300000.0,306300000.0,306300000.0,0.0,18800000.0,0.06,2666600000.0,398200000.0,2901100000,0.798,2.275,27.028,25.918,198200000,0.0,47.43,1.612,1.612,1764500000,710800000,5134900000.0,5134900000.0,0.0,0.03,0.092,0.181,0.07,33600000.0,2361600000.0,1.0,174545000,174545000,,29.419,5385200000,438000000,-51700000.0,0,30.853,356000000
25,AJG,ART,2015-03-31,2015-04-28,2015-03-31,2021-08-02,-380200000,9730900000,9937050000.0,3594800000,6136100000,0.497,18.872,-79500000.0,1463400000,1463400000,2010700000.0,286500000.0,1.045,2.07,2335800000,210800000,2125000000,2335800000,76300000,282200000.0,0,0.03,1.45,339900000.0,622100000.0,0.126,622100000.0,339900000.0,241500000.0,1.72,1.71,1.72,3145200000,3220050000.0,3145200000,8983596190,26.0,14.441,360000000.0,2.16,1.0,2932100000.0,0.593,5141600000,98400000.0,2023000000,1933700000.0,0,0,0,0,6511300000,3438700000,3072600000,8111196190,-462400000.0,-1909700000.0,997000000.0,326800000.0,-236500000.0,1083900000.0,-2007500000.0,-18300000.0,439500000.0,21700000.0,276000000.0,276000000.0,276000000.0,0.0,10500000.0,0.056,2558700000.0,373400000.0,2447000000,0.843,2.579,29.388,28.297,190600000,0.0,48.67,1.641,1.641,1543600000,636000000,4942800000.0,4942800000.0,0.0,0.028,0.086,0.176,0.069,32700000.0,2276500000.0,1.0,166657000,166657000,,29.659,4589300000,395400000,-34500000.0,0,27.537,156100000
26,AJG,ART,2014-12-31,2015-02-13,2014-12-31,2021-08-02,-260600000,10010000000,9323225000.0,3811200000,6198800000,0.496,19.603,-81500000.0,1682000000,1682000000,1826100000.0,303400000.0,1.046,2.1,2392900000,267900000,2125000000,2392900000,66100000,258900000.0,0,0.03,1.44,356400000.0,615300000.0,0.133,615300000.0,356400000.0,267400000.0,1.98,1.97,1.98,3229400000,2969800000.0,3229400000,8536240000,24.0,13.873,320800000.0,1.947,1.0,2800400000.0,0.605,5225600000,89000000.0,1852600000,1738825000.0,0,0,0,0,6780600000,3642700000,3137900000,7825340000,16300000.0,-1910100000.0,997000000.0,817000000.0,-223100000.0,1597800000.0,-2011700000.0,-20100000.0,402300000.0,27900000.0,303400000.0,303400000.0,303400000.0,0.0,0.0,0.066,2426500000.0,373900000.0,2623300000,0.727,2.423,25.792,23.99,195400000,0.0,47.5,1.691,1.691,1462500000,676000000,4626500000.0,4626500000.0,0.0,0.033,0.102,0.205,0.077,33500000.0,2167600000.0,1.0,164744000,164744000,,28.083,4784400000,392600000,-36000000.0,0,29.041,168500000
27,AJG,ART,2014-09-30,2014-10-29,2014-09-30,2021-08-02,-83700000,9988000000,8535850000.0,3972400000,6015600000,0.5,20.177,-83500000.0,1632600000,1632600000,1617300000.0,311900000.0,1.054,2.068,2421200000,296200000,2125000000,2421200000,98700000,235600000.0,0,0.03,1.43,367600000.0,603200000.0,0.141,603200000.0,367600000.0,290400000.0,2.11,2.09,2.11,3256000000,2683825000.0,3256000000,8439341340,23.0,13.991,221000000.0,1.369,1.0,2654000000.0,0.621,5067300000,77200000.0,1939500000,1396100000.0,0,0,0,0,6732000000,3769800000,2962200000,7650741340,3600000.0,-2224000000.0,972300000.0,1247800000.0,-210900000.0,2017100000.0,-2331900000.0,-24400000.0,304500000.0,13900000.0,311900000.0,311900000.0,311900000.0,0.0,0.0,0.073,2269600000.0,384400000.0,2755400000,0.678,2.35,24.529,22.469,196600000,0.0,47.41,1.791,1.791,1669000000,683700000,4271300000.0,4271300000.0,0.0,0.037,0.116,0.263,0.086,35800000.0,2034000000.0,1.0,161374000,161374000,,26.468,4920700000,352700000,-21500000.0,0,30.493,202600000
28,AJG,ART,2014-06-30,2014-08-01,2014-06-30,2021-08-02,54200000,10019300000,7531400000.0,4440300000,5579000000,0.507,20.439,-99800000.0,2082500000,2082500000,1366100000.0,292900000.0,1.146,2.083,2517000000,392000000,2125000000,2517000000,94300000,207800000.0,0,0.032,1.42,352600000.0,560400000.0,0.147,560400000.0,352600000.0,288200000.0,2.1,2.08,2.1,3249600000,2352875000.0,3249600000,7543077030,21.0,13.46,383100000.0,2.41,1.0,2454200000.0,0.642,4659100000,64400000.0,1919700000,1049275000.0,0,0,0,0,6769700000,3875000000,2894700000,7108577030,733500000.0,-2011000000.0,972800000.0,1592000000.0,-198600000.0,2376500000.0,-2147800000.0,-37000000.0,482900000.0,21900000.0,292900000.0,292900000.0,292900000.0,0.0,0.0,0.077,2089700000.0,364500000.0,2819400000,0.676,2.188,24.27,21.29,193700000,0.0,44.71,1.861,1.861,1997600000,648400000,3820300000.0,3820300000.0,0.0,0.039,0.124,0.336,0.092,34100000.0,1881900000.0,1.0,158993000,158993000,,24.028,5360200000,328900000,-4700000.0,0,33.713,565300000
29,AJG,ART,2014-03-31,2014-04-24,2014-03-31,2021-08-02,6900000,7275600000,6417100000.0,3198000000,4077600000,0.533,13.649,-104100000.0,1655100000,1655100000,1126000000.0,277400000.0,1.054,2.393,1892400000,467400000,1425000000,1892400000,86600000,191100000.0,0,0.032,1.41,333600000.0,524700000.0,0.153,524700000.0,333600000.0,278500000.0,2.12,2.11,2.12,2144200000,1965975000.0,2144200000,7254778320,22.0,13.827,270700000.0,1.723,1.0,2294500000.0,0.671,3235800000,55100000.0,1243500000,744125000.0,0,0,0,0,5131400000,3033600000,2097800000,7017478320,515200000.0,-725600000.0,67300000.0,1117400000.0,-187700000.0,1004300000.0,-863400000.0,-33700000.0,374800000.0,-500000.0,277400000.0,277400000.0,277400000.0,0.0,0.0,0.081,1958500000.0,336000000.0,1974700000,0.665,3.273,25.297,21.071,165900000,0.0,44.67,2.052,2.052,1253400000,596900000,3420500000.0,3420500000.0,0.0,0.043,0.141,0.448,0.098,30800000.0,1767400000.0,1.0,157096000,157096000,,21.773,4039800000,292900000,1100000.0,0,25.715,164400000
30,AJG,ART,2013-12-31,2014-02-07,2013-12-31,2021-08-02,-2600000,6860500000,5904475000.0,2875600000,3984900000,0.539,15.582,-93600000.0,1325500000,1325500000,989700000.0,268600000.0,0.875,2.29,1455500000,630500000,825000000,1455500000,84500000,178600000.0,0,0.031,1.4,324600000.0,503200000.0,0.158,503200000.0,324600000.0,274500000.0,2.08,2.06,2.08,2085500000,1846100000.0,2085500000,6195674120,19.0,12.313,256300000.0,1.915,1.0,2189900000.0,0.689,3224000000,50100000.0,481700000,564450000.0,0,0,0,0,4775000000,3284800000,1490200000,6065674120,-4000000.0,-722200000.0,76200000.0,601500000.0,-182600000.0,502600000.0,-851700000.0,-35900000.0,349900000.0,-4800000.0,268600000.0,268600000.0,268600000.0,0.0,0.0,0.084,1863600000.0,326300000.0,2154700000,0.673,2.908,22.583,21.788,160400000,0.0,45.32,1.908,1.908,1288800000,596400000,3179600000.0,3179600000.0,0.0,0.045,0.145,0.575,0.102,26700000.0,1685000000.0,1.0,133841000,133841000,,23.757,3636500000,279800000,5900000.0,0,27.17,-409200000
31,AJG,ART,2013-09-30,2013-10-30,2013-09-30,2021-08-02,-41800000,5970200000,5527425000.0,2546700000,3423500000,0.536,14.689,-84700000.0,1211100000,1211100000,853100000.0,242100000.0,0.988,2.09,1060500000,235500000,825000000,1060500000,69700000,165000000.0,0,0.029,1.39,317700000.0,482700000.0,0.163,482700000.0,317700000.0,270600000.0,1.88,1.88,1.88,1932200000,1739375000.0,1932200000,6097455000,19.0,12.632,357500000.0,2.718,1.0,2109500000.0,0.712,2689500000,47100000.0,552200000,545875000.0,0,0,0,0,4038000000,2577900000,1460100000,6248055000,-18300000.0,-533400000.0,84400000.0,335500000.0,-220700000.0,202300000.0,-658300000.0,-40200000.0,442200000.0,-4500000.0,242100000.0,242100000.0,242100000.0,0.0,0.0,0.082,1787900000.0,321600000.0,1875900000,0.739,3.234,25.808,25.266,148100000,0.0,47.5,2.109,2.109,1075100000,583200000,2962600000.0,2962600000.0,0.0,0.044,0.139,0.582,0.107,19900000.0,1622900000.0,1.0,131538000,131538000,,22.523,3280700000,283600000,28500000.0,0,24.941,-31200000
32,AJG,ART,2013-06-30,2013-07-31,2013-06-30,2021-08-02,-72600000,5562100000,5287200000.0,2602600000,2959500000,0.525,13.328,-60300000.0,1153500000,1153500000,722400000.0,229200000.0,1.11,2.268,925000000,0,925000000,925000000,73600000,156400000.0,0,0.031,1.38,306100000.0,462500000.0,0.167,462500000.0,306100000.0,261400000.0,1.81,1.81,1.81,1702000000,1665375000.0,1702000000,5438737240,18.0,11.759,293500000.0,2.298,1.0,2054800000.0,0.74,2290800000,44700000.0,699100000,517000000.0,0,0,0,0,3860100000,2343700000,1516400000,5667237240,-42100000.0,-374300000.0,83600000.0,202000000.0,-215900000.0,72900000.0,-465200000.0,-30600000.0,353800000.0,-3600000.0,229200000.0,229200000.0,229200000.0,0.0,0.0,0.083,1740700000.0,314100000.0,1947600000,0.762,3.33,24.726,24.519,123000000,0.0,44.38,2.041,2.041,1245200000,554900000,2777200000.0,2777200000.0,0.0,0.043,0.138,0.592,0.11,17000000.0,1584300000.0,1.0,127698000,127698000,,21.748,3271300000,275100000,32200000.0,0,25.617,258900000
33,AJG,ART,2013-03-31,2013-05-01,2013-03-31,2021-08-02,-55000000,5225100000,5180075000.0,2301400000,2923700000,0.511,13.133,-46900000.0,1023100000,1023100000,660700000.0,207400000.0,1.039,2.139,775000000,50000000,725000000,775000000,66400000,150000000.0,0,0.032,1.37,298700000.0,448700000.0,0.169,448700000.0,298700000.0,255100000.0,1.68,1.67,1.68,1664700000,1608100000.0,1664700000,5144015160,17.0,11.464,394900000.0,3.115,1.0,1986900000.0,0.75,2237100000,43600000.0,524800000,436600000.0,0,0,0,0,3560400000,2215100000,1345300000,5392115160,-77800000.0,-339600000.0,81100000.0,8000000.0,-209800000.0,-116000000.0,-403500000.0,-17000000.0,441800000.0,-100000.0,207400000.0,207400000.0,207400000.0,0.0,0.0,0.078,1682900000.0,304000000.0,1728300000,0.815,3.239,25.999,25.321,108500000,0.0,42.54,2.037,2.037,1050600000,506400000,2647600000.0,2647600000.0,0.0,0.04,0.129,0.684,0.113,16200000.0,1532900000.0,1.0,126754000,126754000,,20.888,2988000000,258500000,47700000.0,0,23.573,86300000
34,AJG,ART,2012-12-31,2013-02-08,2012-12-31,2021-08-02,-32800000,5352300000,5024475000.0,2429500000,2922800000,0.502,13.177,-51000000.0,1153700000,1153700000,594800000.0,195000000.0,1.028,2.227,854000000,129000000,725000000,854000000,70600000,140400000.0,0,0.036,1.36,288300000.0,428700000.0,0.17,428700000.0,288300000.0,245300000.0,1.61,1.59,1.61,1658600000,1531075000.0,1658600000,4479583900,16.0,10.449,292000000.0,2.32,1.0,1925500000.0,0.764,2282300000,43000000.0,407400000,443375000.0,0,0,0,0,3693700000,2362900000,1330800000,4779283900,10900000.0,-332700000.0,80800000.0,169000000.0,-204400000.0,45900000.0,-382200000.0,1500000.0,343000000.0,4200000.0,195000000.0,195000000.0,195000000.0,0.0,0.0,0.077,1633800000.0,291700000.0,1819700000,0.845,2.882,24.509,23.584,105400000,0.0,37.97,1.896,1.896,1096100000,510400000,2520300000.0,2520300000.0,0.0,0.039,0.127,0.65,0.114,15800000.0,1493400000.0,1.0,125870000,125870000,,20.023,3070000000,251800000,50300000.0,0,24.39,66600000
35,AJG,ART,2012-09-30,2012-10-31,2012-09-30,2021-08-02,-25800000,5009300000,4807275000.0,2324900000,2684400000,0.505,13.154,-46900000.0,1110700000,1110700000,550500000.0,202000000.0,1.112,2.062,725000000,0,725000000,725000000,67700000,137600000.0,0,0.038,1.35,289800000.0,427400000.0,0.176,427400000.0,289800000.0,247300000.0,1.7,1.68,1.7,1636200000,1427325000.0,1636200000,4022575280,14.0,9.412,233600000.0,1.878,1.0,1875000000.0,0.773,2096600000,42500000.0,436700000,440125000.0,0,0,0,0,3373100000,2090300000,1282800000,4408275280,63800000.0,-153300000.0,79900000.0,50000000.0,-156900000.0,-21800000.0,-199000000.0,1200000.0,280500000.0,4100000.0,202000000.0,202000000.0,202000000.0,0.0,0.0,0.083,1584400000.0,290600000.0,1703600000,0.794,2.694,21.823,20.847,101000000,0.0,35.44,1.817,1.817,1031700000,519700000,2425500000.0,2425500000.0,0.0,0.042,0.142,0.658,0.119,16300000.0,1446800000.0,1.0,124387000,124387000,,19.5,2912700000,240900000,45300000.0,0,23.416,234600000
36,AJG,ART,2012-06-30,2012-08-01,2012-06-30,2021-08-02,-48100000,5133600000,4616750000.0,2631800000,2501800000,0.506,12.175,-49500000.0,1106300000,1106300000,515800000.0,187000000.0,1.078,2.485,723000000,48000000,675000000,723000000,74000000,130500000.0,0,0.037,1.34,284100000.0,414600000.0,0.177,414600000.0,284100000.0,242000000.0,1.61,1.59,1.61,1472900000,1323100000.0,1472900000,3965823150,14.0,9.565,199200000.0,1.647,1.0,1822100000.0,0.779,1930800000,42100000.0,377500000,423425000.0,0,0,0,0,3660700000,2442000000,1218700000,4349123150,18900000.0,-120000000.0,75700000.0,13000000.0,-152800000.0,-60200000.0,-169600000.0,-100000.0,248700000.0,0.0,187000000.0,187000000.0,187000000.0,0.0,0.0,0.08,1545200000.0,276900000.0,2038200000,0.832,2.953,23.257,22.329,100900000,0.0,35.95,1.86,1.86,1367600000,500700000,2337900000.0,2337900000.0,0.0,0.041,0.141,0.671,0.122,16200000.0,1414700000.0,1.0,120977000,120977000,,19.325,3202800000,237700000,55000000.0,0,26.474,189800000
37,AJG,ART,2012-03-31,2012-05-02,2012-03-31,2021-08-02,-36000000,4602700000,4478825000.0,2225000000,2377700000,0.499,11.468,-45100000.0,979600000,979600000,483000000.0,157000000.0,1.088,2.393,767000000,92000000,675000000,767000000,73600000,121500000.0,0,0.036,1.33,258700000.0,380200000.0,0.17,380200000.0,258700000.0,216800000.0,1.39,1.37,1.39,1356600000,1255575000.0,1356600000,4204684660,16.0,11.059,197700000.0,1.671,1.0,1751100000.0,0.784,1794000000,41900000.0,551900000,422400000.0,0,0,0,0,3246100000,2044200000,1201900000,4417284660,-31400000.0,-246300000.0,73400000.0,92000000.0,-149900000.0,17300000.0,-291500000.0,-100000.0,242800000.0,0.0,157000000.0,157000000.0,157000000.0,0.0,0.0,0.07,1496900000.0,254200000.0,1638100000,0.957,3.256,28.136,26.863,95700000,0.0,37.34,1.977,1.977,1080100000,470500000,2234100000.0,2234100000.0,0.0,0.035,0.125,0.612,0.116,21400000.0,1375400000.0,1.0,118299000,118299000,,18.885,2808700000,236500000,59800000.0,0,23.742,180800000
38,AJG,ART,2011-12-31,2012-02-14,2011-12-31,2021-08-02,-47200000,4483500000,4250925000.0,2199400000,2284100000,0.502,10.81,-40000000.0,983700000,983700000,451000000.0,144100000.0,1.061,2.605,685000000,10000000,675000000,685000000,69700000,115200000.0,0,0.038,1.32,248600000.0,363800000.0,0.17,363800000.0,248600000.0,207800000.0,1.29,1.28,1.29,1243600000,1203200000.0,1243600000,3735752800,15.0,10.269,243100000.0,2.113,1.0,1683700000.0,0.789,1716800000,40800000.0,394400000,422450000.0,0,0,0,0,3239900000,2073600000,1166300000,4034452800,41400000.0,-254100000.0,72700000.0,135000000.0,-145800000.0,65600000.0,-307300000.0,-13200000.0,283100000.0,0.0,144100000.0,144100000.0,144100000.0,0.0,0.0,0.068,1441300000.0,242400000.0,1621900000,1.023,3.244,27.998,27.186,91300000,0.0,35.07,1.89,1.89,1027100000,482900000,2134700000.0,2134700000.0,0.0,0.034,0.12,0.588,0.116,21100000.0,1326100000.0,1.0,115040000,115040000,,18.556,2766700000,240200000,63700000.0,0,24.05,125800000
39,AJG,ART,2011-09-30,2011-10-28,2011-09-30,2021-08-02,-12100000,4247200000,4029050000.0,2088700000,2158500000,0.5,10.801,-36500000.0,959800000,959800000,429700000.0,158300000.0,1.075,2.483,675000000,0,675000000,675000000,64300000,105400000.0,0,0.042,1.31,234000000.0,339400000.0,0.168,339400000.0,234000000.0,194900000.0,1.44,1.44,1.44,1219300000,1168975000.0,1219300000,3210057680,14.0,9.458,164900000.0,1.461,1.0,1585700000.0,0.787,1648900000,39100000.0,369900000,411850000.0,0,0,0,0,3027900000,1943600000,1084300000,3494857680,-54900000.0,-264500000.0,63800000.0,125000000.0,-142400000.0,48900000.0,-305200000.0,-4200000.0,201400000.0,0.0,158300000.0,158300000.0,158300000.0,-8700000.0,0.0,0.079,1366100000.0,219600000.0,1600400000,0.91,2.866,22.077,21.5,90500000,0.0,30.96,1.734,1.734,982000000,480400000,2015400000.0,2015400000.0,0.0,0.039,0.135,0.568,0.116,20800000.0,1260700000.0,1.0,112883000,112883000,,17.854,2598300000,214200000,36600000.0,0,23.018,145100000
40,AJG,ART,2011-06-30,2011-08-03,2011-06-30,2021-08-02,3700000,4581900000,3832425000.0,2416000000,2165900000,0.5,10.725,-29500000.0,996100000,996100000,399900000.0,157800000.0,1.056,2.809,710000000,35000000,675000000,710000000,64500000,98800000.0,0,0.046,1.3,231700000.0,330500000.0,0.173,330500000.0,231700000.0,194300000.0,1.47,1.47,1.47,1202800000,1117000000.0,1202800000,2888923120,12.0,8.741,210100000.0,1.873,1.0,1515900000.0,0.791,1635300000,37400000.0,373400000,408550000.0,0,0,0,0,3379100000,2287100000,1092000000,3175023120,33200000.0,-256900000.0,58700000.0,160000000.0,-139200000.0,80500000.0,-286900000.0,-500000.0,239600000.0,0.0,157800000.0,157800000.0,157800000.0,-8700000.0,0.0,0.082,1298200000.0,217700000.0,1927800000,0.884,2.64,20.121,19.259,87700000,0.0,28.31,1.657,1.657,1292900000,471300000,1915800000.0,1915800000.0,0.0,0.041,0.141,0.567,0.121,21000000.0,1199400000.0,1.0,112152000,112152000,,17.082,2946600000,234100000,36500000.0,0,26.273,128900000
41,AJG,ART,2011-03-31,2011-04-29,2011-03-31,2021-08-02,6500000,3691100000,3575900000.0,1749800000,1941300000,0.512,10.403,-27700000.0,913300000,913300000,367400000.0,160100000.0,1.178,2.218,675000000,0,675000000,675000000,65000000,96000000.0,0,0.043,1.29,229900000.0,325900000.0,0.178,325900000.0,229900000.0,194400000.0,1.51,1.52,1.51,1147100000,1057650000.0,1147100000,3045332140,13.0,9.344,193300000.0,1.753,1.0,1461800000.0,0.799,1415400000,35500000.0,552100000,417325000.0,0,0,0,0,2544000000,1485300000,1058700000,3283632140,106100000.0,-93700000.0,50100000.0,90000000.0,-135400000.0,6700000.0,-121600000.0,-200000.0,221000000.0,0.0,160100000.0,160100000.0,160100000.0,-10800000.0,0.0,0.088,1246400000.0,215400000.0,1213400000,0.854,2.863,20.51,19.722,79400000,0.0,29.78,1.795,1.795,718800000,466800000,1829200000.0,1829200000.0,0.0,0.045,0.151,0.551,0.126,15600000.0,1150400000.0,1.0,110263000,110263000,,16.589,2275700000,242500000,34300000.0,0,20.639,264500000
42,AJG,ART,2010-12-31,2011-02-07,2010-12-31,2021-08-02,2200000,3596000000,3461150000.0,1726000000,1870000000,0.539,10.19,-25400000.0,849500000,849500000,418600000.0,174100000.0,1.094,2.249,550000000,0,550000000,550000000,60500000,93100000.0,0,0.042,1.28,248400000.0,341500000.0,0.183,341500000.0,248400000.0,213800000.0,1.66,1.66,1.66,1106700000,1000050000.0,1106700000,2979284950,12.0,8.724,206400000.0,1.9,1.0,1445600000.0,0.775,1367200000,34600000.0,352000000,399325000.0,0,0,0,0,2489300000,1577300000,912000000,3278784950,43900000.0,-78900000.0,35900000.0,0.0,-133500000.0,-96200000.0,-91700000.0,12600000.0,231800000.0,0.0,174100000.0,174100000.0,174100000.0,-10800000.0,0.0,0.093,1210600000.0,235000000.0,1250300000,0.771,2.963,18.833,18.187,75800000,0.0,30.19,1.759,1.759,750100000,488300000,1864200000.0,1864200000.0,0.0,0.05,0.174,0.622,0.133,15600000.0,1117500000.0,1.0,108605000,108605000,,17.165,2228800000,245200000,39700000.0,0,20.522,148700000
43,AJG,ART,2010-09-30,2010-10-29,2010-09-30,2021-08-02,-2600000,3460700000,3374725000.0,1689900000,1770800000,0.545,9.541,-24000000.0,861700000,861700000,405200000.0,136200000.0,1.103,2.422,550000000,0,550000000,550000000,44500000,91400000.0,0,0.045,1.28,240400000.0,331800000.0,0.18,331800000.0,240400000.0,207100000.0,1.3,1.3,1.3,1011400000,946600000.0,1011400000,2673428960,11.0,8.057,204300000.0,1.927,1.0,1435000000.0,0.78,1260000000,33300000.0,356700000,415500000.0,0,0,0,0,2449300000,1532300000,917000000,2985128960,58400000.0,-54100000.0,27200000.0,19000000.0,-132300000.0,-84700000.0,-85200000.0,-7100000.0,228300000.0,0.0,136200000.0,136200000.0,136200000.0,500000.0,0.0,0.074,1195500000.0,239500000.0,1252700000,0.985,2.951,21.917,21.662,75800000,0.0,28.16,1.622,1.622,704900000,468400000,1840200000.0,1840200000.0,0.0,0.04,0.144,0.579,0.131,16700000.0,1099500000.0,1.0,106006000,106006000,,17.359,2200700000,244900000,70900000.0,5700000,20.76,157600000
44,AJG,ART,2010-06-30,2010-07-30,2010-06-30,2021-08-02,-13300000,3555800000,3319825000.0,1823600000,1732200000,0.547,9.177,-23000000.0,796000000,796000000,401100000.0,131600000.0,1.079,2.683,550000000,0,550000000,550000000,43700000,90100000.0,0,0.05,1.28,231300000.0,321400000.0,0.177,321400000.0,231300000.0,199800000.0,1.27,1.27,1.27,965400000,911025000.0,965400000,2428260260,10.0,7.555,200500000.0,1.906,1.0,1415400000.0,0.779,1211400000,31500000.0,408500000,374150000.0,0,0,0,0,2590400000,1689900000,900500000,2674260260,3900000.0,-36800000.0,25900000.0,-43000000.0,-130900000.0,-145300000.0,-74300000.0,-14500000.0,223500000.0,0.0,131600000.0,131600000.0,131600000.0,500000.0,0.0,0.072,1179900000.0,235500000.0,1414400000,1.008,2.77,20.321,20.016,79000000,0.0,25.42,1.472,1.472,916000000,456300000,1816500000.0,1816500000.0,0.0,0.04,0.144,0.618,0.127,16300000.0,1079200000.0,1.0,105203000,105203000,,17.267,2344400000,255400000,68200000.0,0,22.285,133700000
45,AJG,ART,2010-03-31,2010-04-26,2010-03-31,2021-08-02,-9200000,3232100000,3344000000.0,1521900000,1710200000,0.541,8.848,-24200000.0,733100000,733100000,391800000.0,131400000.0,1.071,2.526,585000000,35000000,550000000,585000000,45700000,87100000.0,0,0.048,1.28,237700000.0,324800000.0,0.179,324800000.0,237700000.0,207900000.0,1.29,1.29,1.29,916700000,879625000.0,916700000,2591084000,11.0,7.977,224800000.0,2.17,1.0,1418800000.0,0.784,1183400000,29800000.0,480100000,317950000.0,0,0,0,0,2315400000,1420500000,894900000,2739184000,34600000.0,-23600000.0,16700000.0,-37000000.0,-129900000.0,-151900000.0,-62500000.0,-14700000.0,249000000.0,0.0,131400000.0,131400000.0,131400000.0,2600000.0,0.0,0.073,1172500000.0,246300000.0,1142000000,0.992,2.988,20.846,20.496,79500000,0.0,26.44,1.513,1.513,665500000,446200000,1810600000.0,1810600000.0,0.0,0.039,0.149,0.748,0.131,16100000.0,1072800000.0,1.0,103600000,103600000,,17.477,2048700000,264700000,76500000.0,0,19.775,101400000
46,AJG,ART,2009-12-31,2010-02-05,2009-12-31,2021-08-02,-9000000,3250300000,3313125000.0,1540000000,1710300000,0.522,8.713,-23500000.0,728500000,728500000,324300000.0,128600000.0,1.044,2.64,550000000,0,550000000,550000000,41500000,85600000.0,0,0.055,1.28,235100000.0,320700000.0,0.185,320700000.0,235100000.0,206600000.0,1.28,1.28,1.28,892900000,850000000.0,892900000,2188857300,9.0,6.825,188000000.0,1.834,1.0,1405000000.0,0.812,1180700000,28500000.0,416700000,263825000.0,0,45700000,100000,45600000,2357400000,1474400000,883000000,2367357300,11500000.0,-43700000.0,7300000.0,18000000.0,-127900000.0,-105400000.0,-94600000.0,-27400000.0,211500000.0,0.0,128600000.0,128600000.0,128600000.0,4500000.0,0.0,0.074,1161300000.0,243700000.0,1166500000,1.0,2.651,18.409,18.047,80700000,0.0,23.1,1.369,1.369,693700000,450300000,1729300000.0,1729300000.0,0.0,0.039,0.151,0.891,0.136,16100000.0,1061000000.0,1.0,102483000,102483000,,16.874,2069600000,271100000,78000000.0,0,20.195,65600000
47,AJG,ART,2009-09-30,2009-10-29,2009-09-30,2021-08-02,-27800000,3241100000,3318375000.0,1565600000,1675500000,0.514,8.537,-24600000.0,789500000,789500000,344700000.0,116500000.0,0.96,2.729,531000000,131000000,400000000,531000000,46800000,84800000.0,0,0.056,1.28,218600000.0,303400000.0,0.178,303400000.0,218600000.0,189800000.0,1.17,1.16,1.17,869100000,811400000.0,869100000,2049306000,9.0,6.754,210600000.0,2.069,1.0,1361600000.0,0.798,1160800000,28800000.0,191300000,195075000.0,0,25800000,500000,25300000,2372000000,1630500000,741500000,2307806000,-11700000.0,-109800000.0,7700000.0,13000000.0,-125700000.0,-108000000.0,-138900000.0,-4500000.0,235200000.0,0.0,116500000.0,116500000.0,116500000.0,8900000.0,0.0,0.068,1131500000.0,230100000.0,1208400000,1.094,2.655,19.809,19.376,82600000,0.0,22.67,1.353,1.353,664800000,466300000,1706300000.0,1706300000.0,0.0,0.035,0.144,1.121,0.128,15600000.0,1034600000.0,1.0,101800000,101800000,,16.761,2080300000,272900000,73300000.0,0,20.435,-64900000
48,AJG,ART,2009-06-30,2009-07-30,2009-06-30,2021-08-02,-31500000,3652500000,3307400000.0,1980700000,1671800000,0.512,8.298,-29100000.0,830000000,830000000,363900000.0,112700000.0,0.957,3.349,593000000,193000000,400000000,593000000,54600000,81600000.0,0,0.056,1.28,201300000.0,282900000.0,0.167,282900000.0,201300000.0,172200000.0,1.16,1.15,1.16,839800000,787875000.0,839800000,2080480000,10.0,7.354,190100000.0,1.878,1.0,1331100000.0,0.785,1161200000,29100000.0,183700000,175700000.0,0,17900000,200000,17700000,2812700000,2070600000,742100000,2317480000,-6800000.0,-173100000.0,13700000.0,88000000.0,-123200000.0,-21700000.0,-204300000.0,-2100000.0,219200000.0,0.0,112700000.0,112700000.0,112700000.0,12800000.0,0.0,0.066,1115600000.0,215500000.0,1583400000,1.103,2.76,20.563,19.741,86100000,0.0,22.9,1.367,1.367,1034300000,457500000,1695000000.0,1695000000.0,0.0,0.034,0.143,1.146,0.119,15800000.0,1024400000.0,1.0,101200000,101200000,,16.749,2491300000,277900000,59500000.0,0,24.618,-89900000
49,AJG,ART,2009-03-31,2009-05-01,2009-03-31,2021-08-02,-41200000,3108600000,3271650000.0,1444500000,1664100000,0.511,7.966,-29100000.0,736900000,736900000,371000000.0,109700000.0,0.914,2.895,622000000,222000000,400000000,622000000,56400000,78300000.0,0,0.06,1.28,195900000.0,274200000.0,0.164,274200000.0,195900000.0,166500000.0,1.16,1.15,1.16,798200000,759475000.0,798200000,2028378000,10.0,7.397,160900000.0,1.606,1.0,1299300000.0,0.778,1150000000,29400000.0,263600000,152625000.0,0,17900000,300000,17600000,2310400000,1580100000,730300000,2143278000,7300000.0,-228400000.0,16900000.0,166000000.0,-120800000.0,66200000.0,-248900000.0,8600000.0,190000000.0,0.0,109700000.0,109700000.0,109700000.0,13700000.0,0.0,0.066,1089700000.0,209600000.0,1065000000,1.103,2.685,19.538,18.44,85500000,0.0,21.39,1.283,1.283,574900000,446200000,1670300000.0,1670300000.0,0.0,0.034,0.144,1.284,0.117,16600000.0,1001200000.0,1.0,100200000,100200000,,16.67,1958600000,291700000,56800000.0,0,19.547,-135600000
50,AJG,ART,2008-12-31,2009-02-06,2008-12-31,2021-08-02,-40300000,3271300000,3329725000.0,1702000000,1569300000,0.494,7.659,-32000000.0,745400000,745400000,381200000.0,77300000.0,0.916,3.43,532000000,132000000,400000000,532000000,46200000,87400000.0,0,0.071,1.28,158100000.0,245500000.0,0.149,245500000.0,158100000.0,129500000.0,0.83,0.82,0.83,738500000,734575000.0,738500000,1517446700,10.0,6.181,128600000.0,1.334,1.0,1263800000.0,0.768,1057600000,28600000.0,141700000,122675000.0,0,18100000,200000,17900000,2532800000,1858600000,674200000,1730846700,-61500000.0,-241100000.0,21300000.0,132000000.0,-118500000.0,40000000.0,-262100000.0,11000000.0,160600000.0,0.0,77300000.0,77300000.0,77300000.0,34100000.0,0.0,0.047,1071600000.0,192200000.0,1365300000,1.542,2.344,22.391,21.627,88800000,0.0,17.95,1.052,1.052,826500000,452000000,1645000000.0,1645000000.0,0.0,0.023,0.105,1.289,0.096,18300000.0,988000000.0,1.0,96426000,96426000,,17.06,2213700000,300900000,52200000.0,0,22.958,-156600000
51,AJG,ART,2008-09-30,2008-10-30,2008-09-30,2021-08-02,7000000,3197200000,3401100000.0,1743800000,1453400000,0.471,8.158,-39700000.0,838000000,838000000,352600000.0,96000000.0,0.959,3.125,518000000,118000000,400000000,518000000,45800000,91900000.0,0,0.053,1.27,186200000.0,278100000.0,0.173,278100000.0,186200000.0,158700000.0,1.03,1.02,1.03,775000000,728825000.0,775000000,1955250000,11.0,7.031,184500000.0,1.942,1.0,1250500000.0,0.78,945400000,27500000.0,113800000,115025000.0,0,27700000,5100000,22600000,2422200000,1818000000,604200000,2275250000,-101800000.0,-264000000.0,-45400000.0,118000000.0,-117200000.0,-39500000.0,-286500000.0,17200000.0,224200000.0,0.0,96000000.0,96000000.0,96000000.0,42900000.0,0.0,0.06,1021400000.0,229100000.0,1377500000,1.233,2.936,23.701,23.252,87500000,0.0,23.95,1.419,1.419,784000000,478400000,1603100000.0,1603100000.0,0.0,0.028,0.132,1.619,0.116,17700000.0,944800000.0,1.0,95000000,95000000,,16.875,2251800000,275000000,62700000.0,0,23.703,-74200000
52,AJG,ART,2008-06-30,2008-07-31,2008-06-30,2021-08-02,7900000,3509500000,3494525000.0,2132800000,1376700000,0.458,7.783,-40000000.0,907500000,907500000,342400000.0,110000000.0,0.986,3.833,505000000,105000000,400000000,505000000,53400000,88400000.0,0,0.05,1.26,204600000.0,293000000.0,0.183,293000000.0,204600000.0,178600000.0,1.18,1.16,1.18,726200000,727400000.0,726200000,1970119000,10.0,6.724,158300000.0,1.697,1.0,1256600000.0,0.786,853200000,26000000.0,91400000,123400000.0,0,30800000,5700000,25100000,2783300000,2162400000,620900000,2372619000,22000000.0,-217400000.0,-102900000.0,275400000.0,-116800000.0,59000000.0,-235300000.0,22100000.0,198300000.0,0.0,110000000.0,110000000.0,110000000.0,39000000.0,0.0,0.069,1013000000.0,243600000.0,1756800000,1.068,3.267,21.569,21.551,87500000,0.0,25.43,1.484,1.484,1104700000,470900000,1599000000.0,1599000000.0,0.0,0.031,0.151,1.658,0.128,18600000.0,933300000.0,1.0,93300000,93300000,,17.138,2656300000,282200000,68600000.0,5500000,28.471,-29600000
53,AJG,ART,2008-03-31,2008-04-29,2008-03-31,2021-08-02,7600000,3340900000,3542575000.0,2020800000,1320100000,0.455,7.528,-39000000.0,834400000,834400000,347300000.0,113000000.0,0.999,3.782,456000000,56000000,400000000,456000000,51700000,85300000.0,0,0.05,1.25,189300000.0,274600000.0,0.17,274600000.0,189300000.0,167400000.0,1.19,1.16,1.19,698600000,741550000.0,698600000,1931392000,10.0,7.033,191100000.0,2.059,1.0,1263600000.0,0.784,796300000,21900000.0,143800000,21550000.0,0,34600000,8800000,25800000,2642300000,2022400000,619900000,2309792000,26400000.0,-172600000.0,-224700000.0,335700000.0,-117800000.0,-3700000.0,-200000000.0,11600000.0,230100000.0,0.0,113000000.0,113000000.0,113000000.0,38100000.0,0.0,0.07,1036200000.0,227400000.0,1684300000,1.05,3.306,20.441,20.916,86700000,0.0,24.89,1.434,1.434,1063000000,460100000,1610900000.0,1610900000.0,0.0,0.032,0.152,8.784,0.118,19000000.0,925200000.0,1.0,92800000,92800000,,17.359,2544600000,289200000,54400000.0,0,27.42,-1600000
54,AJG,ART,2007-12-31,2008-02-04,2007-12-31,2021-08-02,7400000,3556800000,3555275000.0,2275800000,1281000000,0.457,7.773,-40700000.0,857300000,857300000,342000000.0,138800000.0,1.02,3.971,400000000,0,400000000,400000000,44100000,71600000.0,0,0.049,1.24,200300000.0,271900000.0,0.167,271900000.0,200300000.0,184300000.0,1.45,1.43,1.45,715500000,783875000.0,715500000,1890869990,9.0,6.954,211600000.0,2.299,1.0,1281300000.0,0.789,756200000,16000000.0,111100000,-63950000.0,0,33800000,7500000,26300000,2841300000,2232200000,609100000,2348169990,47900000.0,-214300000.0,-239600000.0,396500000.0,-118800000.0,41500000.0,-245900000.0,9100000.0,252300000.0,0.0,138800000.0,138800000.0,138800000.0,15800000.0,0.0,0.086,1065200000.0,216100000.0,1874000000,0.855,3.282,16.918,17.593,87900000,0.0,25.51,1.447,1.447,1303700000,495900000,1623300000.0,1623300000.0,0.0,0.039,0.177,-3.132,0.123,19000000.0,911600000.0,1.0,92049000,92049000,,17.635,2800600000,292600000,45500000.0,0,30.425,43600000
55,AJG,ART,2007-09-30,2007-10-25,2007-09-30,2021-08-02,9500000,3570900000,3521100000.0,2370100000,1200800000,0.474,8.193,-31500000.0,972000000,972000000,353800000.0,140000000.0,1.087,3.642,403500000,3500000,400000000,403500000,34400000,61200000.0,0,0.048,1.23,171300000.0,232500000.0,0.139,232500000.0,171300000.0,159700000.0,1.45,1.43,1.45,769300000,821025000.0,769300000,1837218000,11.0,7.902,148200000.0,1.578,1.0,1314000000.0,0.788,674700000,11600000.0,147300000,-159975000.0,0,59900000,32500000,27400000,2801600000,2180400000,621200000,2405718000,120300000.0,-133800000.0,-190900000.0,395800000.0,-119100000.0,89700000.0,-149100000.0,10200000.0,179700000.0,0.0,140000000.0,140000000.0,140000000.0,0.0,0.0,0.084,1142700000.0,171300000.0,1826200000,0.848,3.127,17.184,17.669,80000000,0.0,25.62,1.442,1.442,1247800000,501000000,1667800000.0,1667800000.0,0.0,0.04,0.171,-1.071,0.103,20200000.0,936200000.0,1.0,93900000,93900000,,17.761,2896200000,308400000,19700000.0,0,30.843,189700000
56,AJG,ART,2007-06-30,2007-07-26,2007-06-30,2021-08-02,7500000,3701700000,3482150000.0,2545100000,1156600000,0.478,8.214,-31100000.0,903700000,903700000,345000000.0,138400000.0,0.943,3.729,233000000,233000000,0,233000000,39600000,61200000.0,0,0.044,1.22,163200000.0,224400000.0,0.135,224400000.0,163200000.0,155100000.0,1.42,1.4,1.42,782800000,840150000.0,782800000,1966251000,12.0,8.762,172500000.0,1.81,1.0,1319900000.0,0.793,647600000,8100000.0,-316000000,-235325000.0,0,69200000,41800000,27400000,2918900000,2699400000,219500000,2636951000,-11500000.0,-130400000.0,-138200000.0,189600000.0,-118800000.0,-63800000.0,-151300000.0,10400000.0,203600000.0,0.0,138400000.0,138400000.0,138400000.0,0.0,0.0,0.083,1156700000.0,163200000.0,2165700000,0.859,3.369,19.053,19.486,78100000,0.0,27.67,1.584,1.584,1493000000,478400000,1664900000.0,1664900000.0,0.0,0.04,0.165,-0.694,0.098,20600000.0,917800000.0,1.0,95300000,95300000,,17.47,3054100000,294600000,16700000.0,0,32.047,-154300000
57,AJG,ART,2007-03-31,2007-04-26,2007-03-31,2021-08-02,5200000,3391700000,3466300000.0,2268900000,1122800000,0.46,8.776,-33500000.0,774800000,774800000,331400000.0,131200000.0,0.981,2.908,123800000,123800000,0,123800000,32600000,59000000.0,0,0.044,1.21,152600000.0,211600000.0,0.133,211600000.0,152600000.0,145600000.0,1.35,1.33,1.35,867900000,844750000.0,867900000,2097431000,14.0,9.912,124100000.0,1.255,1.0,1263300000.0,0.792,626400000,7000000.0,-198200000,-183150000.0,0,99900000,70400000,29500000,2523800000,2312500000,211300000,2748431000,-25200000.0,-137400000.0,-25800000.0,114500000.0,-117100000.0,-22000000.0,-160800000.0,10100000.0,157600000.0,0.0,131200000.0,131200000.0,131200000.0,0.0,0.0,0.082,1110700000.0,152600000.0,1877800000,0.896,3.167,20.948,20.585,79200000,0.0,27.79,1.723,1.723,1306500000,464100000,1594700000.0,1594700000.0,0.0,0.038,0.155,-0.833,0.096,22600000.0,899000000.0,1.0,98900000,98900000,,16.124,2765300000,290000000,14400000.0,0,27.961,-43600000
58,AJG,ART,2006-12-31,2007-02-05,2006-12-31,2021-08-02,5000000,3420100000,3402150000.0,2376200000,1043900000,0.451,8.786,-33000000.0,796900000,796900000,322400000.0,128500000.0,0.99,2.958,34800000,8900000,25900000,34800000,39700000,56400000.0,0,0.042,1.2,161600000.0,218000000.0,0.142,218000000.0,161600000.0,153100000.0,1.32,1.31,1.32,864100000,822500000.0,864100000,2076396440,13.0,9.525,71700000.0,0.729,1.0,1211600000.0,0.79,529700000,8500000.0,-273000000,-133725000.0,0,81700000,49200000,32500000,2556000000,2401300000,154700000,2838496440,-109800000.0,-72900000.0,-9200000.0,-2900000.0,-114400000.0,-118600000.0,-95900000.0,10000000.0,104700000.0,0.0,128500000.0,128500000.0,128500000.0,0.0,0.0,0.084,1050000000.0,161600000.0,1958800000,0.909,3.285,22.089,21.864,103100000,0.0,28.86,1.85,1.85,1422300000,475000000,1534000000.0,1534000000.0,0.0,0.038,0.156,-1.208,0.105,24600000.0,880900000.0,1.0,98354000,98354000,,15.597,2890400000,286800000,24600000.0,51000000,29.388,-25100000
59,AJG,ART,2006-09-30,2006-10-26,2006-09-30,2021-08-02,-6000000,3415100000,3394500000.0,2337900000,1077200000,0.441,8.622,-35900000.0,869000000,869000000,334000000.0,106400000.0,1.003,3.038,110800000,8100000,102700000,110800000,36400000,52800000.0,0,0.043,1.18,140800000.0,193600000.0,0.129,193600000.0,140800000.0,131400000.0,1.11,1.07,1.11,845800000,798750000.0,845800000,1956227000,14.0,10.104,70900000.0,0.723,1.0,1161400000.0,0.777,481100000,9400000.0,-154100000,-100025000.0,0,94300000,36900000,57400000,2569300000,2329900000,239400000,2714427000,-82800000.0,-54700000.0,13600000.0,-4600000.0,-111700000.0,-95300000.0,-94300000.0,0.0,106800000.0,0.0,106400000.0,106400000.0,106400000.0,5000000.0,0.0,0.071,1015600000.0,145800000.0,1952100000,1.063,3.209,25.512,24.928,189100000,0.0,27.67,1.815,1.815,1303100000,479900000,1495400000.0,1495400000.0,0.0,0.031,0.133,-1.408,0.094,25000000.0,850500000.0,1.0,98100000,98100000,,15.244,2934000000,263900000,25000000.0,38900000,29.908,8000000
60,AJG,ART,2006-06-30,2006-07-28,2006-06-30,2021-08-02,-6000000,3638300000,3387175000.0,2599800000,1038500000,0.432,8.243,-30600000.0,831500000,831500000,328800000.0,106700000.0,0.999,3.541,146500000,42200000,104300000,146500000,34700000,51200000.0,0,0.042,1.16,146400000.0,197600000.0,0.135,197600000.0,146400000.0,136200000.0,1.12,1.08,1.12,801200000,783425000.0,801200000,1973420000,13.0,9.987,78400000.0,0.807,1.0,1135300000.0,0.775,457400000,10200000.0,-107300000,-110125000.0,0,90100000,28100000,62000000,2837100000,2603200000,233900000,2658420000,-20700000.0,-42400000.0,14400000.0,29500000.0,-109000000.0,-58400000.0,-71300000.0,0.0,109000000.0,0.0,106700000.0,106700000.0,106700000.0,5000000.0,0.0,0.073,983900000.0,151400000.0,2239600000,1.036,3.318,24.915,24.42,189400000,0.0,27.35,1.816,1.816,1618200000,459100000,1464100000.0,1464100000.0,0.0,0.032,0.136,-1.329,0.1,24000000.0,832400000.0,1.0,97200000,97200000,,15.063,3180900000,246600000,29500000.0,24500000,32.725,-3400000
61,AJG,ART,2006-03-31,2006-04-25,2006-03-31,2021-08-02,-6400000,3135100000,3338700000.0,2130100000,1005000000,0.439,8.055,-27500000.0,697600000,697600000,326400000.0,121900000.0,1.005,3.025,112300000,6300000,106000000,112300000,33100000,52300000.0,0,0.043,1.14,164600000.0,216900000.0,0.148,216900000.0,164600000.0,153500000.0,1.29,1.25,1.29,778900000,768850000.0,778900000,1989821000,12.0,9.174,53300000.0,0.551,1.0,1138200000.0,0.777,430900000,11100000.0,-500000,-109275000.0,0,96900000,30700000,66200000,2356200000,2119400000,236800000,2575121000,-28300000.0,200000.0,25000000.0,-5000000.0,-106100000.0,-83200000.0,-25900000.0,0.0,80800000.0,0.0,121900000.0,121900000.0,121900000.0,-2600000.0,0.0,0.083,976200000.0,162000000.0,1804500000,0.884,3.306,21.125,20.643,187100000,0.0,26.63,1.758,1.758,1282600000,451700000,1464600000.0,1464600000.0,0.0,0.037,0.159,-1.506,0.112,23700000.0,802200000.0,1.0,96700000,96700000,,15.146,2704200000,235300000,31600000.0,21100000,27.965,10700000
62,AJG,ART,2005-12-31,2006-02-08,2005-12-31,2021-08-02,-6600000,3389500000,3361850000.0,2401800000,987700000,0.441,8.035,-22800000.0,836100000,836100000,322300000.0,30800000.0,1.006,3.407,112900000,5300000,107600000,112900000,35700000,53400000.0,0,0.039,1.12,11000000.0,64400000.0,0.043,64400000.0,11000000.0,-600000.0,0.33,0.32,0.33,769100000,744800000.0,769100000,2002033810,182.0,31.087,166000000.0,1.734,1.0,1161600000.0,0.783,418200000,11600000.0,-138200000,-100175000.0,0,111800000,43200000,68600000,2620400000,2386300000,234100000,2725233810,93200000.0,4700000.0,25900000.0,-4600000.0,-102300000.0,-81000000.0,-14600000.0,0.0,188800000.0,0.0,30800000.0,30800000.0,30800000.0,-2200000.0,0.0,0.021,1152800000.0,8800000.0,1917400000,3.394,3.543,88.482,86.273,185100000,0.0,28.47,1.837,1.837,1396800000,463700000,1483900000.0,1483900000.0,0.0,0.009,0.041,-0.11,0.007,26600000.0,789900000.0,1.0,95723000,95723000,,15.502,2971300000,236100000,-31400000.0,24600000,31.041,15500000
63,AJG,ART,2005-09-30,2005-10-27,2005-09-30,2021-08-02,-100000,3385800000,3323950000.0,2419800000,966000000,0.45,8.241,-21200000.0,897800000,897800000,291600000.0,77400000.0,1.012,3.316,115400000,34700000,80700000,115400000,41100000,54800000.0,0,0.038,1.09,77700000.0,132500000.0,0.089,132500000.0,77700000.0,66600000.0,0.81,0.77,0.81,784500000,742775000.0,784500000,1978400000,25.0,14.931,177000000.0,1.859,1.0,1205200000.0,0.805,407300000,11100000.0,-194500000,-35750000.0,0,121300000,31400000,89900000,2601300000,2390600000,210700000,2760800000,16600000.0,-62300000.0,4600000.0,-4000000.0,-98700000.0,-98100000.0,-83500000.0,0.0,198200000.0,0.0,77400000.0,77400000.0,77400000.0,-7400000.0,0.0,0.052,1134900000.0,70300000.0,1948400000,1.346,3.519,35.669,35.802,183600000,0.0,29.0,1.844,1.844,1328600000,488100000,1496800000.0,1496800000.0,0.0,0.023,0.104,-2.173,0.052,26800000.0,785500000.0,1.0,95200000,95200000,,15.723,2978500000,209400000,-10800000.0,37700000,31.287,29200000
64,AJG,ART,2005-06-30,2005-07-28,2005-06-30,2021-08-02,-200000,3444400000,3248750000.0,2475900000,968500000,0.456,7.853,-28600000.0,773200000,773200000,285800000.0,81300000.0,0.994,3.636,117000000,35300000,81700000,117000000,49200000,54600000.0,0,0.038,1.06,79800000.0,134400000.0,0.091,134400000.0,79800000.0,69000000.0,0.87,0.82,0.87,742900000,732375000.0,742900000,1961382000,25.0,14.594,161600000.0,1.708,1.0,1194100000.0,0.807,400300000,10800000.0,-103900000,36300000.0,0,136600000,28000000,108600000,2701500000,2491800000,209700000,2617582000,-15200000.0,-69500000.0,-12300000.0,-1300000.0,-95200000.0,-108800000.0,-96600000.0,0.0,190200000.0,0.0,81300000.0,81300000.0,81300000.0,-7400000.0,0.0,0.055,1121700000.0,72400000.0,2065200000,1.218,3.523,32.197,31.805,188100000,0.0,27.67,1.769,1.769,1514200000,464200000,1479900000.0,1479900000.0,0.0,0.025,0.111,2.198,0.054,29300000.0,767300000.0,1.0,94600000,94600000,,15.644,3044100000,199700000,-12300000.0,22800000,32.179,-15900000
65,AJG,ART,2005-03-31,2005-05-02,2005-03-31,2021-08-02,0,3227700000,3192200000.0,2217000000,1010700000,0.466,7.325,-28300000.0,718400000,718400000,280000000.0,75600000.0,0.972,3.728,181200000,42900000,138300000,181200000,39300000,55500000.0,0,0.037,1.03,71800000.0,127300000.0,0.086,127300000.0,71800000.0,61600000.0,0.83,0.77,0.83,682700000,720850000.0,682700000,2063080000,29.0,16.206,199300000.0,2.138,1.0,1207700000.0,0.812,372900000,10200000.0,35900000,91700000.0,0,157200000,27800000,129400000,2545000000,2281700000,263300000,2600280000,800000.0,-101300000.0,-8900000.0,900000.0,-91700000.0,-99700000.0,-127100000.0,0.0,227600000.0,0.0,75600000.0,75600000.0,75600000.0,200000.0,0.0,0.051,1135700000.0,72000000.0,1827400000,1.241,3.809,34.395,33.614,252200000,0.0,27.9,1.748,1.748,1305400000,438800000,1487700000.0,1487700000.0,0.0,0.024,0.105,0.783,0.048,33300000.0,757900000.0,1.0,93200000,93200000,,15.962,2854800000,191800000,-14000000.0,0,30.631,-64700000
66,AJG,ART,2004-12-31,2005-01-28,2004-12-31,2021-08-02,0,3237900000,3103525000.0,2227800000,1010100000,0.477,8.261,-29000000.0,713500000,713500000,277500000.0,188500000.0,1.007,3.255,181400000,41400000,140000000,181400000,35000000,53300000.0,0,0.034,1.0,245000000.0,298300000.0,0.202,298300000.0,245000000.0,235500000.0,2.06,1.99,2.06,761000000,712175000.0,761000000,2176375000,9.0,7.296,248200000.0,2.694,1.0,1202800000.0,0.813,374200000,9500000.0,119500000,108775000.0,0,158400000,26000000,132400000,2476900000,2212100000,264800000,2708475000,31000000.0,-112800000.0,-25600000.0,3300000.0,-84900000.0,-107200000.0,-139000000.0,0.0,277200000.0,0.0,188500000.0,188500000.0,188500000.0,0.0,0.0,0.127,957800000.0,245000000.0,1838900000,0.485,3.559,14.369,14.272,259000000,0.0,29.4,1.83,1.83,1355500000,539000000,1480300000.0,1480300000.0,0.0,0.061,0.265,2.252,0.166,33200000.0,735400000.0,1.0,92125000,92125000,,16.068,2863700000,184800000,47000000.0,24800000,31.085,15700000
67,AJG,ART,2004-09-30,2004-10-28,2004-09-30,2021-08-02,0,3085000000,3019450000.0,2181800000,903200000,0.483,8.04,-29600000.0,785600000,785600000,277400000.0,188600000.0,1.041,3.153,183100000,41400000,141700000,183100000,37700000,51300000.0,0,0.033,0.93,247800000.0,299100000.0,0.205,299100000.0,247800000.0,239000000.0,2.08,2.0,2.08,742900000,676700000.0,742900000,2006876000,8.0,6.71,290000000.0,3.139,1.0,1181500000.0,0.81,293900000,8800000.0,93700000,113700000.0,0,156500000,25900000,130600000,2342100000,2094900000,247200000,2609376000,119100000.0,-72900000.0,-35500000.0,6900000.0,-78000000.0,-106600000.0,-93900000.0,0.0,319600000.0,0.0,188600000.0,188600000.0,188600000.0,0.0,0.0,0.129,933700000.0,247800000.0,1753200000,0.447,3.512,13.836,13.577,259100000,0.0,28.24,1.789,1.789,1246400000,513100000,1458900000.0,1458900000.0,0.0,0.062,0.279,2.179,0.17,34800000.0,709500000.0,1.0,92400000,92400000,,15.789,2791100000,164400000,50400000.0,19300000,30.207,86900000
68,AJG,ART,2004-06-30,2004-07-28,2004-06-30,2021-08-02,0,3218200000,2921975000.0,2343400000,874800000,0.49,7.584,-24300000.0,736800000,736800000,271800000.0,183100000.0,1.029,3.619,182100000,38700000,143400000,182100000,36600000,49100000.0,0,0.028,0.86,243600000.0,292700000.0,0.205,292700000.0,243600000.0,235400000.0,2.03,1.95,2.03,696800000,638625000.0,696800000,2292537240,9.0,7.832,289600000.0,3.152,1.0,1159100000.0,0.81,269300000,8200000.0,117700000,138200000.0,0,155500000,27500000,128000000,2521400000,2276500000,244900000,2847237240,109300000.0,-65200000.0,-47900000.0,-4300000.0,-71300000.0,-123500000.0,-81100000.0,0.0,313900000.0,0.0,183100000.0,183100000.0,183100000.0,0.0,0.0,0.128,915500000.0,243600000.0,1930300000,0.424,4.086,15.55,15.266,272800000,0.0,30.99,1.99,1.99,1439400000,481800000,1430900000.0,1430900000.0,0.0,0.063,0.287,1.763,0.17,34900000.0,692600000.0,1.0,91876000,91876000,,15.574,2948900000,151100000,52300000.0,21900000,32.097,66900000
69,AJG,ART,2004-03-31,2004-04-30,2004-03-31,2021-08-02,0,2873000000,2778500000.0,2049300000,823700000,0.486,7.137,-20800000.0,666100000,666100000,267000000.0,173200000.0,1.022,3.434,155200000,33900000,121300000,155200000,30700000,43500000.0,0,0.025,0.79,233900000.0,277400000.0,0.205,277400000.0,233900000.0,226100000.0,1.92,1.85,1.92,648000000,607550000.0,648000000,2415326160,10.0,8.707,213400000.0,2.35,1.0,1084000000.0,0.802,253400000,7800000.0,104200000,192325000.0,0,142200000,26100000,116100000,2225000000,2004500000,220500000,2926226160,46400000.0,-48600000.0,-62000000.0,2100000.0,-64800000.0,-124700000.0,-63100000.0,0.0,234200000.0,0.0,173200000.0,173200000.0,173200000.0,0.0,0.0,0.128,850100000.0,233900000.0,1694400000,0.411,4.516,16.895,16.786,263100000,0.0,32.23,2.166,2.166,1225900000,458600000,1351000000.0,1351000000.0,0.0,0.062,0.285,1.216,0.173,30300000.0,674500000.0,1.0,90792000,90792000,,14.88,2619600000,141400000,52900000.0,19500000,28.853,44800000
70,AJG,ART,2003-12-31,2004-02-09,2003-12-31,2021-08-02,0,2901600000,2683350000.0,2107900000,793700000,0.471,6.879,-25300000.0,631200000,631200000,262800000.0,146200000.0,1.023,3.687,153000000,30900000,122100000,153000000,27300000,41000000.0,0,0.022,0.72,201300000.0,242300000.0,0.192,242300000.0,201300000.0,193300000.0,1.63,1.57,1.63,619100000,581750000.0,619100000,2433202950,12.0,10.042,203700000.0,2.263,1.0,1001000000.0,0.792,222900000,8000000.0,139200000,245525000.0,0,152900000,31900000,121000000,2282500000,2061300000,221200000,2911402950,41000000.0,-24500000.0,-57100000.0,-23200000.0,-61900000.0,-142200000.0,-45800000.0,0.0,229000000.0,0.0,146200000.0,146200000.0,146200000.0,0.0,0.0,0.116,799700000.0,201300000.0,1743500000,0.442,4.703,19.914,19.847,266200000,0.0,32.35,2.304,2.304,1286400000,442300000,1263800000.0,1263800000.0,0.0,0.054,0.251,0.82,0.159,23500000.0,660800000.0,1.0,89997000,89997000,,14.043,2678700000,137800000,47100000.0,24300000,29.764,46600000
71,AJG,ART,2003-09-30,2003-10-23,2003-09-30,2021-08-02,0,2695100000,2573843500.0,1975600000,719500000,0.468,6.557,-30886000.0,578700000,578700000,190600000.0,135293000.0,1.036,3.563,151100000,25200000,125900000,151100000,29600000,37886000.0,0,0.025,0.69,187205000.0,225091000.0,0.187,225091000.0,187205000.0,183205000.0,1.51,1.45,1.51,590600000,559013750.0,590600000,2055652673,11.0,9.133,170082000.0,1.888,1.0,1014482000.0,0.842,168000000,4000000.0,191700000,297270000.0,0,217700000,82300000,135400000,2104500000,1907800000,196700000,2483252673,49492000.0,1666000.0,-31220000.0,-30612000.0,-58896000.0,-120728000.0,-30748000.0,0.0,200968000.0,0.0,135293000.0,135293000.0,135293000.0,0.0,0.0,0.112,827277000.0,187205000.0,1641300000,0.457,4.205,18.355,18.258,265700000,0.0,27.57,2.061,2.061,1202200000,409300000,1205082000.0,1205082000.0,0.0,0.053,0.242,0.63,0.155,16969000.0,642705000.0,1.0,90070826,90070826,,13.379,2527100000,110800000,47912000.0,300000,28.057,67800000
72,AJG,ART,2003-06-30,2003-07-24,2003-06-30,2021-08-02,0,2644300000,2487711000.0,1952000000,692300000,0.454,6.32,-36093000.0,434000000,434000000,126300000.0,109703000.0,1.037,3.619,161300000,34600000,126700000,161300000,27600000,36001000.0,0,0.025,0.66,154105000.0,190106000.0,0.168,190106000.0,154105000.0,152105000.0,1.23,1.18,1.23,572500000,533316750.0,572500000,2159412308,14.0,11.359,158812000.0,1.753,1.0,1001969000.0,0.888,155500000,2000000.0,334200000,327372750.0,0,240100000,92400000,147700000,2071800000,1881900000,189900000,2432112308,38347000.0,777000.0,-16214000.0,-51363000.0,-55846000.0,-123423000.0,-33135000.0,-3142000.0,194905000.0,0.0,109703000.0,109703000.0,109703000.0,0.0,0.0,0.097,847864000.0,154105000.0,1647600000,0.537,4.248,22.17,21.829,248600000,0.0,26.85,2.156,2.156,1318100000,376600000,1128269000.0,1128269000.0,0.0,0.044,0.206,0.471,0.137,10971000.0,623442000.0,1.0,90581464,90581464,,12.456,2488800000,102300000,42402000.0,500000,27.476,70100000
73,AJG,ART,2003-03-31,2003-05-15,2003-03-31,2021-08-02,0,2492400000,2438768250.0,1804500000,687900000,0.454,6.049,-44087000.0,415700000,415700000,62800000.0,107964000.0,1.026,3.575,153000000,25500000,127500000,153000000,23000000,34990000.0,0,0.024,0.63,152337000.0,187327000.0,0.169,187327000.0,152337000.0,152337000.0,1.22,1.16,1.22,544800000,510883750.0,544800000,2068212040,14.0,11.041,152573000.0,1.694,1.0,1043560000.0,0.943,153400000,0.0,317000000,351174750.0,0,238900000,96700000,142200000,1947600000,1759300000,188300000,2330912040,61839000.0,998000.0,-2381000.0,-41906000.0,-52595000.0,-96882000.0,-37939000.0,-3417000.0,196660000.0,0.0,107964000.0,107964000.0,107964000.0,0.0,0.0,0.098,891223000.0,152337000.0,1543400000,0.516,4.278,21.59,21.213,253800000,0.0,25.88,2.107,2.107,1213600000,356700000,1106360000.0,1106360000.0,0.0,0.044,0.211,0.434,0.138,16876000.0,607175000.0,1.0,90066153,90066153,,12.284,2339000000,102300000,44373000.0,2100000,25.97,45200000
74,AJG,ART,2002-12-31,2003-03-25,2002-12-31,2021-08-02,0,2463574000,2358821250.0,1773610000,689964000,0.467,5.947,-45430000.0,408859000,408859000,0.0,129739000.0,1.014,3.664,176131000,47782000,128349000,176131000,19427000,32430000.0,0,0.024,0.6,185342000.0,217772000.0,0.198,217772000.0,185342000.0,185342000.0,1.49,1.41,1.49,528155000,475827250.0,528155000,2009699250,11.0,9.228,104253000.0,1.174,1.0,1101222000.0,1.0,135062000,0.0,346180000,341522500.0,0,238969000,70556000,168413000,1935419000,1749604000,185815000,2242427250,54006000.0,-2943000.0,3884000.0,-475000.0,-50359000.0,-46950000.0,-48727000.0,-2251000.0,149683000.0,0.0,129739000.0,129739000.0,129739000.0,0.0,0.0,0.118,915880000.0,185342000.0,1595764000,0.403,4.246,17.284,16.946,250995000,0.0,25.25,2.036,2.036,1183737000,360958000,1101222000.0,1101222000.0,0.0,0.055,0.273,0.543,0.168,18683000.0,576497000.0,1.0,88809000,88809000,,12.4,2328512000,102361000,55603000.0,11036000,26.219,24006000
75,AJG,ART,2002-09-30,2002-11-14,2002-09-30,2021-08-02,0,2350570000,2110883500.0,1690678000,659892000,0.497,5.545,-41206000.0,421909000,421909000,0.0,124519000.0,1.001,3.819,181743000,52590000,129153000,181743000,21414000,30109000.0,0,0.022,0.58,167626000.0,197735000.0,0.189,197735000.0,167626000.0,167626000.0,1.43,1.35,1.43,487812000,436691750.0,487812000,2095484547,13.0,10.597,89932000.0,1.022,1.0,1048396000.0,1.0,109053000,0.0,312111000,263248500.0,0,238854000,63739000,175115000,1862758000,1689240000,173518000,2335650547,3210000.0,-19702000.0,-29219000.0,35137000.0,-48201000.0,-42283000.0,-85645000.0,-2214000.0,131138000.0,0.0,124519000.0,124519000.0,124519000.0,0.0,0.0,0.119,880770000.0,167626000.0,1567521000,0.406,4.788,18.757,18.566,244833000,0.0,26.55,2.228,2.228,1098386000,335947000,1048396000.0,1048396000.0,0.0,0.059,0.285,0.637,0.16,23960000.0,560391000.0,1.0,87971772,87971772,,11.917,2241517000,97514000,43107000.0,651000,25.48,1438000
76,AJG,ART,2002-06-30,2002-08-14,2002-06-30,2021-08-02,-3407000,2448529000,1814718500.0,1745886000,702643000,0.558,5.465,-36729000.0,337538000,337538000,0.0,143112000.0,0.977,4.072,212694000,77237000,135457000,212694000,19633000,25976000.0,0,0.019,0.56,176345000.0,202321000.0,0.2,202321000.0,176345000.0,176345000.0,1.66,1.57,1.66,482768000,400529750.0,482768000,2454489586,14.0,12.132,80781000.0,0.915,1.0,1013506000.0,1.0,107042000,0.0,429408000,193493500.0,0,68700000,53622000,15078000,1965761000,1787235000,178526000,2579333586,7339000.0,-16413000.0,-45295000.0,62588000.0,-45894000.0,-29148000.0,-81023000.0,3713000.0,117510000.0,0.0,143112000.0,143112000.0,143112000.0,0.0,0.0,0.141,837161000.0,176345000.0,1648745000,0.337,5.343,18.023,17.59,241225000,0.0,29.2,2.545,2.545,1255450000,325833000,1013506000.0,1013506000.0,0.0,0.079,0.357,0.911,0.174,34214000.0,527597000.0,1.0,88333342,88333342,,11.474,2341487000,99785000,33233000.0,900000,26.507,-41349000
77,AJG,ART,2002-03-31,2002-05-14,2002-03-31,2021-08-02,-2780000,2172612000,1506396000.0,1576991000,595621000,0.628,4.7,-31038000.0,350026000,350026000,0.0,131707000.0,0.969,4.37,156733000,57050000,99683000,156733000,17419000,22455000.0,0,0.015,0.54,156411000.0,178866000.0,0.189,178866000.0,156411000.0,156411000.0,1.54,1.46,1.54,404574000,363285500.0,404574000,2893811958,19.0,16.179,95631000.0,1.111,1.0,945507000.0,1.0,72845000,0.0,278391000,100903250.0,0,70025000,53446000,16579000,1768038000,1628083000,139955000,3087104958,-18905000.0,-19034000.0,-64425000.0,53331000.0,-43534000.0,-63158000.0,-82416000.0,10335000.0,126669000.0,0.0,131707000.0,131707000.0,131707000.0,0.0,0.0,0.139,789096000.0,156411000.0,1466253000,0.351,7.631,23.439,23.286,189008000,0.0,35.86,3.265,3.265,1088795000,304623000,945507000.0,945507000.0,0.0,0.087,0.363,1.55,0.165,24242000.0,491707000.0,1.0,86087701,86087701,,10.983,2099767000,99367000,24704000.0,17430000,24.391,-51092000
78,AJG,ART,2001-12-31,2002-03-22,2001-12-31,2021-08-02,-2624000,1471823000,1219841750.0,1024266000,447557000,0.746,4.342,-24319000.0,306843000,306843000,0.0,125256000.0,0.96,2.961,0,0,0,0,16527000,20042000.0,0,0.016,0.52,141853000.0,161895000.0,0.178,161895000.0,141853000.0,141853000.0,1.48,1.39,1.48,371613000,342913750.0,371613000,2505217220,18.0,15.474,105990000.0,1.239,1.0,910043000.0,1.0,65341000,0.0,33084000,50670000.0,0,70878000,52588000,18290000,1100210000,1066555000,33655000,2812060220,-44497000.0,-15193000.0,-76868000.0,35000000.0,-41618000.0,-96983000.0,-77823000.0,9492000.0,130309000.0,0.0,125256000.0,125256000.0,125256000.0,0.0,0.0,0.138,768190000.0,141853000.0,915448000,0.351,7.567,22.451,22.203,51246000,0.0,32.86,3.09,3.09,555276000,283796000,910043000.0,910043000.0,0.0,0.103,0.365,2.8,0.156,24806000.0,477279000.0,1.0,85577000,85577000,,10.634,1406482000,99263000,16597000.0,33226000,16.435,-42289000
79,AJG,ART,2001-09-30,2001-11-13,2001-09-30,2021-08-02,-2804000,1165910000,1117460500.0,849202000,316708000,0.765,4.052,-18398000.0,314154000,314154000,0.0,113822000.0,1.067,2.398,0,0,0,0,18074000,17900000.0,0,0.015,0.505,132241000.0,150141000.0,0.176,150141000.0,132241000.0,132241000.0,1.37,1.295,1.37,343164000,328603500.0,343164000,2592757550,20.0,17.269,116896000.0,1.38,1.0,854853000.0,1.0,22867000,0.0,33091000,57270000.0,0,67205000,48712000,18493000,822746000,795798000,26948000,2906911550,-12959000.0,5034000.0,-55222000.0,5000000.0,-39631000.0,-104391000.0,-43862000.0,8480000.0,135294000.0,0.0,113822000.0,113822000.0,113822000.0,0.0,0.0,0.133,722612000.0,132241000.0,724860000,0.369,8.471,25.539,25.051,46017000,0.0,34.32,3.4,3.4,402756000,261920000,854853000.0,854853000.0,0.0,0.102,0.346,2.309,0.155,27488000.0,442312000.0,1.0,84700220,84700220,,10.093,1143043000,48925000,18419000.0,474000,13.495,53404000
80,AJG,ART,2001-06-30,2001-08-13,2001-06-30,2021-08-02,-1859000,1215239000,1060513500.0,881816000,333423000,0.77,3.967,-15174000.0,279428000,279428000,0.0,102777000.0,1.032,2.641,0,0,0,0,17684000,17674000.0,0,0.017,0.49,134421000.0,152095000.0,0.186,152095000.0,134421000.0,134421000.0,1.275,1.19,1.275,333791000,318053000.0,333791000,2085200432,16.0,13.71,105191000.0,1.25,1.0,816903000.0,1.0,22609000,0.0,59047000,64010500.0,0,72207000,49299000,22908000,881448000,854155000,27293000,2364628432,-9025000.0,5034000.0,-26971000.0,3500000.0,-37464000.0,-86004000.0,-43386000.0,4582000.0,120365000.0,0.0,102777000.0,102777000.0,102777000.0,0.0,0.0,0.126,682482000.0,134421000.0,786560000,0.384,7.084,23.007,22.039,43524000,0.0,28.1,2.895,2.895,499039000,230772000,816903000.0,816903000.0,0.0,0.097,0.323,2.1,0.165,27331000.0,421910000.0,1.0,84150478,84150478,,9.708,1192630000,48295000,31644000.0,194000,14.173,27661000
81,AJG,ART,2001-03-31,2001-05-14,2001-03-31,2021-08-02,-1376000,1026395000,988891500.0,707623000,318772000,0.775,4.006,-15071000.0,253360000,253360000,0.0,94454000.0,1.043,2.177,0,0,0,0,17496000,16878000.0,0,0.02,0.475,128505000.0,145383000.0,0.19,145383000.0,128505000.0,128505000.0,1.2,1.115,1.2,323087000,302062000.0,323087000,1705676764,13.0,11.732,102130000.0,1.266,1.0,766255000.0,1.0,17186000,0.0,77458000,72646750.0,0,73512000,48702000,24810000,703308000,678391000,24917000,1959036764,3348000.0,5034000.0,-11831000.0,-10000000.0,-35539000.0,-68404000.0,-45449000.0,-1579000.0,117201000.0,0.0,94454000.0,94454000.0,94454000.0,0.0,0.0,0.123,637750000.0,128505000.0,631237000,0.396,6.063,20.741,20.242,40957000,0.0,24.29,2.557,2.557,354441000,243811000,766255000.0,766255000.0,0.0,0.096,0.313,1.769,0.168,24498000.0,397258000.0,1.0,80651987,80651987,,9.501,1009209000,47692000,34051000.0,5898000,12.513,29232000
82,AJG,ART,2000-12-31,2001-03-27,2000-12-31,2021-08-02,-2498000,1062298000,944430500.0,777722000,284576000,0.784,3.946,-14568000.0,258132000,258132000,0.0,87776000.0,1.067,2.379,0,0,0,0,18983000,16316000.0,0,0.017,0.46,125394000.0,141710000.0,0.191,141710000.0,125394000.0,125394000.0,1.12,1.05,1.12,314372000,284196250.0,314372000,1956694000,16.0,13.808,121661000.0,1.527,1.0,740596000.0,1.0,15931000,0.0,59484000,72064250.0,0,83251000,59945000,23306000,747926000,728751000,19175000,2214826000,27751000.0,2334000.0,-3507000.0,-15000000.0,-33759000.0,-55501000.0,-52977000.0,-2599000.0,136229000.0,0.0,87776000.0,87776000.0,87776000.0,0.0,0.0,0.119,615202000.0,125394000.0,660633000,0.411,7.045,25.233,24.821,40036000,0.0,27.8,2.991,2.991,405164000,237373000,740596000.0,740596000.0,0.0,0.093,0.309,1.74,0.169,20027000.0,384164000.0,1.0,79670000,79670000,,9.296,1046367000,46775000,37618000.0,9786000,13.134,48971000
83,AJG,ART,2000-09-30,2000-11-14,2000-09-30,2021-08-02,-1964000,938122000,899892500.0,654812000,283310000,0.751,3.824,-14622000.0,244706000,244706000,0.0,79508000.0,1.058,2.117,0,0,0,0,17913000,17010000.0,0,0.015,0.445,119060000.0,136070000.0,0.201,136070000.0,119060000.0,119060000.0,1.048,0.988,1.048,300962000,266220000.0,300962000,2116355440,18.0,15.553,82007000.0,1.042,1.0,675539000.0,1.0,14612000,0.0,60053000,76597000.0,0,83152000,59878000,23274000,637160000,618751000,18409000,2361061440,18060000.0,0.0,6031000.0,-11000000.0,-32056000.0,-39382000.0,-39187000.0,-681000.0,96629000.0,0.0,79508000.0,79508000.0,79508000.0,0.0,0.0,0.118,556479000.0,119060000.0,570875000,0.425,7.845,29.696,28.626,40712000,0.0,30.0,3.495,3.495,306287000,247704000,675539000.0,675539000.0,0.0,0.088,0.299,1.554,0.176,11099000.0,347050000.0,1.0,78702048,78702048,,8.583,923510000,204712000,39552000.0,713000,11.734,36061000
84,AJG,ART,2000-06-30,2000-08-10,2000-06-30,2021-08-02,-2507000,928751000,870677250.0,674968000,253783000,0.735,3.536,-16973000.0,179757000,179757000,0.0,71596000.0,1.05,2.442,0,0,0,0,17742000,16245000.0,0,0.018,0.43,110299000.0,126544000.0,0.198,126544000.0,110299000.0,110299000.0,0.965,0.92,0.965,269827000,249305250.0,269827000,1689654789,15.0,13.352,77441000.0,1.015,1.0,639518000.0,1.0,12658000,0.0,93592000,73913250.0,0,86325000,64949000,21376000,658924000,642744000,16180000,1869411789,10700000.0,0.0,5729000.0,-17500000.0,-30559000.0,-32671000.0,-51043000.0,-599000.0,94414000.0,0.0,71596000.0,71596000.0,71596000.0,0.0,0.0,0.112,529219000.0,110299000.0,601494000,0.446,6.928,26.111,25.389,38800000,0.0,24.5,2.923,2.923,386009000,220483000,639518000.0,639518000.0,0.0,0.082,0.287,1.492,0.172,0.0,329965000.0,1.0,76302522,76302522,,8.381,916093000,180949000,38703000.0,537000,12.006,32224000
85,AJG,ART,2000-03-31,2000-05-12,2000-03-31,2021-08-02,-2717000,848551000,840540750.0,604696000,243855000,0.739,3.381,-16383000.0,179096000,179096000,0.0,69384000.0,1.042,2.372,0,0,0,0,17175000,15813000.0,0,0.023,0.415,106880000.0,122693000.0,0.197,122693000.0,106880000.0,106880000.0,0.943,0.9,0.943,251624000,235763750.0,251624000,1167747711,11.0,9.518,74260000.0,0.998,1.0,621407000.0,1.0,14031000,0.0,75128000,67487500.0,0,85321000,64136000,21185000,596927000,580296000,16631000,1346843711,20113000.0,0.0,3378000.0,0.0,-29202000.0,-20066000.0,-50464000.0,-2955000.0,90643000.0,0.0,69384000.0,69384000.0,69384000.0,0.0,0.0,0.112,514527000.0,106880000.0,530160000,0.44,5.353,19.411,19.189,37314000,0.0,18.095,2.167,2.167,324140000,215172000,621407000.0,621407000.0,0.0,0.083,0.294,1.584,0.172,0.0,320184000.0,1.0,74431816,74431816,,8.349,834520000,171325000,37496000.0,3300000,11.212,24400000
86,AJG,ART,1999-12-31,2000-03-23,1999-12-31,2021-08-02,-2669000,884146000,808512500.0,642842000,241304000,0.749,3.269,-16560000.0,169955000,169955000,0.0,67753000.0,1.027,2.646,0,0,0,0,15537000,15300000.0,0,0.026,0.4,104235000.0,119535000.0,0.197,119535000.0,104235000.0,104235000.0,0.925,0.88,0.925,242467000,223829250.0,242467000,954182280,9.0,7.982,47094000.0,0.635,1.0,605836000.0,1.0,10895000,0.0,77615000,63831500.0,0,84131000,63857000,20274000,641679000,625681000,15998000,1124137280,-3917000.0,0.0,-2399000.0,0.0,-28010000.0,-27689000.0,-39882000.0,-2736000.0,63654000.0,0.0,67753000.0,67753000.0,67753000.0,0.0,0.0,0.112,501601000.0,104235000.0,558354000,0.432,4.636,16.592,16.384,36249000,0.0,15.155,1.856,1.856,364854000,208296000,605836000.0,605836000.0,0.0,0.084,0.303,1.633,0.172,0.0,312690000.0,1.0,74176000,74176000,,8.168,873251000,173886000,36482000.0,8530000,11.773,17161000
87,AJG,ART,1999-09-30,1999-11-12,1999-09-30,2021-08-02,-1724000,821261000,773978500.0,586163000,235098000,0.785,3.175,-19452000.0,187100000,187100000,0.0,66452000.0,1.022,2.52,0,0,0,0,17531000,14106000.0,0,0.028,0.388,101236000.0,115342000.0,0.19,115342000.0,101236000.0,101236000.0,0.885,0.847,0.885,233303000,213829500.0,233303000,826790633,8.0,7.168,62234000.0,0.847,1.0,607848000.0,1.0,11126000,0.0,49318000,58113500.0,0,84298000,61715000,22583000,587958000,573717000,14241000,1013890633,-8587000.0,0.0,-1945000.0,-11500000.0,-26721000.0,-42934000.0,-47339000.0,-2924000.0,81686000.0,0.0,66452000.0,66452000.0,66452000.0,0.0,0.0,0.109,506612000.0,101236000.0,514333000,0.438,4.346,15.257,15.59,36705000,0.0,13.797,1.668,1.668,295687000,200650000,607848000.0,607848000.0,0.0,0.086,0.311,1.742,0.167,0.0,310731000.0,1.0,73483648,73483648,,8.272,810135000,164684000,34784000.0,12874000,11.025,12446000
88,AJG,ART,1999-06-30,1999-08-10,1999-06-30,2021-08-02,-875000,808205000,748912750.0,578500000,229705000,0.786,2.963,-17376000.0,150341000,150341000,0.0,62843000.0,1.001,2.748,0,0,0,0,18319000,13101000.0,0,0.029,0.375,94339000.0,107440000.0,0.183,107440000.0,94339000.0,94339000.0,0.853,0.817,0.853,215661000,203395750.0,215661000,776476336,8.0,7.227,42429000.0,0.583,1.0,588637000.0,1.0,11926000,0.0,67889000,53461000.0,0,83033000,60341000,22692000,592544000,578049000,14495000,926817336,-25870000.0,0.0,-8078000.0,0.0,-25477000.0,-36217000.0,-49458000.0,-870000.0,59805000.0,0.0,62843000.0,62843000.0,62843000.0,0.0,0.0,0.107,494298000.0,94339000.0,519206000,0.44,4.298,14.748,14.93,34461000,0.0,12.735,1.575,1.575,325639000,185000000,588637000.0,588637000.0,0.0,0.084,0.309,1.765,0.16,0.0,303829000.0,1.0,72777176,72777176,,8.088,796279000,160626000,31496000.0,3472000,10.941,451000
89,AJG,ART,1999-03-31,1999-07-08,1999-03-31,2021-08-02,-1013000,720438000,723434000.0,499853000,220585000,0.787,2.833,-15645000.0,143386000,143386000,0.0,59692000.0,0.992,2.534,0,0,0,0,18227000,12308000.0,0,0.03,0.375,89273000.0,101581000.0,0.178,101581000.0,89273000.0,89273000.0,0.818,0.782,0.818,203886000,195814250.0,203886000,755024462,8.0,7.433,36322000.0,0.505,1.0,569298000.0,1.0,12451000,0.0,60504000,45258750.0,0,78103000,57874000,20229000,516552000,504097000,12455000,898410462,-16620000.0,0.0,-7812000.0,9500000.0,-24218000.0,-26293000.0,-42294000.0,15957000.0,51967000.0,0.0,59692000.0,59692000.0,59692000.0,0.0,0.0,0.105,480025000.0,89273000.0,452830000,0.458,4.406,15.051,15.263,33005000,0.0,12.485,1.578,1.578,256894000,179758000,569298000.0,569298000.0,0.0,0.083,0.305,1.973,0.157,0.0,296062000.0,1.0,71959188,71959188,,7.911,707987000,154900000,29581000.0,5480000,9.839,-4244000
90,AJG,ART,1999-03-31,1999-05-17,1999-03-31,2021-08-02,-1013000,720438000,723434000.0,499853000,220585000,0.768,2.833,-16412000.0,143386000,143386000,0.0,58801000.0,0.992,2.534,0,0,0,0,18227000,12096000.0,0,0.031,0.363,88323000.0,100419000.0,0.181,100419000.0,88323000.0,88323000.0,0.83,0.792,0.83,203886000,195814250.0,203886000,701055071,8.0,6.981,37404000.0,0.52,1.0,555491000.0,1.0,12451000,0.0,60504000,45258750.0,0,78103000,57874000,20229000,516552000,504097000,12455000,844441071,-11881000.0,0.0,-7812000.0,9500000.0,-24218000.0,-22894000.0,-42803000.0,15957000.0,53816000.0,0.0,58801000.0,58801000.0,58801000.0,0.0,0.0,0.106,467168000.0,88323000.0,452830000,0.437,4.142,14.361,14.139,33005000,0.0,11.735,1.52,1.52,256894000,179758000,555491000.0,555491000.0,0.0,0.081,0.3,1.952,0.159,0.0,289311000.0,1.0,71959188,71959188,,7.72,707987000,154900000,29522000.0,5480000,9.839,-4244000
91,AJG,ART,1998-12-31,1999-03-29,1998-12-31,2021-08-02,-777000,746010000,700981500.0,530956000,215054000,0.771,2.797,-13994000.0,148140000,148140000,0.0,56501000.0,1.001,2.685,0,0,0,0,13616000,11728000.0,0,0.031,0.363,84529000.0,96257000.0,0.178,96257000.0,84529000.0,84529000.0,0.812,0.775,0.812,202468000,189290500.0,202468000,693513069,8.0,7.205,42373000.0,0.585,1.0,540655000.0,1.0,12471000,0.0,54743000,38665750.0,0,77457000,57368000,20089000,543542000,530656000,12886000,841653069,-10503000.0,0.0,5004000.0,-1130000.0,-23185000.0,-17664000.0,-49206000.0,16934000.0,56367000.0,0.0,56501000.0,56501000.0,56501000.0,0.0,0.0,0.105,456126000.0,84529000.0,462962000,0.447,4.157,14.896,14.317,31461000,0.0,11.625,1.557,1.557,288276000,172381000,540655000.0,540655000.0,0.0,0.081,0.298,2.186,0.156,0.0,281509000.0,1.0,72400264,72400264,,7.468,733539000,151033000,28028000.0,12621000,10.132,300000
92,AJG,ART,1998-12-31,1999-03-26,1998-12-31,2021-08-02,-777000,746010000,700981500.0,530956000,215054000,0.771,2.797,-13994000.0,148140000,148140000,0.0,56501000.0,1.001,2.685,0,0,0,0,13616000,11728000.0,0,0.03,0.35,84529000.0,96257000.0,0.178,96257000.0,84529000.0,84529000.0,0.812,0.775,0.812,202468000,189290500.0,202468000,709441127,8.0,7.37,42373000.0,0.585,1.0,540655000.0,1.0,12471000,0.0,54743000,38665750.0,0,77457000,57368000,20089000,543542000,530656000,12886000,857581127,-10503000.0,0.0,5004000.0,-1130000.0,-23185000.0,-17664000.0,-49206000.0,16934000.0,56367000.0,0.0,56501000.0,56501000.0,56501000.0,0.0,0.0,0.105,456126000.0,84529000.0,462962000,0.431,4.236,15.178,14.587,31461000,0.0,11.845,1.586,1.586,288276000,172381000,540655000.0,540655000.0,0.0,0.081,0.298,2.186,0.156,0.0,281509000.0,1.0,72400264,72400264,,7.468,733539000,151033000,28028000.0,12621000,10.132,300000
93,AJG,ART,1998-09-30,1998-11-09,1998-09-30,2021-08-02,-182000,720998000,674917000.0,519948000,201050000,,2.771,,163392000,163392000,,,1.006,2.764,0,0,0,0,16284000,,0,0.03,0.34,,,,,,,,,,191568000,179650250.0,191568000,613203961,,,,,1.0,,,10143000,,30708000,29231500.0,0,77943000,56266000,21677000,529430000,516755000,12675000,776595961,,,,,,,,,,,,,,,,,,,456724000,,4.054,,,27404000,,11.235,,,260692000,163358000,,,,,,,,,,1.0,69122916,69122916,,,710855000,141826000,,2889000,10.284,3193000
94,AJG,ART,1998-06-30,1998-08-03,1998-06-30,2021-08-02,1595000,706290000,,518729000,187561000,,2.687,,152913000,152913000,,,1.02,2.811,0,0,0,0,17599000,,0,0.034,0.33,,,,,,,,,,185335000,,185335000,522798354,,,,,1.0,,,9926000,,35080000,,0,87658000,62457000,25201000,520955000,508371000,12584000,675711354,,,,,,,,,,,,,,,,,,,447931000,,3.646,,,26879000,,9.797,,,258297000,149881000,,,,,,,,,,1.0,68967732,68967732,,,696364000,125555000,,520000,10.097,10358000
95,AJG,ART,1998-03-31,1998-04-29,1998-03-31,2021-08-02,1802000,630628000,,444170000,186458000,,2.615,,148057000,148057000,,,1.014,2.547,0,0,0,0,17433000,,0,0.029,0.32,,,,,,,,,,177791000,,177791000,599681068,,,,,1.0,,,10246000,,34132000,,0,104298000,64968000,39330000,452837000,438193000,14644000,747738068,,,,,,,,,,,,,,,,,,,400319000,,4.206,,,26932000,,11.0,,,191625000,146465000,,,,,,,,,,1.0,67976188,67976188,,,620382000,109950000,,6232000,9.126,5977000
96,AJG,ART,1997-12-31,1998-02-27,1997-12-31,2021-08-02,1658000,641752000,,468841000,172911000,,2.467,-11295000.0,148338000,148338000,0.0,53316000.0,1.006,2.915,0,0,0,0,11608000,11055000.0,0,0.03,0.31,80782000.0,91837000.0,0.188,91837000.0,80782000.0,80782000.0,0.81,0.782,0.81,163907000,,163907000,537782806,7.0,5.856,54352000.0,0.818,1.0,488028000.0,1.0,10370000,0.0,17006000,,0,101884000,62681000,39203000,477845000,466038000,11807000,686120806,10161000.0,0.0,-6162000.0,3870000.0,-19990000.0,-19890000.0,-35596000.0,1843000.0,65647000.0,0.0,53316000.0,53316000.0,53316000.0,0.0,0.0,0.109,407246000.0,80782000.0,402195000,0.383,4.186,12.869,12.75,27810000,0.0,10.328,1.406,1.406,217555000,141309000,488028000.0,488028000.0,0.0,,,,0.166,0.0,249882000.0,1.0,66436292,66436292,,7.346,631382000,95528000,27466000.0,10783000,9.504,2803000
