None,ticker,dimension,calendardate,datekey,reportperiod,lastupdated,accoci,assets,assetsavg,assetsc,assetsnc,assetturnover,bvps,capex,cashneq,cashnequsd,cor,consolinc,currentratio,de,debt,debtc,debtnc,debtusd,deferredrev,depamor,deposits,divyield,dps,ebit,ebitda,ebitdamargin,ebitdausd,ebitusd,ebt,eps,epsdil,epsusd,equity,equityavg,equityusd,ev,evebit,evebitda,fcf,fcfps,fxusd,gp,grossmargin,intangibles,intexp,invcap,invcapavg,inventory,investments,investmentsc,investmentsnc,liabilities,liabilitiesc,liabilitiesnc,marketcap,ncf,ncfbus,ncfcommon,ncfdebt,ncfdiv,ncff,ncfi,ncfinv,ncfo,ncfx,netinc,netinccmn,netinccmnusd,netincdis,netincnci,netmargin,opex,opinc,payables,payoutratio,pb,pe,pe1,ppnenet,prefdivis,price,ps,ps1,receivables,retearn,revenue,revenueusd,rnd,roa,roe,roic,ros,sbcomp,sgna,sharefactor,sharesbas,shareswa,shareswadil,sps,tangibles,taxassets,taxexp,taxliabilities,tbvps,workingcapital
0,AJG,MRY,2020-12-31,2020-12-31,2020-12-31,2021-08-02,-643600000.0,22331400000.0,21572250000.0,11124200000.0,11207200000.0,0.325,32.166,-99300000.0,3574300000.0,3574300000.0,1788600000.0,858100000.0,1.098,2.602,4865500000.0,278600000.0,4586900000.0,4865500000.0,541300000.0,562400000.0,0.0,0.015,1.8,1028000000.0,1590400000.0,0.227,1590400000.0,1028000000.0,831600000.0,4.29,4.2,4.29,6186200000.0,5619000000.0,6186200000.0,25193554620.0,25.0,15.841,1653200000.0,8.596,1.0,5215000000.0,0.745,8526900000.0,196400000.0,4960700000.0,5304300000.0,0.0,0.0,0.0,0.0,16098700000.0,10135000000.0,5963700000.0,23792154620.0,950400000.0,-316100000.0,111900000.0,-79100000.0,-347400000.0,-505100000.0,-416800000.0,-1400000.0,1752500000.0,119800000.0,818800000.0,818800000.0,818800000.0,0.0,39300000.0,0.117,4028900000.0,1186100000.0,7784600000.0,0.42,3.846,29.057,28.837,824600000.0,0.0,123.71,3.397,3.397,6436000000.0,2371700000.0,7003600000.0,7003600000.0,0.0,0.038,0.146,0.194,0.147,74500000.0,3466500000.0,1.0,192322000.0,192322000.0,,36.416,13804500000.0,1085800000.0,12800000.0,0.0,71.778,989200000.0
1,AJG,MRY,2019-12-31,2019-12-31,2019-12-31,2021-08-02,-759600000.0,19634800000.0,19160075000.0,9117500000.0,10517300000.0,0.376,27.64,-138800000.0,2623900000.0,2623900000.0,2421300000.0,715800000.0,1.022,2.797,4947600000.0,790600000.0,4157000000.0,4947600000.0,503800000.0,474400000.0,0.0,0.018,1.72,758900000.0,1233300000.0,0.171,1233300000.0,758900000.0,579100000.0,3.6,3.52,3.6,5155500000.0,4939625000.0,5155500000.0,19966485290.0,26.0,16.189,980400000.0,5.256,1.0,4773700000.0,0.663,7937200000.0,179800000.0,5100300000.0,5170000000.0,0.0,0.0,0.0,0.0,14419300000.0,8921000000.0,5498300000.0,17762585290.0,387100000.0,-1185800000.0,101200000.0,999200000.0,-321100000.0,638400000.0,-1376600000.0,-52000000.0,1119200000.0,6100000.0,668800000.0,668800000.0,668800000.0,0.0,47000000.0,0.093,3813900000.0,959800000.0,6348500000.0,0.478,3.445,26.559,26.453,860900000.0,0.0,95.23,2.469,2.469,5419200000.0,1901300000.0,7195000000.0,7195000000.0,0.0,0.035,0.135,0.147,0.105,61200000.0,3339500000.0,1.0,186523000.0,186523000.0,,38.574,11697600000.0,945600000.0,-89700000.0,0.0,62.714,196500000.0
2,AJG,MRY,2018-12-31,2018-12-31,2018-12-31,2021-08-02,-785600000.0,16334000000.0,16201675000.0,8118700000.0,8215300000.0,0.428,24.497,-124400000.0,2236800000.0,2236800000.0,2719700000.0,675900000.0,1.055,2.615,3610400000.0,519000000.0,3091400000.0,3610400000.0,457700000.0,419000000.0,0.0,0.022,1.64,575400000.0,994400000.0,0.143,994400000.0,575400000.0,437000000.0,3.47,3.4,3.47,4498900000.0,4500400000.0,4498900000.0,14805152400.0,26.0,14.889,640700000.0,3.489,1.0,4214300000.0,0.608,6398600000.0,138400000.0,3615400000.0,3661775000.0,0.0,0.0,0.0,0.0,11764300000.0,7693600000.0,4070700000.0,13535152400.0,-68200000.0,-770300000.0,70600000.0,507900000.0,-301800000.0,162000000.0,-910300000.0,-15600000.0,765100000.0,-85000000.0,633500000.0,633500000.0,633500000.0,0.0,42400000.0,0.091,3445300000.0,769000000.0,5740200000.0,0.473,3.009,21.366,21.239,436900000.0,0.0,73.7,1.952,1.952,4857500000.0,1558600000.0,6934000000.0,6934000000.0,0.0,0.039,0.141,0.157,0.083,55300000.0,3026300000.0,1.0,183652000.0,183652000.0,,37.756,9935400000.0,806200000.0,-196500000.0,0.0,54.099,425100000.0
3,AJG,MRY,2017-12-31,2017-12-31,2017-12-31,2021-08-02,-555400000.0,14909700000.0,13017575000.0,7269400000.0,7640300000.0,0.48,23.427,-129200000.0,2305000000.0,2305000000.0,2465000000.0,516900000.0,1.08,2.505,3133000000.0,441100000.0,2691900000.0,3133000000.0,430600000.0,385800000.0,0.0,0.025,1.56,448300000.0,834100000.0,0.133,834100000.0,448300000.0,324200000.0,2.67,2.64,2.67,4235600000.0,3963200000.0,4235600000.0,12283560720.0,27.0,14.727,725000000.0,4.01,1.0,3784000000.0,0.606,5809400000.0,124100000.0,3198100000.0,2989300000.0,0.0,0.0,0.0,0.0,10610000000.0,6730200000.0,3879800000.0,11440960720.0,367400000.0,-372900000.0,42700000.0,260600000.0,-282700000.0,-47800000.0,-511000000.0,-8900000.0,854200000.0,72000000.0,481300000.0,481300000.0,481300000.0,0.0,35600000.0,0.077,3133200000.0,650800000.0,4986000000.0,0.584,2.701,23.771,23.7,412200000.0,0.0,63.28,1.831,1.831,4082800000.0,1221800000.0,6249000000.0,6249000000.0,0.0,0.037,0.121,0.15,0.072,50800000.0,2747400000.0,1.0,180799000.0,180799000.0,,34.563,9100300000.0,851600000.0,-157100000.0,0.0,50.334,539200000.0
4,AJG,MRY,2016-12-31,2016-12-31,2016-12-31,2021-08-02,-763600000.0,11489600000.0,11196700000.0,4416100000.0,7073500000.0,0.507,20.212,-217800000.0,1937600000.0,1937600000.0,2184900000.0,430300000.0,0.958,2.178,2848200000.0,703600000.0,2144600000.0,2848200000.0,69000000.0,350800000.0,0.0,0.029,1.52,409900000.0,760700000.0,0.134,760700000.0,409900000.0,300100000.0,2.23,2.22,2.23,3596600000.0,3620025000.0,3596600000.0,10102614360.0,25.0,13.281,431800000.0,2.427,1.0,3495600000.0,0.615,5395100000.0,109800000.0,2393400000.0,2322600000.0,0.0,0.0,0.0,0.0,7833800000.0,4611700000.0,3222100000.0,9245814360.0,45100000.0,-235600000.0,-55400000.0,396800000.0,-272200000.0,-11600000.0,-485300000.0,-31900000.0,649600000.0,-107600000.0,396800000.0,396800000.0,396800000.0,0.0,33500000.0,0.07,2888000000.0,607600000.0,2996100000.0,0.682,2.571,23.301,23.3,377600000.0,0.0,51.96,1.628,1.628,1844800000.0,916400000.0,5680500000.0,5680500000.0,0.0,0.035,0.11,0.176,0.072,43200000.0,2537200000.0,1.0,177941000.0,177941000.0,,31.924,6094500000.0,796500000.0,-96700000.0,0.0,34.25,-195600000.0
5,AJG,MRY,2015-12-31,2015-12-31,2015-12-31,2021-08-02,-522500000.0,10910500000.0,10466975000.0,4213700000.0,6696800000.0,0.515,20.591,-99000000.0,1892500000.0,1892500000.0,2192200000.0,389100000.0,1.006,1.985,2453700000.0,382000000.0,2071700000.0,2453700000.0,61300000.0,334200000.0,0.0,0.036,1.48,364200000.0,698400000.0,0.13,698400000.0,364200000.0,261200000.0,2.07,2.06,2.07,3638300000.0,3518600000.0,3638300000.0,7907193300.0,22.0,11.322,587100000.0,3.323,1.0,3200200000.0,0.593,5361700000.0,103000000.0,1922900000.0,2041225000.0,0.0,0.0,0.0,0.0,7222300000.0,4187100000.0,3035200000.0,7233893300.0,210500000.0,-240400000.0,203300000.0,78900000.0,-257500000.0,-31700000.0,-368900000.0,-29500000.0,686100000.0,-75000000.0,356800000.0,356800000.0,356800000.0,0.0,32300000.0,0.066,2763100000.0,437100000.0,2877100000.0,0.715,1.988,20.274,19.778,249000000.0,0.0,40.94,1.341,1.341,1734000000.0,774500000.0,5392400000.0,5392400000.0,0.0,0.034,0.101,0.178,0.068,33900000.0,2428900000.0,1.0,176695000.0,176695000.0,,30.518,5548800000.0,643500000.0,-95600000.0,0.0,31.403,26600000.0
6,AJG,MRY,2014-12-31,2014-12-31,2014-12-31,2021-08-02,-260600000.0,10010000000.0,9323225000.0,3811200000.0,6198800000.0,0.496,20.012,-81500000.0,1682000000.0,1682000000.0,1802000000.0,327500000.0,1.046,2.076,2392900000.0,267900000.0,2125000000.0,2392900000.0,66100000.0,258900000.0,0.0,0.031,1.44,356400000.0,615300000.0,0.133,615300000.0,356400000.0,267400000.0,1.98,1.97,1.98,3229400000.0,2969800000.0,3229400000.0,8386087920.0,24.0,13.629,355100000.0,2.2,1.0,2824500000.0,0.611,5225600000.0,89000000.0,1852600000.0,1738825000.0,0.0,0.0,0.0,0.0,6704900000.0,3642700000.0,3062200000.0,7597487920.0,16300000.0,-1910100000.0,997000000.0,817000000.0,-223100000.0,1563500000.0,-2011700000.0,-20100000.0,436600000.0,27900000.0,303400000.0,303400000.0,303400000.0,0.0,24100000.0,0.066,2426500000.0,398000000.0,2623300000.0,0.727,2.353,25.041,23.778,195400000.0,0.0,47.08,1.642,1.642,1462500000.0,676000000.0,4626500000.0,4626500000.0,0.0,0.033,0.102,0.205,0.077,33500000.0,2167600000.0,1.0,161374000.0,161374000.0,,28.669,4784400000.0,392600000.0,-36000000.0,0.0,29.648,168500000.0
7,AJG,MRY,2013-12-31,2013-12-31,2013-12-31,2021-08-02,-2600000.0,6860500000.0,5904475000.0,2875600000.0,3984900000.0,0.539,15.855,-93600000.0,1325500000.0,1325500000.0,973200000.0,284600000.0,0.875,2.29,1455500000.0,630500000.0,825000000.0,1455500000.0,84500000.0,178600000.0,0.0,0.03,1.4,325100000.0,503700000.0,0.158,503700000.0,325100000.0,275000000.0,2.08,2.06,2.08,2085500000.0,1846100000.0,2085500000.0,6022478340.0,19.0,11.956,278900000.0,2.12,1.0,2206400000.0,0.694,3224000000.0,50100000.0,481700000.0,564450000.0,0.0,0.0,0.0,0.0,4775000000.0,3284800000.0,1490200000.0,6173078340.0,-4000000.0,-722200000.0,76200000.0,601500000.0,-182600000.0,480000000.0,-851700000.0,-35900000.0,372500000.0,-4800000.0,268600000.0,268600000.0,268600000.0,0.0,16000000.0,0.084,1863600000.0,342800000.0,2154700000.0,0.673,2.96,22.982,22.562,160400000.0,0.0,46.93,1.941,1.941,1288800000.0,596400000.0,3179600000.0,3179600000.0,0.0,0.045,0.145,0.576,0.102,26700000.0,1685000000.0,1.0,131538000.0,131538000.0,,24.172,3636500000.0,279800000.0,6400000.0,0.0,27.646,-409200000.0
8,AJG,MRY,2012-12-31,2012-12-31,2012-12-31,2021-08-02,-32800000.0,5352300000.0,5024475000.0,2429500000.0,2922800000.0,0.502,13.334,-51000000.0,1153700000.0,1153700000.0,594800000.0,195000000.0,1.028,2.227,854000000.0,129000000.0,725000000.0,854000000.0,70600000.0,140400000.0,0.0,0.039,1.36,288300000.0,428700000.0,0.17,428700000.0,288300000.0,245300000.0,1.61,1.59,1.61,1658600000.0,1531075000.0,1658600000.0,3924309550.0,14.0,9.154,292000000.0,2.348,1.0,1925500000.0,0.764,2282300000.0,43000000.0,407400000.0,443375000.0,0.0,0.0,0.0,0.0,3693700000.0,2362900000.0,1330800000.0,4310009550.0,10900000.0,-332700000.0,80800000.0,169000000.0,-204400000.0,45900000.0,-382200000.0,1500000.0,343000000.0,4200000.0,195000000.0,195000000.0,195000000.0,0.0,0.0,0.077,1633800000.0,291700000.0,1819700000.0,0.845,2.599,22.103,21.522,105400000.0,0.0,34.65,1.71,1.71,1096100000.0,510400000.0,2520300000.0,2520300000.0,0.0,0.039,0.127,0.65,0.114,15800000.0,1493400000.0,1.0,124387000.0,124387000.0,,20.262,3070000000.0,251800000.0,50300000.0,0.0,24.681,66600000.0
9,AJG,MRY,2011-12-31,2011-12-31,2011-12-31,2021-08-02,-47200000.0,4483500000.0,4250925000.0,2199400000.0,2284100000.0,0.502,11.017,-45900000.0,983700000.0,983700000.0,451000000.0,144100000.0,1.061,2.605,685000000.0,10000000.0,675000000.0,685000000.0,69700000.0,115200000.0,0.0,0.039,1.32,248600000.0,363800000.0,0.17,363800000.0,248600000.0,207800000.0,1.29,1.28,1.29,1243600000.0,1203200000.0,1243600000.0,3490007520.0,14.0,9.593,238100000.0,2.109,1.0,1683700000.0,0.789,1716800000.0,40800000.0,394400000.0,422450000.0,0.0,0.0,0.0,0.0,3239900000.0,2073600000.0,1166300000.0,3774807520.0,41400000.0,-250800000.0,72700000.0,135000000.0,-145800000.0,65600000.0,-311200000.0,-14500000.0,284000000.0,3000000.0,144100000.0,144100000.0,144100000.0,0.0,0.0,0.068,1441300000.0,242400000.0,1621900000.0,1.023,3.035,26.196,25.922,91300000.0,0.0,33.44,1.768,1.768,1027100000.0,482900000.0,2134700000.0,2134700000.0,0.0,0.034,0.12,0.588,0.116,21100000.0,1326100000.0,1.0,112883000.0,112883000.0,,18.911,2766700000.0,240200000.0,63700000.0,0.0,24.509,125800000.0
10,AJG,MRY,2010-12-31,2010-12-31,2010-12-31,2021-08-02,2200000.0,3596000000.0,3461150000.0,1726000000.0,1870000000.0,0.539,10.44,-25100000.0,849500000.0,849500000.0,418600000.0,174100000.0,1.094,2.249,550000000.0,0.0,550000000.0,550000000.0,60500000.0,93100000.0,0.0,0.044,1.28,248400000.0,341500000.0,0.183,341500000.0,248400000.0,213800000.0,1.66,1.66,1.66,1106700000.0,1000050000.0,1106700000.0,2770954480.0,11.0,8.114,204400000.0,1.928,1.0,1445600000.0,0.775,1367200000.0,34600000.0,352000000.0,399325000.0,0.0,0.0,0.0,0.0,2489300000.0,1577300000.0,912000000.0,3082654480.0,43900000.0,-76900000.0,35900000.0,0.0,-133500000.0,-96200000.0,-92600000.0,9400000.0,229500000.0,3200000.0,174100000.0,174100000.0,174100000.0,-10800000.0,0.0,0.093,1210600000.0,235000000.0,1250300000.0,0.771,2.785,17.706,17.518,75800000.0,0.0,29.08,1.654,1.654,750100000.0,488300000.0,1864200000.0,1864200000.0,0.0,0.05,0.174,0.622,0.133,15600000.0,1117500000.0,1.0,106006000.0,106006000.0,,17.586,2228800000.0,245200000.0,39700000.0,0.0,21.025,148700000.0
11,AJG,MRY,2009-12-31,2009-12-31,2009-12-31,2021-08-02,-9000000.0,3250300000.0,3313125000.0,1540000000.0,1710300000.0,0.522,8.771,-23500000.0,728500000.0,728500000.0,331300000.0,128600000.0,1.044,2.64,550000000.0,0.0,550000000.0,550000000.0,41500000.0,85600000.0,0.0,0.057,1.28,235100000.0,320700000.0,0.185,320700000.0,235100000.0,206600000.0,1.28,1.28,1.28,892900000.0,850000000.0,892900000.0,2033018000.0,9.0,6.339,188000000.0,1.847,1.0,1398000000.0,0.808,1180700000.0,28500000.0,416700000.0,263825000.0,0.0,0.0,0.0,0.0,2357400000.0,1474400000.0,883000000.0,2291518000.0,11500000.0,-43700000.0,7300000.0,18000000.0,-127900000.0,-105400000.0,-94600000.0,-27400000.0,211500000.0,0.0,128600000.0,128600000.0,128600000.0,4500000.0,0.0,0.074,1154300000.0,243700000.0,1166500000.0,1.0,2.566,17.819,17.586,80700000.0,0.0,22.51,1.325,1.325,693700000.0,450300000.0,1729300000.0,1729300000.0,0.0,0.039,0.151,0.891,0.136,16100000.0,1068700000.0,1.0,101800000.0,101800000.0,,16.987,2069600000.0,271100000.0,78000000.0,0.0,20.33,65600000.0
12,AJG,MRY,2008-12-31,2008-12-31,2008-12-31,2021-08-02,-40300000.0,3271300000.0,3329725000.0,1702000000.0,1569300000.0,0.494,7.774,-32000000.0,745400000.0,745400000.0,382400000.0,77300000.0,0.916,3.43,532000000.0,132000000.0,400000000.0,532000000.0,46200000.0,87400000.0,0.0,0.049,1.28,158100000.0,245500000.0,0.149,245500000.0,158100000.0,129500000.0,0.83,0.82,0.83,738500000.0,734575000.0,738500000.0,2141450000.0,14.0,8.723,128600000.0,1.354,1.0,1262600000.0,0.768,1057600000.0,28600000.0,141700000.0,122675000.0,0.0,18100000.0,200000.0,17900000.0,2532800000.0,1858600000.0,674200000.0,2461450000.0,-61500000.0,-241100000.0,21300000.0,132000000.0,-118500000.0,40000000.0,-262100000.0,11000000.0,160600000.0,0.0,77300000.0,77300000.0,77300000.0,34100000.0,0.0,0.047,1070400000.0,192200000.0,1365300000.0,1.542,3.333,31.843,31.217,88800000.0,0.0,25.91,1.496,1.496,826500000.0,452000000.0,1645000000.0,1645000000.0,0.0,0.023,0.105,1.289,0.096,18300000.0,996700000.0,1.0,95000000.0,95000000.0,,17.316,2213700000.0,300900000.0,52200000.0,0.0,23.302,-156600000.0
13,AJG,MRY,2007-12-31,2007-12-31,2007-12-31,2021-08-02,7400000.0,3556800000.0,3555275000.0,2275800000.0,1281000000.0,0.457,7.62,-40700000.0,857300000.0,857300000.0,342000000.0,138800000.0,1.02,3.971,400000000.0,0.0,400000000.0,400000000.0,44100000.0,71600000.0,0.0,0.051,1.24,200300000.0,271900000.0,0.167,271900000.0,200300000.0,184300000.0,1.45,1.43,1.45,715500000.0,783875000.0,715500000.0,1702941000.0,9.0,6.263,211600000.0,2.253,1.0,1281300000.0,0.789,756200000.0,16000000.0,111100000.0,-63950000.0,0.0,33800000.0,7500000.0,26300000.0,2841300000.0,2232200000.0,609100000.0,2271441000.0,47900000.0,-215000000.0,-239600000.0,396500000.0,-118800000.0,41500000.0,-245900000.0,9800000.0,252300000.0,0.0,138800000.0,138800000.0,138800000.0,15800000.0,0.0,0.086,1065200000.0,216100000.0,1874000000.0,0.855,3.175,16.365,16.683,87900000.0,0.0,24.19,1.399,1.399,1303700000.0,495900000.0,1623300000.0,1623300000.0,0.0,0.039,0.177,-3.132,0.123,19000000.0,911600000.0,1.0,93900000.0,93900000.0,,17.288,2800600000.0,292600000.0,45500000.0,0.0,29.825,43600000.0
14,AJG,MRY,2006-12-31,2006-12-31,2006-12-31,2021-08-02,5000000.0,3420100000.0,3402150000.0,2376200000.0,1043900000.0,0.432,8.808,-33000000.0,796900000.0,796900000.0,312600000.0,128500000.0,0.99,2.958,34800000.0,8900000.0,25900000.0,34800000.0,39700000.0,56400000.0,0.0,0.041,1.2,163100000.0,219500000.0,0.149,219500000.0,163100000.0,154600000.0,1.32,1.31,1.32,864100000.0,822500000.0,864100000.0,2140655000.0,13.0,9.752,71700000.0,0.731,1.0,1157500000.0,0.787,529700000.0,8500000.0,-273000000.0,-133725000.0,0.0,81700000.0,49200000.0,32500000.0,2556000000.0,2401300000.0,154700000.0,2898855000.0,-109800000.0,-72900000.0,-9200000.0,-2900000.0,-114400000.0,-118600000.0,-95900000.0,10000000.0,104700000.0,0.0,128500000.0,128500000.0,128500000.0,-100000.0,0.0,0.087,994500000.0,163000000.0,1958800000.0,0.909,3.355,22.559,22.386,103100000.0,0.0,29.55,1.972,1.972,1422300000.0,475000000.0,1470100000.0,1470100000.0,0.0,0.038,0.156,-1.22,0.111,24600000.0,838700000.0,1.0,98100000.0,98100000.0,,14.986,2890400000.0,286800000.0,26100000.0,51000000.0,29.464,-25100000.0
15,AJG,MRY,2005-12-31,2005-12-31,2005-12-31,2021-08-02,-6600000.0,3389500000.0,3361850000.0,2401800000.0,987700000.0,0.425,8.079,-23400000.0,836100000.0,836100000.0,294900000.0,30800000.0,1.006,3.407,112900000.0,5300000.0,107600000.0,112900000.0,35700000.0,54100000.0,0.0,0.036,1.12,16200000.0,70300000.0,0.049,70300000.0,16200000.0,4600000.0,0.33,0.32,0.33,769100000.0,744800000.0,769100000.0,2157376000.0,133.0,30.688,166000000.0,1.744,1.0,1134000000.0,0.794,418200000.0,11600000.0,-138200000.0,-100175000.0,0.0,111400000.0,43200000.0,68200000.0,2620400000.0,2386300000.0,234100000.0,2939776000.0,93200000.0,4700000.0,25900000.0,-4600000.0,-102300000.0,-81000000.0,-15200000.0,3500000.0,189400000.0,0.0,30800000.0,30800000.0,30800000.0,8300000.0,0.0,0.022,1109500000.0,24500000.0,1917400000.0,3.394,3.822,95.447,93.576,185100000.0,0.0,30.88,2.057,2.057,1396800000.0,463700000.0,1428900000.0,1428900000.0,0.0,0.009,0.041,-0.162,0.011,26700000.0,750600000.0,1.0,95200000.0,95200000.0,,15.009,2971300000.0,236100000.0,-26200000.0,24600000.0,31.211,15500000.0
16,AJG,MRY,2004-12-31,2004-12-31,2004-12-31,2021-08-02,0.0,3233300000.0,3102375000.0,2223200000.0,1010100000.0,0.463,8.236,-29000000.0,713500000.0,713500000.0,267900000.0,188500000.0,1.007,3.249,181400000.0,41400000.0,140000000.0,181400000.0,25400000.0,53300000.0,0.0,0.031,1.0,245800000.0,299100000.0,0.208,299100000.0,245800000.0,236300000.0,2.06,1.99,2.06,761000000.0,712175000.0,761000000.0,2400500000.0,10.0,8.026,248200000.0,2.686,1.0,1169100000.0,0.814,374200000.0,9500000.0,119500000.0,108775000.0,0.0,158400000.0,26000000.0,132400000.0,2472300000.0,2207500000.0,264800000.0,3003000000.0,31000000.0,-112800000.0,-25600000.0,3300000.0,-84900000.0,-107200000.0,-139000000.0,2800000.0,277200000.0,0.0,188500000.0,188500000.0,188500000.0,1000000.0,0.0,0.131,922300000.0,246800000.0,1838900000.0,0.485,3.946,15.931,15.777,259000000.0,0.0,32.5,2.09,2.09,1350900000.0,539000000.0,1437000000.0,1437000000.0,0.0,0.061,0.265,2.26,0.171,33200000.0,714800000.0,1.0,92400000.0,92400000.0,,15.552,2859100000.0,184800000.0,47800000.0,24800000.0,30.943,15700000.0
17,AJG,MRY,2003-12-31,2003-12-31,2003-12-31,2021-08-02,0.0,2901600000.0,2683350000.0,2107900000.0,793700000.0,0.455,6.873,-25300000.0,631200000.0,631200000.0,251800000.0,146200000.0,1.023,3.687,153000000.0,30900000.0,122100000.0,153000000.0,27300000.0,41100000.0,0.0,0.022,0.72,201100000.0,242200000.0,0.198,242200000.0,201100000.0,193100000.0,1.63,1.57,1.63,619100000.0,581750000.0,619100000.0,2498801137.0,12.0,10.317,203700000.0,2.262,1.0,969300000.0,0.794,222900000.0,8000000.0,139200000.0,245525000.0,0.0,152900000.0,31900000.0,121000000.0,2282500000.0,2061300000.0,221200000.0,2926401137.0,41000000.0,-24500000.0,-57100000.0,-23200000.0,-61900000.0,-142200000.0,-45800000.0,0.0,229000000.0,0.0,146200000.0,146200000.0,146200000.0,-300000.0,0.0,0.12,768500000.0,200800000.0,1743500000.0,0.442,4.727,20.016,19.933,266200000.0,0.0,32.49,2.397,2.397,1286400000.0,442300000.0,1221100000.0,1221100000.0,0.0,0.054,0.251,0.819,0.165,23500000.0,638100000.0,1.0,90070826.0,90070826.0,,13.557,2678700000.0,137800000.0,46900000.0,24300000.0,29.74,46600000.0
18,AJG,MRY,2002-12-31,2002-12-31,2002-12-31,2021-08-02,0.0,2463600000.0,2358827750.0,1773600000.0,690000000.0,0.45,6.004,-45400000.0,408900000.0,408900000.0,230400000.0,129900000.0,1.014,3.664,176100000.0,47800000.0,128300000.0,176100000.0,19400000.0,32400000.0,0.0,0.02,0.6,195000000.0,227400000.0,0.214,227400000.0,195000000.0,185500000.0,1.49,1.41,1.49,528200000.0,475838500.0,528200000.0,2344444661.0,12.0,10.31,104300000.0,1.186,1.0,829900000.0,0.783,135100000.0,9500000.0,346100000.0,341502500.0,0.0,264500000.0,96100000.0,168400000.0,1935400000.0,1749600000.0,185800000.0,2584610661.0,54000000.0,-2900000.0,3800000.0,-400000.0,-50400000.0,-47000000.0,-48700000.0,-2300000.0,149700000.0,0.0,129900000.0,129900000.0,129900000.0,0.0,0.0,0.123,634900000.0,195000000.0,1488200000.0,0.403,4.893,19.897,19.718,251000000.0,0.0,29.38,2.438,2.438,1183700000.0,361000000.0,1060300000.0,1060300000.0,0.0,0.055,0.273,0.571,0.184,22100000.0,583900000.0,1.0,87971772.0,87971772.0,,12.053,2328500000.0,102400000.0,55600000.0,11000000.0,26.469,24000000.0
19,AJG,MRY,2001-12-31,2001-12-31,2001-12-31,2021-08-02,-2624000.0,2145342000.0,1388221500.0,1563007000.0,582335000.0,0.64,4.387,-31500000.0,308039000.0,308039000.0,197500000.0,125300000.0,0.954,4.773,138402000.0,41704000.0,96698000.0,138402000.0,16527000.0,23100000.0,0.0,0.015,0.52,152300000.0,175400000.0,0.198,175400000.0,152300000.0,141800000.0,1.48,1.39,1.48,371613000.0,342913750.0,371613000.0,2607156588.0,17.0,14.864,100000000.0,1.181,1.0,690500000.0,0.778,65341000.0,10500000.0,272408000.0,110501000.0,0.0,262880000.0,52588000.0,210292000.0,1773729000.0,1637956000.0,135773000.0,2921310588.0,-50800000.0,-15200000.0,-76800000.0,21100000.0,-41600000.0,-97300000.0,-85000000.0,9500000.0,131500000.0,0.0,125300000.0,125300000.0,125300000.0,0.0,0.0,0.141,538200000.0,152300000.0,1478134000.0,0.351,7.861,23.315,23.304,183245000.0,0.0,34.49,3.29,3.29,1117238000.0,283796000.0,888000000.0,888000000.0,0.0,0.09,0.365,1.378,0.172,25400000.0,475900000.0,1.0,84700220.0,84700220.0,,10.484,2080001000.0,99263000.0,16500000.0,33746000.0,24.557,-74949000.0
20,AJG,MRY,2000-12-31,2000-12-31,2000-12-31,2021-08-02,-2498000.0,1135488000.0,962728000.0,845363000.0,290125000.0,0.832,4.179,-20649000.0,300477000.0,300477000.0,0.0,92955000.0,1.074,2.452,0.0,0.0,0.0,0.0,19014000.0,19426000.0,0.0,0.014,0.46,133739000.0,153165000.0,0.191,153165000.0,133739000.0,133739000.0,1.11,1.04,1.11,328900000.0,287828250.0,328900000.0,2259199657.0,17.0,14.75,148769000.0,1.89,1.0,800580000.0,1.0,16089000.0,0.0,32001000.0,65193500.0,0.0,75203000.0,51897000.0,23306000.0,806588000.0,786921000.0,19667000.0,2503905657.0,50963000.0,-12467000.0,-3507000.0,-4905000.0,-33759000.0,-47108000.0,-71347000.0,-2599000.0,169418000.0,0.0,92955000.0,92955000.0,92955000.0,0.0,0.0,0.116,666841000.0,133739000.0,714193000.0,0.414,7.613,26.937,28.662,42546000.0,0.0,31.815,3.128,3.128,436542000.0,225096000.0,800580000.0,800580000.0,0.0,0.097,0.323,2.051,0.167,20027000.0,415348000.0,1.0,78702048.0,78702048.0,,10.172,1119399000.0,47824000.0,40784000.0,9867000.0,14.223,58442000.0
21,AJG,MRY,1999-12-31,1999-12-31,1999-12-31,2021-08-02,-2669000.0,935709000.0,821403250.0,684399000.0,251310000.0,0.869,3.399,-18088000.0,201347000.0,201347000.0,0.0,83240000.0,1.026,2.747,0.0,0.0,0.0,0.0,15537000.0,17676000.0,0.0,0.025,0.4,127024000.0,144700000.0,0.203,144700000.0,127024000.0,127024000.0,1.02,0.97,1.02,249750000.0,225650000.0,249750000.0,1002416552.0,8.0,6.928,75037000.0,1.021,1.0,713530000.0,1.0,14054000.0,0.0,53174000.0,57721250.0,0.0,84131000.0,63857000.0,20274000.0,685959000.0,667134000.0,18825000.0,1189516552.0,-42011000.0,-250000.0,-2399000.0,0.0,-28010000.0,-93525000.0,-41611000.0,-2736000.0,93125000.0,0.0,83240000.0,83240000.0,83240000.0,0.0,0.0,0.117,586506000.0,127024000.0,596364000.0,0.392,4.763,14.29,15.87,40033000.0,0.0,16.188,1.667,1.667,373478000.0,188595000.0,713530000.0,713530000.0,0.0,0.101,0.369,2.201,0.178,5502000.0,365689000.0,1.0,73483648.0,73483648.0,,9.71,921655000.0,21625000.0,43784000.0,9116000.0,12.542,17265000.0
22,AJG,MRY,1998-12-31,1998-12-31,1998-12-31,2021-08-02,-777000.0,760438000.0,704588500.0,544357000.0,216081000.0,0.857,2.973,-13957000.0,155565000.0,155565000.0,0.0,58683000.0,1.004,2.701,0.0,0.0,0.0,0.0,13616000.0,13394000.0,0.0,0.032,0.35,86993000.0,100387000.0,0.166,100387000.0,86993000.0,86993000.0,0.78,0.74,0.78,205487000.0,190045250.0,205487000.0,599206571.0,7.0,5.969,45655000.0,0.66,1.0,603710000.0,1.0,12541000.0,0.0,50344000.0,37566000.0,0.0,77457000.0,57368000.0,20089000.0,554951000.0,541988000.0,12963000.0,762598571.0,-17109000.0,0.0,5004000.0,-1130000.0,-23185000.0,-27418000.0,-49303000.0,16934000.0,59612000.0,0.0,58683000.0,58683000.0,58683000.0,0.0,0.0,0.097,516717000.0,86993000.0,473162000.0,0.449,3.711,12.995,14.144,31969000.0,0.0,11.033,1.263,1.263,293889000.0,172688000.0,603710000.0,603710000.0,0.0,0.083,0.309,2.316,0.144,4273000.0,318408000.0,1.0,69122916.0,69122916.0,,8.734,747897000.0,151482000.0,28310000.0,12621000.0,10.82,2369000.0
23,AJG,MRY,1997-12-31,1997-12-31,1997-12-31,2021-08-02,1658000.0,669609000.0,630948500.0,492770000.0,176839000.0,0.831,2.581,-12228000.0,162226000.0,162226000.0,0.0,57581000.0,1.016,2.906,0.0,0.0,0.0,0.0,11778000.0,11632000.0,0.0,0.036,0.31,85682000.0,97314000.0,0.185,97314000.0,85682000.0,85682000.0,0.82,0.795,0.82,171451000.0,152676000.0,171451000.0,,,,60477000.0,0.91,1.0,524604000.0,1.0,10497000.0,0.0,12089000.0,1117500.0,0.0,101884000.0,62681000.0,39203000.0,498158000.0,484797000.0,13361000.0,572016474.0,15019000.0,8993000.0,-6162000.0,3870000.0,-19990000.0,-21674000.0,-36012000.0,1843000.0,72705000.0,0.0,57581000.0,57581000.0,57581000.0,0.0,0.0,0.11,438922000.0,85682000.0,419663000.0,0.378,3.336,9.934,10.5,29561000.0,0.0,8.61,1.09,1.09,226592000.0,148107000.0,524604000.0,524604000.0,0.0,0.091,0.377,76.673,0.163,0.0,267572000.0,1.0,66436292.0,66436292.0,,7.896,659112000.0,97578000.0,28101000.0,10843000.0,9.921,7973000.0
24,AJG,MRY,1996-12-31,1996-12-31,1996-12-31,2021-08-02,889000.0,592288000.0,,465293000.0,126995000.0,,,-10583000.0,144241000.0,144241000.0,0.0,45482000.0,1.041,3.423,0.0,0.0,0.0,0.0,13043000.0,11075000.0,0.0,0.037,0.29,68367000.0,79442000.0,0.162,79442000.0,68367000.0,68367000.0,0.652,0.627,0.652,133901000.0,,133901000.0,,,,36326000.0,,1.0,490956000.0,1.0,11093000.0,0.0,-9854000.0,,0.0,90290000.0,53409000.0,36881000.0,458387000.0,446808000.0,11579000.0,,-459000.0,0.0,-13324000.0,8870000.0,-17530000.0,-26754000.0,-20614000.0,7026000.0,46909000.0,0.0,45482000.0,45482000.0,45482000.0,0.0,0.0,0.093,422589000.0,68367000.0,393573000.0,0.445,,,11.887,26238000.0,0.0,7.75,,,237640000.0,114415000.0,490956000.0,490956000.0,0.0,,,,0.139,0.0,258992000.0,1.0,,,,,581195000.0,52783000.0,22885000.0,4965000.0,,18485000.0
25,AJG,MRY,1995-12-31,1995-12-31,1995-12-31,2021-08-02,,,,,,,,-10364000.0,,,0.0,42391000.0,,,,,,,,10412000.0,,0.027,0.25,68223000.0,78635000.0,0.176,78635000.0,68223000.0,68223000.0,0.642,0.608,0.642,,,,,,,38459000.0,,1.0,445823000.0,1.0,,0.0,,,,,,,,,,,8732000.0,0.0,-8024000.0,-1130000.0,-14666000.0,-24979000.0,-15112000.0,373000.0,48823000.0,0.0,42391000.0,42391000.0,42391000.0,0.0,0.0,0.095,377600000.0,68223000.0,,0.389,,,14.505,,0.0,9.312,,,,,445823000.0,445823000.0,0.0,,,,0.153,0.0,235759000.0,1.0,,,,,,,25832000.0,,,
0,AJG,MRQ,2021-06-30,2021-06-30,2021-06-30,2021-08-02,-530500000.0,27817200000.0,,15939300000.0,11877900000.0,,42.436,-32000000.0,6375000000.0,6375000000.0,522200000.0,201800000.0,1.326,2.341,6380900000.0,366100000.0,6014800000.0,6380900000.0,592100000.0,145200000.0,0.0,0.013,0.48,266900000.0,412100000.0,0.213,412100000.0,266900000.0,210700000.0,0.94,0.92,0.94,8312700000.0,,8312700000.0,28911550960.0,26.0,17.161,370000000.0,1.889,1.0,1411300000.0,0.73,9077600000.0,56200000.0,6724200000.0,,0.0,0.0,0.0,0.0,19463200000.0,12021300000.0,7441900000.0,27439850960.0,3014100000.0,-151900000.0,1464800000.0,1578300000.0,-105000000.0,2782500000.0,-184200000.0,-300000.0,402000000.0,13800000.0,190200000.0,190200000.0,190200000.0,0.0,11600000.0,0.098,1082300000.0,329000000.0,9716700000.0,0.511,3.301,30.793,30.719,813200000.0,0.0,140.08,3.586,3.586,8394800000.0,2749100000.0,1933500000.0,1933500000.0,0.0,,,,,22000000.0,937100000.0,1.0,195887000.0,195887000.0,,9.87,18739600000.0,1126300000.0,20500000.0,0.0,95.665,3918000000.0
1,AJG,MRQ,2021-03-31,2021-03-31,2021-03-31,2021-08-02,-527800000.0,24414500000.0,,12667500000.0,11747000000.0,,34.743,-27200000.0,3360900000.0,3360900000.0,542200000.0,393700000.0,1.1,2.62,4832600000.0,151300000.0,4681300000.0,4832600000.0,590700000.0,143300000.0,0.0,0.015,0.48,444900000.0,588200000.0,0.272,588200000.0,444900000.0,396800000.0,1.96,1.92,1.96,6731100000.0,,6731100000.0,25464139800.0,24.0,15.828,259100000.0,1.337,1.0,1622800000.0,0.75,8989700000.0,48100000.0,5380500000.0,,0.0,0.0,0.0,0.0,17635000000.0,11516000000.0,6119000000.0,24172939800.0,-213400000.0,-390300000.0,37200000.0,-29600000.0,-97400000.0,-118100000.0,-417900000.0,-400000.0,286300000.0,36300000.0,382100000.0,382100000.0,382100000.0,0.0,11600000.0,0.176,1118900000.0,503900000.0,9205000000.0,0.245,3.591,28.286,28.165,819400000.0,0.0,124.77,3.311,3.311,8309300000.0,2658900000.0,2165000000.0,2165000000.0,0.0,,,,,18000000.0,975600000.0,1.0,193740000.0,193740000.0,,11.175,15424800000.0,1087900000.0,14700000.0,0.0,79.616,1151500000.0
2,AJG,MRQ,2020-12-31,2020-12-31,2020-12-31,2021-08-02,-643600000.0,22331400000.0,,11124200000.0,11207200000.0,,32.166,-19800000.0,3574300000.0,3574300000.0,447100000.0,153100000.0,1.098,2.602,4865500000.0,278600000.0,4586900000.0,4865500000.0,541300000.0,133500000.0,0.0,0.015,0.45,170600000.0,304100000.0,0.179,304100000.0,170600000.0,122800000.0,0.74,0.72,0.74,6186200000.0,,6186200000.0,25193554620.0,25.0,15.841,345100000.0,1.794,1.0,1256500000.0,0.738,8526900000.0,47800000.0,4960700000.0,,0.0,0.0,0.0,0.0,16098700000.0,10135000000.0,5963700000.0,23792154620.0,99500000.0,-233800000.0,28300000.0,-50600000.0,-87300000.0,-123900000.0,-254000000.0,-400000.0,364900000.0,112500000.0,142200000.0,142200000.0,142200000.0,0.0,10900000.0,0.083,1014700000.0,241800000.0,7784600000.0,0.608,3.846,29.057,28.837,824600000.0,0.0,123.71,3.397,3.397,6436000000.0,2371700000.0,1703600000.0,1703600000.0,0.0,,,,,19300000.0,881200000.0,1.0,192322000.0,192322000.0,,8.858,13804500000.0,1085800000.0,-19400000.0,0.0,71.778,989200000.0
3,AJG,MRQ,2020-09-30,2020-09-30,2020-09-30,2021-08-02,-870400000.0,21814900000.0,,11200300000.0,10614600000.0,,30.144,-20700000.0,3474800000.0,3474800000.0,522400000.0,187800000.0,1.107,2.772,4876200000.0,318000000.0,4558200000.0,4876200000.0,531400000.0,133900000.0,0.0,0.017,0.45,246400000.0,380300000.0,0.206,380300000.0,246400000.0,198300000.0,0.92,0.9,0.92,5771700000.0,,5771700000.0,22164497020.0,23.0,14.384,564700000.0,2.949,1.0,1326700000.0,0.717,8027200000.0,48100000.0,5071900000.0,,0.0,0.0,0.0,0.0,15996700000.0,10117200000.0,5879500000.0,20215297020.0,472100000.0,-1900000.0,25400000.0,-70600000.0,-86600000.0,-128700000.0,-23000000.0,-400000.0,585400000.0,38400000.0,176600000.0,176600000.0,176600000.0,0.0,11200000.0,0.096,1007400000.0,319300000.0,7952900000.0,0.489,3.502,26.081,25.814,805100000.0,0.0,105.58,2.879,2.879,6702500000.0,2317300000.0,1849100000.0,1849100000.0,0.0,,,,,17700000.0,873500000.0,1.0,191469000.0,191469000.0,,9.657,13787700000.0,1049800000.0,21700000.0,0.0,72.01,1083100000.0
4,AJG,MRQ,2020-06-30,2020-06-30,2020-06-30,2021-08-02,-982200000.0,21306200000.0,,10760400000.0,10545800000.0,,28.945,-29300000.0,3002700000.0,3002700000.0,376000000.0,161800000.0,1.091,2.874,4951900000.0,328600000.0,4623300000.0,4951900000.0,519600000.0,122600000.0,0.0,0.018,0.45,213600000.0,336200000.0,0.212,336200000.0,213600000.0,163600000.0,0.81,0.79,0.81,5488600000.0,,5488600000.0,21065051290.0,24.0,14.728,664300000.0,3.503,1.0,1208000000.0,0.763,7982400000.0,50000000.0,5409000000.0,,0.0,0.0,0.0,0.0,15771700000.0,9864000000.0,5907700000.0,18486151290.0,369500000.0,-5300000.0,34300000.0,-266400000.0,-86100000.0,-400400000.0,-34800000.0,-200000.0,693600000.0,111100000.0,153700000.0,153700000.0,153700000.0,0.0,8100000.0,0.097,938200000.0,269800000.0,7950500000.0,0.556,3.368,25.512,25.322,823600000.0,0.0,97.49,2.642,2.642,6873500000.0,2228300000.0,1584000000.0,1584000000.0,0.0,,,,,18900000.0,815600000.0,1.0,189621000.0,189621000.0,,8.354,13323800000.0,1012100000.0,9900000.0,0.0,70.265,896400000.0
5,AJG,MRQ,2020-03-31,2020-03-31,2020-03-31,2021-08-02,-1231100000.0,20836500000.0,,10527200000.0,10309300000.0,,26.718,-29500000.0,2633200000.0,2633200000.0,443100000.0,355400000.0,1.07,3.135,5212100000.0,577600000.0,4634500000.0,5212100000.0,491500000.0,172400000.0,0.0,0.021,0.45,397400000.0,569800000.0,0.305,569800000.0,397400000.0,346900000.0,1.83,1.79,1.83,5029500000.0,,5029500000.0,17667712970.0,22.0,13.105,79100000.0,0.42,1.0,1423800000.0,0.763,7802000000.0,50500000.0,5775600000.0,,0.0,0.0,0.0,0.0,15766400000.0,9837800000.0,5928600000.0,15344012970.0,9300000.0,-75100000.0,23900000.0,308500000.0,-87400000.0,147900000.0,-105000000.0,-400000.0,108600000.0,-142200000.0,346300000.0,346300000.0,346300000.0,0.0,9100000.0,0.185,1068600000.0,355200000.0,7778700000.0,0.246,3.051,22.532,22.455,829100000.0,0.0,81.51,2.17,2.17,7094300000.0,2161400000.0,1866900000.0,1866900000.0,0.0,,,,,18600000.0,896200000.0,1.0,188247000.0,188247000.0,,9.917,13034500000.0,1003800000.0,600000.0,0.0,69.241,689400000.0
6,AJG,MRQ,2019-12-31,2019-12-31,2019-12-31,2021-08-02,-759600000.0,19634800000.0,,9117500000.0,10517300000.0,,27.64,-31100000.0,2623900000.0,2623900000.0,561200000.0,105600000.0,1.022,2.797,4947600000.0,790600000.0,4157000000.0,4947600000.0,503800000.0,129600000.0,0.0,0.018,0.43,125000000.0,254600000.0,0.148,254600000.0,125000000.0,76900000.0,0.53,0.51,0.53,5155500000.0,,5155500000.0,19966485290.0,26.0,16.189,319000000.0,1.71,1.0,1160200000.0,0.674,7937200000.0,48100000.0,5100300000.0,,0.0,0.0,0.0,0.0,14419300000.0,8921000000.0,5498300000.0,17762585290.0,16600000.0,-314100000.0,18100000.0,126000000.0,-81300000.0,9700000.0,-396200000.0,-51000000.0,350100000.0,53000000.0,98500000.0,98500000.0,98500000.0,0.0,7100000.0,0.057,987000000.0,173200000.0,6348500000.0,0.811,3.445,26.559,26.453,860900000.0,0.0,95.23,2.469,2.469,5419200000.0,1901300000.0,1721400000.0,1721400000.0,0.0,,,,,15900000.0,857400000.0,1.0,186523000.0,186523000.0,,9.229,11697600000.0,945600000.0,-21600000.0,0.0,62.714,196500000.0
7,AJG,MRQ,2019-09-30,2019-09-30,2019-09-30,2021-08-02,-925100000.0,19173800000.0,,9328600000.0,9845200000.0,,26.029,-32400000.0,2607300000.0,2607300000.0,665400000.0,137100000.0,1.047,2.945,4811200000.0,660100000.0,4151100000.0,4811200000.0,493900000.0,119300000.0,0.0,0.019,0.43,150400000.0,269700000.0,0.148,269700000.0,150400000.0,103800000.0,0.68,0.66,0.68,4843300000.0,,4843300000.0,18824989900.0,27.0,16.261,317100000.0,1.704,1.0,1159800000.0,0.635,7388300000.0,46600000.0,5078500000.0,,0.0,0.0,0.0,0.0,14261800000.0,8910900000.0,5350900000.0,16666289900.0,60700000.0,-214900000.0,18000000.0,103600000.0,-80100000.0,8600000.0,-247600000.0,-300000.0,349500000.0,-49800000.0,126100000.0,126100000.0,126100000.0,0.0,11000000.0,0.069,958000000.0,201800000.0,6573900000.0,0.632,3.441,24.238,24.078,843300000.0,0.0,89.57,2.337,2.337,5684700000.0,1884200000.0,1825200000.0,1825200000.0,0.0,,,,,15500000.0,838700000.0,1.0,186070000.0,186070000.0,,9.809,11785500000.0,952800000.0,-22300000.0,0.0,63.339,417700000.0
8,AJG,MRQ,2019-06-30,2019-06-30,2019-06-30,2021-08-02,-802500000.0,19200300000.0,,9547400000.0,9652900000.0,,26.339,-36000000.0,2546600000.0,2546600000.0,549700000.0,121400000.0,1.069,2.921,4705300000.0,562300000.0,4143000000.0,4705300000.0,504300000.0,115000000.0,0.0,0.019,0.43,139100000.0,254100000.0,0.153,254100000.0,139100000.0,94200000.0,0.59,0.58,0.59,4879400000.0,,4879400000.0,18200422680.0,27.0,16.391,479800000.0,2.59,1.0,1108100000.0,0.668,7250700000.0,44900000.0,5175800000.0,,0.0,0.0,0.0,0.0,14252500000.0,8932500000.0,5320000000.0,16226222680.0,5800000.0,-555200000.0,32300000.0,195100000.0,-80100000.0,112700000.0,-591500000.0,-300000.0,515800000.0,-31200000.0,110100000.0,110100000.0,110100000.0,0.0,11300000.0,0.066,921300000.0,186800000.0,6873800000.0,0.729,3.325,23.547,23.42,826400000.0,0.0,87.59,2.29,2.29,6007600000.0,1839300000.0,1657800000.0,1657800000.0,0.0,,,,,16200000.0,806300000.0,1.0,185252000.0,185252000.0,,8.949,11949600000.0,905700000.0,-15900000.0,0.0,64.505,614900000.0
9,AJG,MRQ,2019-03-31,2019-03-31,2019-03-31,2021-08-02,-721500000.0,18631400000.0,,9669500000.0,8961900000.0,,26.515,-39300000.0,2540800000.0,2540800000.0,645000000.0,351700000.0,1.119,2.802,4515000000.0,494800000.0,4020200000.0,4515000000.0,480100000.0,110500000.0,0.0,0.021,0.43,344400000.0,454900000.0,0.229,454900000.0,344400000.0,304200000.0,1.81,1.77,1.81,4880300000.0,,4880300000.0,15748686000.0,24.0,14.459,-135500000.0,-0.736,1.0,1345600000.0,0.676,6642300000.0,40200000.0,5325400000.0,,0.0,0.0,0.0,0.0,13673200000.0,8637900000.0,5035300000.0,14375086000.0,304000000.0,-101600000.0,32800000.0,574500000.0,-79600000.0,507400000.0,-141300000.0,-400000.0,-96200000.0,34100000.0,334100000.0,334100000.0,334100000.0,0.0,17600000.0,0.168,947600000.0,398000000.0,6741400000.0,0.238,2.946,20.716,20.661,819000000.0,0.0,78.1,2.028,2.028,6253200000.0,1810200000.0,1990600000.0,1990600000.0,0.0,,,,,13600000.0,837100000.0,1.0,184060000.0,184060000.0,,10.815,11989100000.0,869900000.0,-29900000.0,0.0,65.137,1031600000.0
10,AJG,MRQ,2018-12-31,2018-12-31,2018-12-31,2021-08-02,-785600000.0,16334000000.0,,8118700000.0,8215300000.0,,24.497,-33600000.0,2236800000.0,2236800000.0,671300000.0,127800000.0,1.055,2.615,3610400000.0,519000000.0,3091400000.0,3610400000.0,457700000.0,109800000.0,0.0,0.022,0.41,69200000.0,179000000.0,0.108,179000000.0,69200000.0,32700000.0,0.64,0.62,0.64,4498900000.0,,4498900000.0,14805152400.0,26.0,14.889,226900000.0,1.235,1.0,986100000.0,0.595,6398600000.0,36500000.0,3615400000.0,,0.0,0.0,0.0,0.0,11764300000.0,7693600000.0,4070700000.0,13535152400.0,-23700000.0,-207400000.0,12000000.0,98900000.0,-75600000.0,5200000.0,-256500000.0,-15500000.0,260500000.0,-32900000.0,117300000.0,117300000.0,117300000.0,0.0,10500000.0,0.071,869900000.0,116200000.0,5740200000.0,0.641,3.009,21.366,21.239,436900000.0,0.0,73.7,1.952,1.952,4857500000.0,1558600000.0,1657400000.0,1657400000.0,0.0,,,,,13500000.0,760100000.0,1.0,183652000.0,183652000.0,,9.025,9935400000.0,806200000.0,-84600000.0,0.0,54.099,425100000.0
11,AJG,MRQ,2018-09-30,2018-09-30,2018-09-30,2021-08-02,-673400000.0,16114700000.0,,8084000000.0,8030700000.0,,24.886,-28100000.0,2260500000.0,2260500000.0,736500000.0,138400000.0,1.089,2.531,3530500000.0,389300000.0,3141200000.0,3530500000.0,472700000.0,106200000.0,0.0,0.022,0.41,116200000.0,222400000.0,0.125,222400000.0,116200000.0,79500000.0,0.7,0.68,0.7,4544500000.0,,4544500000.0,14736037280.0,26.0,15.264,163200000.0,0.894,1.0,1042000000.0,0.586,6273400000.0,36700000.0,3688700000.0,,0.0,0.0,0.0,0.0,11502000000.0,7422600000.0,4079400000.0,13593637280.0,-84200000.0,-179600000.0,22200000.0,48500000.0,-75300000.0,-44800000.0,-208100000.0,-400000.0,191300000.0,-22600000.0,127600000.0,127600000.0,127600000.0,0.0,10800000.0,0.072,871900000.0,170100000.0,5693600000.0,0.586,2.991,23.13,23.046,429300000.0,0.0,74.44,2.0,2.0,4872000000.0,1517600000.0,1778500000.0,1778500000.0,0.0,,,,,13500000.0,765700000.0,1.0,182612000.0,182612000.0,,9.739,9841300000.0,743400000.0,-48100000.0,0.0,53.892,661400000.0
12,AJG,MRQ,2018-06-30,2018-06-30,2018-06-30,2021-08-02,-651400000.0,16230500000.0,,8365000000.0,7865500000.0,,24.379,-31600000.0,2344700000.0,2344700000.0,664600000.0,123700000.0,1.105,2.637,3487100000.0,346100000.0,3141000000.0,3487100000.0,471800000.0,104200000.0,0.0,0.025,0.41,128700000.0,232900000.0,0.14,232900000.0,128700000.0,94800000.0,0.63,0.62,0.63,4443600000.0,,4443600000.0,13063181440.0,24.0,13.834,499300000.0,2.739,1.0,995800000.0,0.6,6134900000.0,33900000.0,3669400000.0,,0.0,0.0,0.0,0.0,11717400000.0,7568600000.0,4148800000.0,11898781440.0,236000000.0,-328200000.0,15400000.0,220800000.0,-74800000.0,132100000.0,-358800000.0,1000000.0,530900000.0,-68200000.0,114900000.0,114900000.0,114900000.0,0.0,8800000.0,0.069,828900000.0,166900000.0,5982700000.0,0.651,2.678,20.835,20.79,427600000.0,0.0,65.28,1.8,1.8,5142200000.0,1466000000.0,1660400000.0,1660400000.0,0.0,,,,,13600000.0,724700000.0,1.0,182273000.0,182273000.0,,9.109,10095600000.0,716300000.0,-20100000.0,0.0,55.387,796400000.0
13,AJG,MRQ,2018-03-31,2018-03-31,2018-03-31,2021-08-02,-499500000.0,16127500000.0,,8533300000.0,7594200000.0,,24.884,-31100000.0,2108700000.0,2108700000.0,647300000.0,286000000.0,1.102,2.557,3273100000.0,481000000.0,2792100000.0,3273100000.0,465200000.0,98800000.0,0.0,0.023,0.41,261300000.0,360100000.0,0.196,360100000.0,261300000.0,230000000.0,1.51,1.48,1.51,4514600000.0,,4514600000.0,13297408980.0,27.0,15.041,-248700000.0,-1.371,1.0,1190400000.0,0.648,5875900000.0,31300000.0,3673600000.0,,0.0,0.0,0.0,0.0,11543000000.0,7742400000.0,3800600000.0,12469408980.0,-196300000.0,-55100000.0,21000000.0,139700000.0,-76100000.0,69500000.0,-86900000.0,-700000.0,-217600000.0,38700000.0,273700000.0,273700000.0,273700000.0,0.0,12300000.0,0.149,874600000.0,315800000.0,6071300000.0,0.272,2.762,23.697,23.7,424200000.0,0.0,68.73,1.936,1.936,5675400000.0,1426700000.0,1837700000.0,1837700000.0,0.0,,,,,14700000.0,775800000.0,1.0,181426000.0,181426000.0,,10.129,10251600000.0,708400000.0,-43700000.0,0.0,56.506,790900000.0
14,AJG,MRQ,2017-12-31,2017-12-31,2017-12-31,2021-08-02,-555400000.0,14909700000.0,,7269400000.0,7640300000.0,,23.427,-35400000.0,2305000000.0,2305000000.0,636900000.0,78500000.0,1.08,2.505,3133000000.0,441100000.0,2691900000.0,3133000000.0,430600000.0,96600000.0,0.0,0.025,0.39,53400000.0,150000000.0,0.099,150000000.0,53400000.0,22200000.0,0.39,0.38,0.39,4235600000.0,,4235600000.0,12283560720.0,27.0,14.727,225600000.0,1.248,1.0,882500000.0,0.581,5809400000.0,31200000.0,3198100000.0,,0.0,0.0,0.0,0.0,10610000000.0,6730200000.0,3879800000.0,11440960720.0,124500000.0,-73100000.0,-7500000.0,97600000.0,-71100000.0,-1200000.0,-108800000.0,-300000.0,261000000.0,-26500000.0,71500000.0,71500000.0,71500000.0,0.0,7000000.0,0.047,784800000.0,97700000.0,4986000000.0,1.0,2.701,23.771,23.7,412200000.0,0.0,63.28,1.831,1.831,4082800000.0,1221800000.0,1519400000.0,1519400000.0,0.0,,,,,12500000.0,688200000.0,1.0,180799000.0,180799000.0,,8.404,9100300000.0,851600000.0,-49300000.0,0.0,50.334,539200000.0
15,AJG,MRQ,2017-09-30,2017-09-30,2017-09-30,2021-08-02,-498900000.0,12810400000.0,,5087400000.0,7723000000.0,,22.813,-28200000.0,2180500000.0,2180500000.0,660400000.0,118100000.0,1.081,2.102,3023100000.0,281400000.0,2741700000.0,3023100000.0,85400000.0,100100000.0,0.0,0.025,0.39,101200000.0,201300000.0,0.126,201300000.0,101200000.0,69800000.0,0.61,0.61,0.61,4110000000.0,,4110000000.0,12132994200.0,26.0,14.472,304100000.0,1.688,1.0,933300000.0,0.586,5831600000.0,31400000.0,3116200000.0,,0.0,0.0,0.0,0.0,8638200000.0,4705200000.0,3933000000.0,11089094200.0,111600000.0,-88300000.0,15300000.0,-95700000.0,-70000000.0,-165600000.0,-118800000.0,-2300000.0,332300000.0,63700000.0,111000000.0,111000000.0,111000000.0,0.0,7100000.0,0.07,780600000.0,152700000.0,3508500000.0,0.639,2.698,22.756,22.712,413400000.0,0.0,61.55,1.788,1.788,2227300000.0,1062100000.0,1593700000.0,1593700000.0,0.0,,,,,12900000.0,680500000.0,1.0,180164000.0,180164000.0,,8.846,6978800000.0,918400000.0,-41200000.0,0.0,38.736,382200000.0
16,AJG,MRQ,2017-06-30,2017-06-30,2017-06-30,2021-08-02,-661900000.0,12569600000.0,,5107200000.0,7462400000.0,,21.417,-36300000.0,2068900000.0,2068900000.0,601300000.0,78300000.0,1.051,2.252,3112800000.0,468000000.0,2644800000.0,3112800000.0,74000000.0,95300000.0,0.0,0.027,0.39,77400000.0,172700000.0,0.116,172700000.0,77400000.0,45800000.0,0.39,0.39,0.39,3844700000.0,,3844700000.0,11399276500.0,24.0,13.542,209100000.0,1.165,1.0,888200000.0,0.596,5651600000.0,31600000.0,3103900000.0,,0.0,0.0,0.0,0.0,8659600000.0,4858000000.0,3801600000.0,10277176500.0,246900000.0,-75800000.0,14600000.0,169500000.0,-70200000.0,99100000.0,-113200000.0,-1100000.0,245400000.0,15600000.0,70000000.0,70000000.0,70000000.0,0.0,8300000.0,0.047,762200000.0,126000000.0,3546400000.0,1.0,2.673,20.591,20.52,387600000.0,0.0,57.25,1.688,1.688,2374200000.0,1002900000.0,1489500000.0,1489500000.0,0.0,,,,,15100000.0,666900000.0,1.0,179514000.0,179514000.0,,8.297,6918000000.0,861900000.0,-24200000.0,0.0,38.537,249200000.0
17,AJG,MRQ,2017-03-31,2017-03-31,2017-03-31,2021-08-02,-699100000.0,11780600000.0,,4483200000.0,7297400000.0,,20.505,-29300000.0,1822000000.0,1822000000.0,566400000.0,242000000.0,0.937,2.199,2944100000.0,799400000.0,2144700000.0,2944100000.0,75300000.0,93800000.0,0.0,0.027,0.39,216300000.0,310100000.0,0.188,310100000.0,216300000.0,186400000.0,1.28,1.27,1.28,3662500000.0,,3662500000.0,11009605180.0,20.0,12.01,-13800000.0,-0.077,1.0,1080000000.0,0.656,5579000000.0,29900000.0,2539000000.0,,0.0,0.0,0.0,0.0,8053300000.0,4784700000.0,3268600000.0,10099005180.0,-115600000.0,-135700000.0,20300000.0,89200000.0,-71400000.0,19900000.0,-170200000.0,-5200000.0,15500000.0,19200000.0,228800000.0,228800000.0,228800000.0,0.0,13200000.0,0.139,805600000.0,274400000.0,3028200000.0,0.305,2.757,17.439,17.397,375500000.0,0.0,56.54,1.676,1.676,2066800000.0,901800000.0,1646400000.0,1646400000.0,0.0,,,,,10300000.0,711800000.0,1.0,178617000.0,178617000.0,,9.217,6201600000.0,806700000.0,-42400000.0,0.0,34.72,-301500000.0
18,AJG,MRQ,2016-12-31,2016-12-31,2016-12-31,2021-08-02,-763600000.0,11489600000.0,,4416100000.0,7073500000.0,,20.212,-79000000.0,1937600000.0,1937600000.0,507100000.0,86300000.0,0.958,2.178,2848200000.0,703600000.0,2144600000.0,2848200000.0,69000000.0,89300000.0,0.0,0.029,0.38,65000000.0,154300000.0,0.105,154300000.0,65000000.0,36700000.0,0.43,0.43,0.43,3596600000.0,,3596600000.0,10102614360.0,25.0,13.281,201700000.0,1.134,1.0,963600000.0,0.655,5395100000.0,28300000.0,2393400000.0,,0.0,0.0,0.0,0.0,7833800000.0,4611700000.0,3222100000.0,9245814360.0,-6300000.0,-95900000.0,8800000.0,68700000.0,-67900000.0,-1500000.0,-184500000.0,-9600000.0,280700000.0,-101000000.0,77500000.0,77500000.0,77500000.0,0.0,8800000.0,0.053,746800000.0,216800000.0,2996100000.0,0.884,2.571,23.301,23.3,377600000.0,0.0,51.96,1.628,1.628,1844800000.0,916400000.0,1470700000.0,1470700000.0,0.0,,,,,10700000.0,657500000.0,1.0,177941000.0,177941000.0,,8.265,6094500000.0,796500000.0,-40800000.0,0.0,34.25,-195600000.0
19,AJG,MRQ,2016-09-30,2016-09-30,2016-09-30,2021-08-02,-620500000.0,11200300000.0,,4213700000.0,6986600000.0,,20.824,-35700000.0,1928900000.0,1928900000.0,639300000.0,130400000.0,0.958,2.023,2785700000.0,741100000.0,2044600000.0,2785700000.0,83700000.0,88900000.0,0.0,0.03,0.38,115800000.0,204700000.0,0.138,204700000.0,115800000.0,87300000.0,0.69,0.69,0.69,3686500000.0,,3686500000.0,9894166970.0,25.0,13.219,203800000.0,1.151,1.0,843000000.0,0.569,5392500000.0,28500000.0,2265700000.0,,0.0,0.0,0.0,0.0,7459100000.0,4398900000.0,3060200000.0,9005566970.0,120700000.0,-45500000.0,15900000.0,51600000.0,-67900000.0,-25500000.0,-91500000.0,-10300000.0,239500000.0,-1800000.0,122800000.0,122800000.0,122800000.0,0.0,7600000.0,0.083,715500000.0,127500000.0,2866900000.0,0.551,2.443,23.599,23.771,213900000.0,0.0,50.87,1.624,1.624,1683700000.0,889800000.0,1482300000.0,1482300000.0,0.0,,,,,10800000.0,626600000.0,1.0,177031000.0,177031000.0,,8.373,5807800000.0,749800000.0,-35500000.0,0.0,32.807,-185200000.0
20,AJG,MRQ,2016-06-30,2016-06-30,2016-06-30,2021-08-02,-603500000.0,11384300000.0,,4485600000.0,6898700000.0,,20.324,-41200000.0,1842000000.0,1842000000.0,529600000.0,155700000.0,1.023,2.147,2730600000.0,386200000.0,2344400000.0,2730600000.0,72800000.0,88600000.0,0.0,0.032,0.38,159000000.0,247600000.0,0.173,247600000.0,159000000.0,131800000.0,0.85,0.84,0.85,3599900000.0,,3599900000.0,9225440400.0,23.0,12.31,-11800000.0,-0.067,1.0,897500000.0,0.629,5375900000.0,27200000.0,2513300000.0,,0.0,0.0,0.0,0.0,7728500000.0,4383700000.0,3344800000.0,8431340400.0,-14300000.0,-51400000.0,-56500000.0,209800000.0,-67500000.0,57300000.0,-98100000.0,-5500000.0,29400000.0,-2900000.0,150000000.0,150000000.0,150000000.0,0.0,5700000.0,0.105,719600000.0,177900000.0,3216500000.0,0.447,2.342,21.503,21.538,213900000.0,0.0,47.6,1.528,1.528,2038400000.0,835200000.0,1427100000.0,1427100000.0,0.0,,,,,12700000.0,631000000.0,1.0,177129000.0,177129000.0,,8.057,6008400000.0,702300000.0,-18200000.0,0.0,33.921,101900000.0
21,AJG,MRQ,2016-03-31,2016-03-31,2016-03-31,2021-08-02,-535400000.0,10712600000.0,,3939500000.0,6773100000.0,,20.319,-61900000.0,1728900000.0,1728900000.0,508900000.0,57900000.0,0.979,1.963,2523000000.0,451200000.0,2071800000.0,2523000000.0,70500000.0,84000000.0,0.0,0.033,0.38,70100000.0,154100000.0,0.119,154100000.0,70100000.0,44300000.0,0.26,0.26,0.26,3597100000.0,,3597100000.0,8438660960.0,22.0,11.555,38100000.0,0.215,1.0,791500000.0,0.609,5366300000.0,25800000.0,2118000000.0,,0.0,0.0,0.0,0.0,7060300000.0,4022400000.0,3037900000.0,7874160960.0,-55000000.0,-42800000.0,-23600000.0,66700000.0,-68900000.0,-41900000.0,-111200000.0,-6500000.0,100000000.0,-1900000.0,46500000.0,46500000.0,46500000.0,0.0,11400000.0,0.036,706100000.0,85400000.0,2722900000.0,1.462,2.189,20.645,20.404,218200000.0,0.0,44.48,1.442,1.442,1706800000.0,753400000.0,1300400000.0,1300400000.0,0.0,,,,,9000000.0,622100000.0,1.0,177027000.0,177027000.0,,7.346,5346300000.0,660600000.0,-2200000.0,0.0,30.2,-82900000.0
22,AJG,MRQ,2015-12-31,2015-12-31,2015-12-31,2021-08-02,-522500000.0,10910500000.0,,4213700000.0,6696800000.0,,20.591,-27200000.0,1892500000.0,1892500000.0,538500000.0,68200000.0,1.006,1.985,2453700000.0,382000000.0,2071700000.0,2453700000.0,61300000.0,93800000.0,0.0,0.036,0.37,48300000.0,142100000.0,0.106,142100000.0,48300000.0,22500000.0,0.34,0.35,0.34,3638300000.0,,3638300000.0,7907193300.0,22.0,11.322,332400000.0,1.881,1.0,796400000.0,0.597,5361700000.0,25800000.0,1922900000.0,,0.0,0.0,0.0,0.0,7222300000.0,4187100000.0,3035200000.0,7233893300.0,155200000.0,-72600000.0,4300000.0,61500000.0,-65000000.0,-32900000.0,-108700000.0,-8900000.0,359600000.0,-62800000.0,62300000.0,62300000.0,62300000.0,0.0,5900000.0,0.047,727500000.0,68900000.0,2877100000.0,1.088,1.988,20.274,19.778,249000000.0,0.0,40.94,1.341,1.341,1734000000.0,774500000.0,1334900000.0,1334900000.0,0.0,,,,,8900000.0,633700000.0,1.0,176695000.0,176695000.0,,7.555,5548800000.0,643500000.0,-39800000.0,0.0,31.403,26600000.0
23,AJG,MRQ,2015-09-30,2015-09-30,2015-09-30,2021-08-02,-496300000.0,10510400000.0,,4020100000.0,6490300000.0,,20.925,-26300000.0,1719300000.0,1719300000.0,627000000.0,140900000.0,1.078,1.862,2392600000.0,267600000.0,2125000000.0,2392600000.0,51700000.0,81900000.0,0.0,0.036,0.37,123700000.0,205600000.0,0.141,205600000.0,123700000.0,98100000.0,0.76,0.75,0.76,3652400000.0,,3652400000.0,7811317600.0,21.0,11.455,211700000.0,1.213,1.0,827800000.0,0.569,5321400000.0,25600000.0,2133100000.0,,0.0,0.0,0.0,0.0,6802500000.0,3729200000.0,3073300000.0,7205217600.0,48000000.0,-105500000.0,10800000.0,32000000.0,-65800000.0,-35600000.0,-144700000.0,-12900000.0,238000000.0,-9700000.0,133300000.0,133300000.0,133300000.0,0.0,7600000.0,0.092,686800000.0,141000000.0,2707100000.0,0.487,1.973,20.824,20.537,200700000.0,0.0,41.28,1.359,1.359,1600800000.0,778400000.0,1454800000.0,1454800000.0,0.0,,,,,8600000.0,604900000.0,1.0,174545000.0,174545000.0,,8.335,5189000000.0,487800000.0,-35200000.0,0.0,29.729,290900000.0
24,AJG,MRQ,2015-06-30,2015-06-30,2015-06-30,2021-08-02,-338700000.0,10716100000.0,,4261400000.0,6454700000.0,,21.832,-27700000.0,1765500000.0,1765500000.0,513900000.0,147600000.0,1.091,1.925,2371600000.0,246600000.0,2125000000.0,2371600000.0,63800000.0,82300000.0,0.0,0.031,0.37,146200000.0,228500000.0,0.167,228500000.0,146200000.0,120200000.0,0.82,0.81,0.82,3638500000.0,,3638500000.0,8755276100.0,24.0,13.21,-52500000.0,-0.315,1.0,857500000.0,0.625,5330900000.0,26000000.0,2085900000.0,,0.0,0.0,0.0,0.0,7004600000.0,3905400000.0,3099200000.0,7882876100.0,44900000.0,-41100000.0,170100000.0,38700000.0,-64000000.0,141200000.0,-75200000.0,-6400000.0,-24800000.0,3700000.0,139300000.0,139300000.0,139300000.0,0.0,8300000.0,0.102,697400000.0,160100000.0,2901100000.0,0.451,2.167,25.736,25.847,198200000.0,0.0,47.3,1.535,1.535,1764500000.0,710800000.0,1371400000.0,1371400000.0,0.0,,,,,10000000.0,615100000.0,1.0,166657000.0,166657000.0,,8.229,5385200000.0,438000000.0,-19100000.0,0.0,32.313,356000000.0
25,AJG,MRQ,2015-03-31,2015-03-31,2015-03-31,2021-08-02,-380200000.0,9730900000.0,,3594800000.0,6136100000.0,,19.091,-17800000.0,1463400000.0,1463400000.0,512800000.0,32400000.0,1.045,2.07,2335800000.0,210800000.0,2125000000.0,2335800000.0,76300000.0,76200000.0,0.0,0.031,0.37,46000000.0,122200000.0,0.099,122200000.0,46000000.0,20400000.0,0.13,0.13,0.13,3145200000.0,,3145200000.0,8412682000.0,25.0,13.521,95500000.0,0.58,1.0,718500000.0,0.584,5141600000.0,25600000.0,2023000000.0,,0.0,0.0,0.0,0.0,6511300000.0,3438700000.0,3072600000.0,7701782000.0,-37600000.0,-21200000.0,18100000.0,-53300000.0,-62700000.0,-104400000.0,-40300000.0,-1300000.0,113300000.0,-6200000.0,21900000.0,21900000.0,21900000.0,0.0,10500000.0,0.018,651400000.0,67100000.0,2447000000.0,2.846,2.449,27.905,27.18,190600000.0,0.0,46.75,1.558,1.558,1543600000.0,636000000.0,1231300000.0,1231300000.0,0.0,,,,,6400000.0,575200000.0,1.0,164744000.0,164744000.0,,7.474,4589300000.0,395400000.0,-1500000.0,0.0,27.857,156100000.0
26,AJG,MRQ,2014-12-31,2014-12-31,2014-12-31,2021-08-02,-260600000.0,10010000000.0,,3811200000.0,6198800000.0,,20.012,-21800000.0,1682000000.0,1682000000.0,509000000.0,54700000.0,1.046,2.076,2392900000.0,267900000.0,2125000000.0,2392900000.0,66100000.0,73600000.0,0.0,0.031,0.36,52000000.0,125600000.0,0.101,125600000.0,52000000.0,26300000.0,0.3,0.3,0.3,3229400000.0,,3229400000.0,8386087920.0,24.0,13.629,156600000.0,0.97,1.0,736400000.0,0.591,5225600000.0,25700000.0,1852600000.0,,0.0,0.0,0.0,0.0,6704900000.0,3642700000.0,3062200000.0,7597487920.0,23900000.0,-78600000.0,36400000.0,-35800000.0,-58800000.0,-67300000.0,-101000000.0,-600000.0,178400000.0,13800000.0,51500000.0,51500000.0,51500000.0,0.0,3200000.0,0.041,680300000.0,56100000.0,2623300000.0,1.2,2.353,25.041,23.778,195400000.0,0.0,47.08,1.642,1.642,1462500000.0,676000000.0,1245400000.0,1245400000.0,0.0,,,,,8400000.0,606700000.0,1.0,161374000.0,161374000.0,,7.717,4784400000.0,392600000.0,-25200000.0,0.0,29.648,168500000.0
27,AJG,MRQ,2014-09-30,2014-09-30,2014-09-30,2021-08-02,-83700000.0,9988000000.0,,3972400000.0,6015600000.0,,20.479,-17600000.0,1632600000.0,1632600000.0,523500000.0,101300000.0,1.054,2.068,2421200000.0,296200000.0,2125000000.0,2421200000.0,98700000.0,72900000.0,0.0,0.032,0.36,113600000.0,186500000.0,0.145,186500000.0,113600000.0,87700000.0,0.58,0.58,0.58,3256000000.0,,3256000000.0,7646422480.0,21.0,12.666,17800000.0,0.112,1.0,763300000.0,0.593,5067300000.0,25900000.0,1939500000.0,,0.0,0.0,0.0,0.0,6732000000.0,3769800000.0,2962200000.0,7211922480.0,-683000000.0,-432200000.0,12600000.0,-208700000.0,-58200000.0,-264300000.0,-449300000.0,500000.0,35400000.0,-4800000.0,93600000.0,93600000.0,93600000.0,0.0,7700000.0,0.073,637500000.0,125800000.0,2755400000.0,0.621,2.215,23.123,21.498,196600000.0,0.0,45.36,1.688,1.688,1669000000.0,683700000.0,1286800000.0,1286800000.0,0.0,,,,,8800000.0,564600000.0,1.0,158993000.0,158993000.0,,8.093,4920700000.0,352700000.0,-5900000.0,0.0,30.949,202600000.0
28,AJG,MRQ,2014-06-30,2014-06-30,2014-06-30,2021-08-02,54200000.0,10019300000.0,,4440300000.0,5579000000.0,,20.685,-22300000.0,2082500000.0,2082500000.0,449700000.0,113700000.0,1.146,2.083,2517000000.0,392000000.0,2125000000.0,2517000000.0,94300000.0,59500000.0,0.0,0.03,0.36,128400000.0,187900000.0,0.159,187900000.0,128400000.0,107200000.0,0.71,0.7,0.71,3249600000.0,,3249600000.0,7557973600.0,21.0,13.475,116400000.0,0.741,1.0,729600000.0,0.619,4659100000.0,21200000.0,1919700000.0,,0.0,0.0,0.0,0.0,6769700000.0,3875000000.0,2894700000.0,7320673600.0,234300000.0,-1377700000.0,929900000.0,624600000.0,-56800000.0,1493600000.0,-1416900000.0,-16900000.0,138700000.0,18900000.0,109000000.0,109000000.0,109000000.0,0.0,4700000.0,0.092,589500000.0,140100000.0,2819400000.0,0.507,2.253,24.994,22.19,193700000.0,0.0,46.6,1.916,1.916,1997600000.0,648400000.0,1179300000.0,1179300000.0,0.0,,,,,9100000.0,530000000.0,1.0,157096000.0,157096000.0,,7.507,5360200000.0,328900000.0,-1800000.0,0.0,34.121,565300000.0
29,AJG,MRQ,2014-03-31,2014-03-31,2014-03-31,2021-08-02,6900000.0,7275600000.0,,3198000000.0,4077600000.0,,16.021,-19800000.0,1655100000.0,1655100000.0,319800000.0,57800000.0,1.054,2.393,1892400000.0,467400000.0,1425000000.0,1892400000.0,86600000.0,52900000.0,0.0,0.03,0.36,62400000.0,115300000.0,0.126,115300000.0,62400000.0,46200000.0,0.37,0.36,0.37,2144200000.0,,2144200000.0,6498154780.0,19.0,12.375,64300000.0,0.48,1.0,595200000.0,0.65,3235800000.0,16200000.0,1243500000.0,,0.0,0.0,0.0,0.0,5131400000.0,3033600000.0,2097800000.0,6368154780.0,441100000.0,-21600000.0,18100000.0,436900000.0,-49300000.0,401500000.0,-44500000.0,-3100000.0,84100000.0,0.0,49300000.0,49300000.0,49300000.0,0.0,8500000.0,0.054,519200000.0,76000000.0,1974700000.0,0.973,2.97,22.957,22.443,165900000.0,0.0,47.58,1.862,1.862,1253400000.0,596900000.0,915000000.0,915000000.0,0.0,,,,,7200000.0,466300000.0,1.0,133841000.0,133841000.0,,6.836,4039800000.0,292900000.0,-3100000.0,0.0,30.184,164400000.0
30,AJG,MRQ,2013-12-31,2013-12-31,2013-12-31,2021-08-02,-2600000.0,6860500000.0,,2875600000.0,3984900000.0,,15.855,-23800000.0,1325500000.0,1325500000.0,286900000.0,76000000.0,0.875,2.29,1455500000.0,630500000.0,825000000.0,1455500000.0,84500000.0,50300000.0,0.0,0.03,0.35,63700000.0,114000000.0,0.128,114000000.0,63700000.0,49800000.0,0.45,0.45,0.45,2085500000.0,,2085500000.0,6022478340.0,19.0,11.956,70100000.0,0.533,1.0,603300000.0,0.678,3224000000.0,13900000.0,481700000.0,,0.0,0.0,0.0,0.0,4775000000.0,3284800000.0,1490200000.0,6173078340.0,11200000.0,-392500000.0,11700000.0,395000000.0,-46600000.0,338700000.0,-421200000.0,-4900000.0,93900000.0,-200000.0,60000000.0,60000000.0,60000000.0,0.0,16000000.0,0.067,523400000.0,79900000.0,2154700000.0,0.778,2.96,22.982,22.562,160400000.0,0.0,46.93,1.941,1.941,1288800000.0,596400000.0,890200000.0,890200000.0,0.0,,,,,10700000.0,473100000.0,1.0,131538000.0,131538000.0,,6.768,3636500000.0,279800000.0,-10200000.0,0.0,27.646,-409200000.0
31,AJG,MRQ,2013-09-30,2013-09-30,2013-09-30,2021-08-02,-41800000.0,5970200000.0,,2546700000.0,3423500000.0,,15.131,-33900000.0,1211100000.0,1211100000.0,280000000.0,74600000.0,0.988,2.09,1060500000.0,235500000.0,825000000.0,1060500000.0,69700000.0,45100000.0,0.0,0.032,0.35,98600000.0,143700000.0,0.172,143700000.0,98600000.0,85500000.0,0.57,0.57,0.57,1932200000.0,,1932200000.0,5345517700.0,17.0,11.074,170900000.0,1.338,1.0,555800000.0,0.665,2689500000.0,13100000.0,552200000.0,,0.0,0.0,0.0,0.0,4038000000.0,2577900000.0,1460100000.0,5574017700.0,46900000.0,-219200000.0,13100000.0,135500000.0,-45900000.0,104100000.0,-265200000.0,-12100000.0,204800000.0,3200000.0,74600000.0,74600000.0,74600000.0,0.0,0.0,0.089,457600000.0,98200000.0,1875900000.0,0.614,2.885,23.024,23.218,148100000.0,0.0,43.65,1.881,1.881,1075100000.0,583200000.0,835800000.0,835800000.0,0.0,,,,,7100000.0,412500000.0,1.0,127698000.0,127698000.0,,6.545,3280700000.0,283600000.0,10900000.0,0.0,25.691,-31200000.0
32,AJG,MRQ,2013-06-30,2013-06-30,2013-06-30,2021-08-02,-72600000.0,5562100000.0,,2602600000.0,2959500000.0,,13.428,-26600000.0,1153500000.0,1153500000.0,214400000.0,93500000.0,1.11,2.268,925000000.0,0.0,925000000.0,925000000.0,73600000.0,42800000.0,0.0,0.032,0.35,109300000.0,152100000.0,0.195,152100000.0,109300000.0,97400000.0,0.73,0.73,0.73,1702000000.0,,1702000000.0,5289782260.0,17.0,11.437,-4000000.0,-0.032,1.0,565100000.0,0.725,2290800000.0,11900000.0,699100000.0,,0.0,0.0,0.0,0.0,3860100000.0,2343700000.0,1516400000.0,5537882260.0,16000000.0,-92300000.0,24400000.0,150000000.0,-45900000.0,129400000.0,-132500000.0,-13600000.0,22600000.0,-3500000.0,93500000.0,93500000.0,93500000.0,0.0,0.0,0.12,458300000.0,106800000.0,1947600000.0,0.479,3.254,24.162,24.138,123000000.0,0.0,43.69,1.994,1.994,1245200000.0,554900000.0,779500000.0,779500000.0,0.0,,,,,5800000.0,415500000.0,1.0,126754000.0,126754000.0,,6.15,3271300000.0,275100000.0,3900000.0,0.0,25.808,258900000.0
33,AJG,MRQ,2013-03-31,2013-03-31,2013-03-31,2021-08-02,-55000000.0,5225100000.0,,2301400000.0,2923700000.0,,13.226,-9300000.0,1023100000.0,1023100000.0,191900000.0,40500000.0,1.039,2.139,775000000.0,50000000.0,725000000.0,775000000.0,66400000.0,40400000.0,0.0,0.033,0.35,53500000.0,93900000.0,0.139,93900000.0,53500000.0,42300000.0,0.32,0.32,0.32,1664700000.0,,1664700000.0,4899989700.0,16.0,10.92,41900000.0,0.333,1.0,482200000.0,0.715,2237100000.0,11200000.0,524800000.0,,0.0,0.0,0.0,0.0,3560400000.0,2215100000.0,1345300000.0,5199689700.0,-78100000.0,-18200000.0,27000000.0,-79000000.0,-44200000.0,-92200000.0,-32800000.0,-5300000.0,51200000.0,-4300000.0,40500000.0,40500000.0,40500000.0,0.0,0.0,0.06,424300000.0,57900000.0,1728300000.0,1.094,3.123,25.071,24.589,108500000.0,0.0,41.31,1.964,1.964,1050600000.0,506400000.0,674100000.0,674100000.0,0.0,,,,,3100000.0,383900000.0,1.0,125870000.0,125870000.0,,5.356,2988000000.0,258500000.0,1800000.0,0.0,23.739,86300000.0
34,AJG,MRQ,2012-12-31,2012-12-31,2012-12-31,2021-08-02,-32800000.0,5352300000.0,,2429500000.0,2922800000.0,,13.334,-14900000.0,1153700000.0,1153700000.0,166800000.0,33500000.0,1.028,2.227,854000000.0,129000000.0,725000000.0,854000000.0,70600000.0,36700000.0,0.0,0.039,0.34,56300000.0,93000000.0,0.138,93000000.0,56300000.0,45400000.0,0.26,0.26,0.26,1658600000.0,,1658600000.0,3924309550.0,14.0,9.154,148700000.0,1.195,1.0,506400000.0,0.752,2282300000.0,10900000.0,407400000.0,,0.0,0.0,0.0,0.0,3693700000.0,2362900000.0,1330800000.0,4310009550.0,-3100000.0,-203700000.0,19900000.0,129000000.0,-84700000.0,61000000.0,-227800000.0,-9200000.0,163600000.0,100000.0,33500000.0,33500000.0,33500000.0,0.0,0.0,0.05,447700000.0,58700000.0,1819700000.0,1.308,2.599,22.103,21.522,105400000.0,0.0,34.65,1.71,1.71,1096100000.0,510400000.0,673200000.0,673200000.0,0.0,,,,,3900000.0,411000000.0,1.0,124387000.0,124387000.0,,5.412,3070000000.0,251800000.0,11900000.0,0.0,24.681,66600000.0
35,AJG,MRQ,2012-09-30,2012-09-30,2012-09-30,2021-08-02,-25800000.0,5009300000.0,,2324900000.0,2684400000.0,,13.525,-9500000.0,1110700000.0,1110700000.0,149300000.0,61700000.0,1.112,2.062,725000000.0,0.0,725000000.0,725000000.0,67700000.0,36500000.0,0.0,0.038,0.34,87000000.0,123500000.0,0.19,123500000.0,87000000.0,76300000.0,0.5,0.5,0.5,1636200000.0,,1636200000.0,3950096140.0,14.0,9.242,106900000.0,0.884,1.0,501100000.0,0.77,2096600000.0,10700000.0,436700000.0,,0.0,0.0,0.0,0.0,3373100000.0,2090300000.0,1282800000.0,4333396140.0,23100000.0,-60100000.0,12300000.0,2000000.0,-41100000.0,-25300000.0,-72100000.0,-2500000.0,116400000.0,4100000.0,61700000.0,61700000.0,61700000.0,0.0,0.0,0.095,410400000.0,90700000.0,1703600000.0,0.68,2.648,21.452,21.071,101000000.0,0.0,35.82,1.787,1.787,1031700000.0,519700000.0,650400000.0,650400000.0,0.0,,,,,4200000.0,373900000.0,1.0,120977000.0,120977000.0,,5.376,2912700000.0,240900000.0,14600000.0,0.0,24.076,234600000.0
36,AJG,MRQ,2012-06-30,2012-06-30,2012-06-30,2021-08-02,-48100000.0,5133600000.0,,2631800000.0,2501800000.0,,12.451,-13600000.0,1106300000.0,1106300000.0,152700000.0,71700000.0,1.078,2.485,723000000.0,48000000.0,675000000.0,723000000.0,74000000.0,36400000.0,0.0,0.038,0.34,101900000.0,138300000.0,0.213,138300000.0,101900000.0,91100000.0,0.6,0.59,0.6,1472900000.0,,1472900000.0,3936145930.0,14.0,9.494,99000000.0,0.837,1.0,497200000.0,0.765,1930800000.0,10800000.0,377500000.0,,0.0,0.0,0.0,0.0,3660700000.0,2442000000.0,1218700000.0,4148745930.0,-19700000.0,-56400000.0,21900000.0,-44000000.0,-39800000.0,-59500000.0,-70000000.0,0.0,112600000.0,-2800000.0,71700000.0,71700000.0,71700000.0,0.0,0.0,0.11,400500000.0,96700000.0,2038200000.0,0.567,2.817,22.186,21.783,100900000.0,0.0,35.07,1.775,1.775,1367600000.0,500700000.0,649900000.0,649900000.0,0.0,,,,,5000000.0,364100000.0,1.0,118299000.0,118299000.0,,5.494,3202800000.0,237700000.0,19400000.0,0.0,27.074,189800000.0
37,AJG,MRQ,2012-03-31,2012-03-31,2012-03-31,2021-08-02,-36000000.0,4602700000.0,,2225000000.0,2377700000.0,,11.792,-13000000.0,979600000.0,979600000.0,126000000.0,28100000.0,1.088,2.393,767000000.0,92000000.0,675000000.0,767000000.0,73600000.0,30800000.0,0.0,0.037,0.34,43100000.0,73900000.0,0.135,73900000.0,43100000.0,32500000.0,0.24,0.24,0.24,1356600000.0,,1356600000.0,3812829600.0,15.0,10.028,-62600000.0,-0.544,1.0,420800000.0,0.77,1794000000.0,10600000.0,551900000.0,,0.0,0.0,0.0,0.0,3246100000.0,2044200000.0,1201900000.0,4111529600.0,10600000.0,-12500000.0,26700000.0,82000000.0,-38800000.0,69700000.0,-12300000.0,13200000.0,-49600000.0,2800000.0,28100000.0,28100000.0,28100000.0,0.0,0.0,0.051,375200000.0,45600000.0,1638100000.0,1.417,3.031,26.188,25.712,95700000.0,0.0,35.74,1.84,1.84,1080100000.0,470500000.0,546800000.0,546800000.0,0.0,,,,,2700000.0,344400000.0,1.0,115040000.0,115040000.0,,4.753,2808700000.0,236500000.0,4400000.0,0.0,24.415,180800000.0
38,AJG,MRQ,2011-12-31,2011-12-31,2011-12-31,2021-08-02,-47200000.0,4483500000.0,,2199400000.0,2284100000.0,,11.017,-10600000.0,983700000.0,983700000.0,125900000.0,40500000.0,1.061,2.605,685000000.0,10000000.0,675000000.0,685000000.0,69700000.0,33900000.0,0.0,0.039,0.33,57800000.0,91700000.0,0.159,91700000.0,57800000.0,47400000.0,0.36,0.35,0.36,1243600000.0,,1243600000.0,3490007520.0,14.0,9.593,87800000.0,0.778,1.0,452500000.0,0.782,1716800000.0,10400000.0,394400000.0,,0.0,0.0,0.0,0.0,3239900000.0,2073600000.0,1166300000.0,3774807520.0,49800000.0,-21700000.0,19000000.0,10000000.0,-37200000.0,-6700000.0,-43100000.0,-10800000.0,98400000.0,1200000.0,40500000.0,40500000.0,40500000.0,0.0,0.0,0.07,394900000.0,57600000.0,1621900000.0,0.917,3.035,26.196,25.922,91300000.0,0.0,33.44,1.768,1.768,1027100000.0,482900000.0,578400000.0,578400000.0,0.0,,,,,4400000.0,361000000.0,1.0,112883000.0,112883000.0,,5.124,2766700000.0,240200000.0,6900000.0,0.0,24.509,125800000.0
39,AJG,MRQ,2011-09-30,2011-09-30,2011-09-30,2021-08-02,-12100000.0,4247200000.0,,2088700000.0,2158500000.0,,10.872,-13000000.0,959800000.0,959800000.0,111200000.0,46700000.0,1.075,2.483,675000000.0,0.0,675000000.0,675000000.0,64300000.0,29400000.0,0.0,0.05,0.33,81300000.0,110700000.0,0.197,110700000.0,81300000.0,71000000.0,0.41,0.41,0.41,1219300000.0,,1219300000.0,2663497600.0,11.0,7.848,76300000.0,0.68,1.0,451600000.0,0.802,1648900000.0,10300000.0,369900000.0,,0.0,0.0,0.0,0.0,3027900000.0,1943600000.0,1084300000.0,2949597600.0,-21800000.0,-26500000.0,8100000.0,-35000000.0,-37000000.0,-63700000.0,-43300000.0,-3800000.0,89300000.0,-4100000.0,46700000.0,46700000.0,46700000.0,0.0,0.0,0.083,374600000.0,77000000.0,1600400000.0,0.805,2.419,18.633,18.264,90500000.0,0.0,26.3,1.464,1.464,982000000.0,480400000.0,562800000.0,562800000.0,0.0,,,,,4100000.0,345200000.0,1.0,112152000.0,112152000.0,,5.018,2598300000.0,214200000.0,24300000.0,0.0,23.168,145100000.0
40,AJG,MRQ,2011-06-30,2011-06-30,2011-06-30,2021-08-02,3700000.0,4581900000.0,,2416000000.0,2165900000.0,,10.908,-14000000.0,996100000.0,996100000.0,119900000.0,41700000.0,1.056,2.809,710000000.0,35000000.0,675000000.0,710000000.0,64500000.0,27400000.0,0.0,0.046,0.33,76500000.0,103900000.0,0.19,103900000.0,76500000.0,65900000.0,0.38,0.37,0.38,1202800000.0,,1202800000.0,2908606020.0,13.0,8.801,90700000.0,0.823,1.0,426200000.0,0.78,1635300000.0,10600000.0,373400000.0,,0.0,0.0,0.0,0.0,3379100000.0,2287100000.0,1092000000.0,3146906020.0,-70000000.0,-184600000.0,19600000.0,35000000.0,-36900000.0,18000000.0,-198600000.0,0.0,104700000.0,5900000.0,41700000.0,41700000.0,41700000.0,0.0,0.0,0.076,352200000.0,74000000.0,1927800000.0,0.868,2.616,19.942,19.415,87700000.0,0.0,28.54,1.643,1.643,1292900000.0,471300000.0,546100000.0,546100000.0,0.0,,,,,10200000.0,324800000.0,1.0,110263000.0,110263000.0,,4.953,2946600000.0,234100000.0,24200000.0,0.0,26.723,128900000.0
41,AJG,MRQ,2011-03-31,2011-03-31,2011-03-31,2021-08-02,6500000.0,3691100000.0,,1749800000.0,1941300000.0,,10.562,-8300000.0,913300000.0,913300000.0,94000000.0,15200000.0,1.178,2.218,675000000.0,0.0,675000000.0,675000000.0,65000000.0,24500000.0,0.0,0.042,0.33,33000000.0,57500000.0,0.129,57500000.0,33000000.0,23500000.0,0.14,0.14,0.14,1147100000.0,,1147100000.0,3003178050.0,13.0,9.215,-16700000.0,-0.154,1.0,353400000.0,0.79,1415400000.0,9500000.0,552100000.0,,0.0,0.0,0.0,0.0,2544000000.0,1485300000.0,1058700000.0,3302678050.0,83400000.0,-18000000.0,26000000.0,125000000.0,-34700000.0,118000000.0,-26200000.0,100000.0,-8400000.0,0.0,15200000.0,15200000.0,15200000.0,0.0,0.0,0.034,319600000.0,33800000.0,1213400000.0,2.357,2.879,20.629,20.139,79400000.0,0.0,30.41,1.806,1.806,718800000.0,466800000.0,447400000.0,447400000.0,0.0,,,,,2400000.0,295100000.0,1.0,108605000.0,108605000.0,,4.12,2275700000.0,242500000.0,8300000.0,0.0,20.954,264500000.0
42,AJG,MRQ,2010-12-31,2010-12-31,2010-12-31,2021-08-02,2200000.0,3596000000.0,,1726000000.0,1870000000.0,,10.44,-7000000.0,849500000.0,849500000.0,101200000.0,54700000.0,1.094,2.249,550000000.0,0.0,550000000.0,550000000.0,60500000.0,24100000.0,0.0,0.044,0.32,43200000.0,67300000.0,0.147,67300000.0,43200000.0,34500000.0,0.51,0.52,0.51,1106700000.0,,1106700000.0,2770954480.0,11.0,8.114,10100000.0,0.095,1.0,357900000.0,0.78,1367200000.0,8700000.0,352000000.0,,0.0,0.0,0.0,0.0,2489300000.0,1577300000.0,912000000.0,3082654480.0,-46500000.0,-32700000.0,10100000.0,0.0,-33800000.0,-23400000.0,-43400000.0,-3700000.0,17100000.0,3200000.0,54700000.0,54700000.0,54700000.0,-9000000.0,0.0,0.119,323100000.0,34800000.0,1250300000.0,0.627,2.785,17.706,17.518,75800000.0,0.0,29.08,1.654,1.654,750100000.0,488300000.0,459100000.0,459100000.0,0.0,,,,,4100000.0,299000000.0,1.0,106006000.0,106006000.0,,4.331,2228800000.0,245200000.0,-20200000.0,0.0,21.025,148700000.0
43,AJG,MRQ,2010-09-30,2010-09-30,2010-09-30,2021-08-02,-2600000.0,3460700000.0,,1689900000.0,1770800000.0,,9.614,-5100000.0,861700000.0,861700000.0,84800000.0,46200000.0,1.103,2.422,550000000.0,0.0,550000000.0,550000000.0,44500000.0,22800000.0,0.0,0.049,0.32,79000000.0,101800000.0,0.22,101800000.0,79000000.0,70400000.0,0.44,0.44,0.44,1011400000.0,,1011400000.0,2528203110.0,11.0,7.62,117700000.0,1.119,1.0,378400000.0,0.817,1260000000.0,8600000.0,356700000.0,,0.0,0.0,0.0,0.0,2449300000.0,1532300000.0,917000000.0,2774203110.0,66300000.0,-19200000.0,3000000.0,0.0,-33800000.0,-32100000.0,-24400000.0,-100000.0,122800000.0,0.0,46200000.0,46200000.0,46200000.0,0.0,0.0,0.1,303300000.0,75100000.0,1252700000.0,0.727,2.743,20.369,20.285,75800000.0,0.0,26.37,1.508,1.508,704900000.0,468400000.0,463200000.0,463200000.0,0.0,,,,,4300000.0,280500000.0,1.0,105203000.0,105203000.0,,4.403,2200700000.0,244900000.0,24200000.0,5700000.0,20.919,157600000.0
44,AJG,MRQ,2010-06-30,2010-06-30,2010-06-30,2021-08-02,-13300000.0,3555800000.0,,1823600000.0,1732200000.0,,9.319,-7000000.0,796000000.0,796000000.0,87400000.0,44000000.0,1.079,2.683,550000000.0,0.0,550000000.0,550000000.0,43700000.0,24600000.0,0.0,0.053,0.32,74700000.0,99300000.0,0.216,99300000.0,74700000.0,66000000.0,0.42,0.42,0.42,965400000.0,,965400000.0,2377668000.0,10.0,7.398,79100000.0,0.764,1.0,372100000.0,0.81,1211400000.0,8700000.0,408500000.0,,0.0,0.0,0.0,0.0,2590400000.0,1689900000.0,900500000.0,2525768000.0,2900000.0,-20700000.0,11000000.0,-35000000.0,-33100000.0,-55800000.0,-27400000.0,300000.0,86100000.0,0.0,44000000.0,44000000.0,44000000.0,-2100000.0,0.0,0.096,300400000.0,71700000.0,1414400000.0,0.762,2.616,19.193,19.197,79000000.0,0.0,24.38,1.39,1.39,916000000.0,456300000.0,459500000.0,459500000.0,0.0,,,,,4800000.0,275800000.0,1.0,103600000.0,103600000.0,,4.435,2344400000.0,255400000.0,22000000.0,0.0,22.629,133700000.0
45,AJG,MRQ,2010-03-31,2010-03-31,2010-03-31,2021-08-02,-9200000.0,3232100000.0,,1521900000.0,1710200000.0,,8.945,-6000000.0,733100000.0,733100000.0,145200000.0,29200000.0,1.071,2.526,585000000.0,35000000.0,550000000.0,585000000.0,45700000.0,21600000.0,0.0,0.052,0.32,51500000.0,73100000.0,0.152,73100000.0,51500000.0,42900000.0,0.28,0.28,0.28,916700000.0,,916700000.0,2337457650.0,10.0,7.197,-2500000.0,-0.024,1.0,337200000.0,0.699,1183400000.0,8600000.0,480100000.0,,0.0,0.0,0.0,0.0,2315400000.0,1420500000.0,894900000.0,2515957650.0,21200000.0,-4300000.0,11800000.0,35000000.0,-32800000.0,15100000.0,2600000.0,12900000.0,3500000.0,0.0,29200000.0,29200000.0,29200000.0,0.0,0.0,0.061,283800000.0,53400000.0,1142000000.0,1.143,2.745,19.147,19.031,79500000.0,0.0,24.55,1.39,1.39,665500000.0,446200000.0,482400000.0,482400000.0,0.0,,,,,2400000.0,262200000.0,1.0,102483000.0,102483000.0,,4.707,2048700000.0,264700000.0,13700000.0,0.0,19.991,101400000.0
46,AJG,MRQ,2009-12-31,2009-12-31,2009-12-31,2021-08-02,-9000000.0,3250300000.0,,1540000000.0,1710300000.0,,8.771,-5900000.0,728500000.0,728500000.0,89600000.0,16800000.0,1.044,2.64,550000000.0,0.0,550000000.0,550000000.0,41500000.0,22400000.0,0.0,0.057,0.32,35200000.0,57600000.0,0.132,57600000.0,35200000.0,27800000.0,0.16,0.16,0.16,892900000.0,,892900000.0,2033018000.0,9.0,6.339,10000000.0,0.098,1.0,345500000.0,0.794,1180700000.0,7400000.0,416700000.0,,0.0,0.0,0.0,0.0,2357400000.0,1474400000.0,883000000.0,2291518000.0,-32000000.0,-9900000.0,1400000.0,19000000.0,-32600000.0,-11900000.0,-36000000.0,-20200000.0,15900000.0,0.0,16800000.0,16800000.0,16800000.0,2600000.0,0.0,0.039,306200000.0,39300000.0,1166500000.0,2.0,2.566,17.819,17.586,80700000.0,0.0,22.51,1.325,1.325,693700000.0,450300000.0,435100000.0,435100000.0,0.0,,,,,5200000.0,283800000.0,1.0,101800000.0,101800000.0,,4.274,2069600000.0,271100000.0,11000000.0,0.0,20.33,65600000.0
47,AJG,MRQ,2009-09-30,2009-09-30,2009-09-30,2021-08-02,-27800000.0,3241100000.0,,1565600000.0,1675500000.0,,8.588,-4100000.0,789500000.0,789500000.0,83700000.0,41600000.0,0.96,2.729,531000000.0,131000000.0,400000000.0,531000000.0,46800000.0,21500000.0,0.0,0.053,0.32,69900000.0,91400000.0,0.208,91400000.0,69900000.0,63100000.0,0.41,0.41,0.41,869100000.0,,869100000.0,2229244000.0,10.0,7.348,113900000.0,1.125,1.0,355800000.0,0.81,1160800000.0,6800000.0,191300000.0,,0.0,25800000.0,500000.0,25300000.0,2372000000.0,1630500000.0,741500000.0,2466244000.0,11800000.0,-1900000.0,1700000.0,-62000000.0,-32400000.0,-92700000.0,-13500000.0,-7500000.0,118000000.0,0.0,41600000.0,41600000.0,41600000.0,0.0,0.0,0.095,284700000.0,71100000.0,1208400000.0,0.78,2.838,21.169,20.829,82600000.0,0.0,24.37,1.445,1.445,664800000.0,466300000.0,439500000.0,439500000.0,0.0,,,,,3900000.0,263200000.0,1.0,101200000.0,101200000.0,,4.343,2080300000.0,272900000.0,21500000.0,0.0,20.556,-64900000.0
48,AJG,MRQ,2009-06-30,2009-06-30,2009-06-30,2021-08-02,-31500000.0,3652500000.0,,1980700000.0,1671800000.0,,8.381,-8200000.0,830000000.0,830000000.0,79100000.0,43800000.0,0.957,3.349,593000000.0,193000000.0,400000000.0,593000000.0,54600000.0,21600000.0,0.0,0.06,0.32,81100000.0,102700000.0,0.226,102700000.0,81100000.0,74100000.0,0.44,0.44,0.44,839800000.0,,839800000.0,2023368000.0,10.0,7.152,103400000.0,1.032,1.0,374500000.0,0.826,1161200000.0,7000000.0,183700000.0,,0.0,17900000.0,200000.0,17700000.0,2812700000.0,2070600000.0,742100000.0,2138268000.0,33600000.0,-7500000.0,1800000.0,-29000000.0,-32100000.0,-62400000.0,-15600000.0,100000.0,111600000.0,0.0,43800000.0,43800000.0,43800000.0,0.0,0.0,0.097,292000000.0,82500000.0,1583400000.0,0.727,2.546,18.973,18.397,86100000.0,0.0,21.34,1.262,1.262,1034300000.0,457500000.0,453600000.0,453600000.0,0.0,,,,,4600000.0,270400000.0,1.0,100200000.0,100200000.0,,4.527,2491300000.0,277900000.0,30300000.0,0.0,24.863,-89900000.0
49,AJG,MRQ,2009-03-31,2009-03-31,2009-03-31,2021-08-02,-41200000.0,3108600000.0,,1444500000.0,1664100000.0,,8.278,-5300000.0,736900000.0,736900000.0,78900000.0,26400000.0,0.914,2.895,622000000.0,222000000.0,400000000.0,622000000.0,56400000.0,20100000.0,0.0,0.075,0.32,48900000.0,69000000.0,0.172,69000000.0,48900000.0,41600000.0,0.27,0.27,0.27,798200000.0,,798200000.0,1425842000.0,7.0,5.2,-39300000.0,-0.408,1.0,322200000.0,0.803,1150000000.0,7300000.0,263600000.0,,0.0,17900000.0,300000.0,17600000.0,2310400000.0,1580100000.0,730300000.0,1639242000.0,-1900000.0,-24400000.0,2400000.0,90000000.0,-30800000.0,61600000.0,-29500000.0,200000.0,-34000000.0,0.0,26400000.0,26400000.0,26400000.0,1900000.0,0.0,0.066,271400000.0,50800000.0,1065000000.0,1.185,2.054,14.943,14.655,85500000.0,0.0,17.0,0.981,0.981,574900000.0,446200000.0,401100000.0,401100000.0,0.0,,,,,2400000.0,251300000.0,1.0,96426000.0,96426000.0,,4.16,1958600000.0,291700000.0,15200000.0,0.0,20.312,-135600000.0
50,AJG,MRQ,2008-12-31,2008-12-31,2008-12-31,2021-08-02,-40300000.0,3271300000.0,,1702000000.0,1569300000.0,,7.774,-7000000.0,745400000.0,745400000.0,109400000.0,4700000.0,0.916,3.43,532000000.0,132000000.0,400000000.0,532000000.0,46200000.0,21600000.0,0.0,0.049,0.32,18700000.0,40300000.0,0.098,40300000.0,18700000.0,11000000.0,0.05,0.04,0.05,738500000.0,,738500000.0,2141450000.0,14.0,8.723,32600000.0,0.343,1.0,302700000.0,0.735,1057600000.0,7700000.0,141700000.0,,0.0,18100000.0,200000.0,17900000.0,2532800000.0,1858600000.0,674200000.0,2461450000.0,-55200000.0,-76000000.0,1800000.0,14000000.0,-30400000.0,-14500000.0,-80300000.0,2700000.0,39600000.0,0.0,4700000.0,4700000.0,4700000.0,7000000.0,0.0,0.011,277000000.0,25700000.0,1365300000.0,6.4,3.333,31.843,31.217,88800000.0,0.0,25.91,1.496,1.496,826500000.0,452000000.0,412100000.0,412100000.0,0.0,,,,,4700000.0,263300000.0,1.0,95000000.0,95000000.0,,4.338,2213700000.0,300900000.0,6300000.0,0.0,23.302,-156600000.0
51,AJG,MRQ,2008-09-30,2008-09-30,2008-09-30,2021-08-02,7000000.0,3197200000.0,,1743800000.0,1453400000.0,,8.307,-8600000.0,838000000.0,838000000.0,99900000.0,37800000.0,0.959,3.125,518000000.0,118000000.0,400000000.0,518000000.0,45800000.0,18300000.0,0.0,0.049,0.32,52600000.0,70900000.0,0.166,70900000.0,52600000.0,45500000.0,0.4,0.4,0.4,775000000.0,,775000000.0,1991578000.0,11.0,7.213,93400000.0,1.001,1.0,328300000.0,0.767,945400000.0,7100000.0,113800000.0,,0.0,27700000.0,5100000.0,22600000.0,2422200000.0,1818000000.0,604200000.0,2394078000.0,16700000.0,-65200000.0,7700000.0,13000000.0,-29900000.0,-6400000.0,-78900000.0,-5100000.0,102000000.0,0.0,37800000.0,37800000.0,37800000.0,3900000.0,0.0,0.088,271800000.0,56500000.0,1377500000.0,0.8,3.089,24.938,24.913,87500000.0,0.0,25.66,1.457,1.457,784000000.0,478400000.0,428200000.0,428200000.0,0.0,,,,,4100000.0,250000000.0,1.0,93300000.0,93300000.0,,4.589,2251800000.0,275000000.0,7700000.0,0.0,24.135,-74200000.0
52,AJG,MRQ,2008-06-30,2008-06-30,2008-06-30,2021-08-02,7900000.0,3509500000.0,,2132800000.0,1376700000.0,,7.825,-8200000.0,907500000.0,907500000.0,85200000.0,40800000.0,0.986,3.833,505000000.0,105000000.0,400000000.0,505000000.0,53400000.0,18300000.0,0.0,0.052,0.32,75700000.0,94000000.0,0.219,94000000.0,75700000.0,68400000.0,0.44,0.44,0.44,726200000.0,,726200000.0,1858080000.0,9.0,6.376,74200000.0,0.8,1.0,343700000.0,0.801,853200000.0,7300000.0,91400000.0,,0.0,30800000.0,5700000.0,25100000.0,2783300000.0,2162400000.0,620900000.0,2236480000.0,47700000.0,-62800000.0,5000000.0,49000000.0,-29700000.0,25500000.0,-60200000.0,10800000.0,82400000.0,0.0,40800000.0,40800000.0,40800000.0,900000.0,0.0,0.095,267100000.0,76600000.0,1756800000.0,0.727,3.08,20.332,20.424,87500000.0,0.0,24.1,1.376,1.376,1104700000.0,470900000.0,428900000.0,428900000.0,0.0,,,,,5400000.0,246200000.0,1.0,92800000.0,92800000.0,,4.622,2656300000.0,282200000.0,27600000.0,5500000.0,28.624,-29600000.0
53,AJG,MRQ,2008-03-31,2008-03-31,2008-03-31,2021-08-02,7600000.0,3340900000.0,,2020800000.0,1320100000.0,,7.589,-8200000.0,834400000.0,834400000.0,87900000.0,-6000000.0,0.999,3.782,456000000.0,56000000.0,400000000.0,456000000.0,51700000.0,29200000.0,0.0,0.053,0.32,11100000.0,40300000.0,0.107,40300000.0,11100000.0,4600000.0,-0.07,-0.07,-0.07,698600000.0,,698600000.0,1716897380.0,9.0,6.271,-71600000.0,-0.778,1.0,287900000.0,0.766,796300000.0,6500000.0,143800000.0,,0.0,34600000.0,8800000.0,25800000.0,2642300000.0,2022400000.0,619900000.0,2174197380.0,-70700000.0,-37100000.0,6800000.0,56000000.0,-28500000.0,35400000.0,-42700000.0,2600000.0,-63400000.0,0.0,-6000000.0,-6000000.0,-6000000.0,22300000.0,0.0,-0.016,254500000.0,33400000.0,1684300000.0,-4.571,3.112,19.241,19.849,86700000.0,0.0,23.62,1.339,1.339,1063000000.0,460100000.0,375800000.0,375800000.0,0.0,,,,,4100000.0,237200000.0,1.0,92049000.0,92049000.0,,4.083,2544600000.0,289200000.0,10600000.0,0.0,27.644,-1600000.0
54,AJG,MRQ,2007-12-31,2007-12-31,2007-12-31,2021-08-02,7400000.0,3556800000.0,,2275800000.0,1281000000.0,,7.62,-14700000.0,857300000.0,857300000.0,93900000.0,23400000.0,1.02,3.971,400000000.0,0.0,400000000.0,400000000.0,44100000.0,26100000.0,0.0,0.051,0.31,44800000.0,70900000.0,0.173,70900000.0,44800000.0,38200000.0,0.26,0.25,0.26,715500000.0,,715500000.0,1702941000.0,9.0,6.263,88500000.0,0.942,1.0,316100000.0,0.771,756200000.0,6600000.0,111100000.0,,0.0,33800000.0,7500000.0,26300000.0,2841300000.0,2232200000.0,609100000.0,2271441000.0,-95500000.0,-99600000.0,-64900000.0,0.0,-29100000.0,-94000000.0,-104700000.0,9600000.0,103200000.0,0.0,23400000.0,23400000.0,23400000.0,11700000.0,0.0,0.057,259600000.0,56500000.0,1874000000.0,1.192,3.175,16.365,16.683,87900000.0,0.0,24.19,1.399,1.399,1303700000.0,495900000.0,410000000.0,410000000.0,0.0,,,,,4100000.0,240400000.0,1.0,93900000.0,93900000.0,,4.366,2800600000.0,292600000.0,14800000.0,0.0,29.825,43600000.0
55,AJG,MRQ,2007-09-30,2007-09-30,2007-09-30,2021-08-02,9500000.0,3570900000.0,,2370100000.0,1200800000.0,,8.072,-8900000.0,972000000.0,972000000.0,86000000.0,51800000.0,1.087,3.642,403500000.0,3500000.0,400000000.0,403500000.0,34400000.0,14800000.0,0.0,0.042,0.31,71400000.0,86200000.0,0.21,86200000.0,71400000.0,65800000.0,0.55,0.54,0.55,769300000.0,,769300000.0,2090141000.0,12.0,8.857,67200000.0,0.705,1.0,324700000.0,0.791,674700000.0,5600000.0,147300000.0,,0.0,59900000.0,32500000.0,27400000.0,2801600000.0,2180400000.0,621200000.0,2760841000.0,140500000.0,-18600000.0,-49800000.0,170400000.0,-29500000.0,92100000.0,-27700000.0,-200000.0,76100000.0,0.0,51800000.0,51800000.0,51800000.0,600000.0,0.0,0.126,252700000.0,72000000.0,1826200000.0,0.564,3.589,19.72,19.979,80000000.0,0.0,28.97,1.765,1.765,1247800000.0,501000000.0,410700000.0,410700000.0,0.0,,,,,5000000.0,228700000.0,1.0,95300000.0,95300000.0,,4.31,2896200000.0,308400000.0,14000000.0,0.0,30.39,189700000.0
56,AJG,MRQ,2007-06-30,2007-06-30,2007-06-30,2021-08-02,7500000.0,3701700000.0,,2545100000.0,1156600000.0,,7.915,-7200000.0,903700000.0,903700000.0,84500000.0,43800000.0,0.943,3.729,233000000.0,233000000.0,0.0,233000000.0,39600000.0,15200000.0,0.0,0.044,0.31,61200000.0,76400000.0,0.179,76400000.0,61200000.0,58000000.0,0.45,0.44,0.45,782800000.0,,782800000.0,2106332000.0,13.0,9.259,107000000.0,1.082,1.0,343100000.0,0.802,647600000.0,3200000.0,-316000000.0,,0.0,69200000.0,41800000.0,27400000.0,2918900000.0,2699400000.0,219500000.0,2757332000.0,52100000.0,-18000000.0,-116800000.0,109300000.0,-30700000.0,-37200000.0,-24900000.0,300000.0,114200000.0,0.0,43800000.0,43800000.0,43800000.0,2000000.0,0.0,0.102,279900000.0,63200000.0,2165700000.0,0.689,3.522,19.923,19.634,78100000.0,0.0,27.88,1.751,1.751,1493000000.0,478400000.0,427600000.0,427600000.0,0.0,,,,,5800000.0,228600000.0,1.0,98900000.0,98900000.0,,4.324,3054100000.0,294600000.0,14200000.0,0.0,30.881,-154300000.0
57,AJG,MRQ,2007-03-31,2007-03-31,2007-03-31,2021-08-02,5200000.0,3391700000.0,,2268900000.0,1122800000.0,,8.824,-9900000.0,774800000.0,774800000.0,77600000.0,19800000.0,0.981,2.908,123800000.0,123800000.0,0.0,123800000.0,32600000.0,15500000.0,0.0,0.043,0.31,22900000.0,38400000.0,0.102,38400000.0,22900000.0,22300000.0,0.2,0.2,0.2,867900000.0,,867900000.0,2024268820.0,13.0,9.464,-51100000.0,-0.52,1.0,297400000.0,0.793,626400000.0,600000.0,-198200000.0,,0.0,99900000.0,70400000.0,29500000.0,2523800000.0,2312500000.0,211300000.0,2786368820.0,-49200000.0,-78800000.0,-8100000.0,116800000.0,-29500000.0,80600000.0,-88600000.0,100000.0,-41200000.0,0.0,19800000.0,19800000.0,19800000.0,1500000.0,0.0,0.053,273000000.0,24400000.0,1877800000.0,1.55,3.21,21.238,20.985,79200000.0,0.0,28.33,1.836,1.836,1306500000.0,464100000.0,375000000.0,375000000.0,0.0,,,,,4100000.0,213900000.0,1.0,98354000.0,98354000.0,,3.813,2765300000.0,290000000.0,2500000.0,0.0,28.116,-43600000.0
58,AJG,MRQ,2006-12-31,2006-12-31,2006-12-31,2021-08-02,5000000.0,3420100000.0,,2376200000.0,1043900000.0,,8.808,-5500000.0,796900000.0,796900000.0,81600000.0,24600000.0,0.99,2.958,34800000.0,8900000.0,25900000.0,34800000.0,39700000.0,15700000.0,0.0,0.041,0.3,19300000.0,35000000.0,0.1,35000000.0,19300000.0,17100000.0,0.25,0.25,0.25,864100000.0,,864100000.0,2140655000.0,13.0,9.752,25100000.0,0.256,1.0,269200000.0,0.767,529700000.0,2200000.0,-273000000.0,,0.0,81700000.0,49200000.0,32500000.0,2556000000.0,2401300000.0,154700000.0,2898855000.0,-23100000.0,-18400000.0,-16200000.0,-700000.0,-29400000.0,-45800000.0,-7900000.0,16000000.0,30600000.0,0.0,24600000.0,24600000.0,24600000.0,-100000.0,0.0,0.07,250000000.0,19200000.0,1958800000.0,1.2,3.355,22.559,22.386,103100000.0,0.0,29.55,1.972,1.972,1422300000.0,475000000.0,350800000.0,350800000.0,0.0,,,,,5300000.0,193800000.0,1.0,98100000.0,98100000.0,,3.576,2890400000.0,286800000.0,-7500000.0,51000000.0,29.464,-25100000.0
59,AJG,MRQ,2006-09-30,2006-09-30,2006-09-30,2021-08-02,-6000000.0,3415100000.0,,2337900000.0,1077200000.0,,8.702,-8500000.0,869000000.0,869000000.0,80900000.0,50200000.0,1.003,3.038,110800000.0,8100000.0,102700000.0,110800000.0,36400000.0,14800000.0,0.0,0.044,0.3,62900000.0,77700000.0,0.184,77700000.0,62900000.0,60800000.0,0.52,0.51,0.52,845800000.0,,845800000.0,1907324000.0,13.0,9.327,91500000.0,0.941,1.0,340300000.0,0.808,481100000.0,2100000.0,-154100000.0,,0.0,94300000.0,36900000.0,57400000.0,2569300000.0,2329900000.0,239400000.0,2592324000.0,8700000.0,-15200000.0,2900000.0,-35800000.0,-29200000.0,-61400000.0,-29900000.0,-6200000.0,100000000.0,0.0,50200000.0,50200000.0,50200000.0,0.0,0.0,0.119,277400000.0,62900000.0,1952100000.0,0.577,3.065,23.27,22.991,189100000.0,0.0,26.67,1.8,1.8,1303100000.0,479900000.0,421200000.0,421200000.0,0.0,,,,,5400000.0,220100000.0,1.0,97200000.0,97200000.0,,4.333,2934000000.0,263900000.0,10600000.0,38900000.0,30.185,8000000.0
60,AJG,MRQ,2006-06-30,2006-06-30,2006-06-30,2021-08-02,-6000000.0,3638300000.0,,2599800000.0,1038500000.0,,8.285,-9600000.0,831500000.0,831500000.0,76500000.0,36600000.0,0.999,3.541,146500000.0,42200000.0,104300000.0,146500000.0,34700000.0,13000000.0,0.0,0.046,0.3,49800000.0,62800000.0,0.169,62800000.0,49800000.0,47700000.0,0.38,0.37,0.38,801200000.0,,801200000.0,1865078000.0,12.0,8.945,58600000.0,0.606,1.0,294100000.0,0.794,457400000.0,2100000.0,-107300000.0,,0.0,90100000.0,28100000.0,62000000.0,2837100000.0,2603200000.0,233900000.0,2450378000.0,38400000.0,-25000000.0,-4400000.0,34200000.0,-29000000.0,4600000.0,-34400000.0,200000.0,68200000.0,0.0,36600000.0,36600000.0,36600000.0,0.0,0.0,0.099,244300000.0,49800000.0,2239600000.0,0.789,3.058,21.937,21.658,189400000.0,0.0,25.34,1.739,1.739,1618200000.0,459100000.0,370600000.0,370600000.0,0.0,,,,,7800000.0,219300000.0,1.0,96700000.0,96700000.0,,3.832,3180900000.0,246600000.0,11100000.0,24500000.0,32.895,-3400000.0
61,AJG,MRQ,2006-03-31,2006-03-31,2006-03-31,2021-08-02,-6400000.0,3135100000.0,,2130100000.0,1005000000.0,,8.137,-9400000.0,697600000.0,697600000.0,73600000.0,17100000.0,1.005,3.025,112300000.0,6300000.0,106000000.0,112300000.0,33100000.0,12900000.0,0.0,0.041,0.3,31100000.0,44000000.0,0.134,44000000.0,31100000.0,29000000.0,0.18,0.17,0.18,778900000.0,,778900000.0,1938856630.0,11.0,8.504,-103500000.0,-1.081,1.0,253900000.0,0.775,430900000.0,2100000.0,-500000.0,,0.0,96900000.0,30700000.0,66200000.0,2356200000.0,2119400000.0,236800000.0,2662056630.0,-133800000.0,-14300000.0,8500000.0,-600000.0,-26800000.0,-16000000.0,-23700000.0,0.0,-94100000.0,0.0,17100000.0,17100000.0,17100000.0,0.0,0.0,0.052,222800000.0,31100000.0,1804500000.0,1.667,3.418,20.978,20.754,187100000.0,0.0,27.81,1.889,1.889,1282600000.0,451700000.0,327500000.0,327500000.0,0.0,,,,,6100000.0,205500000.0,1.0,95723000.0,95723000.0,,3.421,2704200000.0,235300000.0,11900000.0,21100000.0,28.25,10700000.0
62,AJG,MRQ,2005-12-31,2005-12-31,2005-12-31,2021-08-02,-6600000.0,3389500000.0,,2401800000.0,987700000.0,,8.079,-9000000.0,836100000.0,836100000.0,75600000.0,7500000.0,1.006,3.407,112900000.0,5300000.0,107600000.0,112900000.0,35700000.0,12800000.0,0.0,0.036,0.28,7200000.0,20000000.0,0.062,20000000.0,7200000.0,4100000.0,0.08,0.07,0.08,769100000.0,,769100000.0,2157376000.0,133.0,30.688,24300000.0,0.255,1.0,245500000.0,0.765,418200000.0,3100000.0,-138200000.0,,0.0,111400000.0,43200000.0,68200000.0,2620400000.0,2386300000.0,234100000.0,2939776000.0,3900000.0,-200000.0,6600000.0,-2400000.0,-26700000.0,-22500000.0,-6900000.0,3500000.0,33300000.0,0.0,7500000.0,7500000.0,7500000.0,18200000.0,0.0,0.023,227800000.0,17700000.0,1917400000.0,3.5,3.822,95.447,93.576,185100000.0,0.0,30.88,2.057,2.057,1396800000.0,463700000.0,321100000.0,321100000.0,0.0,,,,,5800000.0,166300000.0,1.0,95200000.0,95200000.0,,3.373,2971300000.0,236100000.0,-3400000.0,24600000.0,31.211,15500000.0
63,AJG,MRQ,2005-09-30,2005-09-30,2005-09-30,2021-08-02,-100000.0,3385800000.0,,2419800000.0,966000000.0,,8.293,-3200000.0,897800000.0,897800000.0,75700000.0,50500000.0,1.012,3.316,115400000.0,34700000.0,80700000.0,115400000.0,41100000.0,13200000.0,0.0,0.038,0.28,68500000.0,81700000.0,0.21,81700000.0,68500000.0,65600000.0,0.53,0.52,0.53,784500000.0,,784500000.0,2069226000.0,28.0,15.905,99000000.0,1.047,1.0,314200000.0,0.806,407300000.0,2900000.0,-194500000.0,,0.0,121300000.0,31400000.0,89900000.0,2601300000.0,2390600000.0,210700000.0,2725426000.0,70800000.0,-2900000.0,3700000.0,-1700000.0,-26500000.0,-24500000.0,-6900000.0,0.0,102200000.0,0.0,50500000.0,50500000.0,50500000.0,0.0,0.0,0.13,245700000.0,68500000.0,1948400000.0,0.528,3.474,37.644,37.908,183600000.0,0.0,28.81,1.84,1.84,1328600000.0,488100000.0,389900000.0,389900000.0,0.0,,,,,4400000.0,202000000.0,1.0,94600000.0,94600000.0,,4.122,2978500000.0,209400000.0,15100000.0,37700000.0,31.485,29200000.0
64,AJG,MRQ,2005-06-30,2005-06-30,2005-06-30,2021-08-02,-200000.0,3444400000.0,,2475900000.0,968500000.0,,7.971,-6500000.0,773200000.0,773200000.0,74100000.0,51800000.0,0.994,3.636,117000000.0,35300000.0,81700000.0,117000000.0,49200000.0,14300000.0,0.0,0.039,0.28,68000000.0,82300000.0,0.222,82300000.0,68000000.0,65000000.0,0.55,0.54,0.55,742900000.0,,742900000.0,1991316000.0,26.0,15.143,33500000.0,0.359,1.0,297000000.0,0.8,400300000.0,3000000.0,-103900000.0,,0.0,136600000.0,28000000.0,108600000.0,2701500000.0,2491800000.0,209700000.0,2528516000.0,30800000.0,17600000.0,6200000.0,-300000.0,-26100000.0,-20200000.0,11000000.0,0.0,40000000.0,0.0,51800000.0,51800000.0,51800000.0,-7600000.0,0.0,0.14,236600000.0,60400000.0,2065200000.0,0.509,3.404,33.139,33.085,188100000.0,0.0,27.13,1.738,1.738,1514200000.0,464200000.0,371100000.0,371100000.0,0.0,,,,,7500000.0,189100000.0,1.0,93200000.0,93200000.0,,3.982,3044100000.0,199700000.0,13200000.0,22800000.0,32.662,-15900000.0
65,AJG,MRQ,2005-03-31,2005-03-31,2005-03-31,2021-08-02,0.0,3227700000.0,,2217000000.0,1010700000.0,,7.411,-4700000.0,718400000.0,718400000.0,69500000.0,-79000000.0,0.972,3.728,181200000.0,42900000.0,138300000.0,181200000.0,39300000.0,13800000.0,0.0,0.036,0.28,-127500000.0,-113700000.0,-0.328,-113700000.0,-127500000.0,-130100000.0,-0.85,-0.85,-0.85,682700000.0,,682700000.0,2121100000.0,31.0,17.273,9200000.0,0.1,1.0,277300000.0,0.8,372900000.0,2600000.0,35900000.0,,0.0,157200000.0,27800000.0,129400000.0,2545000000.0,2281700000.0,263300000.0,2653200000.0,-12300000.0,-9800000.0,9400000.0,-200000.0,-23000000.0,-13800000.0,-12400000.0,0.0,13900000.0,0.0,-79000000.0,-79000000.0,-79000000.0,5400000.0,0.0,-0.228,399400000.0,-122100000.0,1827400000.0,-0.329,3.886,37.581,36.923,252200000.0,0.0,28.8,1.827,1.827,1305400000.0,438800000.0,346800000.0,346800000.0,0.0,,,,,9000000.0,193200000.0,1.0,92125000.0,92125000.0,,3.764,2854800000.0,191800000.0,-51100000.0,0.0,30.988,-64700000.0
66,AJG,MRQ,2004-12-31,2004-12-31,2004-12-31,2021-08-02,0.0,3233300000.0,,2223200000.0,1010100000.0,,8.236,-6800000.0,713500000.0,713500000.0,70000000.0,49100000.0,1.007,3.249,181400000.0,41400000.0,140000000.0,181400000.0,25400000.0,15700000.0,0.0,0.031,0.25,64100000.0,79800000.0,0.214,79800000.0,64100000.0,61500000.0,0.53,0.51,0.53,761000000.0,,761000000.0,2400500000.0,10.0,8.026,35300000.0,0.382,1.0,303400000.0,0.813,374200000.0,2600000.0,119500000.0,,0.0,158400000.0,26000000.0,132400000.0,2472300000.0,2207500000.0,264800000.0,3003000000.0,-72700000.0,-67200000.0,-14700000.0,-1800000.0,-23100000.0,-39600000.0,-75200000.0,2800000.0,42100000.0,0.0,49100000.0,49100000.0,49100000.0,100000.0,0.0,0.131,239200000.0,64200000.0,1838900000.0,0.472,3.946,15.931,15.777,259000000.0,0.0,32.5,2.09,2.09,1350900000.0,539000000.0,373400000.0,373400000.0,0.0,,,,,5900000.0,196300000.0,1.0,92400000.0,92400000.0,,4.041,2859100000.0,184800000.0,12400000.0,24800000.0,30.943,15700000.0
67,AJG,MRQ,2004-09-30,2004-09-30,2004-09-30,2021-08-02,0.0,3085000000.0,,2181800000.0,903200000.0,,8.086,-10600000.0,785600000.0,785600000.0,67600000.0,54400000.0,1.041,3.153,183100000.0,41400000.0,141700000.0,183100000.0,37700000.0,12300000.0,0.0,0.028,0.25,70800000.0,83100000.0,0.229,83100000.0,70800000.0,68200000.0,0.59,0.57,0.59,742900000.0,,742900000.0,2489151880.0,10.0,8.381,83600000.0,0.91,1.0,295900000.0,0.814,293900000.0,2600000.0,93700000.0,,0.0,156500000.0,25900000.0,130600000.0,2342100000.0,2094900000.0,247200000.0,3043851880.0,39000000.0,-10100000.0,-13200000.0,1000000.0,-23000000.0,-35200000.0,-20000000.0,0.0,94200000.0,0.0,54400000.0,54400000.0,54400000.0,300000.0,0.0,0.15,224800000.0,71100000.0,1753200000.0,0.424,4.097,16.139,15.928,259100000.0,0.0,33.13,2.193,2.193,1246400000.0,513100000.0,363500000.0,363500000.0,0.0,,,,,6900000.0,178800000.0,1.0,91876000.0,91876000.0,,3.956,2791100000.0,164400000.0,13800000.0,19300000.0,30.379,86900000.0
68,AJG,MRQ,2004-06-30,2004-06-30,2004-06-30,2021-08-02,0.0,3218200000.0,,2343400000.0,874800000.0,,7.675,-6200000.0,736800000.0,736800000.0,65700000.0,46100000.0,1.029,3.619,182100000.0,38700000.0,143400000.0,182100000.0,36600000.0,13500000.0,0.0,0.028,0.25,60100000.0,73600000.0,0.2,73600000.0,60100000.0,57700000.0,0.51,0.49,0.51,696800000.0,,696800000.0,2253716400.0,9.0,7.742,71200000.0,0.784,1.0,303000000.0,0.822,269300000.0,2400000.0,117700000.0,,0.0,155500000.0,27500000.0,128000000.0,2521400000.0,2276500000.0,244900000.0,2764616400.0,46700000.0,-14200000.0,9600000.0,1900000.0,-22600000.0,-11100000.0,-19500000.0,0.0,77400000.0,0.0,46100000.0,46100000.0,46100000.0,200000.0,0.0,0.125,242700000.0,60300000.0,1930300000.0,0.49,3.968,15.099,15.0,272800000.0,0.0,30.45,2.019,2.019,1439400000.0,481800000.0,368700000.0,368700000.0,0.0,,,,,11500000.0,174400000.0,1.0,90792000.0,90792000.0,,4.061,2948900000.0,151100000.0,11600000.0,21900000.0,32.48,66900000.0
69,AJG,MRQ,2004-03-31,2004-03-31,2004-03-31,2021-08-02,0.0,2873000000.0,,2049300000.0,823700000.0,,7.2,-5400000.0,666100000.0,666100000.0,64600000.0,38900000.0,1.022,3.434,155200000.0,33900000.0,121300000.0,155200000.0,30700000.0,11800000.0,0.0,0.024,0.25,50400000.0,62200000.0,0.187,62200000.0,50400000.0,48500000.0,0.43,0.41,0.43,648000000.0,,648000000.0,2453002290.0,11.0,8.849,58100000.0,0.646,1.0,268300000.0,0.806,253400000.0,1900000.0,104200000.0,,0.0,142200000.0,26100000.0,116100000.0,2225000000.0,2004500000.0,220500000.0,2931202290.0,18000000.0,-21300000.0,-7300000.0,2200000.0,-16200000.0,-21300000.0,-24300000.0,0.0,63500000.0,0.0,38900000.0,38900000.0,38900000.0,-100000.0,0.0,0.117,218000000.0,50300000.0,1694400000.0,0.581,4.523,16.924,16.964,263100000.0,0.0,32.57,2.255,2.255,1225900000.0,458600000.0,332900000.0,332900000.0,0.0,,,,,8900000.0,165300000.0,1.0,89997000.0,89997000.0,,3.699,2619600000.0,141400000.0,9600000.0,19500000.0,29.108,44800000.0
70,AJG,MRQ,2003-12-31,2003-12-31,2003-12-31,2021-08-02,0.0,2901600000.0,,2107900000.0,793700000.0,,6.873,-7400000.0,631200000.0,631200000.0,61200000.0,49200000.0,1.023,3.687,153000000.0,30900000.0,122100000.0,153000000.0,27300000.0,11600000.0,0.0,0.022,0.18,66500000.0,78100000.0,0.242,78100000.0,66500000.0,64600000.0,0.55,0.53,0.55,619100000.0,,619100000.0,2498801137.0,12.0,10.317,77100000.0,0.856,1.0,261600000.0,0.81,222900000.0,1900000.0,139200000.0,,0.0,152900000.0,31900000.0,121000000.0,2282500000.0,2061300000.0,221200000.0,2926401137.0,15400000.0,-27300000.0,-24600000.0,1800000.0,-16200000.0,-39000000.0,-30100000.0,0.0,84500000.0,0.0,49200000.0,49200000.0,49200000.0,-300000.0,0.0,0.152,195400000.0,66200000.0,1743500000.0,0.327,4.727,20.016,19.933,266200000.0,0.0,32.49,2.397,2.397,1286400000.0,442300000.0,322800000.0,322800000.0,0.0,,,,,7500000.0,152600000.0,1.0,90070826.0,90070826.0,,3.584,2678700000.0,137800000.0,15400000.0,24300000.0,29.74,46600000.0
71,AJG,MRQ,2003-09-30,2003-09-30,2003-09-30,2021-08-02,0.0,2695100000.0,,1975600000.0,719500000.0,,6.52,-5300000.0,578700000.0,578700000.0,64300000.0,48900000.0,1.036,3.563,151100000.0,25200000.0,125900000.0,151100000.0,29600000.0,10800000.0,0.0,0.024,0.18,66400000.0,77200000.0,0.224,77200000.0,66400000.0,64400000.0,0.54,0.52,0.54,590600000.0,,590600000.0,2288943802.0,12.0,9.965,83200000.0,0.919,1.0,280700000.0,0.814,168000000.0,2000000.0,191700000.0,,0.0,217700000.0,82300000.0,135400000.0,2104500000.0,1907800000.0,196700000.0,2561643802.0,29200000.0,-2400000.0,-25600000.0,-10200000.0,-16300000.0,-52100000.0,-7200000.0,0.0,88500000.0,0.0,48900000.0,48900000.0,48900000.0,0.0,0.0,0.142,214300000.0,66400000.0,1641300000.0,0.333,4.337,18.919,18.728,265700000.0,0.0,28.28,2.141,2.141,1202200000.0,409300000.0,345000000.0,345000000.0,0.0,,,,,3800000.0,166900000.0,1.0,90581464.0,90581464.0,,3.809,2527100000.0,110800000.0,15500000.0,300000.0,27.899,67800000.0
72,AJG,MRQ,2003-06-30,2003-06-30,2003-06-30,2021-08-02,0.0,2644300000.0,,1952000000.0,692300000.0,,6.356,-2700000.0,434000000.0,434000000.0,63500000.0,36200000.0,1.037,3.619,161300000.0,34600000.0,126700000.0,161300000.0,27600000.0,9400000.0,0.0,0.024,0.18,50300000.0,59700000.0,0.2,59700000.0,50300000.0,48300000.0,0.4,0.39,0.4,572500000.0,,572500000.0,2187099362.0,14.0,11.102,-5000000.0,-0.056,1.0,235500000.0,0.788,155500000.0,2000000.0,334200000.0,,0.0,240100000.0,92400000.0,147700000.0,2071800000.0,1881900000.0,189900000.0,2449799362.0,-16100000.0,2400000.0,-4500000.0,8300000.0,-16100000.0,-12300000.0,-1500000.0,0.0,-2300000.0,0.0,36200000.0,36200000.0,36200000.0,0.0,0.0,0.121,185200000.0,50300000.0,1647600000.0,0.45,4.279,22.311,22.114,248600000.0,0.0,27.2,2.211,2.211,1318100000.0,376600000.0,299000000.0,299000000.0,0.0,,,,,9100000.0,161600000.0,1.0,90066153.0,90066153.0,,3.32,2488800000.0,102300000.0,12100000.0,500000.0,27.633,70100000.0
73,AJG,MRQ,2003-03-31,2003-03-31,2003-03-31,2021-08-02,0.0,2492400000.0,,1804500000.0,687900000.0,,6.135,-9900000.0,415700000.0,415700000.0,62800000.0,11900000.0,1.026,3.575,153000000.0,25500000.0,127500000.0,153000000.0,23000000.0,9300000.0,0.0,0.026,0.18,17900000.0,27200000.0,0.107,27200000.0,17900000.0,15800000.0,0.13,0.13,0.13,544800000.0,,544800000.0,1947532950.0,12.0,9.891,48400000.0,0.545,1.0,191500000.0,0.753,153400000.0,2100000.0,317000000.0,,0.0,238900000.0,96700000.0,142200000.0,1947600000.0,1759300000.0,188300000.0,2180260950.0,12500000.0,2800000.0,-2400000.0,-23100000.0,-13300000.0,-38800000.0,-7000000.0,0.0,58300000.0,0.0,11900000.0,11900000.0,11900000.0,0.0,0.0,0.047,173600000.0,17900000.0,1543400000.0,1.385,4.002,20.169,20.123,253800000.0,0.0,24.55,2.027,2.027,1213600000.0,356700000.0,254300000.0,254300000.0,0.0,,,,,3100000.0,157000000.0,1.0,88809000.0,88809000.0,,2.863,2339000000.0,102300000.0,3900000.0,2100000.0,26.337,45200000.0
74,AJG,MRQ,2002-12-31,2002-12-31,2002-12-31,2021-08-02,0.0,2463600000.0,,1773600000.0,690000000.0,,6.004,-13000000.0,408900000.0,408900000.0,68400000.0,38400000.0,1.014,3.664,176100000.0,47800000.0,128300000.0,176100000.0,19400000.0,8500000.0,0.0,0.02,0.15,57100000.0,65600000.0,0.22,65600000.0,57100000.0,54800000.0,0.44,0.41,0.44,528200000.0,,528200000.0,2344444661.0,12.0,10.31,43500000.0,0.494,1.0,229600000.0,0.77,135100000.0,2300000.0,346100000.0,,0.0,264500000.0,96100000.0,168400000.0,1935400000.0,1749600000.0,185800000.0,2584610661.0,23900000.0,-1100000.0,1200000.0,-5500000.0,-13300000.0,-17600000.0,-15000000.0,0.0,56500000.0,0.0,38400000.0,38400000.0,38400000.0,0.0,0.0,0.129,172500000.0,57100000.0,1488200000.0,0.341,4.893,19.897,19.718,251000000.0,0.0,29.38,2.438,2.438,1183700000.0,361000000.0,298000000.0,298000000.0,0.0,,,,,2100000.0,158400000.0,1.0,87971772.0,87971772.0,,3.387,2328500000.0,102400000.0,16400000.0,11000000.0,26.469,24000000.0
75,AJG,MRQ,2002-09-30,2002-09-30,2002-09-30,2021-08-02,0.0,2350570000.0,,1690678000.0,659892000.0,,5.522,-10500000.0,421909000.0,421909000.0,56900000.0,23300000.0,1.001,3.819,181743000.0,52590000.0,129153000.0,181743000.0,21414000.0,8800000.0,0.0,0.024,0.15,35700000.0,44500000.0,0.173,44500000.0,35700000.0,33300000.0,0.26,0.25,0.26,487812000.0,,487812000.0,2052572880.0,11.0,9.607,71900000.0,0.814,1.0,199600000.0,0.778,109053000.0,2400000.0,312111000.0,,0.0,238854000.0,63739000.0,175115000.0,1862758000.0,1689240000.0,173518000.0,2177416880.0,18000000.0,-3300000.0,-10600000.0,-31000000.0,-13200000.0,-54800000.0,-9600000.0,-3200000.0,82400000.0,0.0,23300000.0,23300000.0,23300000.0,0.0,0.0,0.091,163900000.0,35700000.0,1567521000.0,0.577,4.464,17.473,17.238,244833000.0,0.0,24.65,2.213,2.213,1098386000.0,335947000.0,256500000.0,256500000.0,0.0,,,,,3300000.0,152600000.0,1.0,88333342.0,88333342.0,,2.904,2241517000.0,97514000.0,10000000.0,651000.0,25.376,1438000.0
76,AJG,MRQ,2002-06-30,2002-06-30,2002-06-30,2021-08-02,-3407000.0,2448529000.0,,1745886000.0,702643000.0,,5.608,-10700000.0,337538000.0,337538000.0,55300000.0,34500000.0,0.977,4.072,212694000.0,77237000.0,135457000.0,212694000.0,19633000.0,8400000.0,0.0,0.016,0.15,51200000.0,59600000.0,0.223,59600000.0,51200000.0,48600000.0,0.39,0.37,0.39,482768000.0,,482768000.0,2789645840.0,15.0,12.881,-11200000.0,-0.13,1.0,211500000.0,0.793,107042000.0,2600000.0,429408000.0,,0.0,68700000.0,53622000.0,15078000.0,1965761000.0,1787235000.0,178526000.0,2982938840.0,7400000.0,2600000.0,9300000.0,17700000.0,-12800000.0,14200000.0,-6300000.0,-200000.0,-500000.0,0.0,34500000.0,34500000.0,34500000.0,0.0,0.0,0.129,160300000.0,51200000.0,1648745000.0,0.385,6.179,20.828,20.873,241225000.0,0.0,34.65,3.097,3.097,1255450000.0,325833000.0,266800000.0,266800000.0,0.0,,,,,12800000.0,141100000.0,1.0,86087701.0,86087701.0,,3.099,2341487000.0,99785000.0,14100000.0,900000.0,27.199,-41349000.0
77,AJG,MRQ,2002-03-31,2002-03-31,2002-03-31,2021-08-02,-2780000.0,2172612000.0,,1576991000.0,595621000.0,,4.728,-11200000.0,350026000.0,350026000.0,49800000.0,33700000.0,0.969,4.37,156733000.0,57050000.0,99683000.0,156733000.0,17419000.0,6700000.0,0.0,0.016,0.15,48800000.0,55500000.0,0.232,55500000.0,48800000.0,48800000.0,0.39,0.37,0.39,404574000.0,,404574000.0,2497515290.0,15.0,13.065,100000.0,0.001,1.0,189200000.0,0.792,72845000.0,0.0,278391000.0,,0.0,70025000.0,53446000.0,16579000.0,1768038000.0,1628083000.0,139955000.0,2804358290.0,4700000.0,-1100000.0,3900000.0,18400000.0,-11100000.0,11200000.0,-17800000.0,1100000.0,11300000.0,0.0,33700000.0,33700000.0,33700000.0,0.0,0.0,0.141,140400000.0,48800000.0,1466253000.0,0.385,6.932,21.259,21.279,189008000.0,0.0,32.77,3.081,3.081,1088795000.0,304623000.0,239000000.0,239000000.0,0.0,,,,,3900000.0,131800000.0,1.0,85577000.0,85577000.0,,2.793,2099767000.0,99367000.0,15100000.0,17430000.0,24.537,-51092000.0
78,AJG,MRQ,2001-12-31,2001-12-31,2001-12-31,2021-08-02,-2624000.0,2145342000.0,,1563007000.0,582335000.0,,4.387,-11262000.0,308039000.0,308039000.0,197500000.0,33117000.0,0.954,4.773,138402000.0,41704000.0,96698000.0,138402000.0,16527000.0,6623000.0,0.0,0.015,0.13,47436000.0,54059000.0,0.244,54059000.0,47436000.0,36936000.0,0.39,0.36,0.39,371613000.0,,371613000.0,2607156588.0,17.0,14.864,27631000.0,0.326,1.0,24237000.0,0.109,65341000.0,10500000.0,272408000.0,,0.0,262880000.0,52588000.0,210292000.0,1773729000.0,1637956000.0,135773000.0,2921310588.0,-29253000.0,-13844000.0,-31755000.0,15594000.0,-11020000.0,-13684000.0,-54462000.0,45000.0,38893000.0,0.0,33117000.0,33117000.0,33117000.0,0.0,0.0,0.149,-23199000.0,47436000.0,1478134000.0,0.333,7.861,23.315,23.304,183245000.0,0.0,34.49,3.29,3.29,1117238000.0,283796000.0,221737000.0,221737000.0,0.0,,,,,6840000.0,138837000.0,1.0,84700220.0,84700220.0,,2.618,2080001000.0,99263000.0,3819000.0,33746000.0,24.557,-74949000.0
79,AJG,MRQ,2001-09-30,2001-09-30,2001-09-30,2021-08-02,-2804000.0,1165910000.0,,849202000.0,316708000.0,,4.078,-7349000.0,314154000.0,314154000.0,0.0,41903000.0,1.067,2.398,0.0,0.0,0.0,0.0,18074000.0,5397000.0,0.0,0.015,0.13,42019000.0,47416000.0,0.201,47416000.0,42019000.0,42019000.0,0.49,0.47,0.49,343164000.0,,343164000.0,2569065680.0,19.0,16.125,61227000.0,0.728,1.0,235664000.0,1.0,22867000.0,0.0,33091000.0,,0.0,67205000.0,48712000.0,18493000.0,822746000.0,795798000.0,26948000.0,2848493680.0,21007000.0,284000.0,-26670000.0,-2734000.0,-10943000.0,-41285000.0,-6284000.0,2785000.0,68576000.0,0.0,41903000.0,41903000.0,41903000.0,0.0,0.0,0.178,193645000.0,42019000.0,724860000.0,0.265,8.301,24.388,24.708,46017000.0,0.0,33.85,3.192,3.192,402756000.0,261920000.0,235664000.0,235664000.0,0.0,,,,,11256000.0,115139000.0,1.0,84150478.0,84150478.0,,2.801,1143043000.0,48925000.0,116000.0,474000.0,13.583,53404000.0
80,AJG,MRQ,2001-06-30,2001-06-30,2001-06-30,2021-08-02,-1859000.0,1215239000.0,,881816000.0,333423000.0,,4.139,-6265000.0,279428000.0,279428000.0,0.0,23197000.0,1.032,2.641,0.0,0.0,0.0,0.0,17684000.0,5417000.0,0.0,0.019,0.13,28772000.0,34189000.0,0.16,34189000.0,28772000.0,28772000.0,0.27,0.26,0.27,333791000.0,,333791000.0,1843591662.0,13.0,11.37,940000.0,0.012,1.0,213947000.0,1.0,22609000.0,0.0,59047000.0,,0.0,72207000.0,49299000.0,22908000.0,881448000.0,854155000.0,27293000.0,2096951662.0,-21810000.0,-4340000.0,-9797000.0,8343000.0,-10489000.0,-20056000.0,-8959000.0,6347000.0,7205000.0,0.0,23197000.0,23197000.0,23197000.0,0.0,0.0,0.108,185175000.0,28772000.0,786560000.0,0.481,6.282,19.605,20.635,43524000.0,0.0,26.0,2.422,2.422,499039000.0,230772000.0,213947000.0,213947000.0,0.0,,,,,2833000.0,111001000.0,1.0,80651987.0,80651987.0,,2.653,1192630000.0,48295000.0,5575000.0,194000.0,14.787,27661000.0
81,AJG,MRQ,2001-03-31,2001-03-31,2001-03-31,2021-08-02,-1376000.0,1026395000.0,,707623000.0,318772000.0,,4.055,-6624000.0,253360000.0,253360000.0,0.0,27083000.0,1.043,2.177,0.0,0.0,0.0,0.0,17496000.0,5663000.0,0.0,0.017,0.13,34073000.0,39736000.0,0.183,39736000.0,34073000.0,34073000.0,0.32,0.3,0.32,323087000.0,,323087000.0,1948727000.0,14.0,12.282,10202000.0,0.128,1.0,216652000.0,1.0,17186000.0,0.0,77458000.0,,0.0,73512000.0,48702000.0,24810000.0,703308000.0,678391000.0,24917000.0,2206859000.0,-20744000.0,2700000.0,-8578000.0,-103000.0,-9148000.0,-22275000.0,-15295000.0,323000.0,16826000.0,0.0,27083000.0,27083000.0,27083000.0,0.0,0.0,0.125,182579000.0,34073000.0,631237000.0,0.406,6.831,21.883,23.083,40957000.0,0.0,27.7,2.65,2.65,354441000.0,243811000.0,216652000.0,216652000.0,0.0,,,,,4471000.0,110923000.0,1.0,79670000.0,79670000.0,,2.719,1009209000.0,47692000.0,6990000.0,5898000.0,12.667,29232000.0
82,AJG,MRQ,2000-12-31,2000-12-31,2000-12-31,2021-08-02,-2498000.0,1135488000.0,,845363000.0,290125000.0,,4.179,-8358000.0,300477000.0,300477000.0,0.0,24618000.0,1.074,2.452,0.0,0.0,0.0,0.0,19014000.0,6243000.0,0.0,0.014,0.115,31742000.0,37985000.0,0.168,37985000.0,31742000.0,31742000.0,0.29,0.27,0.29,328900000.0,,328900000.0,2259199657.0,17.0,14.75,52553000.0,0.668,1.0,226137000.0,1.0,16089000.0,0.0,32001000.0,,0.0,75203000.0,51897000.0,23306000.0,806588000.0,786921000.0,19667000.0,2503905657.0,10288000.0,-12467000.0,-10176000.0,10095000.0,-9051000.0,-14906000.0,-35717000.0,-975000.0,60911000.0,0.0,24618000.0,24618000.0,24618000.0,0.0,0.0,0.109,194395000.0,31742000.0,714193000.0,0.397,7.613,26.937,28.662,42546000.0,0.0,31.815,3.128,3.128,436542000.0,225096000.0,226137000.0,226137000.0,0.0,,,,,8928000.0,117583000.0,1.0,78702048.0,78702048.0,,2.873,1119399000.0,47824000.0,7124000.0,9867000.0,14.223,58442000.0
83,AJG,MRQ,2000-09-30,2000-09-30,2000-09-30,2021-08-02,-1964000.0,938122000.0,,654812000.0,283310000.0,,3.944,-2863000.0,244706000.0,244706000.0,0.0,32063000.0,1.058,2.117,0.0,0.0,0.0,0.0,17913000.0,4595000.0,0.0,0.015,0.115,45642000.0,50237000.0,0.24,50237000.0,45642000.0,45642000.0,0.38,0.36,0.38,300962000.0,,300962000.0,2076127063.0,14.0,12.558,39731000.0,0.521,1.0,209119000.0,1.0,14612000.0,0.0,60053000.0,,0.0,83152000.0,59878000.0,23274000.0,637160000.0,618751000.0,18409000.0,2255884063.0,25260000.0,0.0,1580000.0,-5000000.0,-8776000.0,-12780000.0,-4554000.0,-1113000.0,42594000.0,0.0,32063000.0,32063000.0,32063000.0,0.0,0.0,0.153,163477000.0,45642000.0,570875000.0,0.303,7.496,23.03,25.821,40712000.0,0.0,29.565,2.816,2.816,306287000.0,247704000.0,209119000.0,209119000.0,0.0,,,,,1400000.0,103145000.0,1.0,76302522.0,76302522.0,,2.741,923510000.0,204712000.0,13579000.0,713000.0,12.103,36061000.0
84,AJG,MRQ,2000-06-30,2000-06-30,2000-06-30,2021-08-02,-2507000.0,928751000.0,,674968000.0,253783000.0,,3.625,-5208000.0,179757000.0,179757000.0,0.0,17084000.0,1.05,2.442,0.0,0.0,0.0,0.0,17742000.0,4592000.0,0.0,0.02,0.115,26119000.0,30711000.0,0.17,30711000.0,26119000.0,26119000.0,0.21,0.19,0.21,269827000.0,,269827000.0,1383972136.0,10.0,8.875,23848000.0,0.32,1.0,180978000.0,1.0,12658000.0,0.0,93592000.0,,0.0,86325000.0,64949000.0,21376000.0,658924000.0,642744000.0,16180000.0,1563068136.0,9274000.0,0.0,5343000.0,-5000000.0,-8564000.0,-9649000.0,-10133000.0,186000.0,29056000.0,0.0,17084000.0,17084000.0,17084000.0,0.0,0.0,0.094,154859000.0,26119000.0,601494000.0,0.548,5.793,17.447,19.535,38800000.0,0.0,21.0,2.048,2.048,386009000.0,220483000.0,180978000.0,180978000.0,0.0,,,,,6729000.0,96821000.0,1.0,74431816.0,74431816.0,,2.431,916093000.0,180949000.0,9035000.0,537000.0,12.308,32224000.0
85,AJG,MRQ,2000-03-31,2000-03-31,2000-03-31,2021-08-02,-2717000.0,848551000.0,,604696000.0,243855000.0,,3.392,-4220000.0,179096000.0,179096000.0,0.0,16817000.0,1.042,2.372,0.0,0.0,0.0,0.0,17175000.0,3996000.0,0.0,0.026,0.115,25667000.0,29663000.0,0.175,29663000.0,25667000.0,25667000.0,0.21,0.2,0.21,251624000.0,,251624000.0,1035405000.0,8.0,6.959,32637000.0,0.44,1.0,169208000.0,1.0,14031000.0,0.0,75128000.0,,0.0,85321000.0,64136000.0,21185000.0,596927000.0,580296000.0,16631000.0,1205360000.0,6141000.0,0.0,-254000.0,-5000000.0,-7368000.0,-9773000.0,-20943000.0,-697000.0,36857000.0,0.0,16817000.0,16817000.0,16817000.0,0.0,0.0,0.099,143541000.0,25667000.0,530160000.0,0.548,4.79,14.089,15.625,37314000.0,0.0,16.25,1.658,1.658,324140000.0,215172000.0,169208000.0,169208000.0,0.0,,,,,2970000.0,91330000.0,1.0,74176000.0,74176000.0,,2.281,834520000.0,171325000.0,8850000.0,3300000.0,11.251,24400000.0
86,AJG,MRQ,1999-12-31,1999-12-31,1999-12-31,2021-08-02,-2669000.0,935709000.0,,684399000.0,251310000.0,,3.399,-4028000.0,201347000.0,201347000.0,0.0,31990000.0,1.026,2.747,0.0,0.0,0.0,0.0,15537000.0,6260000.0,0.0,0.025,0.1,48449000.0,54709000.0,0.226,54709000.0,48449000.0,48449000.0,0.345,0.33,0.345,249750000.0,,249750000.0,1002416552.0,8.0,6.928,21633000.0,0.294,1.0,241901000.0,1.0,14054000.0,0.0,53174000.0,,0.0,84131000.0,63857000.0,20274000.0,685959000.0,667134000.0,18825000.0,1189516552.0,-44502000.0,-250000.0,-639000.0,4000000.0,-7348000.0,-64843000.0,-5320000.0,943000.0,25661000.0,0.0,31990000.0,31990000.0,31990000.0,0.0,0.0,0.132,193452000.0,48449000.0,596364000.0,0.29,4.763,14.29,15.87,40033000.0,0.0,16.188,1.667,1.667,373478000.0,188595000.0,241901000.0,241901000.0,0.0,,,,,336000.0,119320000.0,1.0,73483648.0,73483648.0,,3.292,921655000.0,21625000.0,16459000.0,9116000.0,12.542,17265000.0
87,AJG,MRQ,1999-09-30,1999-09-30,1999-09-30,2021-08-02,-1724000.0,821261000.0,,586163000.0,235098000.0,,3.206,-5314000.0,187100000.0,187100000.0,0.0,23699000.0,1.022,2.52,0.0,0.0,0.0,0.0,17531000.0,4349000.0,0.0,0.029,0.1,36506000.0,40855000.0,0.239,40855000.0,36506000.0,36506000.0,0.31,0.295,0.31,233303000.0,,233303000.0,818505156.0,8.0,6.947,50966000.0,0.7,1.0,171083000.0,1.0,11126000.0,0.0,49318000.0,,0.0,84298000.0,61715000.0,22583000.0,587958000.0,573717000.0,14241000.0,968846156.0,18771000.0,0.0,1279000.0,-11500000.0,-7279000.0,-20966000.0,-16543000.0,-1031000.0,56280000.0,0.0,23699000.0,23699000.0,23699000.0,0.0,0.0,0.139,134577000.0,36506000.0,514333000.0,0.323,4.153,14.502,15.39,36705000.0,0.0,13.312,1.486,1.486,295687000.0,200650000.0,171083000.0,171083000.0,0.0,,,,,5166000.0,83833000.0,1.0,72777176.0,72777176.0,,2.351,810135000.0,164684000.0,12807000.0,12874000.0,11.132,12446000.0
88,AJG,MRQ,1999-06-30,1999-06-30,1999-06-30,2021-08-02,-875000.0,808205000.0,,578500000.0,229705000.0,,2.997,-4409000.0,150341000.0,150341000.0,0.0,13046000.0,1.001,2.748,0.0,0.0,0.0,0.0,18319000.0,3747000.0,0.0,0.03,0.1,19821000.0,23568000.0,0.163,23568000.0,19821000.0,19821000.0,0.175,0.17,0.175,215661000.0,,215661000.0,747108952.0,8.0,6.835,-840000.0,-0.012,1.0,144734000.0,1.0,11926000.0,0.0,67889000.0,,0.0,83033000.0,60341000.0,22692000.0,592544000.0,578049000.0,14495000.0,890494952.0,4293000.0,0.0,2992000.0,12500000.0,-7207000.0,10184000.0,-9460000.0,-2170000.0,3569000.0,0.0,13046000.0,13046000.0,13046000.0,0.0,0.0,0.09,124913000.0,19821000.0,519206000.0,0.571,4.129,14.083,14.856,34461000.0,0.0,12.375,1.417,1.417,325639000.0,185000000.0,144734000.0,144734000.0,0.0,,,,,0.0,77440000.0,1.0,71959188.0,71959188.0,,2.011,796279000.0,160626000.0,6775000.0,3472000.0,11.066,451000.0
89,AJG,MRQ,1999-03-31,1999-03-31,1999-03-31,2021-08-02,-1013000.0,720438000.0,,499853000.0,220585000.0,,2.816,-4337000.0,143386000.0,143386000.0,0.0,13476000.0,0.992,2.534,0.0,0.0,0.0,0.0,18227000.0,3320000.0,0.0,0.032,0.1,20625000.0,23945000.0,0.174,23945000.0,20625000.0,20625000.0,0.185,0.175,0.185,203886000.0,,203886000.0,684463036.0,8.0,6.618,3278000.0,0.045,1.0,137608000.0,1.0,12451000.0,0.0,60504000.0,,0.0,78103000.0,57874000.0,20229000.0,516552000.0,504097000.0,12455000.0,832603036.0,-20573000.0,0.0,-6031000.0,-5000000.0,-6176000.0,-17900000.0,-10288000.0,-478000.0,7615000.0,0.0,13476000.0,13476000.0,13476000.0,0.0,0.0,0.098,116983000.0,20625000.0,452830000.0,0.541,4.084,13.855,14.465,33005000.0,0.0,11.5,1.362,1.362,256894000.0,179758000.0,137608000.0,137608000.0,0.0,,,,,0.0,75265000.0,1.0,72400264.0,72400264.0,,1.901,707987000.0,154900000.0,7149000.0,5480000.0,9.779,-4244000.0
90,AJG,MRQ,1998-12-31,1998-12-31,1998-12-31,2021-08-02,-777000.0,760438000.0,,544357000.0,216081000.0,,2.973,-7023000.0,155565000.0,155565000.0,0.0,16586000.0,1.004,2.701,0.0,0.0,0.0,0.0,13616000.0,4549000.0,0.0,0.032,0.087,24911000.0,29460000.0,0.148,29460000.0,24911000.0,24911000.0,0.195,0.18,0.195,205487000.0,,205487000.0,599206571.0,7.0,5.969,23113000.0,0.334,1.0,198547000.0,1.0,12541000.0,0.0,50344000.0,,0.0,77457000.0,57368000.0,20089000.0,554951000.0,541988000.0,12963000.0,762598571.0,-6911000.0,0.0,-185000.0,-7500000.0,-6059000.0,-24521000.0,-12526000.0,755000.0,30136000.0,0.0,16586000.0,16586000.0,16586000.0,0.0,0.0,0.084,173636000.0,24911000.0,473162000.0,0.446,3.711,12.995,14.144,31969000.0,0.0,11.033,1.263,1.263,293889000.0,172688000.0,198547000.0,198547000.0,0.0,,,,,4273000.0,104102000.0,1.0,69122916.0,69122916.0,,2.872,747897000.0,151482000.0,8325000.0,12621000.0,10.82,2369000.0
91,AJG,MRQ,1998-09-30,1998-09-30,1998-09-30,2021-08-02,-182000.0,720998000.0,,519948000.0,201050000.0,,2.778,-2853000.0,163392000.0,163392000.0,0.0,20123000.0,1.006,2.764,0.0,0.0,0.0,0.0,16284000.0,2914000.0,0.0,0.033,0.087,29425000.0,32339000.0,0.219,32339000.0,29425000.0,29425000.0,0.278,0.265,0.278,191568000.0,,191568000.0,558316736.0,6.0,5.66,28887000.0,0.419,1.0,147720000.0,1.0,10143000.0,0.0,30708000.0,,0.0,77943000.0,56266000.0,21677000.0,529430000.0,516755000.0,12675000.0,711229736.0,3695000.0,0.0,-4854000.0,0.0,-6035000.0,-9678000.0,-18367000.0,1023000.0,31740000.0,0.0,20123000.0,20123000.0,20123000.0,0.0,0.0,0.136,118295000.0,29425000.0,456724000.0,0.313,3.713,12.056,13.104,27404000.0,0.0,10.312,1.248,1.248,260692000.0,163358000.0,147720000.0,147720000.0,0.0,,,,,0.0,73897000.0,1.0,68967732.0,68967732.0,,2.142,710855000.0,141826000.0,9302000.0,2889000.0,10.307,3193000.0
92,AJG,MRQ,1998-06-30,1998-06-30,1998-06-30,2021-08-02,1595000.0,706290000.0,,518729000.0,187561000.0,,2.726,-2230000.0,152913000.0,152913000.0,0.0,9910000.0,1.02,2.811,0.0,0.0,0.0,0.0,17599000.0,2981000.0,0.0,0.029,0.087,14695000.0,17676000.0,0.139,17676000.0,14695000.0,14695000.0,0.138,0.13,0.138,185335000.0,,185335000.0,612426603.0,7.0,6.309,-8751000.0,-0.129,1.0,127462000.0,1.0,9926000.0,0.0,35080000.0,,0.0,87658000.0,62457000.0,25201000.0,520955000.0,508371000.0,12584000.0,760483603.0,10432000.0,0.0,3258000.0,22000000.0,-5948000.0,18729000.0,-1776000.0,14657000.0,-6521000.0,0.0,9910000.0,9910000.0,9910000.0,0.0,0.0,0.078,112767000.0,14695000.0,447931000.0,0.63,4.103,13.241,14.126,26879000.0,0.0,11.188,1.376,1.376,258297000.0,149881000.0,127462000.0,127462000.0,0.0,,,,,0.0,70009000.0,1.0,67976188.0,67976188.0,,1.875,696364000.0,125555000.0,4785000.0,520000.0,10.244,10358000.0
93,AJG,MRQ,1998-03-31,1998-03-31,1998-03-31,2021-08-02,1802000.0,630628000.0,,444170000.0,186458000.0,,2.676,-1851000.0,148057000.0,148057000.0,0.0,11974000.0,1.014,2.547,0.0,0.0,0.0,0.0,17433000.0,2950000.0,0.0,0.03,0.087,17848000.0,20798000.0,0.162,20798000.0,17848000.0,17848000.0,0.17,0.163,0.17,177791000.0,,177791000.0,571000952.0,6.0,5.625,2406000.0,0.036,1.0,128517000.0,1.0,10246000.0,0.0,34132000.0,,0.0,104298000.0,64968000.0,39330000.0,452837000.0,438193000.0,14644000.0,719338952.0,-24325000.0,0.0,6785000.0,-15630000.0,-5143000.0,-11948000.0,-16634000.0,499000.0,4257000.0,0.0,11974000.0,11974000.0,11974000.0,0.0,0.0,0.093,110669000.0,17848000.0,400319000.0,0.512,4.046,11.926,12.738,26932000.0,0.0,10.828,1.328,1.328,191625000.0,146465000.0,128517000.0,128517000.0,0.0,,,,,0.0,69386000.0,1.0,66436292.0,66436292.0,,1.934,620382000.0,109950000.0,5874000.0,6232000.0,9.338,5977000.0
94,AJG,MRQ,1997-12-31,1997-12-31,1997-12-31,2021-08-02,1658000.0,669609000.0,,492770000.0,176839000.0,,2.581,-5328000.0,162226000.0,162226000.0,0.0,16986000.0,1.016,2.906,0.0,0.0,0.0,0.0,11778000.0,3649000.0,0.0,0.036,0.077,24175000.0,27824000.0,0.167,27824000.0,24175000.0,24175000.0,0.202,0.198,0.202,171451000.0,,171451000.0,,,,13316000.0,0.2,1.0,166148000.0,1.0,10497000.0,0.0,12089000.0,,0.0,101884000.0,62681000.0,39203000.0,498158000.0,484797000.0,13361000.0,572016474.0,18159000.0,8993000.0,408000.0,15000000.0,-5117000.0,9190000.0,-9675000.0,1936000.0,18644000.0,0.0,16986000.0,16986000.0,16986000.0,0.0,0.0,0.102,141973000.0,24175000.0,419663000.0,0.381,3.336,9.934,10.5,29561000.0,0.0,8.61,1.09,1.09,226592000.0,148107000.0,166148000.0,166148000.0,0.0,,,,,0.0,84827000.0,1.0,66436292.0,66436292.0,,2.501,659112000.0,97578000.0,7189000.0,10843000.0,9.921,7973000.0
95,AJG,MRQ,1997-09-30,1997-09-30,1997-09-30,2021-08-02,,,,,,,,-2358000.0,,,0.0,18565000.0,,,,,,,,2649000.0,,0.033,0.077,28128000.0,30777000.0,0.236,30777000.0,28128000.0,28128000.0,0.282,0.27,0.282,,,,,,,16599000.0,,1.0,130401000.0,1.0,,0.0,,,,,,,,,,,-3762000.0,0.0,2490000.0,-10000000.0,-5069000.0,-11569000.0,-11150000.0,-2505000.0,18957000.0,0.0,18565000.0,18565000.0,18565000.0,0.0,0.0,0.142,102273000.0,28128000.0,,0.273,,,,,0.0,9.312,,,,,130401000.0,130401000.0,0.0,,,,,0.0,63547000.0,1.0,,,,,,,9563000.0,,,
96,AJG,MRQ,1997-06-30,1997-06-30,1997-06-30,2021-08-02,,,,,,,,-2736000.0,,,0.0,12792000.0,,,,,,,,2733000.0,,0.032,0.077,19381000.0,22114000.0,0.19,22114000.0,19381000.0,19381000.0,0.195,0.19,0.195,,,,,,,21574000.0,,1.0,116578000.0,1.0,,0.0,,,,,,,,,,,9410000.0,0.0,-4284000.0,2000000.0,-5079000.0,-7126000.0,-7774000.0,1930000.0,24310000.0,0.0,12792000.0,12792000.0,12792000.0,0.0,0.0,0.11,97197000.0,19381000.0,,0.395,,,,,0.0,9.438,,,,,116578000.0,116578000.0,0.0,,,,,0.0,57988000.0,1.0,,,,,,,6589000.0,,,
97,AJG,MRQ,1997-03-31,1997-03-31,1997-03-31,2021-08-02,,,,,,,,-1806000.0,,,0.0,9238000.0,,,,,,,,2601000.0,,0.036,0.077,13998000.0,16599000.0,0.149,16599000.0,13998000.0,13998000.0,0.14,0.135,0.14,,,,,,,8988000.0,,1.0,111477000.0,1.0,,0.0,,,,,,,,,,,-8788000.0,0.0,-4776000.0,-3130000.0,-4725000.0,-12169000.0,-7413000.0,482000.0,10794000.0,0.0,9238000.0,9238000.0,9238000.0,0.0,0.0,0.083,97479000.0,13998000.0,,0.55,,,,,0.0,8.22,,,,,111477000.0,111477000.0,0.0,,,,,0.0,61210000.0,1.0,,,,,,,4760000.0,,,
98,AJG,MRQ,1996-12-31,1996-12-31,1996-12-31,2021-08-02,889000.0,592288000.0,,465293000.0,126995000.0,,,,144241000.0,144241000.0,,,1.041,3.423,0.0,0.0,0.0,0.0,13043000.0,,0.0,0.037,0.072,,,,,,,,,,133901000.0,,133901000.0,,,,,,1.0,,,11093000.0,,-9854000.0,,0.0,90290000.0,53409000.0,36881000.0,458387000.0,446808000.0,11579000.0,,,,,,,,,,,,,,,,,,,,393573000.0,,,,11.887,26238000.0,,7.75,,,237640000.0,114415000.0,,,,,,,,,,1.0,,,,,581195000.0,52783000.0,,4965000.0,,18485000.0
0,AJG,MRT,2021-06-30,2021-06-30,2021-06-30,2021-08-02,-530500000.0,27817200000.0,24094500000.0,15939300000.0,11877900000.0,0.318,42.436,-99700000.0,6375000000.0,6375000000.0,2033900000.0,936400000.0,1.326,2.341,6380900000.0,366100000.0,6014800000.0,6380900000.0,592100000.0,555900000.0,0.0,0.013,1.86,1128800000.0,1684700000.0,0.22,1684700000.0,1128800000.0,928600000.0,4.56,4.46,4.56,8312700000.0,6750425000.0,8312700000.0,28911550960.0,26.0,17.161,1538900000.0,7.856,1.0,5617300000.0,0.734,9077600000.0,200200000.0,6724200000.0,5534325000.0,0.0,0.0,0.0,0.0,19463200000.0,12021300000.0,7441900000.0,27439850960.0,3372300000.0,-777900000.0,1555700000.0,1427500000.0,-376300000.0,2411800000.0,-879100000.0,-1500000.0,1638600000.0,201000000.0,891100000.0,891100000.0,891100000.0,0.0,45300000.0,0.116,4223300000.0,1394000000.0,9716700000.0,0.408,3.301,30.793,30.719,813200000.0,0.0,140.08,3.586,3.586,8394800000.0,2749100000.0,7651200000.0,7651200000.0,0.0,0.037,0.132,0.204,0.148,77000000.0,3667400000.0,1.0,195887000.0,195887000.0,,39.059,18739600000.0,1126300000.0,37500000.0,0.0,95.665,3918000000.0
1,AJG,MRT,2021-03-31,2021-03-31,2021-03-31,2021-08-02,-527800000.0,24414500000.0,22466750000.0,12667500000.0,11747000000.0,0.325,34.743,-97000000.0,3360900000.0,3360900000.0,1887700000.0,896400000.0,1.1,2.62,4832600000.0,151300000.0,4681300000.0,4832600000.0,590700000.0,533300000.0,0.0,0.015,1.83,1075500000.0,1608800000.0,0.22,1608800000.0,1075500000.0,881500000.0,4.43,4.33,4.43,6731100000.0,6044400000.0,6731100000.0,25464139800.0,24.0,15.828,1833200000.0,9.462,1.0,5414000000.0,0.741,8989700000.0,194000000.0,5380500000.0,5205525000.0,0.0,0.0,0.0,0.0,17635000000.0,11516000000.0,6119000000.0,24172939800.0,727700000.0,-631300000.0,125200000.0,-417200000.0,-357400000.0,-771100000.0,-729700000.0,-1400000.0,1930200000.0,298300000.0,854600000.0,854600000.0,854600000.0,0.0,41800000.0,0.117,4079200000.0,1334800000.0,9205000000.0,0.413,3.591,28.286,28.165,819400000.0,0.0,124.77,3.311,3.311,8309300000.0,2658900000.0,7301700000.0,7301700000.0,0.0,0.038,0.141,0.207,0.147,73900000.0,3545900000.0,1.0,193740000.0,193740000.0,,37.688,15424800000.0,1087900000.0,26900000.0,0.0,79.616,1151500000.0
2,AJG,MRT,2020-12-31,2020-12-31,2020-12-31,2021-08-02,-643600000.0,22331400000.0,21572250000.0,11124200000.0,11207200000.0,0.325,32.166,-99300000.0,3574300000.0,3574300000.0,1788600000.0,858100000.0,1.098,2.602,4865500000.0,278600000.0,4586900000.0,4865500000.0,541300000.0,562400000.0,0.0,0.015,1.8,1028000000.0,1590400000.0,0.227,1590400000.0,1028000000.0,831600000.0,4.29,4.2,4.29,6186200000.0,5619000000.0,6186200000.0,25193554620.0,25.0,15.841,1653200000.0,8.596,1.0,5215000000.0,0.745,8526900000.0,196400000.0,4960700000.0,5304300000.0,0.0,0.0,0.0,0.0,16098700000.0,10135000000.0,5963700000.0,23792154620.0,950400000.0,-316100000.0,111900000.0,-79100000.0,-347400000.0,-505100000.0,-416800000.0,-1400000.0,1752500000.0,119800000.0,818800000.0,818800000.0,818800000.0,0.0,39300000.0,0.117,4028900000.0,1186100000.0,7784600000.0,0.42,3.846,29.057,28.837,824600000.0,0.0,123.71,3.397,3.397,6436000000.0,2371700000.0,7003600000.0,7003600000.0,0.0,0.038,0.146,0.194,0.147,74500000.0,3466500000.0,1.0,192322000.0,192322000.0,,36.416,13804500000.0,1085800000.0,12800000.0,0.0,71.778,989200000.0
3,AJG,MRT,2020-09-30,2020-09-30,2020-09-30,2021-08-02,-870400000.0,21814900000.0,20898100000.0,11200300000.0,10614600000.0,0.336,30.144,-110600000.0,3474800000.0,3474800000.0,1902700000.0,810600000.0,1.107,2.772,4876200000.0,318000000.0,4558200000.0,4876200000.0,531400000.0,558500000.0,0.0,0.017,1.78,982400000.0,1540900000.0,0.219,1540900000.0,982400000.0,785700000.0,4.09,3.99,4.09,5771700000.0,5361325000.0,5771700000.0,22164497020.0,23.0,14.384,1627100000.0,8.498,1.0,5118700000.0,0.729,8027200000.0,196700000.0,5071900000.0,5339200000.0,0.0,0.0,0.0,0.0,15996700000.0,10117200000.0,5879500000.0,20215297020.0,867500000.0,-396400000.0,101700000.0,97500000.0,-341400000.0,-371500000.0,-559000000.0,-52000000.0,1737700000.0,60300000.0,775100000.0,775100000.0,775100000.0,0.0,35500000.0,0.11,4001200000.0,1117500000.0,7952900000.0,0.435,3.502,26.081,25.814,805100000.0,0.0,105.58,2.879,2.879,6702500000.0,2317300000.0,7021400000.0,7021400000.0,0.0,0.037,0.145,0.184,0.14,71100000.0,3442700000.0,1.0,191469000.0,191469000.0,,36.671,13787700000.0,1049800000.0,10600000.0,0.0,72.01,1083100000.0
4,AJG,MRT,2020-06-30,2020-06-30,2020-06-30,2021-08-02,-982200000.0,21306200000.0,20237825000.0,10760400000.0,10545800000.0,0.346,28.945,-122300000.0,3002700000.0,3002700000.0,2045700000.0,759900000.0,1.091,2.874,4951900000.0,328600000.0,4623300000.0,4951900000.0,519600000.0,543900000.0,0.0,0.018,1.76,886400000.0,1430300000.0,0.204,1430300000.0,886400000.0,691200000.0,3.85,3.75,3.85,5488600000.0,5129225000.0,5488600000.0,21065051290.0,24.0,14.728,1379500000.0,7.275,1.0,4951800000.0,0.708,7982400000.0,195200000.0,5409000000.0,5340850000.0,0.0,0.0,0.0,0.0,15771700000.0,9864000000.0,5907700000.0,18486151290.0,456100000.0,-609400000.0,94300000.0,271700000.0,-334900000.0,-234200000.0,-783600000.0,-51900000.0,1501800000.0,-27900000.0,724600000.0,724600000.0,724600000.0,0.0,35300000.0,0.104,3951800000.0,1000000000.0,7950500000.0,0.457,3.368,25.512,25.322,823600000.0,0.0,97.49,2.642,2.642,6873500000.0,2228300000.0,6997500000.0,6997500000.0,0.0,0.036,0.141,0.166,0.127,68900000.0,3407900000.0,1.0,189621000.0,189621000.0,,36.903,13323800000.0,1012100000.0,-33400000.0,0.0,70.265,896400000.0
5,AJG,MRT,2020-03-31,2020-03-31,2020-03-31,2021-08-02,-1231100000.0,20836500000.0,19711350000.0,10527200000.0,10309300000.0,0.359,26.718,-129000000.0,2633200000.0,2633200000.0,2219400000.0,719500000.0,1.07,3.135,5212100000.0,577600000.0,4634500000.0,5212100000.0,491500000.0,536300000.0,0.0,0.021,1.74,811900000.0,1348200000.0,0.191,1348200000.0,811900000.0,621800000.0,3.63,3.54,3.63,5029500000.0,4976925000.0,5029500000.0,17667712970.0,22.0,13.105,1195000000.0,6.348,1.0,4851900000.0,0.686,7802000000.0,190100000.0,5775600000.0,5282550000.0,0.0,0.0,0.0,0.0,15766400000.0,9837800000.0,5928600000.0,15344012970.0,92400000.0,-1159300000.0,92300000.0,733200000.0,-328900000.0,278900000.0,-1340300000.0,-52000000.0,1324000000.0,-170200000.0,681000000.0,681000000.0,681000000.0,0.0,38500000.0,0.096,3934900000.0,917000000.0,7778700000.0,0.479,3.051,22.532,22.455,829100000.0,0.0,81.51,2.17,2.17,7094300000.0,2161400000.0,7071300000.0,7071300000.0,0.0,0.035,0.137,0.154,0.115,66200000.0,3398600000.0,1.0,188247000.0,188247000.0,,37.564,13034500000.0,1003800000.0,-59200000.0,0.0,69.241,689400000.0
6,AJG,MRT,2019-12-31,2019-12-31,2019-12-31,2021-08-02,-759600000.0,19634800000.0,19160075000.0,9117500000.0,10517300000.0,0.376,27.64,-138800000.0,2623900000.0,2623900000.0,2421300000.0,715800000.0,1.022,2.797,4947600000.0,790600000.0,4157000000.0,4947600000.0,503800000.0,474400000.0,0.0,0.018,1.72,758900000.0,1233300000.0,0.171,1233300000.0,758900000.0,579100000.0,3.6,3.52,3.6,5155500000.0,4939625000.0,5155500000.0,19966485290.0,26.0,16.189,980400000.0,5.256,1.0,4773700000.0,0.663,7937200000.0,179800000.0,5100300000.0,5170000000.0,0.0,0.0,0.0,0.0,14419300000.0,8921000000.0,5498300000.0,17762585290.0,387100000.0,-1185800000.0,101200000.0,999200000.0,-321100000.0,638400000.0,-1376600000.0,-52000000.0,1119200000.0,6100000.0,668800000.0,668800000.0,668800000.0,0.0,47000000.0,0.093,3813900000.0,959800000.0,6348500000.0,0.478,3.445,26.559,26.453,860900000.0,0.0,95.23,2.469,2.469,5419200000.0,1901300000.0,7195000000.0,7195000000.0,0.0,0.035,0.135,0.147,0.105,61200000.0,3339500000.0,1.0,186523000.0,186523000.0,,38.574,11697600000.0,945600000.0,-89700000.0,0.0,62.714,196500000.0
7,AJG,MRT,2019-09-30,2019-09-30,2019-09-30,2021-08-02,-925100000.0,19173800000.0,18334875000.0,9328600000.0,9845200000.0,0.389,26.029,-141300000.0,2607300000.0,2607300000.0,2531400000.0,738000000.0,1.047,2.945,4811200000.0,660100000.0,4151100000.0,4811200000.0,493900000.0,454600000.0,0.0,0.019,1.7,703100000.0,1157700000.0,0.162,1157700000.0,703100000.0,534900000.0,3.72,3.63,3.72,4843300000.0,4775475000.0,4843300000.0,18824989900.0,27.0,16.261,888300000.0,4.774,1.0,4599600000.0,0.645,7388300000.0,168200000.0,5078500000.0,4798775000.0,0.0,0.0,0.0,0.0,14261800000.0,8910900000.0,5350900000.0,16666289900.0,346800000.0,-1079100000.0,95100000.0,972100000.0,-315400000.0,633900000.0,-1236900000.0,-16500000.0,1029600000.0,-79800000.0,687600000.0,687600000.0,687600000.0,0.0,50400000.0,0.096,3696800000.0,902800000.0,6573900000.0,0.457,3.441,24.238,24.078,843300000.0,0.0,89.57,2.337,2.337,5684700000.0,1884200000.0,7131000000.0,7131000000.0,0.0,0.038,0.144,0.147,0.099,58800000.0,3242200000.0,1.0,186070000.0,186070000.0,,38.324,11785500000.0,952800000.0,-152700000.0,0.0,63.339,417700000.0
8,AJG,MRT,2019-06-30,2019-06-30,2019-06-30,2021-08-02,-802500000.0,19200300000.0,17570100000.0,9547400000.0,9652900000.0,0.403,26.339,-137000000.0,2546600000.0,2546600000.0,2602500000.0,739300000.0,1.069,2.921,4705300000.0,562300000.0,4143000000.0,4705300000.0,504300000.0,441500000.0,0.0,0.019,1.68,668900000.0,1110400000.0,0.157,1110400000.0,668900000.0,510600000.0,3.74,3.65,3.74,4879400000.0,4700775000.0,4879400000.0,18200422680.0,27.0,16.391,734400000.0,3.964,1.0,4481800000.0,0.633,7250700000.0,158300000.0,5175800000.0,4451325000.0,0.0,0.0,0.0,0.0,14252500000.0,8932500000.0,5320000000.0,16226222680.0,201900000.0,-1043800000.0,99300000.0,917000000.0,-310600000.0,580500000.0,-1197400000.0,-16600000.0,871400000.0,-52600000.0,689100000.0,689100000.0,689100000.0,0.0,50200000.0,0.097,3610700000.0,871100000.0,6873800000.0,0.449,3.325,23.547,23.42,826400000.0,0.0,87.59,2.29,2.29,6007600000.0,1839300000.0,7084300000.0,7084300000.0,0.0,0.039,0.147,0.15,0.094,56800000.0,3169200000.0,1.0,185252000.0,185252000.0,,38.241,11949600000.0,905700000.0,-178500000.0,0.0,64.505,614900000.0
9,AJG,MRT,2019-03-31,2019-03-31,2019-03-31,2021-08-02,-721500000.0,18631400000.0,16827650000.0,9669500000.0,8961900000.0,0.421,26.515,-132600000.0,2540800000.0,2540800000.0,2717400000.0,741600000.0,1.119,2.802,4515000000.0,494800000.0,4020200000.0,4515000000.0,480100000.0,430700000.0,0.0,0.021,1.66,658500000.0,1089200000.0,0.154,1089200000.0,658500000.0,511200000.0,3.78,3.69,3.78,4880300000.0,4591825000.0,4880300000.0,15748686000.0,24.0,14.459,753900000.0,4.096,1.0,4369500000.0,0.617,6642300000.0,147300000.0,5325400000.0,4074725000.0,0.0,0.0,0.0,0.0,13673200000.0,8637900000.0,5035300000.0,14375086000.0,432100000.0,-816800000.0,82400000.0,942700000.0,-305300000.0,599900000.0,-964700000.0,-15300000.0,886500000.0,-89600000.0,693900000.0,693900000.0,693900000.0,0.0,47700000.0,0.098,3518300000.0,851200000.0,6741400000.0,0.439,2.946,20.716,20.661,819000000.0,0.0,78.1,2.028,2.028,6253200000.0,1810200000.0,7086900000.0,7086900000.0,0.0,0.041,0.151,0.162,0.093,54200000.0,3087600000.0,1.0,184060000.0,184060000.0,,38.503,11989100000.0,869900000.0,-182700000.0,0.0,65.137,1031600000.0
10,AJG,MRT,2018-12-31,2018-12-31,2018-12-31,2021-08-02,-785600000.0,16334000000.0,16201675000.0,8118700000.0,8215300000.0,0.428,24.497,-124400000.0,2236800000.0,2236800000.0,2719700000.0,675900000.0,1.055,2.615,3610400000.0,519000000.0,3091400000.0,3610400000.0,457700000.0,419000000.0,0.0,0.022,1.64,575400000.0,994400000.0,0.143,994400000.0,575400000.0,437000000.0,3.47,3.4,3.47,4498900000.0,4500400000.0,4498900000.0,14805152400.0,26.0,14.889,640700000.0,3.489,1.0,4214300000.0,0.608,6398600000.0,138400000.0,3615400000.0,3661775000.0,0.0,0.0,0.0,0.0,11764300000.0,7693600000.0,4070700000.0,13535152400.0,-68200000.0,-770300000.0,70600000.0,507900000.0,-301800000.0,162000000.0,-910300000.0,-15600000.0,765100000.0,-85000000.0,633500000.0,633500000.0,633500000.0,0.0,42400000.0,0.091,3445300000.0,769000000.0,5740200000.0,0.473,3.009,21.366,21.239,436900000.0,0.0,73.7,1.952,1.952,4857500000.0,1558600000.0,6934000000.0,6934000000.0,0.0,0.039,0.141,0.157,0.083,55300000.0,3026300000.0,1.0,183652000.0,183652000.0,,37.756,9935400000.0,806200000.0,-196500000.0,0.0,54.099,425100000.0
11,AJG,MRT,2018-09-30,2018-09-30,2018-09-30,2021-08-02,-673400000.0,16114700000.0,15845600000.0,8084000000.0,8030700000.0,0.429,24.886,-126200000.0,2260500000.0,2260500000.0,2685300000.0,626600000.0,1.089,2.531,3530500000.0,389300000.0,3141200000.0,3530500000.0,472700000.0,405800000.0,0.0,0.022,1.62,559600000.0,965400000.0,0.142,965400000.0,559600000.0,426500000.0,3.23,3.16,3.23,4544500000.0,4434575000.0,4544500000.0,14736037280.0,26.0,15.264,639400000.0,3.501,1.0,4110700000.0,0.605,6273400000.0,133100000.0,3688700000.0,3557450000.0,0.0,0.0,0.0,0.0,11502000000.0,7422600000.0,4079400000.0,13593637280.0,80000000.0,-636000000.0,51100000.0,506600000.0,-297300000.0,155600000.0,-762600000.0,-400000.0,765600000.0,-78600000.0,587700000.0,587700000.0,587700000.0,0.0,38900000.0,0.086,3360200000.0,750500000.0,5693600000.0,0.502,2.991,23.13,23.046,429300000.0,0.0,74.44,2.0,2.0,4872000000.0,1517600000.0,6796000000.0,6796000000.0,0.0,0.037,0.133,0.157,0.082,54300000.0,2954400000.0,1.0,182612000.0,182612000.0,,37.216,9841300000.0,743400000.0,-161200000.0,0.0,53.892,661400000.0
12,AJG,MRT,2018-06-30,2018-06-30,2018-06-30,2021-08-02,-651400000.0,16230500000.0,15019525000.0,8365000000.0,7865500000.0,0.44,24.379,-126300000.0,2344700000.0,2344700000.0,2609200000.0,606300000.0,1.105,2.637,3487100000.0,346100000.0,3141000000.0,3487100000.0,471800000.0,399700000.0,0.0,0.025,1.6,544600000.0,944300000.0,0.143,944300000.0,544600000.0,416800000.0,3.14,3.09,3.14,4443600000.0,4325950000.0,4443600000.0,13063181440.0,24.0,13.834,780300000.0,4.281,1.0,4002000000.0,0.605,6134900000.0,127800000.0,3669400000.0,3414325000.0,0.0,0.0,0.0,0.0,11717400000.0,7568600000.0,4148800000.0,11898781440.0,275800000.0,-544700000.0,44200000.0,362400000.0,-292000000.0,34800000.0,-673300000.0,-2300000.0,906600000.0,7700000.0,571100000.0,571100000.0,571100000.0,0.0,35200000.0,0.086,3268900000.0,733100000.0,5982700000.0,0.51,2.678,20.835,20.79,427600000.0,0.0,65.28,1.8,1.8,5142200000.0,1466000000.0,6611200000.0,6611200000.0,0.0,0.038,0.132,0.16,0.082,53700000.0,2869200000.0,1.0,182273000.0,182273000.0,,36.271,10095600000.0,716300000.0,-154300000.0,0.0,55.387,796400000.0
13,AJG,MRT,2018-03-31,2018-03-31,2018-03-31,2021-08-02,-499500000.0,16127500000.0,14104300000.0,8533300000.0,7594200000.0,0.457,24.884,-131000000.0,2108700000.0,2108700000.0,2545900000.0,560900000.0,1.102,2.557,3273100000.0,481000000.0,2792100000.0,3273100000.0,465200000.0,390800000.0,0.0,0.023,1.58,493300000.0,884100000.0,0.137,884100000.0,493300000.0,367800000.0,2.9,2.86,2.9,4514600000.0,4176225000.0,4514600000.0,13297408980.0,27.0,15.041,490100000.0,2.701,1.0,3894400000.0,0.605,5875900000.0,125500000.0,3673600000.0,3272950000.0,0.0,0.0,0.0,0.0,11543000000.0,7742400000.0,3800600000.0,12469408980.0,286700000.0,-292300000.0,43400000.0,311100000.0,-287400000.0,1800000.0,-427700000.0,-4400000.0,621100000.0,91500000.0,526200000.0,526200000.0,526200000.0,0.0,34700000.0,0.082,3202200000.0,692200000.0,6071300000.0,0.545,2.762,23.697,23.7,424200000.0,0.0,68.73,1.936,1.936,5675400000.0,1426700000.0,6440300000.0,6440300000.0,0.0,0.037,0.126,0.151,0.077,55200000.0,2811400000.0,1.0,181426000.0,181426000.0,,35.498,10251600000.0,708400000.0,-158400000.0,0.0,56.506,790900000.0
14,AJG,MRT,2017-12-31,2017-12-31,2017-12-31,2021-08-02,-555400000.0,14909700000.0,13017575000.0,7269400000.0,7640300000.0,0.48,23.427,-129200000.0,2305000000.0,2305000000.0,2465000000.0,516900000.0,1.08,2.505,3133000000.0,441100000.0,2691900000.0,3133000000.0,430600000.0,385800000.0,0.0,0.025,1.56,448300000.0,834100000.0,0.133,834100000.0,448300000.0,324200000.0,2.67,2.64,2.67,4235600000.0,3963200000.0,4235600000.0,12283560720.0,27.0,14.727,725000000.0,4.01,1.0,3784000000.0,0.606,5809400000.0,124100000.0,3198100000.0,2989300000.0,0.0,0.0,0.0,0.0,10610000000.0,6730200000.0,3879800000.0,11440960720.0,367400000.0,-372900000.0,42700000.0,260600000.0,-282700000.0,-47800000.0,-511000000.0,-8900000.0,854200000.0,72000000.0,481300000.0,481300000.0,481300000.0,0.0,35600000.0,0.077,3133200000.0,650800000.0,4986000000.0,0.584,2.701,23.771,23.7,412200000.0,0.0,63.28,1.831,1.831,4082800000.0,1221800000.0,6249000000.0,6249000000.0,0.0,0.037,0.121,0.15,0.072,50800000.0,2747400000.0,1.0,180799000.0,180799000.0,,34.563,9100300000.0,851600000.0,-157100000.0,0.0,50.334,539200000.0
15,AJG,MRT,2017-09-30,2017-09-30,2017-09-30,2021-08-02,-498900000.0,12810400000.0,12162550000.0,5087400000.0,7723000000.0,0.51,22.813,-172800000.0,2180500000.0,2180500000.0,2335200000.0,524700000.0,1.081,2.102,3023100000.0,281400000.0,2741700000.0,3023100000.0,85400000.0,378500000.0,0.0,0.025,1.55,459900000.0,838400000.0,0.135,838400000.0,459900000.0,338700000.0,2.71,2.7,2.71,4110000000.0,3803450000.0,4110000000.0,12132994200.0,26.0,14.472,701100000.0,3.891,1.0,3865100000.0,0.623,5831600000.0,121200000.0,3116200000.0,2788125000.0,0.0,0.0,0.0,0.0,8638200000.0,4705200000.0,3933000000.0,11089094200.0,236600000.0,-395700000.0,59000000.0,231700000.0,-279500000.0,-48100000.0,-586700000.0,-18200000.0,873900000.0,-2500000.0,487300000.0,487300000.0,487300000.0,0.0,37400000.0,0.079,3095200000.0,769900000.0,3508500000.0,0.572,2.698,22.756,22.712,413400000.0,0.0,61.55,1.788,1.788,2227300000.0,1062100000.0,6200300000.0,6200300000.0,0.0,0.04,0.128,0.165,0.074,49000000.0,2716700000.0,1.0,180164000.0,180164000.0,,34.415,6978800000.0,918400000.0,-148600000.0,0.0,38.736,382200000.0
16,AJG,MRT,2017-06-30,2017-06-30,2017-06-30,2021-08-02,-661900000.0,12569600000.0,11760025000.0,5107200000.0,7462400000.0,0.518,21.417,-180300000.0,2068900000.0,2068900000.0,2314100000.0,537000000.0,1.051,2.252,3112800000.0,468000000.0,2644800000.0,3112800000.0,74000000.0,367300000.0,0.0,0.027,1.54,474500000.0,841800000.0,0.138,841800000.0,474500000.0,356200000.0,2.79,2.78,2.79,3844700000.0,3697575000.0,3844700000.0,11399276500.0,24.0,13.542,600800000.0,3.347,1.0,3774800000.0,0.62,5651600000.0,118300000.0,3103900000.0,2575500000.0,0.0,0.0,0.0,0.0,8659600000.0,4858000000.0,3801600000.0,10277176500.0,245700000.0,-352900000.0,59600000.0,379000000.0,-277400000.0,92000000.0,-559400000.0,-26200000.0,781100000.0,-68000000.0,499100000.0,499100000.0,499100000.0,0.0,37900000.0,0.082,3030100000.0,744700000.0,3546400000.0,0.552,2.673,20.591,20.52,387600000.0,0.0,57.25,1.688,1.688,2374200000.0,1002900000.0,6088900000.0,6088900000.0,0.0,0.042,0.135,0.184,0.078,46900000.0,2662800000.0,1.0,179514000.0,179514000.0,,33.919,6918000000.0,861900000.0,-142900000.0,0.0,38.537,249200000.0
17,AJG,MRT,2017-03-31,2017-03-31,2017-03-31,2021-08-02,-699100000.0,11780600000.0,11463700000.0,4483200000.0,7297400000.0,0.526,20.505,-185200000.0,1822000000.0,1822000000.0,2242400000.0,614400000.0,0.937,2.199,2944100000.0,799400000.0,2144700000.0,2944100000.0,75300000.0,360600000.0,0.0,0.027,1.53,556100000.0,916700000.0,0.152,916700000.0,556100000.0,442200000.0,3.25,3.23,3.25,3662500000.0,3636375000.0,3662500000.0,11009605180.0,20.0,12.01,379900000.0,2.127,1.0,3784100000.0,0.628,5579000000.0,113900000.0,2539000000.0,2427850000.0,0.0,0.0,0.0,0.0,8053300000.0,4784700000.0,3268600000.0,10099005180.0,-15500000.0,-328500000.0,-11500000.0,419300000.0,-274700000.0,50200000.0,-544300000.0,-30600000.0,565100000.0,-86500000.0,579100000.0,579100000.0,579100000.0,0.0,35300000.0,0.096,2987500000.0,796600000.0,3028200000.0,0.471,2.757,17.439,17.397,375500000.0,0.0,56.54,1.676,1.676,2066800000.0,901800000.0,6026500000.0,6026500000.0,0.0,0.051,0.159,0.229,0.092,44500000.0,2626900000.0,1.0,178617000.0,178617000.0,,33.74,6201600000.0,806700000.0,-136900000.0,0.0,34.72,-301500000.0
18,AJG,MRT,2016-12-31,2016-12-31,2016-12-31,2021-08-02,-763600000.0,11489600000.0,11196700000.0,4416100000.0,7073500000.0,0.507,20.212,-217800000.0,1937600000.0,1937600000.0,2184900000.0,430300000.0,0.958,2.178,2848200000.0,703600000.0,2144600000.0,2848200000.0,69000000.0,350800000.0,0.0,0.029,1.52,409900000.0,760700000.0,0.134,760700000.0,409900000.0,300100000.0,2.23,2.22,2.23,3596600000.0,3620025000.0,3596600000.0,10102614360.0,25.0,13.281,431800000.0,2.427,1.0,3495600000.0,0.615,5395100000.0,109800000.0,2393400000.0,2322600000.0,0.0,0.0,0.0,0.0,7833800000.0,4611700000.0,3222100000.0,9245814360.0,45100000.0,-235600000.0,-55400000.0,396800000.0,-272200000.0,-11600000.0,-485300000.0,-31900000.0,649600000.0,-107600000.0,396800000.0,396800000.0,396800000.0,0.0,33500000.0,0.07,2888000000.0,607600000.0,2996100000.0,0.682,2.571,23.301,23.3,377600000.0,0.0,51.96,1.628,1.628,1844800000.0,916400000.0,5680500000.0,5680500000.0,0.0,0.035,0.11,0.176,0.072,43200000.0,2537200000.0,1.0,177941000.0,177941000.0,,31.924,6094500000.0,796500000.0,-96700000.0,0.0,34.25,-195600000.0
19,AJG,MRT,2016-09-30,2016-09-30,2016-09-30,2021-08-02,-620500000.0,11200300000.0,11051925000.0,4213700000.0,6986600000.0,0.502,20.824,-166000000.0,1928900000.0,1928900000.0,2216300000.0,412200000.0,0.958,2.023,2785700000.0,741100000.0,2044600000.0,2785700000.0,83700000.0,355300000.0,0.0,0.03,1.51,393200000.0,748500000.0,0.135,748500000.0,393200000.0,285900000.0,2.14,2.14,2.14,3686500000.0,3630450000.0,3686500000.0,9894166970.0,25.0,13.219,562500000.0,3.177,1.0,3328400000.0,0.6,5392500000.0,107300000.0,2265700000.0,2204975000.0,0.0,0.0,0.0,0.0,7459100000.0,4398900000.0,3060200000.0,9005566970.0,206600000.0,-212300000.0,-59900000.0,389600000.0,-269300000.0,-43000000.0,-409500000.0,-31200000.0,728500000.0,-69400000.0,381600000.0,381600000.0,381600000.0,0.0,30600000.0,0.069,2868700000.0,459700000.0,2866900000.0,0.706,2.443,23.599,23.771,213900000.0,0.0,50.87,1.624,1.624,1683700000.0,889800000.0,5544700000.0,5544700000.0,0.0,0.035,0.105,0.178,0.071,41400000.0,2513400000.0,1.0,177031000.0,177031000.0,,31.321,5807800000.0,749800000.0,-95700000.0,0.0,32.807,-185200000.0
20,AJG,MRT,2016-06-30,2016-06-30,2016-06-30,2021-08-02,-603500000.0,11384300000.0,10879450000.0,4485600000.0,6898700000.0,0.507,20.324,-156600000.0,1842000000.0,1842000000.0,2204000000.0,422700000.0,1.023,2.147,2730600000.0,386200000.0,2344400000.0,2730600000.0,72800000.0,348300000.0,0.0,0.032,1.5,401100000.0,749400000.0,0.136,749400000.0,401100000.0,296700000.0,2.21,2.2,2.21,3599900000.0,3621925000.0,3599900000.0,9225440400.0,23.0,12.31,570400000.0,3.22,1.0,3313200000.0,0.601,5375900000.0,104400000.0,2513300000.0,2171825000.0,0.0,0.0,0.0,0.0,7728500000.0,4383700000.0,3344800000.0,8431340400.0,133900000.0,-272300000.0,-65000000.0,370000000.0,-267200000.0,-53100000.0,-462700000.0,-33800000.0,727000000.0,-77300000.0,392100000.0,392100000.0,392100000.0,0.0,30600000.0,0.071,2840000000.0,473200000.0,3216500000.0,0.679,2.342,21.503,21.538,213900000.0,0.0,47.6,1.528,1.528,2038400000.0,835200000.0,5517200000.0,5517200000.0,0.0,0.036,0.108,0.185,0.073,39200000.0,2491700000.0,1.0,177129000.0,177129000.0,,31.148,6008400000.0,702300000.0,-95400000.0,0.0,33.921,101900000.0
21,AJG,MRT,2016-03-31,2016-03-31,2016-03-31,2021-08-02,-535400000.0,10712600000.0,10712400000.0,3939500000.0,6773100000.0,0.51,20.319,-143100000.0,1728900000.0,1728900000.0,2188300000.0,414600000.0,0.979,1.963,2523000000.0,451200000.0,2071800000.0,2523000000.0,70500000.0,342000000.0,0.0,0.033,1.49,388300000.0,730300000.0,0.134,730300000.0,388300000.0,285100000.0,2.18,2.17,2.18,3597100000.0,3631575000.0,3597100000.0,8438660960.0,22.0,11.555,529700000.0,2.992,1.0,3273200000.0,0.599,5366300000.0,103200000.0,2118000000.0,2064975000.0,0.0,0.0,0.0,0.0,7060300000.0,4022400000.0,3037900000.0,7874160960.0,193100000.0,-262000000.0,161600000.0,198900000.0,-263700000.0,30800000.0,-439800000.0,-34700000.0,672800000.0,-70700000.0,381400000.0,381400000.0,381400000.0,0.0,33200000.0,0.07,2817800000.0,455400000.0,2722900000.0,0.683,2.189,20.645,20.404,218200000.0,0.0,44.48,1.442,1.442,1706800000.0,753400000.0,5461500000.0,5461500000.0,0.0,0.036,0.105,0.188,0.071,36500000.0,2475800000.0,1.0,177027000.0,177027000.0,,30.851,5346300000.0,660600000.0,-96300000.0,0.0,30.2,-82900000.0
22,AJG,MRT,2015-12-31,2015-12-31,2015-12-31,2021-08-02,-522500000.0,10910500000.0,10466975000.0,4213700000.0,6696800000.0,0.515,20.591,-99000000.0,1892500000.0,1892500000.0,2192200000.0,389100000.0,1.006,1.985,2453700000.0,382000000.0,2071700000.0,2453700000.0,61300000.0,334200000.0,0.0,0.036,1.48,364200000.0,698400000.0,0.13,698400000.0,364200000.0,261200000.0,2.07,2.06,2.07,3638300000.0,3518600000.0,3638300000.0,7907193300.0,22.0,11.322,587100000.0,3.323,1.0,3200200000.0,0.593,5361700000.0,103000000.0,1922900000.0,2041225000.0,0.0,0.0,0.0,0.0,7222300000.0,4187100000.0,3035200000.0,7233893300.0,210500000.0,-240400000.0,203300000.0,78900000.0,-257500000.0,-31700000.0,-368900000.0,-29500000.0,686100000.0,-75000000.0,356800000.0,356800000.0,356800000.0,0.0,32300000.0,0.066,2763100000.0,437100000.0,2877100000.0,0.715,1.988,20.274,19.778,249000000.0,0.0,40.94,1.341,1.341,1734000000.0,774500000.0,5392400000.0,5392400000.0,0.0,0.034,0.101,0.178,0.068,33900000.0,2428900000.0,1.0,176695000.0,176695000.0,,30.518,5548800000.0,643500000.0,-95600000.0,0.0,31.403,26600000.0
23,AJG,MRT,2015-09-30,2015-09-30,2015-09-30,2021-08-02,-496300000.0,10510400000.0,10241850000.0,4020100000.0,6490300000.0,0.518,20.925,-93600000.0,1719300000.0,1719300000.0,2162700000.0,375600000.0,1.078,1.862,2392600000.0,267600000.0,2125000000.0,2392600000.0,51700000.0,314000000.0,0.0,0.036,1.47,367900000.0,681900000.0,0.129,681900000.0,367900000.0,265000000.0,2.01,1.99,2.01,3652400000.0,3416375000.0,3652400000.0,7811317600.0,21.0,11.455,411300000.0,2.356,1.0,3140200000.0,0.592,5321400000.0,102900000.0,2133100000.0,2023650000.0,0.0,0.0,0.0,0.0,6802500000.0,3729200000.0,3073300000.0,7205217600.0,79200000.0,-246400000.0,235400000.0,-18400000.0,-251300000.0,-66100000.0,-361200000.0,-21200000.0,504900000.0,1600000.0,346000000.0,346000000.0,346000000.0,0.0,29600000.0,0.065,2715900000.0,424300000.0,2707100000.0,0.731,1.973,20.824,20.537,200700000.0,0.0,41.28,1.359,1.359,1600800000.0,778400000.0,5302900000.0,5302900000.0,0.0,0.034,0.101,0.182,0.069,33400000.0,2401900000.0,1.0,174545000.0,174545000.0,,30.381,5189000000.0,487800000.0,-81000000.0,0.0,29.729,290900000.0
24,AJG,MRT,2015-06-30,2015-06-30,2015-06-30,2021-08-02,-338700000.0,10716100000.0,10111250000.0,4261400000.0,6454700000.0,0.508,21.832,-84900000.0,1765500000.0,1765500000.0,2059200000.0,336000000.0,1.091,1.925,2371600000.0,246600000.0,2125000000.0,2371600000.0,63800000.0,305000000.0,0.0,0.031,1.46,357800000.0,662800000.0,0.129,662800000.0,357800000.0,254600000.0,1.83,1.82,1.83,3638500000.0,3317275000.0,3638500000.0,8755276100.0,24.0,13.21,217400000.0,1.304,1.0,3075700000.0,0.599,5330900000.0,103200000.0,2085900000.0,1975250000.0,0.0,0.0,0.0,0.0,7004600000.0,3905400000.0,3099200000.0,7882876100.0,-651800000.0,-573100000.0,237200000.0,-259100000.0,-243700000.0,-294800000.0,-665800000.0,-7800000.0,302300000.0,6500000.0,306300000.0,306300000.0,306300000.0,0.0,29700000.0,0.06,2666600000.0,409100000.0,2901100000.0,0.798,2.167,25.736,25.847,198200000.0,0.0,47.3,1.535,1.535,1764500000.0,710800000.0,5134900000.0,5134900000.0,0.0,0.03,0.092,0.181,0.07,33600000.0,2361600000.0,1.0,166657000.0,166657000.0,,30.811,5385200000.0,438000000.0,-51700000.0,0.0,32.313,356000000.0
25,AJG,MRT,2015-03-31,2015-03-31,2015-03-31,2021-08-02,-380200000.0,9730900000.0,9937050000.0,3594800000.0,6136100000.0,0.497,19.091,-79500000.0,1463400000.0,1463400000.0,1995000000.0,302100000.0,1.045,2.07,2335800000.0,210800000.0,2125000000.0,2335800000.0,76300000.0,282200000.0,0.0,0.031,1.45,340000000.0,622200000.0,0.126,622200000.0,340000000.0,241600000.0,1.72,1.71,1.72,3145200000.0,3220050000.0,3145200000.0,8412682000.0,25.0,13.521,386300000.0,2.345,1.0,2947800000.0,0.596,5141600000.0,98400000.0,2023000000.0,1933700000.0,0.0,0.0,0.0,0.0,6511300000.0,3438700000.0,3072600000.0,7701782000.0,-462400000.0,-1909700000.0,997000000.0,326800000.0,-236500000.0,1057600000.0,-2007500000.0,-18300000.0,465800000.0,21700000.0,276000000.0,276000000.0,276000000.0,0.0,26100000.0,0.056,2558700000.0,389100000.0,2447000000.0,0.843,2.449,27.905,27.18,190600000.0,0.0,46.75,1.558,1.558,1543600000.0,636000000.0,4942800000.0,4942800000.0,0.0,0.028,0.086,0.176,0.069,32700000.0,2276500000.0,1.0,164744000.0,164744000.0,,30.003,4589300000.0,395400000.0,-34400000.0,0.0,27.857,156100000.0
26,AJG,MRT,2014-12-31,2014-12-31,2014-12-31,2021-08-02,-260600000.0,10010000000.0,9323225000.0,3811200000.0,6198800000.0,0.496,20.012,-81500000.0,1682000000.0,1682000000.0,1802000000.0,327500000.0,1.046,2.076,2392900000.0,267900000.0,2125000000.0,2392900000.0,66100000.0,258900000.0,0.0,0.031,1.44,356400000.0,615300000.0,0.133,615300000.0,356400000.0,267400000.0,1.98,1.97,1.98,3229400000.0,2969800000.0,3229400000.0,8386087920.0,24.0,13.629,355100000.0,2.2,1.0,2824500000.0,0.611,5225600000.0,89000000.0,1852600000.0,1738825000.0,0.0,0.0,0.0,0.0,6704900000.0,3642700000.0,3062200000.0,7597487920.0,16300000.0,-1910100000.0,997000000.0,817000000.0,-223100000.0,1563500000.0,-2011700000.0,-20100000.0,436600000.0,27900000.0,303400000.0,303400000.0,303400000.0,0.0,24100000.0,0.066,2426500000.0,398000000.0,2623300000.0,0.727,2.353,25.041,23.778,195400000.0,0.0,47.08,1.642,1.642,1462500000.0,676000000.0,4626500000.0,4626500000.0,0.0,0.033,0.102,0.205,0.077,33500000.0,2167600000.0,1.0,161374000.0,161374000.0,,28.669,4784400000.0,392600000.0,-36000000.0,0.0,29.648,168500000.0
27,AJG,MRT,2014-09-30,2014-09-30,2014-09-30,2021-08-02,-83700000.0,9988000000.0,8535850000.0,3972400000.0,6015600000.0,0.5,20.479,-83500000.0,1632600000.0,1632600000.0,1579900000.0,348800000.0,1.054,2.068,2421200000.0,296200000.0,2125000000.0,2421200000.0,98700000.0,235600000.0,0.0,0.032,1.43,368100000.0,603700000.0,0.141,603700000.0,368100000.0,290900000.0,2.11,2.09,2.11,3256000000.0,2683825000.0,3256000000.0,7646422480.0,21.0,12.666,268600000.0,1.689,1.0,2691400000.0,0.63,5067300000.0,77200000.0,1939500000.0,1396100000.0,0.0,0.0,0.0,0.0,6732000000.0,3769800000.0,2962200000.0,7211922480.0,3600000.0,-2224000000.0,972300000.0,1247800000.0,-210900000.0,1969500000.0,-2331900000.0,-24400000.0,352100000.0,13900000.0,311900000.0,311900000.0,311900000.0,0.0,36900000.0,0.073,2269600000.0,421800000.0,2755400000.0,0.678,2.215,23.123,21.498,196600000.0,0.0,45.36,1.688,1.688,1669000000.0,683700000.0,4271300000.0,4271300000.0,0.0,0.037,0.116,0.264,0.086,35800000.0,2034000000.0,1.0,158993000.0,158993000.0,,26.865,4920700000.0,352700000.0,-21000000.0,0.0,30.949,202600000.0
28,AJG,MRT,2014-06-30,2014-06-30,2014-06-30,2021-08-02,54200000.0,10019300000.0,7531400000.0,4440300000.0,5579000000.0,0.507,20.685,-99800000.0,2082500000.0,2082500000.0,1336400000.0,322100000.0,1.146,2.083,2517000000.0,392000000.0,2125000000.0,2517000000.0,94300000.0,207800000.0,0.0,0.03,1.42,353100000.0,560900000.0,0.147,560900000.0,353100000.0,288700000.0,2.1,2.08,2.1,3249600000.0,2352875000.0,3249600000.0,7557973600.0,21.0,13.475,421700000.0,2.684,1.0,2483900000.0,0.65,4659100000.0,64400000.0,1919700000.0,1049275000.0,0.0,0.0,0.0,0.0,6769700000.0,3875000000.0,2894700000.0,7320673600.0,733500000.0,-2011000000.0,972800000.0,1592000000.0,-198600000.0,2337900000.0,-2147800000.0,-37000000.0,521500000.0,21900000.0,292900000.0,292900000.0,292900000.0,0.0,29200000.0,0.077,2089700000.0,394200000.0,2819400000.0,0.676,2.253,24.994,22.19,193700000.0,0.0,46.6,1.916,1.916,1997600000.0,648400000.0,3820300000.0,3820300000.0,0.0,0.039,0.124,0.337,0.092,34100000.0,1881900000.0,1.0,157096000.0,157096000.0,,24.318,5360200000.0,328900000.0,-4200000.0,0.0,34.121,565300000.0
29,AJG,MRT,2014-03-31,2014-03-31,2014-03-31,2021-08-02,6900000.0,7275600000.0,6417100000.0,3198000000.0,4077600000.0,0.533,16.021,-104100000.0,1655100000.0,1655100000.0,1101100000.0,301900000.0,1.054,2.393,1892400000.0,467400000.0,1425000000.0,1892400000.0,86600000.0,191100000.0,0.0,0.03,1.41,334000000.0,525100000.0,0.154,525100000.0,334000000.0,278900000.0,2.12,2.11,2.12,2144200000.0,1965975000.0,2144200000.0,6498154780.0,19.0,12.375,301300000.0,2.251,1.0,2319400000.0,0.678,3235800000.0,55100000.0,1243500000.0,744125000.0,0.0,0.0,0.0,0.0,5131400000.0,3033600000.0,2097800000.0,6368154780.0,515200000.0,-725600000.0,67300000.0,1117400000.0,-187700000.0,973700000.0,-863400000.0,-33700000.0,405400000.0,-500000.0,277400000.0,277400000.0,277400000.0,0.0,24500000.0,0.081,1958500000.0,360900000.0,1974700000.0,0.665,2.97,22.957,22.443,165900000.0,0.0,47.58,1.862,1.862,1253400000.0,596900000.0,3420500000.0,3420500000.0,0.0,0.043,0.141,0.449,0.098,30800000.0,1767400000.0,1.0,133841000.0,133841000.0,,25.556,4039800000.0,292900000.0,1500000.0,0.0,30.184,164400000.0
30,AJG,MRT,2013-12-31,2013-12-31,2013-12-31,2021-08-02,-2600000.0,6860500000.0,5904475000.0,2875600000.0,3984900000.0,0.539,15.855,-93600000.0,1325500000.0,1325500000.0,973200000.0,284600000.0,0.875,2.29,1455500000.0,630500000.0,825000000.0,1455500000.0,84500000.0,178600000.0,0.0,0.03,1.4,325100000.0,503700000.0,0.158,503700000.0,325100000.0,275000000.0,2.08,2.06,2.08,2085500000.0,1846100000.0,2085500000.0,6022478340.0,19.0,11.956,278900000.0,2.12,1.0,2206400000.0,0.694,3224000000.0,50100000.0,481700000.0,564450000.0,0.0,0.0,0.0,0.0,4775000000.0,3284800000.0,1490200000.0,6173078340.0,-4000000.0,-722200000.0,76200000.0,601500000.0,-182600000.0,480000000.0,-851700000.0,-35900000.0,372500000.0,-4800000.0,268600000.0,268600000.0,268600000.0,0.0,16000000.0,0.084,1863600000.0,342800000.0,2154700000.0,0.673,2.96,22.982,22.562,160400000.0,0.0,46.93,1.941,1.941,1288800000.0,596400000.0,3179600000.0,3179600000.0,0.0,0.045,0.145,0.576,0.102,26700000.0,1685000000.0,1.0,131538000.0,131538000.0,,24.172,3636500000.0,279800000.0,6400000.0,0.0,27.646,-409200000.0
31,AJG,MRT,2013-09-30,2013-09-30,2013-09-30,2021-08-02,-41800000.0,5970200000.0,5527425000.0,2546700000.0,3423500000.0,0.536,15.131,-84700000.0,1211100000.0,1211100000.0,853100000.0,242100000.0,0.988,2.09,1060500000.0,235500000.0,825000000.0,1060500000.0,69700000.0,165000000.0,0.0,0.032,1.39,317700000.0,482700000.0,0.163,482700000.0,317700000.0,270600000.0,1.88,1.88,1.88,1932200000.0,1739375000.0,1932200000.0,5345517700.0,17.0,11.074,357500000.0,2.8,1.0,2109500000.0,0.712,2689500000.0,47100000.0,552200000.0,545875000.0,0.0,0.0,0.0,0.0,4038000000.0,2577900000.0,1460100000.0,5574017700.0,-18300000.0,-533400000.0,84400000.0,335500000.0,-220700000.0,202300000.0,-658300000.0,-40200000.0,442200000.0,-4500000.0,242100000.0,242100000.0,242100000.0,0.0,0.0,0.082,1787900000.0,321600000.0,1875900000.0,0.739,2.885,23.024,23.218,148100000.0,0.0,43.65,1.881,1.881,1075100000.0,583200000.0,2962600000.0,2962600000.0,0.0,0.044,0.139,0.582,0.107,19900000.0,1622900000.0,1.0,127698000.0,127698000.0,,23.2,3280700000.0,283600000.0,28500000.0,0.0,25.691,-31200000.0
32,AJG,MRT,2013-06-30,2013-06-30,2013-06-30,2021-08-02,-72600000.0,5562100000.0,5287200000.0,2602600000.0,2959500000.0,0.525,13.428,-60300000.0,1153500000.0,1153500000.0,722400000.0,229200000.0,1.11,2.268,925000000.0,0.0,925000000.0,925000000.0,73600000.0,156400000.0,0.0,0.032,1.38,306100000.0,462500000.0,0.167,462500000.0,306100000.0,261400000.0,1.81,1.81,1.81,1702000000.0,1665375000.0,1702000000.0,5289782260.0,17.0,11.437,293500000.0,2.316,1.0,2054800000.0,0.74,2290800000.0,44700000.0,699100000.0,517000000.0,0.0,0.0,0.0,0.0,3860100000.0,2343700000.0,1516400000.0,5537882260.0,-42100000.0,-374300000.0,83600000.0,202000000.0,-215900000.0,72900000.0,-465200000.0,-30600000.0,353800000.0,-3600000.0,229200000.0,229200000.0,229200000.0,0.0,0.0,0.083,1740700000.0,314100000.0,1947600000.0,0.762,3.254,24.162,24.138,123000000.0,0.0,43.69,1.994,1.994,1245200000.0,554900000.0,2777200000.0,2777200000.0,0.0,0.043,0.138,0.592,0.11,17000000.0,1584300000.0,1.0,126754000.0,126754000.0,,21.91,3271300000.0,275100000.0,32200000.0,0.0,25.808,258900000.0
33,AJG,MRT,2013-03-31,2013-03-31,2013-03-31,2021-08-02,-55000000.0,5225100000.0,5180075000.0,2301400000.0,2923700000.0,0.511,13.226,-47300000.0,1023100000.0,1023100000.0,660700000.0,207400000.0,1.039,2.139,775000000.0,50000000.0,725000000.0,775000000.0,66400000.0,150000000.0,0.0,0.033,1.37,298700000.0,448700000.0,0.169,448700000.0,298700000.0,255100000.0,1.68,1.67,1.68,1664700000.0,1608100000.0,1664700000.0,4899989700.0,16.0,10.92,396500000.0,3.15,1.0,1986900000.0,0.75,2237100000.0,43600000.0,524800000.0,436600000.0,0.0,0.0,0.0,0.0,3560400000.0,2215100000.0,1345300000.0,5199689700.0,-77800000.0,-338400000.0,81100000.0,8000000.0,-209800000.0,-116000000.0,-402700000.0,-17000000.0,443800000.0,-2900000.0,207400000.0,207400000.0,207400000.0,0.0,0.0,0.078,1682900000.0,304000000.0,1728300000.0,0.815,3.123,25.071,24.589,108500000.0,0.0,41.31,1.964,1.964,1050600000.0,506400000.0,2647600000.0,2647600000.0,0.0,0.04,0.129,0.684,0.113,16200000.0,1532900000.0,1.0,125870000.0,125870000.0,,21.034,2988000000.0,258500000.0,47700000.0,0.0,23.739,86300000.0
34,AJG,MRT,2012-12-31,2012-12-31,2012-12-31,2021-08-02,-32800000.0,5352300000.0,5024475000.0,2429500000.0,2922800000.0,0.502,13.334,-51000000.0,1153700000.0,1153700000.0,594800000.0,195000000.0,1.028,2.227,854000000.0,129000000.0,725000000.0,854000000.0,70600000.0,140400000.0,0.0,0.039,1.36,288300000.0,428700000.0,0.17,428700000.0,288300000.0,245300000.0,1.61,1.59,1.61,1658600000.0,1531075000.0,1658600000.0,3924309550.0,14.0,9.154,292000000.0,2.348,1.0,1925500000.0,0.764,2282300000.0,43000000.0,407400000.0,443375000.0,0.0,0.0,0.0,0.0,3693700000.0,2362900000.0,1330800000.0,4310009550.0,10900000.0,-332700000.0,80800000.0,169000000.0,-204400000.0,45900000.0,-382200000.0,1500000.0,343000000.0,4200000.0,195000000.0,195000000.0,195000000.0,0.0,0.0,0.077,1633800000.0,291700000.0,1819700000.0,0.845,2.599,22.103,21.522,105400000.0,0.0,34.65,1.71,1.71,1096100000.0,510400000.0,2520300000.0,2520300000.0,0.0,0.039,0.127,0.65,0.114,15800000.0,1493400000.0,1.0,124387000.0,124387000.0,,20.262,3070000000.0,251800000.0,50300000.0,0.0,24.681,66600000.0
35,AJG,MRT,2012-09-30,2012-09-30,2012-09-30,2021-08-02,-25800000.0,5009300000.0,4807275000.0,2324900000.0,2684400000.0,0.505,13.525,-46700000.0,1110700000.0,1110700000.0,553900000.0,202000000.0,1.112,2.062,725000000.0,0.0,725000000.0,725000000.0,67700000.0,137600000.0,0.0,0.038,1.35,289800000.0,427400000.0,0.176,427400000.0,289800000.0,247300000.0,1.7,1.68,1.7,1636200000.0,1427325000.0,1636200000.0,3950096140.0,14.0,9.242,231100000.0,1.91,1.0,1871600000.0,0.772,2096600000.0,42500000.0,436700000.0,440125000.0,0.0,0.0,0.0,0.0,3373100000.0,2090300000.0,1282800000.0,4333396140.0,63800000.0,-150700000.0,79900000.0,50000000.0,-156900000.0,-21800000.0,-197500000.0,-100000.0,277800000.0,5300000.0,202000000.0,202000000.0,202000000.0,0.0,0.0,0.083,1581000000.0,290600000.0,1703600000.0,0.794,2.648,21.452,21.071,101000000.0,0.0,35.82,1.787,1.787,1031700000.0,519700000.0,2425500000.0,2425500000.0,0.0,0.042,0.142,0.658,0.119,16300000.0,1443400000.0,1.0,120977000.0,120977000.0,,20.049,2912700000.0,240900000.0,45300000.0,0.0,24.076,234600000.0
36,AJG,MRT,2012-06-30,2012-06-30,2012-06-30,2021-08-02,-48100000.0,5133600000.0,4616750000.0,2631800000.0,2501800000.0,0.506,12.451,-50200000.0,1106300000.0,1106300000.0,515800000.0,187000000.0,1.078,2.485,723000000.0,48000000.0,675000000.0,723000000.0,74000000.0,130500000.0,0.0,0.038,1.34,284100000.0,414600000.0,0.177,414600000.0,284100000.0,242000000.0,1.61,1.59,1.61,1472900000.0,1323100000.0,1472900000.0,3936145930.0,14.0,9.494,200500000.0,1.695,1.0,1822100000.0,0.779,1930800000.0,42100000.0,377500000.0,423425000.0,0.0,0.0,0.0,0.0,3660700000.0,2442000000.0,1218700000.0,4148745930.0,18900000.0,-117100000.0,75700000.0,13000000.0,-152800000.0,-60200000.0,-168700000.0,-1400000.0,250700000.0,-2900000.0,187000000.0,187000000.0,187000000.0,0.0,0.0,0.08,1545200000.0,276900000.0,2038200000.0,0.832,2.817,22.186,21.783,100900000.0,0.0,35.07,1.775,1.775,1367600000.0,500700000.0,2337900000.0,2337900000.0,0.0,0.041,0.141,0.671,0.122,16200000.0,1414700000.0,1.0,118299000.0,118299000.0,,19.763,3202800000.0,237700000.0,55000000.0,0.0,27.074,189800000.0
37,AJG,MRT,2012-03-31,2012-03-31,2012-03-31,2021-08-02,-36000000.0,4602700000.0,4478825000.0,2225000000.0,2377700000.0,0.499,11.792,-50600000.0,979600000.0,979600000.0,483000000.0,157000000.0,1.088,2.393,767000000.0,92000000.0,675000000.0,767000000.0,73600000.0,121500000.0,0.0,0.037,1.33,258700000.0,380200000.0,0.17,380200000.0,258700000.0,216800000.0,1.39,1.37,1.39,1356600000.0,1255575000.0,1356600000.0,3812829600.0,15.0,10.028,192200000.0,1.671,1.0,1751100000.0,0.784,1794000000.0,41900000.0,551900000.0,422400000.0,0.0,0.0,0.0,0.0,3246100000.0,2044200000.0,1201900000.0,4111529600.0,-31400000.0,-245300000.0,73400000.0,92000000.0,-149900000.0,17300000.0,-297300000.0,-1400000.0,242800000.0,5800000.0,157000000.0,157000000.0,157000000.0,0.0,0.0,0.07,1496900000.0,254200000.0,1638100000.0,0.957,3.031,26.188,25.712,95700000.0,0.0,35.74,1.84,1.84,1080100000.0,470500000.0,2234100000.0,2234100000.0,0.0,0.035,0.125,0.612,0.116,21400000.0,1375400000.0,1.0,115040000.0,115040000.0,,19.42,2808700000.0,236500000.0,59800000.0,0.0,24.415,180800000.0
38,AJG,MRT,2011-12-31,2011-12-31,2011-12-31,2021-08-02,-47200000.0,4483500000.0,4250925000.0,2199400000.0,2284100000.0,0.502,11.017,-45900000.0,983700000.0,983700000.0,451000000.0,144100000.0,1.061,2.605,685000000.0,10000000.0,675000000.0,685000000.0,69700000.0,115200000.0,0.0,0.039,1.32,248600000.0,363800000.0,0.17,363800000.0,248600000.0,207800000.0,1.29,1.28,1.29,1243600000.0,1203200000.0,1243600000.0,3490007520.0,14.0,9.593,238100000.0,2.109,1.0,1683700000.0,0.789,1716800000.0,40800000.0,394400000.0,422450000.0,0.0,0.0,0.0,0.0,3239900000.0,2073600000.0,1166300000.0,3774807520.0,41400000.0,-250800000.0,72700000.0,135000000.0,-145800000.0,65600000.0,-311200000.0,-14500000.0,284000000.0,3000000.0,144100000.0,144100000.0,144100000.0,0.0,0.0,0.068,1441300000.0,242400000.0,1621900000.0,1.023,3.035,26.196,25.922,91300000.0,0.0,33.44,1.768,1.768,1027100000.0,482900000.0,2134700000.0,2134700000.0,0.0,0.034,0.12,0.588,0.116,21100000.0,1326100000.0,1.0,112883000.0,112883000.0,,18.911,2766700000.0,240200000.0,63700000.0,0.0,24.509,125800000.0
39,AJG,MRT,2011-09-30,2011-09-30,2011-09-30,2021-08-02,-12100000.0,4247200000.0,4029050000.0,2088700000.0,2158500000.0,0.5,10.872,-42300000.0,959800000.0,959800000.0,426300000.0,158300000.0,1.075,2.483,675000000.0,0.0,675000000.0,675000000.0,64300000.0,105400000.0,0.0,0.05,1.31,234000000.0,339400000.0,0.168,339400000.0,234000000.0,194900000.0,1.44,1.44,1.44,1219300000.0,1168975000.0,1219300000.0,2663497600.0,11.0,7.848,160400000.0,1.43,1.0,1589100000.0,0.788,1648900000.0,39100000.0,369900000.0,411850000.0,0.0,0.0,0.0,0.0,3027900000.0,1943600000.0,1084300000.0,2949597600.0,-54900000.0,-261800000.0,63800000.0,125000000.0,-142400000.0,48900000.0,-311500000.0,-7400000.0,202700000.0,5000000.0,158300000.0,158300000.0,158300000.0,-9000000.0,0.0,0.079,1369500000.0,219600000.0,1600400000.0,0.91,2.419,18.633,18.264,90500000.0,0.0,26.3,1.464,1.464,982000000.0,480400000.0,2015400000.0,2015400000.0,0.0,0.039,0.135,0.568,0.116,20800000.0,1264100000.0,1.0,112152000.0,112152000.0,,17.97,2598300000.0,214200000.0,36600000.0,0.0,23.168,145100000.0
40,AJG,MRT,2011-06-30,2011-06-30,2011-06-30,2021-08-02,3700000.0,4581900000.0,3832425000.0,2416000000.0,2165900000.0,0.5,10.908,-34400000.0,996100000.0,996100000.0,399900000.0,157800000.0,1.056,2.809,710000000.0,35000000.0,675000000.0,710000000.0,64500000.0,98800000.0,0.0,0.046,1.3,231700000.0,330500000.0,0.173,330500000.0,231700000.0,194300000.0,1.47,1.47,1.47,1202800000.0,1117000000.0,1202800000.0,2908606020.0,13.0,8.801,201800000.0,1.83,1.0,1515900000.0,0.791,1635300000.0,37400000.0,373400000.0,408550000.0,0.0,0.0,0.0,0.0,3379100000.0,2287100000.0,1092000000.0,3146906020.0,33200000.0,-254500000.0,58700000.0,160000000.0,-139200000.0,80500000.0,-292600000.0,-3700000.0,236200000.0,9100000.0,157800000.0,157800000.0,157800000.0,-9000000.0,0.0,0.082,1298200000.0,217700000.0,1927800000.0,0.884,2.616,19.942,19.415,87700000.0,0.0,28.54,1.643,1.643,1292900000.0,471300000.0,1915800000.0,1915800000.0,0.0,0.041,0.141,0.567,0.121,21000000.0,1199400000.0,1.0,110263000.0,110263000.0,,17.375,2946600000.0,234100000.0,36500000.0,0.0,26.723,128900000.0
41,AJG,MRT,2011-03-31,2011-03-31,2011-03-31,2021-08-02,6500000.0,3691100000.0,3575900000.0,1749800000.0,1941300000.0,0.512,10.562,-27400000.0,913300000.0,913300000.0,367400000.0,160100000.0,1.178,2.218,675000000.0,0.0,675000000.0,675000000.0,65000000.0,96000000.0,0.0,0.042,1.29,229900000.0,325900000.0,0.178,325900000.0,229900000.0,194400000.0,1.51,1.52,1.51,1147100000.0,1057650000.0,1147100000.0,3003178050.0,13.0,9.215,190200000.0,1.751,1.0,1461800000.0,0.799,1415400000.0,35500000.0,552100000.0,417325000.0,0.0,0.0,0.0,0.0,2544000000.0,1485300000.0,1058700000.0,3302678050.0,106100000.0,-90600000.0,50100000.0,90000000.0,-135400000.0,6700000.0,-121400000.0,-3400000.0,217600000.0,3200000.0,160100000.0,160100000.0,160100000.0,-11100000.0,0.0,0.088,1246400000.0,215400000.0,1213400000.0,0.854,2.879,20.629,20.139,79400000.0,0.0,30.41,1.806,1.806,718800000.0,466800000.0,1829200000.0,1829200000.0,0.0,0.045,0.151,0.551,0.126,15600000.0,1150400000.0,1.0,108605000.0,108605000.0,,16.843,2275700000.0,242500000.0,34300000.0,0.0,20.954,264500000.0
42,AJG,MRT,2010-12-31,2010-12-31,2010-12-31,2021-08-02,2200000.0,3596000000.0,3461150000.0,1726000000.0,1870000000.0,0.539,10.44,-25100000.0,849500000.0,849500000.0,418600000.0,174100000.0,1.094,2.249,550000000.0,0.0,550000000.0,550000000.0,60500000.0,93100000.0,0.0,0.044,1.28,248400000.0,341500000.0,0.183,341500000.0,248400000.0,213800000.0,1.66,1.66,1.66,1106700000.0,1000050000.0,1106700000.0,2770954480.0,11.0,8.114,204400000.0,1.928,1.0,1445600000.0,0.775,1367200000.0,34600000.0,352000000.0,399325000.0,0.0,0.0,0.0,0.0,2489300000.0,1577300000.0,912000000.0,3082654480.0,43900000.0,-76900000.0,35900000.0,0.0,-133500000.0,-96200000.0,-92600000.0,9400000.0,229500000.0,3200000.0,174100000.0,174100000.0,174100000.0,-10800000.0,0.0,0.093,1210600000.0,235000000.0,1250300000.0,0.771,2.785,17.706,17.518,75800000.0,0.0,29.08,1.654,1.654,750100000.0,488300000.0,1864200000.0,1864200000.0,0.0,0.05,0.174,0.622,0.133,15600000.0,1117500000.0,1.0,106006000.0,106006000.0,,17.586,2228800000.0,245200000.0,39700000.0,0.0,21.025,148700000.0
43,AJG,MRT,2010-09-30,2010-09-30,2010-09-30,2021-08-02,-2600000.0,3460700000.0,3374725000.0,1689900000.0,1770800000.0,0.545,9.614,-24000000.0,861700000.0,861700000.0,407000000.0,136200000.0,1.103,2.422,550000000.0,0.0,550000000.0,550000000.0,44500000.0,91400000.0,0.0,0.049,1.28,240400000.0,331800000.0,0.18,331800000.0,240400000.0,207100000.0,1.3,1.3,1.3,1011400000.0,946600000.0,1011400000.0,2528203110.0,11.0,7.62,204300000.0,1.942,1.0,1433200000.0,0.779,1260000000.0,33300000.0,356700000.0,415500000.0,0.0,0.0,0.0,0.0,2449300000.0,1532300000.0,917000000.0,2774203110.0,58400000.0,-54100000.0,27200000.0,19000000.0,-132300000.0,-84700000.0,-85200000.0,-7100000.0,228300000.0,0.0,136200000.0,136200000.0,136200000.0,500000.0,0.0,0.074,1193700000.0,239500000.0,1252700000.0,0.985,2.743,20.369,20.285,75800000.0,0.0,26.37,1.508,1.508,704900000.0,468400000.0,1840200000.0,1840200000.0,0.0,0.04,0.144,0.579,0.131,16700000.0,1102300000.0,1.0,105203000.0,105203000.0,,17.492,2200700000.0,244900000.0,70900000.0,5700000.0,20.919,157600000.0
44,AJG,MRT,2010-06-30,2010-06-30,2010-06-30,2021-08-02,-13300000.0,3555800000.0,3319825000.0,1823600000.0,1732200000.0,0.547,9.319,-23000000.0,796000000.0,796000000.0,405900000.0,131600000.0,1.079,2.683,550000000.0,0.0,550000000.0,550000000.0,43700000.0,90100000.0,0.0,0.053,1.28,231300000.0,321400000.0,0.177,321400000.0,231300000.0,199800000.0,1.27,1.27,1.27,965400000.0,911025000.0,965400000.0,2377668000.0,10.0,7.398,200500000.0,1.935,1.0,1410600000.0,0.777,1211400000.0,31500000.0,408500000.0,374150000.0,0.0,0.0,0.0,0.0,2590400000.0,1689900000.0,900500000.0,2525768000.0,3900000.0,-36800000.0,25900000.0,-43000000.0,-130900000.0,-145300000.0,-74300000.0,-14500000.0,223500000.0,0.0,131600000.0,131600000.0,131600000.0,500000.0,0.0,0.072,1175100000.0,235500000.0,1414400000.0,1.008,2.616,19.193,19.197,79000000.0,0.0,24.38,1.39,1.39,916000000.0,456300000.0,1816500000.0,1816500000.0,0.0,0.04,0.144,0.618,0.127,16300000.0,1085000000.0,1.0,103600000.0,103600000.0,,17.534,2344400000.0,255400000.0,68200000.0,0.0,22.629,133700000.0
45,AJG,MRT,2010-03-31,2010-03-31,2010-03-31,2021-08-02,-9200000.0,3232100000.0,3344000000.0,1521900000.0,1710200000.0,0.541,8.945,-24200000.0,733100000.0,733100000.0,397600000.0,131400000.0,1.071,2.526,585000000.0,35000000.0,550000000.0,585000000.0,45700000.0,87100000.0,0.0,0.052,1.28,237700000.0,324800000.0,0.179,324800000.0,237700000.0,207900000.0,1.29,1.29,1.29,916700000.0,879625000.0,916700000.0,2337457650.0,10.0,7.197,224800000.0,2.194,1.0,1413000000.0,0.78,1183400000.0,29800000.0,480100000.0,317950000.0,0.0,0.0,0.0,0.0,2315400000.0,1420500000.0,894900000.0,2515957650.0,34600000.0,-23600000.0,16700000.0,-37000000.0,-129900000.0,-151900000.0,-62500000.0,-14700000.0,249000000.0,0.0,131400000.0,131400000.0,131400000.0,2600000.0,0.0,0.073,1166700000.0,246300000.0,1142000000.0,0.992,2.745,19.147,19.031,79500000.0,0.0,24.55,1.39,1.39,665500000.0,446200000.0,1810600000.0,1810600000.0,0.0,0.039,0.149,0.748,0.131,16100000.0,1079600000.0,1.0,102483000.0,102483000.0,,17.667,2048700000.0,264700000.0,76500000.0,0.0,19.991,101400000.0
46,AJG,MRT,2009-12-31,2009-12-31,2009-12-31,2021-08-02,-9000000.0,3250300000.0,3313125000.0,1540000000.0,1710300000.0,0.522,8.771,-23500000.0,728500000.0,728500000.0,331300000.0,128600000.0,1.044,2.64,550000000.0,0.0,550000000.0,550000000.0,41500000.0,85600000.0,0.0,0.057,1.28,235100000.0,320700000.0,0.185,320700000.0,235100000.0,206600000.0,1.28,1.28,1.28,892900000.0,850000000.0,892900000.0,2033018000.0,9.0,6.339,188000000.0,1.847,1.0,1398000000.0,0.808,1180700000.0,28500000.0,416700000.0,263825000.0,0.0,0.0,0.0,0.0,2357400000.0,1474400000.0,883000000.0,2291518000.0,11500000.0,-43700000.0,7300000.0,18000000.0,-127900000.0,-105400000.0,-94600000.0,-27400000.0,211500000.0,0.0,128600000.0,128600000.0,128600000.0,4500000.0,0.0,0.074,1154300000.0,243700000.0,1166500000.0,1.0,2.566,17.819,17.586,80700000.0,0.0,22.51,1.325,1.325,693700000.0,450300000.0,1729300000.0,1729300000.0,0.0,0.039,0.151,0.891,0.136,16100000.0,1068700000.0,1.0,101800000.0,101800000.0,,16.987,2069600000.0,271100000.0,78000000.0,0.0,20.33,65600000.0
47,AJG,MRT,2009-09-30,2009-09-30,2009-09-30,2021-08-02,-27800000.0,3241100000.0,3318375000.0,1565600000.0,1675500000.0,0.514,8.588,-24600000.0,789500000.0,789500000.0,351100000.0,116500000.0,0.96,2.729,531000000.0,131000000.0,400000000.0,531000000.0,46800000.0,84800000.0,0.0,0.053,1.28,218600000.0,303400000.0,0.178,303400000.0,218600000.0,189800000.0,1.17,1.16,1.17,869100000.0,811400000.0,869100000.0,2229244000.0,10.0,7.348,210600000.0,2.081,1.0,1355200000.0,0.794,1160800000.0,28800000.0,191300000.0,195075000.0,0.0,25800000.0,500000.0,25300000.0,2372000000.0,1630500000.0,741500000.0,2466244000.0,-11700000.0,-109800000.0,7700000.0,13000000.0,-125700000.0,-108000000.0,-138900000.0,-4500000.0,235200000.0,0.0,116500000.0,116500000.0,116500000.0,8900000.0,0.0,0.068,1125100000.0,230100000.0,1208400000.0,1.094,2.838,21.169,20.829,82600000.0,0.0,24.37,1.445,1.445,664800000.0,466300000.0,1706300000.0,1706300000.0,0.0,0.035,0.144,1.121,0.128,15600000.0,1048200000.0,1.0,101200000.0,101200000.0,,16.861,2080300000.0,272900000.0,73300000.0,0.0,20.556,-64900000.0
48,AJG,MRT,2009-06-30,2009-06-30,2009-06-30,2021-08-02,-31500000.0,3652500000.0,3307400000.0,1980700000.0,1671800000.0,0.512,8.381,-29100000.0,830000000.0,830000000.0,367300000.0,112700000.0,0.957,3.349,593000000.0,193000000.0,400000000.0,593000000.0,54600000.0,81600000.0,0.0,0.06,1.28,201300000.0,282900000.0,0.167,282900000.0,201300000.0,172200000.0,1.16,1.15,1.16,839800000.0,787875000.0,839800000.0,2023368000.0,10.0,7.152,190100000.0,1.897,1.0,1327700000.0,0.783,1161200000.0,29100000.0,183700000.0,175700000.0,0.0,17900000.0,200000.0,17700000.0,2812700000.0,2070600000.0,742100000.0,2138268000.0,-6800000.0,-173100000.0,13700000.0,88000000.0,-123200000.0,-21700000.0,-204300000.0,-2100000.0,219200000.0,0.0,112700000.0,112700000.0,112700000.0,12800000.0,0.0,0.066,1112200000.0,215500000.0,1583400000.0,1.103,2.546,18.973,18.397,86100000.0,0.0,21.34,1.262,1.262,1034300000.0,457500000.0,1695000000.0,1695000000.0,0.0,0.034,0.143,1.146,0.119,15800000.0,1035000000.0,1.0,100200000.0,100200000.0,,16.916,2491300000.0,277900000.0,59500000.0,0.0,24.863,-89900000.0
49,AJG,MRT,2009-03-31,2009-03-31,2009-03-31,2021-08-02,-41200000.0,3108600000.0,3271650000.0,1444500000.0,1664100000.0,0.511,8.278,-29100000.0,736900000.0,736900000.0,373400000.0,109700000.0,0.914,2.895,622000000.0,222000000.0,400000000.0,622000000.0,56400000.0,78300000.0,0.0,0.075,1.28,195900000.0,274200000.0,0.164,274200000.0,195900000.0,166500000.0,1.16,1.15,1.16,798200000.0,759475000.0,798200000.0,1425842000.0,7.0,5.2,160900000.0,1.669,1.0,1296900000.0,0.776,1150000000.0,29400000.0,263600000.0,152625000.0,0.0,17900000.0,300000.0,17600000.0,2310400000.0,1580100000.0,730300000.0,1639242000.0,7300000.0,-228400000.0,16900000.0,166000000.0,-120800000.0,66200000.0,-248900000.0,8600000.0,190000000.0,0.0,109700000.0,109700000.0,109700000.0,13700000.0,0.0,0.066,1087300000.0,209600000.0,1065000000.0,1.103,2.054,14.943,14.655,85500000.0,0.0,17.0,0.981,0.981,574900000.0,446200000.0,1670300000.0,1670300000.0,0.0,0.034,0.144,1.284,0.117,16600000.0,1010800000.0,1.0,96426000.0,96426000.0,,17.322,1958600000.0,291700000.0,56800000.0,0.0,20.312,-135600000.0
50,AJG,MRT,2008-12-31,2008-12-31,2008-12-31,2021-08-02,-40300000.0,3271300000.0,3329725000.0,1702000000.0,1569300000.0,0.494,7.774,-32000000.0,745400000.0,745400000.0,382400000.0,77300000.0,0.916,3.43,532000000.0,132000000.0,400000000.0,532000000.0,46200000.0,87400000.0,0.0,0.049,1.28,158100000.0,245500000.0,0.149,245500000.0,158100000.0,129500000.0,0.83,0.82,0.83,738500000.0,734575000.0,738500000.0,2141450000.0,14.0,8.723,128600000.0,1.354,1.0,1262600000.0,0.768,1057600000.0,28600000.0,141700000.0,122675000.0,0.0,18100000.0,200000.0,17900000.0,2532800000.0,1858600000.0,674200000.0,2461450000.0,-61500000.0,-241100000.0,21300000.0,132000000.0,-118500000.0,40000000.0,-262100000.0,11000000.0,160600000.0,0.0,77300000.0,77300000.0,77300000.0,34100000.0,0.0,0.047,1070400000.0,192200000.0,1365300000.0,1.542,3.333,31.843,31.217,88800000.0,0.0,25.91,1.496,1.496,826500000.0,452000000.0,1645000000.0,1645000000.0,0.0,0.023,0.105,1.289,0.096,18300000.0,996700000.0,1.0,95000000.0,95000000.0,,17.316,2213700000.0,300900000.0,52200000.0,0.0,23.302,-156600000.0
51,AJG,MRT,2008-09-30,2008-09-30,2008-09-30,2021-08-02,7000000.0,3197200000.0,3401100000.0,1743800000.0,1453400000.0,0.483,8.307,-39700000.0,838000000.0,838000000.0,366900000.0,96000000.0,0.959,3.125,518000000.0,118000000.0,400000000.0,518000000.0,45800000.0,91900000.0,0.0,0.049,1.27,184200000.0,276100000.0,0.168,276100000.0,184200000.0,156700000.0,1.03,1.02,1.03,775000000.0,728825000.0,775000000.0,1991578000.0,11.0,7.213,184500000.0,1.977,1.0,1276000000.0,0.777,945400000.0,27500000.0,113800000.0,115025000.0,0.0,27700000.0,5100000.0,22600000.0,2422200000.0,1818000000.0,604200000.0,2394078000.0,-101800000.0,-264700000.0,-45400000.0,118000000.0,-117200000.0,-39500000.0,-286500000.0,17900000.0,224200000.0,0.0,96000000.0,96000000.0,96000000.0,38800000.0,0.0,0.058,1053000000.0,223000000.0,1377500000.0,1.233,3.089,24.938,24.913,87500000.0,0.0,25.66,1.457,1.457,784000000.0,478400000.0,1642900000.0,1642900000.0,0.0,0.028,0.132,1.601,0.112,17700000.0,973800000.0,1.0,93300000.0,93300000.0,,17.609,2251800000.0,275000000.0,60700000.0,0.0,24.135,-74200000.0
52,AJG,MRT,2008-06-30,2008-06-30,2008-06-30,2021-08-02,7900000.0,3509500000.0,3494525000.0,2132800000.0,1376700000.0,0.465,7.825,-40000000.0,907500000.0,907500000.0,353000000.0,110000000.0,0.986,3.833,505000000.0,105000000.0,400000000.0,505000000.0,53400000.0,88400000.0,0.0,0.052,1.26,203000000.0,291400000.0,0.179,291400000.0,203000000.0,177000000.0,1.18,1.16,1.18,726200000.0,727400000.0,726200000.0,1858080000.0,9.0,6.376,158300000.0,1.706,1.0,1272400000.0,0.783,853200000.0,26000000.0,91400000.0,123400000.0,0.0,30800000.0,5700000.0,25100000.0,2783300000.0,2162400000.0,620900000.0,2236480000.0,22000000.0,-218100000.0,-102900000.0,275400000.0,-116800000.0,59000000.0,-235300000.0,22800000.0,198300000.0,0.0,110000000.0,110000000.0,110000000.0,35500000.0,0.0,0.068,1033900000.0,238500000.0,1756800000.0,1.068,3.08,20.332,20.424,87500000.0,0.0,24.1,1.376,1.376,1104700000.0,470900000.0,1625400000.0,1625400000.0,0.0,0.031,0.151,1.645,0.125,18600000.0,952500000.0,1.0,92800000.0,92800000.0,,17.515,2656300000.0,282200000.0,67000000.0,5500000.0,28.624,-29600000.0
53,AJG,MRT,2008-03-31,2008-03-31,2008-03-31,2021-08-02,7600000.0,3340900000.0,3542575000.0,2020800000.0,1320100000.0,0.458,7.589,-39000000.0,834400000.0,834400000.0,352300000.0,113000000.0,0.999,3.782,456000000.0,56000000.0,400000000.0,456000000.0,51700000.0,85300000.0,0.0,0.053,1.25,188500000.0,273800000.0,0.169,273800000.0,188500000.0,166600000.0,1.19,1.16,1.19,698600000.0,741550000.0,698600000.0,1716897380.0,9.0,6.271,191100000.0,2.076,1.0,1271800000.0,0.783,796300000.0,21900000.0,143800000.0,21550000.0,0.0,34600000.0,8800000.0,25800000.0,2642300000.0,2022400000.0,619900000.0,2174197380.0,26400000.0,-173300000.0,-224700000.0,335700000.0,-117800000.0,-3700000.0,-200000000.0,12300000.0,230100000.0,0.0,113000000.0,113000000.0,113000000.0,36600000.0,0.0,0.07,1046700000.0,225100000.0,1684300000.0,1.05,3.112,19.241,19.849,86700000.0,0.0,23.62,1.339,1.339,1063000000.0,460100000.0,1624100000.0,1624100000.0,0.0,0.032,0.152,8.747,0.116,19000000.0,934900000.0,1.0,92049000.0,92049000.0,,17.644,2544600000.0,289200000.0,53600000.0,0.0,27.644,-1600000.0
54,AJG,MRT,2007-12-31,2007-12-31,2007-12-31,2021-08-02,7400000.0,3556800000.0,3555275000.0,2275800000.0,1281000000.0,0.457,7.62,-40700000.0,857300000.0,857300000.0,342000000.0,138800000.0,1.02,3.971,400000000.0,0.0,400000000.0,400000000.0,44100000.0,71600000.0,0.0,0.051,1.24,200300000.0,271900000.0,0.167,271900000.0,200300000.0,184300000.0,1.45,1.43,1.45,715500000.0,783875000.0,715500000.0,1702941000.0,9.0,6.263,211600000.0,2.253,1.0,1281300000.0,0.789,756200000.0,16000000.0,111100000.0,-63950000.0,0.0,33800000.0,7500000.0,26300000.0,2841300000.0,2232200000.0,609100000.0,2271441000.0,47900000.0,-215000000.0,-239600000.0,396500000.0,-118800000.0,41500000.0,-245900000.0,9800000.0,252300000.0,0.0,138800000.0,138800000.0,138800000.0,15800000.0,0.0,0.086,1065200000.0,216100000.0,1874000000.0,0.855,3.175,16.365,16.683,87900000.0,0.0,24.19,1.399,1.399,1303700000.0,495900000.0,1623300000.0,1623300000.0,0.0,0.039,0.177,-3.132,0.123,19000000.0,911600000.0,1.0,93900000.0,93900000.0,,17.288,2800600000.0,292600000.0,45500000.0,0.0,29.825,43600000.0
55,AJG,MRT,2007-09-30,2007-09-30,2007-09-30,2021-08-02,9500000.0,3570900000.0,3521100000.0,2370100000.0,1200800000.0,0.444,8.072,-31500000.0,972000000.0,972000000.0,329700000.0,140000000.0,1.087,3.642,403500000.0,3500000.0,400000000.0,403500000.0,34400000.0,61200000.0,0.0,0.042,1.23,174800000.0,236000000.0,0.151,236000000.0,174800000.0,163200000.0,1.45,1.43,1.45,769300000.0,821025000.0,769300000.0,2090141000.0,12.0,8.857,148200000.0,1.555,1.0,1234400000.0,0.789,674700000.0,11600000.0,147300000.0,-159975000.0,0.0,59900000.0,32500000.0,27400000.0,2801600000.0,2180400000.0,621200000.0,2760841000.0,120300000.0,-133800000.0,-190900000.0,395800000.0,-119100000.0,89700000.0,-149100000.0,16200000.0,179700000.0,0.0,140000000.0,140000000.0,140000000.0,4000000.0,0.0,0.09,1055600000.0,178800000.0,1826200000.0,0.848,3.589,19.72,19.979,80000000.0,0.0,28.97,1.765,1.765,1247800000.0,501000000.0,1564100000.0,1564100000.0,0.0,0.04,0.171,-1.093,0.112,20200000.0,865000000.0,1.0,95300000.0,95300000.0,,16.412,2896200000.0,308400000.0,23200000.0,0.0,30.39,189700000.0
56,AJG,MRT,2007-06-30,2007-06-30,2007-06-30,2021-08-02,7500000.0,3701700000.0,3482150000.0,2545100000.0,1156600000.0,0.452,7.915,-31100000.0,903700000.0,903700000.0,324600000.0,138400000.0,0.943,3.729,233000000.0,233000000.0,0.0,233000000.0,39600000.0,61200000.0,0.0,0.044,1.22,166300000.0,227500000.0,0.144,227500000.0,166300000.0,158200000.0,1.42,1.4,1.42,782800000.0,840150000.0,782800000.0,2106332000.0,13.0,9.259,172500000.0,1.744,1.0,1250000000.0,0.794,647600000.0,8100000.0,-316000000.0,-235325000.0,0.0,69200000.0,41800000.0,27400000.0,2918900000.0,2699400000.0,219500000.0,2757332000.0,-11500000.0,-130400000.0,-138200000.0,189600000.0,-118800000.0,-63800000.0,-151300000.0,10200000.0,203600000.0,0.0,138400000.0,138400000.0,138400000.0,3400000.0,0.0,0.088,1080300000.0,169700000.0,2165700000.0,0.859,3.522,19.923,19.634,78100000.0,0.0,27.88,1.751,1.751,1493000000.0,478400000.0,1574600000.0,1574600000.0,0.0,0.04,0.165,-0.707,0.106,20600000.0,856400000.0,1.0,98900000.0,98900000.0,,15.921,3054100000.0,294600000.0,19800000.0,0.0,30.881,-154300000.0
57,AJG,MRT,2007-03-31,2007-03-31,2007-03-31,2021-08-02,5200000.0,3391700000.0,3466300000.0,2268900000.0,1122800000.0,0.438,8.824,-33500000.0,774800000.0,774800000.0,316600000.0,131200000.0,0.981,2.908,123800000.0,123800000.0,0.0,123800000.0,32600000.0,59000000.0,0.0,0.043,1.21,154900000.0,213900000.0,0.141,213900000.0,154900000.0,147900000.0,1.35,1.33,1.35,867900000.0,844750000.0,867900000.0,2024268820.0,13.0,9.464,124100000.0,1.262,1.0,1201000000.0,0.791,626400000.0,7000000.0,-198200000.0,-183150000.0,0.0,99900000.0,70400000.0,29500000.0,2523800000.0,2312500000.0,211300000.0,2786368820.0,-25200000.0,-137400000.0,-25800000.0,114500000.0,-117100000.0,-22000000.0,-160800000.0,10100000.0,157600000.0,0.0,131200000.0,131200000.0,131200000.0,1400000.0,0.0,0.086,1044700000.0,156300000.0,1877800000.0,0.896,3.21,21.238,20.985,79200000.0,0.0,28.33,1.836,1.836,1306500000.0,464100000.0,1517600000.0,1517600000.0,0.0,0.038,0.155,-0.846,0.102,22600000.0,847100000.0,1.0,98354000.0,98354000.0,,15.43,2765300000.0,290000000.0,16700000.0,0.0,28.116,-43600000.0
58,AJG,MRT,2006-12-31,2006-12-31,2006-12-31,2021-08-02,5000000.0,3420100000.0,3402150000.0,2376200000.0,1043900000.0,0.432,8.808,-33000000.0,796900000.0,796900000.0,312600000.0,128500000.0,0.99,2.958,34800000.0,8900000.0,25900000.0,34800000.0,39700000.0,56400000.0,0.0,0.041,1.2,163100000.0,219500000.0,0.149,219500000.0,163100000.0,154600000.0,1.32,1.31,1.32,864100000.0,822500000.0,864100000.0,2140655000.0,13.0,9.752,71700000.0,0.731,1.0,1157500000.0,0.787,529700000.0,8500000.0,-273000000.0,-133725000.0,0.0,81700000.0,49200000.0,32500000.0,2556000000.0,2401300000.0,154700000.0,2898855000.0,-109800000.0,-72900000.0,-9200000.0,-2900000.0,-114400000.0,-118600000.0,-95900000.0,10000000.0,104700000.0,0.0,128500000.0,128500000.0,128500000.0,-100000.0,0.0,0.087,994500000.0,163000000.0,1958800000.0,0.909,3.355,22.559,22.386,103100000.0,0.0,29.55,1.972,1.972,1422300000.0,475000000.0,1470100000.0,1470100000.0,0.0,0.038,0.156,-1.22,0.111,24600000.0,838700000.0,1.0,98100000.0,98100000.0,,14.986,2890400000.0,286800000.0,26100000.0,51000000.0,29.464,-25100000.0
59,AJG,MRT,2006-09-30,2006-09-30,2006-09-30,2021-08-02,-6000000.0,3415100000.0,3394500000.0,2337900000.0,1077200000.0,0.424,8.702,-36500000.0,869000000.0,869000000.0,306600000.0,111400000.0,1.003,3.038,110800000.0,8100000.0,102700000.0,110800000.0,36400000.0,53500000.0,0.0,0.044,1.18,151000000.0,204500000.0,0.142,204500000.0,151000000.0,141600000.0,1.16,1.12,1.16,845800000.0,798750000.0,845800000.0,1907324000.0,13.0,9.327,70900000.0,0.729,1.0,1133800000.0,0.787,481100000.0,9400000.0,-154100000.0,-100025000.0,0.0,94300000.0,36900000.0,57400000.0,2569300000.0,2329900000.0,239400000.0,2592324000.0,-82800000.0,-54700000.0,13600000.0,-4600000.0,-111700000.0,-95300000.0,-94900000.0,-2500000.0,107400000.0,0.0,111400000.0,111400000.0,111400000.0,18200000.0,0.0,0.077,972300000.0,161500000.0,1952100000.0,1.017,3.065,23.27,22.991,189100000.0,0.0,26.67,1.8,1.8,1303100000.0,479900000.0,1440400000.0,1440400000.0,0.0,0.033,0.139,-1.51,0.105,25100000.0,811200000.0,1.0,97200000.0,97200000.0,,14.819,2934000000.0,263900000.0,30200000.0,38900000.0,30.185,8000000.0
60,AJG,MRT,2006-06-30,2006-06-30,2006-06-30,2021-08-02,-6000000.0,3638300000.0,3387175000.0,2599800000.0,1038500000.0,0.416,8.285,-31200000.0,831500000.0,831500000.0,301400000.0,111700000.0,0.999,3.541,146500000.0,42200000.0,104300000.0,146500000.0,34700000.0,51900000.0,0.0,0.046,1.16,156600000.0,208500000.0,0.148,208500000.0,156600000.0,146400000.0,1.17,1.13,1.17,801200000.0,783425000.0,801200000.0,1865078000.0,12.0,8.945,78400000.0,0.811,1.0,1107700000.0,0.786,457400000.0,10200000.0,-107300000.0,-110125000.0,0.0,90100000.0,28100000.0,62000000.0,2837100000.0,2603200000.0,233900000.0,2450378000.0,-20700000.0,-42400000.0,14400000.0,29500000.0,-109000000.0,-58400000.0,-71900000.0,3700000.0,109600000.0,0.0,111700000.0,111700000.0,111700000.0,18200000.0,0.0,0.079,940600000.0,167100000.0,2239600000.0,0.991,3.058,21.937,21.658,189400000.0,0.0,25.34,1.739,1.739,1618200000.0,459100000.0,1409100000.0,1409100000.0,0.0,0.033,0.143,-1.422,0.111,24100000.0,793100000.0,1.0,96700000.0,96700000.0,,14.572,3180900000.0,246600000.0,34700000.0,24500000.0,32.895,-3400000.0
61,AJG,MRT,2006-03-31,2006-03-31,2006-03-31,2021-08-02,-6400000.0,3135100000.0,3338700000.0,2130100000.0,1005000000.0,0.422,8.137,-28100000.0,697600000.0,697600000.0,299000000.0,126900000.0,1.005,3.025,112300000.0,6300000.0,106000000.0,112300000.0,33100000.0,53200000.0,0.0,0.041,1.14,174800000.0,228000000.0,0.162,228000000.0,174800000.0,163700000.0,1.34,1.3,1.34,778900000.0,768850000.0,778900000.0,1938856630.0,11.0,8.504,53300000.0,0.557,1.0,1110600000.0,0.788,430900000.0,11100000.0,-500000.0,-109275000.0,0.0,96900000.0,30700000.0,66200000.0,2356200000.0,2119400000.0,236800000.0,2662056630.0,-28300000.0,200000.0,25000000.0,-5000000.0,-106100000.0,-83200000.0,-26500000.0,3500000.0,81400000.0,0.0,126900000.0,126900000.0,126900000.0,10600000.0,0.0,0.09,932900000.0,177700000.0,1804500000.0,0.851,3.418,20.978,20.754,187100000.0,0.0,27.81,1.889,1.889,1282600000.0,451700000.0,1409600000.0,1409600000.0,0.0,0.038,0.165,-1.6,0.124,23800000.0,762900000.0,1.0,95723000.0,95723000.0,,14.726,2704200000.0,235300000.0,36800000.0,21100000.0,28.25,10700000.0
62,AJG,MRT,2005-12-31,2005-12-31,2005-12-31,2021-08-02,-6600000.0,3389500000.0,3361850000.0,2401800000.0,987700000.0,0.425,8.079,-23400000.0,836100000.0,836100000.0,294900000.0,30800000.0,1.006,3.407,112900000.0,5300000.0,107600000.0,112900000.0,35700000.0,54100000.0,0.0,0.036,1.12,16200000.0,70300000.0,0.049,70300000.0,16200000.0,4600000.0,0.33,0.32,0.33,769100000.0,744800000.0,769100000.0,2157376000.0,133.0,30.688,166000000.0,1.744,1.0,1134000000.0,0.794,418200000.0,11600000.0,-138200000.0,-100175000.0,0.0,111400000.0,43200000.0,68200000.0,2620400000.0,2386300000.0,234100000.0,2939776000.0,93200000.0,4700000.0,25900000.0,-4600000.0,-102300000.0,-81000000.0,-15200000.0,3500000.0,189400000.0,0.0,30800000.0,30800000.0,30800000.0,8300000.0,0.0,0.022,1109500000.0,24500000.0,1917400000.0,3.394,3.822,95.447,93.576,185100000.0,0.0,30.88,2.057,2.057,1396800000.0,463700000.0,1428900000.0,1428900000.0,0.0,0.009,0.041,-0.162,0.011,26700000.0,750600000.0,1.0,95200000.0,95200000.0,,15.009,2971300000.0,236100000.0,-26200000.0,24600000.0,31.211,15500000.0
63,AJG,MRT,2005-09-30,2005-09-30,2005-09-30,2021-08-02,-100000.0,3385800000.0,3322800000.0,2419800000.0,966000000.0,0.446,8.293,-21200000.0,897800000.0,897800000.0,289300000.0,72400000.0,1.012,3.316,115400000.0,34700000.0,80700000.0,115400000.0,41100000.0,57000000.0,0.0,0.038,1.09,73100000.0,130100000.0,0.088,130100000.0,73100000.0,62000000.0,0.76,0.72,0.76,784500000.0,742775000.0,784500000.0,2069226000.0,28.0,15.905,177000000.0,1.871,1.0,1191900000.0,0.805,407300000.0,11100000.0,-194500000.0,-35750000.0,0.0,121300000.0,31400000.0,89900000.0,2601300000.0,2390600000.0,210700000.0,2725426000.0,16600000.0,-62300000.0,4600000.0,-4000000.0,-98700000.0,-98100000.0,-83500000.0,2800000.0,198200000.0,0.0,72400000.0,72400000.0,72400000.0,-2100000.0,0.0,0.049,1120900000.0,71000000.0,1948400000.0,1.434,3.474,37.644,37.908,183600000.0,0.0,28.81,1.84,1.84,1328600000.0,488100000.0,1481200000.0,1481200000.0,0.0,0.022,0.097,-2.045,0.049,26800000.0,780600000.0,1.0,94600000.0,94600000.0,,15.658,2978500000.0,209400000.0,-10400000.0,37700000.0,31.485,29200000.0
64,AJG,MRT,2005-06-30,2005-06-30,2005-06-30,2021-08-02,-200000.0,3444400000.0,3247600000.0,2475900000.0,968500000.0,0.448,7.971,-28600000.0,773200000.0,773200000.0,281200000.0,76300000.0,0.994,3.636,117000000.0,35300000.0,81700000.0,117000000.0,49200000.0,56100000.0,0.0,0.039,1.06,75400000.0,131500000.0,0.09,131500000.0,75400000.0,64600000.0,0.82,0.77,0.82,742900000.0,732375000.0,742900000.0,1991316000.0,26.0,15.143,161600000.0,1.734,1.0,1173600000.0,0.807,400300000.0,10800000.0,-103900000.0,36300000.0,0.0,136600000.0,28000000.0,108600000.0,2701500000.0,2491800000.0,209700000.0,2528516000.0,-15200000.0,-69500000.0,-12300000.0,-1300000.0,-95200000.0,-108800000.0,-96600000.0,2800000.0,190200000.0,0.0,76300000.0,76300000.0,76300000.0,-1800000.0,0.0,0.052,1100000000.0,73600000.0,2065200000.0,1.293,3.404,33.139,33.085,188100000.0,0.0,27.13,1.738,1.738,1514200000.0,464200000.0,1454800000.0,1454800000.0,0.0,0.023,0.104,2.077,0.052,29300000.0,757400000.0,1.0,93200000.0,93200000.0,,15.609,3044100000.0,199700000.0,-11700000.0,22800000.0,32.662,-15900000.0
65,AJG,MRT,2005-03-31,2005-03-31,2005-03-31,2021-08-02,0.0,3227700000.0,3191050000.0,2217000000.0,1010700000.0,0.455,7.411,-28300000.0,718400000.0,718400000.0,272800000.0,70600000.0,0.972,3.728,181200000.0,42900000.0,138300000.0,181200000.0,39300000.0,55300000.0,0.0,0.036,1.03,67500000.0,122800000.0,0.085,122800000.0,67500000.0,57300000.0,0.78,0.72,0.78,682700000.0,720850000.0,682700000.0,2121100000.0,31.0,17.273,199300000.0,2.163,1.0,1179600000.0,0.812,372900000.0,10200000.0,35900000.0,91700000.0,0.0,157200000.0,27800000.0,129400000.0,2545000000.0,2281700000.0,263300000.0,2653200000.0,700000.0,-101300000.0,-8900000.0,900000.0,-91700000.0,-99700000.0,-127100000.0,2800000.0,227600000.0,0.0,70600000.0,70600000.0,70600000.0,6000000.0,0.0,0.049,1106100000.0,73500000.0,1827400000.0,1.321,3.886,37.581,36.923,252200000.0,0.0,28.8,1.827,1.827,1305400000.0,438800000.0,1452400000.0,1452400000.0,0.0,0.022,0.098,0.736,0.046,33300000.0,742700000.0,1.0,92125000.0,92125000.0,,15.766,2854800000.0,191800000.0,-13300000.0,0.0,30.988,-64700000.0
66,AJG,MRT,2004-12-31,2004-12-31,2004-12-31,2021-08-02,0.0,3233300000.0,3102375000.0,2223200000.0,1010100000.0,0.463,8.236,-29000000.0,713500000.0,713500000.0,267900000.0,188500000.0,1.007,3.249,181400000.0,41400000.0,140000000.0,181400000.0,25400000.0,53300000.0,0.0,0.031,1.0,245800000.0,299100000.0,0.208,299100000.0,245800000.0,236300000.0,2.06,1.99,2.06,761000000.0,712175000.0,761000000.0,2400500000.0,10.0,8.026,248200000.0,2.686,1.0,1169100000.0,0.814,374200000.0,9500000.0,119500000.0,108775000.0,0.0,158400000.0,26000000.0,132400000.0,2472300000.0,2207500000.0,264800000.0,3003000000.0,31000000.0,-112800000.0,-25600000.0,3300000.0,-84900000.0,-107200000.0,-139000000.0,2800000.0,277200000.0,0.0,188500000.0,188500000.0,188500000.0,1000000.0,0.0,0.131,922300000.0,246800000.0,1838900000.0,0.485,3.946,15.931,15.777,259000000.0,0.0,32.5,2.09,2.09,1350900000.0,539000000.0,1437000000.0,1437000000.0,0.0,0.061,0.265,2.26,0.171,33200000.0,714800000.0,1.0,92400000.0,92400000.0,,15.552,2859100000.0,184800000.0,47800000.0,24800000.0,30.943,15700000.0
67,AJG,MRT,2004-09-30,2004-09-30,2004-09-30,2021-08-02,0.0,3085000000.0,3019450000.0,2181800000.0,903200000.0,0.46,8.086,-29600000.0,785600000.0,785600000.0,259100000.0,188600000.0,1.041,3.153,183100000.0,41400000.0,141700000.0,183100000.0,37700000.0,49200000.0,0.0,0.028,0.93,247800000.0,297000000.0,0.214,297000000.0,247800000.0,239000000.0,2.08,2.0,2.08,742900000.0,676700000.0,742900000.0,2489151880.0,10.0,8.381,290000000.0,3.156,1.0,1128800000.0,0.813,293900000.0,8800000.0,93700000.0,113700000.0,0.0,156500000.0,25900000.0,130600000.0,2342100000.0,2094900000.0,247200000.0,3043851880.0,119100000.0,-72900000.0,-35500000.0,6900000.0,-78000000.0,-106600000.0,-93900000.0,0.0,319600000.0,0.0,188600000.0,188600000.0,188600000.0,100000.0,0.0,0.136,880900000.0,247900000.0,1753200000.0,0.447,4.097,16.139,15.928,259100000.0,0.0,33.13,2.193,2.193,1246400000.0,513100000.0,1387900000.0,1387900000.0,0.0,0.062,0.279,2.179,0.179,34800000.0,671100000.0,1.0,91876000.0,91876000.0,,15.106,2791100000.0,164400000.0,50400000.0,19300000.0,30.379,86900000.0
68,AJG,MRT,2004-06-30,2004-06-30,2004-06-30,2021-08-02,0.0,3218200000.0,2921975000.0,2343400000.0,874800000.0,0.469,7.675,-24300000.0,736800000.0,736800000.0,255800000.0,183100000.0,1.029,3.619,182100000.0,38700000.0,143400000.0,182100000.0,36600000.0,47700000.0,0.0,0.028,0.86,243400000.0,291100000.0,0.213,291100000.0,243400000.0,235200000.0,2.03,1.95,2.03,696800000.0,638625000.0,696800000.0,2253716400.0,9.0,7.742,289600000.0,3.19,1.0,1113600000.0,0.813,269300000.0,8200000.0,117700000.0,138200000.0,0.0,155500000.0,27500000.0,128000000.0,2521400000.0,2276500000.0,244900000.0,2764616400.0,109300000.0,-65200000.0,-47900000.0,-4300000.0,-71300000.0,-123500000.0,-81100000.0,0.0,313900000.0,0.0,183100000.0,183100000.0,183100000.0,-200000.0,0.0,0.134,870400000.0,243200000.0,1930300000.0,0.424,3.968,15.099,15.0,272800000.0,0.0,30.45,2.019,2.019,1439400000.0,481800000.0,1369400000.0,1369400000.0,0.0,0.063,0.287,1.761,0.178,31700000.0,659200000.0,1.0,90792000.0,90792000.0,,15.083,2948900000.0,151100000.0,52100000.0,21900000.0,32.48,66900000.0
69,AJG,MRT,2004-03-31,2004-03-31,2004-03-31,2021-08-02,0.0,2873000000.0,2778500000.0,2049300000.0,823700000.0,0.468,7.2,-20800000.0,666100000.0,666100000.0,253600000.0,173200000.0,1.022,3.434,155200000.0,33900000.0,121300000.0,155200000.0,30700000.0,43600000.0,0.0,0.024,0.79,233600000.0,277200000.0,0.213,277200000.0,233600000.0,225800000.0,1.92,1.85,1.92,648000000.0,607550000.0,648000000.0,2453002290.0,11.0,8.849,213400000.0,2.371,1.0,1046100000.0,0.805,253400000.0,7800000.0,104200000.0,192325000.0,0.0,142200000.0,26100000.0,116100000.0,2225000000.0,2004500000.0,220500000.0,2931202290.0,46500000.0,-48600000.0,-62000000.0,2100000.0,-64800000.0,-124700000.0,-63100000.0,0.0,234200000.0,0.0,173200000.0,173200000.0,173200000.0,-400000.0,0.0,0.133,812900000.0,233200000.0,1694400000.0,0.411,4.523,16.924,16.964,263100000.0,0.0,32.57,2.255,2.255,1225900000.0,458600000.0,1299700000.0,1299700000.0,0.0,0.062,0.285,1.215,0.18,29300000.0,646400000.0,1.0,89997000.0,89997000.0,,14.442,2619600000.0,141400000.0,52600000.0,19500000.0,29.108,44800000.0
70,AJG,MRT,2003-12-31,2003-12-31,2003-12-31,2021-08-02,0.0,2901600000.0,2683350000.0,2107900000.0,793700000.0,0.455,6.873,-25300000.0,631200000.0,631200000.0,251800000.0,146200000.0,1.023,3.687,153000000.0,30900000.0,122100000.0,153000000.0,27300000.0,41100000.0,0.0,0.022,0.72,201100000.0,242200000.0,0.198,242200000.0,201100000.0,193100000.0,1.63,1.57,1.63,619100000.0,581750000.0,619100000.0,2498801137.0,12.0,10.317,203700000.0,2.262,1.0,969300000.0,0.794,222900000.0,8000000.0,139200000.0,245525000.0,0.0,152900000.0,31900000.0,121000000.0,2282500000.0,2061300000.0,221200000.0,2926401137.0,41000000.0,-24500000.0,-57100000.0,-23200000.0,-61900000.0,-142200000.0,-45800000.0,0.0,229000000.0,0.0,146200000.0,146200000.0,146200000.0,-300000.0,0.0,0.12,768500000.0,200800000.0,1743500000.0,0.442,4.727,20.016,19.933,266200000.0,0.0,32.49,2.397,2.397,1286400000.0,442300000.0,1221100000.0,1221100000.0,0.0,0.054,0.251,0.819,0.165,23500000.0,638100000.0,1.0,90070826.0,90070826.0,,13.557,2678700000.0,137800000.0,46900000.0,24300000.0,29.74,46600000.0
71,AJG,MRT,2003-09-30,2003-09-30,2003-09-30,2021-08-02,0.0,2695100000.0,2573850000.0,1975600000.0,719500000.0,0.465,6.52,-30900000.0,578700000.0,578700000.0,259000000.0,135400000.0,1.036,3.563,151100000.0,25200000.0,125900000.0,151100000.0,29600000.0,38000000.0,0.0,0.024,0.69,191700000.0,229700000.0,0.192,229700000.0,191700000.0,183300000.0,1.51,1.45,1.51,590600000.0,559025000.0,590600000.0,2288943802.0,12.0,9.965,170100000.0,1.878,1.0,937300000.0,0.783,168000000.0,8400000.0,191700000.0,297250000.0,0.0,217700000.0,82300000.0,135400000.0,2104500000.0,1907800000.0,196700000.0,2561643802.0,49500000.0,1700000.0,-31300000.0,-30500000.0,-59000000.0,-120800000.0,-30700000.0,0.0,201000000.0,0.0,135400000.0,135400000.0,135400000.0,0.0,0.0,0.113,745600000.0,191700000.0,1641300000.0,0.457,4.337,18.919,18.728,265700000.0,0.0,28.28,2.141,2.141,1202200000.0,409300000.0,1196300000.0,1196300000.0,0.0,0.053,0.242,0.645,0.16,18100000.0,643900000.0,1.0,90581464.0,90581464.0,,13.207,2527100000.0,110800000.0,47900000.0,300000.0,27.899,67800000.0
72,AJG,MRT,2003-06-30,2003-06-30,2003-06-30,2021-08-02,0.0,2644300000.0,2487717500.0,1952000000.0,692300000.0,0.445,6.356,-36100000.0,434000000.0,434000000.0,251600000.0,109800000.0,1.037,3.619,161300000.0,34600000.0,126700000.0,161300000.0,27600000.0,36000000.0,0.0,0.024,0.66,161000000.0,197000000.0,0.178,197000000.0,161000000.0,152200000.0,1.23,1.18,1.23,572500000.0,533328000.0,572500000.0,2187099362.0,14.0,11.102,158800000.0,1.763,1.0,856200000.0,0.773,155500000.0,8800000.0,334200000.0,327352750.0,0.0,240100000.0,92400000.0,147700000.0,2071800000.0,1881900000.0,189900000.0,2449799362.0,38300000.0,800000.0,-16300000.0,-51300000.0,-55900000.0,-123500000.0,-33100000.0,-3200000.0,194900000.0,0.0,109800000.0,109800000.0,109800000.0,0.0,0.0,0.099,695200000.0,161000000.0,1647600000.0,0.537,4.279,22.311,22.114,248600000.0,0.0,27.2,2.211,2.211,1318100000.0,376600000.0,1107800000.0,1107800000.0,0.0,0.044,0.206,0.492,0.145,17600000.0,629600000.0,1.0,90066153.0,90066153.0,,12.3,2488800000.0,102300000.0,42400000.0,500000.0,27.633,70100000.0
73,AJG,MRT,2003-03-31,2003-03-31,2003-03-31,2021-08-02,0.0,2492400000.0,2438774750.0,1804500000.0,687900000.0,0.441,6.135,-44100000.0,415700000.0,415700000.0,243400000.0,108100000.0,1.026,3.575,153000000.0,25500000.0,127500000.0,153000000.0,23000000.0,35000000.0,0.0,0.026,0.63,161900000.0,196900000.0,0.183,196900000.0,161900000.0,152500000.0,1.22,1.16,1.22,544800000.0,510895000.0,544800000.0,1947532950.0,12.0,9.891,152600000.0,1.718,1.0,832200000.0,0.774,153400000.0,9400000.0,317000000.0,351154750.0,0.0,238900000.0,96700000.0,142200000.0,1947600000.0,1759300000.0,188300000.0,2180260950.0,61800000.0,1000000.0,-2500000.0,-41900000.0,-52600000.0,-97000000.0,-37900000.0,-3400000.0,196700000.0,0.0,108100000.0,108100000.0,108100000.0,0.0,0.0,0.101,670300000.0,161900000.0,1543400000.0,0.516,4.002,20.169,20.123,253800000.0,0.0,24.55,2.027,2.027,1213600000.0,356700000.0,1075600000.0,1075600000.0,0.0,0.044,0.212,0.461,0.151,21300000.0,609100000.0,1.0,88809000.0,88809000.0,,12.111,2339000000.0,102300000.0,44400000.0,2100000.0,26.337,45200000.0
74,AJG,MRT,2002-12-31,2002-12-31,2002-12-31,2021-08-02,0.0,2463600000.0,2358827750.0,1773600000.0,690000000.0,0.45,6.004,-45400000.0,408900000.0,408900000.0,230400000.0,129900000.0,1.014,3.664,176100000.0,47800000.0,128300000.0,176100000.0,19400000.0,32400000.0,0.0,0.02,0.6,195000000.0,227400000.0,0.214,227400000.0,195000000.0,185500000.0,1.49,1.41,1.49,528200000.0,475838500.0,528200000.0,2344444661.0,12.0,10.31,104300000.0,1.186,1.0,829900000.0,0.783,135100000.0,9500000.0,346100000.0,341502500.0,0.0,264500000.0,96100000.0,168400000.0,1935400000.0,1749600000.0,185800000.0,2584610661.0,54000000.0,-2900000.0,3800000.0,-400000.0,-50400000.0,-47000000.0,-48700000.0,-2300000.0,149700000.0,0.0,129900000.0,129900000.0,129900000.0,0.0,0.0,0.123,634900000.0,195000000.0,1488200000.0,0.403,4.893,19.897,19.718,251000000.0,0.0,29.38,2.438,2.438,1183700000.0,361000000.0,1060300000.0,1060300000.0,0.0,0.055,0.273,0.571,0.184,22100000.0,583900000.0,1.0,87971772.0,87971772.0,,12.053,2328500000.0,102400000.0,55600000.0,11000000.0,26.469,24000000.0
75,AJG,MRT,2002-09-30,2002-09-30,2002-09-30,2021-08-02,0.0,2350570000.0,2279263250.0,1690678000.0,659892000.0,0.432,5.522,-43662000.0,421909000.0,421909000.0,359500000.0,124617000.0,1.001,3.819,181743000.0,52590000.0,129153000.0,181743000.0,21414000.0,30523000.0,0.0,0.024,0.58,183136000.0,213659000.0,0.217,213659000.0,183136000.0,167636000.0,1.43,1.35,1.43,487812000.0,436691750.0,487812000.0,2052572880.0,11.0,9.607,88431000.0,1.001,1.0,624537000.0,0.635,109053000.0,15500000.0,312111000.0,323079500.0,0.0,238854000.0,63739000.0,175115000.0,1862758000.0,1689240000.0,173518000.0,2177416880.0,847000.0,-15644000.0,-29155000.0,20694000.0,-48120000.0,-43084000.0,-88162000.0,-2255000.0,132093000.0,0.0,124617000.0,124617000.0,124617000.0,0.0,0.0,0.127,441401000.0,183136000.0,1567521000.0,0.406,4.464,17.473,17.238,244833000.0,0.0,24.65,2.213,2.213,1098386000.0,335947000.0,984037000.0,984037000.0,0.0,0.055,0.285,0.567,0.186,26840000.0,564337000.0,1.0,88333342.0,88333342.0,,11.14,2241517000.0,97514000.0,43019000.0,651000.0,25.376,1438000.0
76,AJG,MRT,2002-06-30,2002-06-30,2002-06-30,2021-08-02,-3407000.0,2448529000.0,1983098250.0,1745886000.0,702643000.0,0.486,5.608,-40511000.0,337538000.0,337538000.0,302600000.0,143220000.0,0.977,4.072,212694000.0,77237000.0,135457000.0,212694000.0,19633000.0,27120000.0,0.0,0.016,0.56,189455000.0,216575000.0,0.225,216575000.0,189455000.0,176355000.0,1.66,1.57,1.66,482768000.0,400529750.0,482768000.0,2789645840.0,15.0,12.881,77758000.0,0.903,1.0,660601000.0,0.686,107042000.0,13100000.0,429408000.0,253324500.0,0.0,68700000.0,53622000.0,15078000.0,1965761000.0,1787235000.0,178526000.0,2982938840.0,3854000.0,-12060000.0,-45225000.0,48960000.0,-45863000.0,-29569000.0,-84846000.0,3730000.0,118269000.0,0.0,143220000.0,143220000.0,143220000.0,0.0,0.0,0.149,471146000.0,189455000.0,1648745000.0,0.337,6.179,20.828,20.873,241225000.0,0.0,34.65,3.097,3.097,1255450000.0,325833000.0,963201000.0,963201000.0,0.0,0.072,0.358,0.748,0.197,34796000.0,526876000.0,1.0,86087701.0,86087701.0,,11.189,2341487000.0,99785000.0,33135000.0,900000.0,27.199,-41349000.0
77,AJG,MRT,2002-03-31,2002-03-31,2002-03-31,2021-08-02,-2780000.0,2172612000.0,1674775750.0,1576991000.0,595621000.0,0.544,4.728,-36076000.0,350026000.0,350026000.0,247300000.0,131917000.0,0.969,4.37,156733000.0,57050000.0,99683000.0,156733000.0,17419000.0,24137000.0,0.0,0.016,0.54,167027000.0,191164000.0,0.21,191164000.0,167027000.0,156527000.0,1.54,1.46,1.54,404574000.0,363285500.0,404574000.0,2497515290.0,15.0,13.065,89898000.0,1.05,1.0,663048000.0,0.728,72845000.0,10500000.0,278391000.0,160734250.0,0.0,70025000.0,53446000.0,16579000.0,1768038000.0,1628083000.0,139955000.0,2804358290.0,-25356000.0,-19000000.0,-64322000.0,39603000.0,-43552000.0,-63825000.0,-87505000.0,10277000.0,125974000.0,0.0,131917000.0,131917000.0,131917000.0,0.0,0.0,0.145,496021000.0,167027000.0,1466253000.0,0.351,6.932,21.259,21.279,189008000.0,0.0,32.77,3.081,3.081,1088795000.0,304623000.0,910348000.0,910348000.0,0.0,0.079,0.363,1.039,0.183,24829000.0,496777000.0,1.0,85577000.0,85577000.0,,10.638,2099767000.0,99367000.0,24610000.0,17430000.0,24.537,-51092000.0
78,AJG,MRT,2001-12-31,2001-12-31,2001-12-31,2021-08-02,-2624000.0,2145342000.0,1388221500.0,1563007000.0,582335000.0,0.64,4.387,-31500000.0,308039000.0,308039000.0,197500000.0,125300000.0,0.954,4.773,138402000.0,41704000.0,96698000.0,138402000.0,16527000.0,23100000.0,0.0,0.015,0.52,152300000.0,175400000.0,0.198,175400000.0,152300000.0,141800000.0,1.48,1.39,1.48,371613000.0,342913750.0,371613000.0,2607156588.0,17.0,14.864,100000000.0,1.181,1.0,690500000.0,0.778,65341000.0,10500000.0,272408000.0,110501000.0,0.0,262880000.0,52588000.0,210292000.0,1773729000.0,1637956000.0,135773000.0,2921310588.0,-50800000.0,-15200000.0,-76800000.0,21100000.0,-41600000.0,-97300000.0,-85000000.0,9500000.0,131500000.0,0.0,125300000.0,125300000.0,125300000.0,0.0,0.0,0.141,538200000.0,152300000.0,1478134000.0,0.351,7.861,23.315,23.304,183245000.0,0.0,34.49,3.29,3.29,1117238000.0,283796000.0,888000000.0,888000000.0,0.0,0.09,0.365,1.378,0.172,25400000.0,475900000.0,1.0,84700220.0,84700220.0,,10.484,2080001000.0,99263000.0,16500000.0,33746000.0,24.557,-74949000.0
79,AJG,MRT,2001-09-30,2001-09-30,2001-09-30,2021-08-02,-2804000.0,1165910000.0,1135758000.0,849202000.0,316708000.0,0.786,4.078,-28596000.0,314154000.0,314154000.0,0.0,116801000.0,1.067,2.398,0.0,0.0,0.0,0.0,18074000.0,22720000.0,0.0,0.015,0.505,136606000.0,159326000.0,0.179,159326000.0,136606000.0,136606000.0,1.37,1.3,1.37,343164000.0,332235500.0,343164000.0,2569065680.0,19.0,16.125,124922000.0,1.485,1.0,892400000.0,1.0,22867000.0,0.0,33091000.0,50399250.0,0.0,67205000.0,48712000.0,18493000.0,822746000.0,795798000.0,26948000.0,2848493680.0,-11259000.0,-13823000.0,-55221000.0,15601000.0,-39631000.0,-98522000.0,-66255000.0,8480000.0,153518000.0,0.0,116801000.0,116801000.0,116801000.0,0.0,0.0,0.131,755794000.0,136606000.0,724860000.0,0.369,8.301,24.388,24.708,46017000.0,0.0,33.85,3.192,3.192,402756000.0,261920000.0,892400000.0,892400000.0,0.0,0.103,0.352,2.71,0.153,27488000.0,454646000.0,1.0,84150478.0,84150478.0,,10.605,1143043000.0,48925000.0,19805000.0,474000.0,13.583,53404000.0
80,AJG,MRT,2001-06-30,2001-06-30,2001-06-30,2021-08-02,-1859000.0,1215239000.0,1078811000.0,881816000.0,333423000.0,0.803,4.139,-24110000.0,279428000.0,279428000.0,0.0,106961000.0,1.032,2.641,0.0,0.0,0.0,0.0,17684000.0,21918000.0,0.0,0.019,0.49,140229000.0,162147000.0,0.187,162147000.0,140229000.0,140229000.0,1.26,1.19,1.26,333791000.0,321685000.0,333791000.0,1843591662.0,13.0,11.37,103426000.0,1.282,1.0,865855000.0,1.0,22609000.0,0.0,59047000.0,57139750.0,0.0,72207000.0,49299000.0,22908000.0,881448000.0,854155000.0,27293000.0,2096951662.0,-7006000.0,-14107000.0,-26971000.0,13335000.0,-37464000.0,-70017000.0,-64525000.0,4582000.0,127536000.0,0.0,106961000.0,106961000.0,106961000.0,0.0,0.0,0.124,725626000.0,140229000.0,786560000.0,0.389,6.282,19.605,20.635,43524000.0,0.0,26.0,2.422,2.422,499039000.0,230772000.0,865855000.0,865855000.0,0.0,0.099,0.333,2.454,0.162,17632000.0,442652000.0,1.0,80651987.0,80651987.0,,10.736,1192630000.0,48295000.0,33268000.0,194000.0,14.787,27661000.0
81,AJG,MRT,2001-03-31,2001-03-31,2001-03-31,2021-08-02,-1376000.0,1026395000.0,1007189000.0,707623000.0,318772000.0,0.827,4.055,-23053000.0,253360000.0,253360000.0,0.0,100848000.0,1.043,2.177,0.0,0.0,0.0,0.0,17496000.0,21093000.0,0.0,0.017,0.475,137576000.0,158669000.0,0.191,158669000.0,137576000.0,137576000.0,1.2,1.12,1.2,323087000.0,305694000.0,323087000.0,1948727000.0,14.0,12.282,126334000.0,1.586,1.0,832886000.0,1.0,17186000.0,0.0,77458000.0,65776000.0,0.0,73512000.0,48702000.0,24810000.0,703308000.0,678391000.0,24917000.0,2206859000.0,24078000.0,-9767000.0,-11831000.0,-8000.0,-35539000.0,-59610000.0,-65699000.0,-1579000.0,149387000.0,0.0,100848000.0,100848000.0,100848000.0,0.0,0.0,0.121,695310000.0,137576000.0,631237000.0,0.396,6.831,21.883,23.083,40957000.0,0.0,27.7,2.65,2.65,354441000.0,243811000.0,832886000.0,832886000.0,0.0,0.1,0.33,2.092,0.165,21528000.0,428472000.0,1.0,79670000.0,79670000.0,,10.454,1009209000.0,47692000.0,36728000.0,5898000.0,12.667,29232000.0
82,AJG,MRT,2000-12-31,2000-12-31,2000-12-31,2021-08-02,-2498000.0,1135488000.0,962728000.0,845363000.0,290125000.0,0.832,4.179,-20649000.0,300477000.0,300477000.0,0.0,92955000.0,1.074,2.452,0.0,0.0,0.0,0.0,19014000.0,19426000.0,0.0,0.014,0.46,133739000.0,153165000.0,0.191,153165000.0,133739000.0,133739000.0,1.11,1.04,1.11,328900000.0,287828250.0,328900000.0,2259199657.0,17.0,14.75,148769000.0,1.89,1.0,800580000.0,1.0,16089000.0,0.0,32001000.0,65193500.0,0.0,75203000.0,51897000.0,23306000.0,806588000.0,786921000.0,19667000.0,2503905657.0,50963000.0,-12467000.0,-3507000.0,-4905000.0,-33759000.0,-47108000.0,-71347000.0,-2599000.0,169418000.0,0.0,92955000.0,92955000.0,92955000.0,0.0,0.0,0.116,666841000.0,133739000.0,714193000.0,0.414,7.613,26.937,28.662,42546000.0,0.0,31.815,3.128,3.128,436542000.0,225096000.0,800580000.0,800580000.0,0.0,0.097,0.323,2.051,0.167,20027000.0,415348000.0,1.0,78702048.0,78702048.0,,10.172,1119399000.0,47824000.0,40784000.0,9867000.0,14.223,58442000.0
83,AJG,MRT,2000-09-30,2000-09-30,2000-09-30,2021-08-02,-1964000.0,938122000.0,912783250.0,654812000.0,283310000.0,0.878,3.944,-16319000.0,244706000.0,244706000.0,0.0,97954000.0,1.058,2.117,0.0,0.0,0.0,0.0,17913000.0,19443000.0,0.0,0.015,0.445,145877000.0,165320000.0,0.206,165320000.0,145877000.0,145877000.0,1.145,1.08,1.145,300962000.0,268040750.0,300962000.0,2076127063.0,14.0,12.558,117849000.0,1.544,1.0,801206000.0,1.0,14612000.0,0.0,60053000.0,70486750.0,0.0,83152000.0,59878000.0,23274000.0,637160000.0,618751000.0,18409000.0,2255884063.0,-3827000.0,-250000.0,6030000.0,-11000000.0,-32056000.0,-97045000.0,-40950000.0,-681000.0,134168000.0,0.0,97954000.0,97954000.0,97954000.0,0.0,0.0,0.122,655329000.0,145877000.0,570875000.0,0.389,7.496,23.03,25.821,40712000.0,0.0,29.565,2.816,2.816,306287000.0,247704000.0,801206000.0,801206000.0,0.0,0.107,0.365,2.07,0.182,11435000.0,410616000.0,1.0,76302522.0,76302522.0,,10.5,923510000.0,204712000.0,47923000.0,713000.0,12.103,36061000.0
84,AJG,MRT,2000-06-30,2000-06-30,2000-06-30,2021-08-02,-2507000.0,928751000.0,883568000.0,674968000.0,253783000.0,0.864,3.625,-18770000.0,179757000.0,179757000.0,0.0,89590000.0,1.05,2.442,0.0,0.0,0.0,0.0,17742000.0,19197000.0,0.0,0.02,0.43,136741000.0,155938000.0,0.204,155938000.0,136741000.0,136741000.0,1.075,1.015,1.075,269827000.0,251126000.0,269827000.0,1383972136.0,10.0,8.875,129084000.0,1.734,1.0,763170000.0,1.0,12658000.0,0.0,93592000.0,67803000.0,0.0,86325000.0,64949000.0,21376000.0,658924000.0,642744000.0,16180000.0,1563068136.0,-10316000.0,-250000.0,5729000.0,-17500000.0,-30559000.0,-105231000.0,-52939000.0,-599000.0,147854000.0,0.0,89590000.0,89590000.0,89590000.0,0.0,0.0,0.117,626429000.0,136741000.0,601494000.0,0.4,5.793,17.447,19.535,38800000.0,0.0,21.0,2.048,2.048,386009000.0,220483000.0,763170000.0,763170000.0,0.0,0.101,0.357,2.017,0.179,15201000.0,391304000.0,1.0,74431816.0,74431816.0,,10.253,916093000.0,180949000.0,47151000.0,537000.0,12.308,32224000.0
85,AJG,MRT,2000-03-31,2000-03-31,2000-03-31,2021-08-02,-2717000.0,848551000.0,853431500.0,604696000.0,243855000.0,0.852,3.392,-17971000.0,179096000.0,179096000.0,0.0,85552000.0,1.042,2.372,0.0,0.0,0.0,0.0,17175000.0,18352000.0,0.0,0.026,0.415,130443000.0,148795000.0,0.205,148795000.0,130443000.0,130443000.0,1.04,0.995,1.04,251624000.0,237584500.0,251624000.0,1035405000.0,8.0,6.959,104396000.0,1.407,1.0,726926000.0,1.0,14031000.0,0.0,75128000.0,61377250.0,0.0,85321000.0,64136000.0,21185000.0,596927000.0,580296000.0,16631000.0,1205360000.0,-15297000.0,-250000.0,3378000.0,0.0,-29202000.0,-85398000.0,-52266000.0,-2955000.0,122367000.0,0.0,85552000.0,85552000.0,85552000.0,0.0,0.0,0.118,596483000.0,130443000.0,530160000.0,0.399,4.79,14.089,15.625,37314000.0,0.0,16.25,1.658,1.658,324140000.0,215172000.0,726926000.0,726926000.0,0.0,0.1,0.36,2.125,0.179,8472000.0,371923000.0,1.0,74176000.0,74176000.0,,9.8,834520000.0,171325000.0,44891000.0,3300000.0,11.251,24400000.0
86,AJG,MRT,1999-12-31,1999-12-31,1999-12-31,2021-08-02,-2669000.0,935709000.0,821403250.0,684399000.0,251310000.0,0.869,3.399,-18088000.0,201347000.0,201347000.0,0.0,83240000.0,1.026,2.747,0.0,0.0,0.0,0.0,15537000.0,17676000.0,0.0,0.025,0.4,127024000.0,144700000.0,0.203,144700000.0,127024000.0,127024000.0,1.02,0.97,1.02,249750000.0,225650000.0,249750000.0,1002416552.0,8.0,6.928,75037000.0,1.021,1.0,713530000.0,1.0,14054000.0,0.0,53174000.0,57721250.0,0.0,84131000.0,63857000.0,20274000.0,685959000.0,667134000.0,18825000.0,1189516552.0,-42011000.0,-250000.0,-2399000.0,0.0,-28010000.0,-93525000.0,-41611000.0,-2736000.0,93125000.0,0.0,83240000.0,83240000.0,83240000.0,0.0,0.0,0.117,586506000.0,127024000.0,596364000.0,0.392,4.763,14.29,15.87,40033000.0,0.0,16.188,1.667,1.667,373478000.0,188595000.0,713530000.0,713530000.0,0.0,0.101,0.369,2.201,0.178,5502000.0,365689000.0,1.0,73483648.0,73483648.0,,9.71,921655000.0,21625000.0,43784000.0,9116000.0,12.542,17265000.0
87,AJG,MRT,1999-09-30,1999-09-30,1999-09-30,2021-08-02,-1724000.0,821261000.0,777585500.0,586163000.0,235098000.0,0.838,3.206,-21083000.0,187100000.0,187100000.0,0.0,66807000.0,1.022,2.52,0.0,0.0,0.0,0.0,17531000.0,15965000.0,0.0,0.029,0.388,101863000.0,117828000.0,0.181,117828000.0,101863000.0,101863000.0,0.865,0.82,0.865,233303000.0,214584250.0,233303000.0,818505156.0,8.0,6.947,76517000.0,1.051,1.0,651972000.0,1.0,11126000.0,0.0,49318000.0,57013750.0,0.0,84298000.0,61715000.0,22583000.0,587958000.0,573717000.0,14241000.0,968846156.0,-4420000.0,0.0,-1945000.0,-11500000.0,-26721000.0,-53203000.0,-48817000.0,-2924000.0,97600000.0,0.0,66807000.0,66807000.0,66807000.0,0.0,0.0,0.102,550109000.0,101863000.0,514333000.0,0.449,4.153,14.502,15.39,36705000.0,0.0,13.312,1.486,1.486,295687000.0,200650000.0,651972000.0,651972000.0,0.0,0.086,0.311,1.787,0.156,9439000.0,340640000.0,1.0,72777176.0,72777176.0,,8.958,810135000.0,164684000.0,35056000.0,12874000.0,11.132,12446000.0
88,AJG,MRT,1999-06-30,1999-06-30,1999-06-30,2021-08-02,-875000.0,808205000.0,752519750.0,578500000.0,229705000.0,0.835,2.997,-18622000.0,150341000.0,150341000.0,0.0,63231000.0,1.001,2.748,0.0,0.0,0.0,0.0,18319000.0,14530000.0,0.0,0.03,0.375,94782000.0,109312000.0,0.174,109312000.0,94782000.0,94782000.0,0.833,0.79,0.833,215661000.0,204150500.0,215661000.0,747108952.0,8.0,6.835,54438000.0,0.757,1.0,628609000.0,1.0,11926000.0,0.0,67889000.0,52361250.0,0.0,83033000.0,60341000.0,22692000.0,592544000.0,578049000.0,14495000.0,890494952.0,-19496000.0,0.0,-8078000.0,0.0,-25477000.0,-41915000.0,-50641000.0,-870000.0,73060000.0,0.0,63231000.0,63231000.0,63231000.0,0.0,0.0,0.101,533827000.0,94782000.0,519206000.0,0.45,4.129,14.083,14.856,34461000.0,0.0,12.375,1.417,1.417,325639000.0,185000000.0,628609000.0,628609000.0,0.0,0.084,0.31,1.81,0.151,4273000.0,330704000.0,1.0,71959188.0,71959188.0,,8.736,796279000.0,160626000.0,31551000.0,3472000.0,11.066,451000.0
89,AJG,MRT,1999-03-31,1999-03-31,1999-03-31,2021-08-02,-1013000.0,720438000.0,727041000.0,499853000.0,220585000.0,0.841,2.816,-16443000.0,143386000.0,143386000.0,0.0,60095000.0,0.992,2.534,0.0,0.0,0.0,0.0,18227000.0,13764000.0,0.0,0.032,0.363,89656000.0,103420000.0,0.169,103420000.0,89656000.0,89656000.0,0.795,0.75,0.795,203886000.0,196569000.0,203886000.0,684463036.0,8.0,6.618,46527000.0,0.643,1.0,611337000.0,1.0,12451000.0,0.0,60504000.0,44159000.0,0.0,78103000.0,57874000.0,20229000.0,516552000.0,504097000.0,12455000.0,832603036.0,-13357000.0,0.0,-7812000.0,9500000.0,-24218000.0,-33370000.0,-42957000.0,15957000.0,62970000.0,0.0,60095000.0,60095000.0,60095000.0,0.0,0.0,0.098,521681000.0,89656000.0,452830000.0,0.457,4.084,13.855,14.465,33005000.0,0.0,11.5,1.362,1.362,256894000.0,179758000.0,611337000.0,611337000.0,0.0,0.083,0.306,2.03,0.147,4273000.0,323273000.0,1.0,72400264.0,72400264.0,,8.444,707987000.0,154900000.0,29561000.0,5480000.0,9.779,-4244000.0
90,AJG,MRT,1998-12-31,1998-12-31,1998-12-31,2021-08-02,-777000.0,760438000.0,704588500.0,544357000.0,216081000.0,0.857,2.973,-13957000.0,155565000.0,155565000.0,0.0,58683000.0,1.004,2.701,0.0,0.0,0.0,0.0,13616000.0,13394000.0,0.0,0.032,0.35,86993000.0,100387000.0,0.166,100387000.0,86993000.0,86993000.0,0.78,0.74,0.78,205487000.0,190045250.0,205487000.0,599206571.0,7.0,5.969,45655000.0,0.66,1.0,603710000.0,1.0,12541000.0,0.0,50344000.0,37566000.0,0.0,77457000.0,57368000.0,20089000.0,554951000.0,541988000.0,12963000.0,762598571.0,-17109000.0,0.0,5004000.0,-1130000.0,-23185000.0,-27418000.0,-49303000.0,16934000.0,59612000.0,0.0,58683000.0,58683000.0,58683000.0,0.0,0.0,0.097,516717000.0,86993000.0,473162000.0,0.449,3.711,12.995,14.144,31969000.0,0.0,11.033,1.263,1.263,293889000.0,172688000.0,603710000.0,603710000.0,0.0,0.083,0.309,2.316,0.144,4273000.0,318408000.0,1.0,69122916.0,69122916.0,,8.734,747897000.0,151482000.0,28310000.0,12621000.0,10.82,2369000.0
91,AJG,MRT,1998-09-30,1998-09-30,1998-09-30,2021-08-02,-182000.0,720998000.0,681881250.0,519948000.0,201050000.0,0.836,2.778,-12262000.0,163392000.0,163392000.0,0.0,58993000.0,1.006,2.764,0.0,0.0,0.0,0.0,16284000.0,12494000.0,0.0,0.033,0.34,86143000.0,98637000.0,0.173,98637000.0,86143000.0,86143000.0,0.787,0.755,0.787,191568000.0,181536250.0,191568000.0,558316736.0,6.0,5.66,35858000.0,0.52,1.0,569847000.0,1.0,10143000.0,0.0,30708000.0,28002250.0,0.0,77943000.0,56266000.0,21677000.0,529430000.0,516755000.0,12675000.0,711229736.0,7961000.0,8993000.0,5597000.0,21370000.0,-22243000.0,6293000.0,-46452000.0,18115000.0,48120000.0,0.0,58993000.0,58993000.0,58993000.0,0.0,0.0,0.104,483704000.0,86143000.0,456724000.0,0.432,3.713,12.056,13.104,27404000.0,0.0,10.312,1.248,1.248,260692000.0,163358000.0,569847000.0,569847000.0,0.0,0.087,0.325,3.076,0.151,0.0,298119000.0,1.0,68967732.0,68967732.0,,8.263,710855000.0,141826000.0,27150000.0,2889000.0,10.307,3193000.0
92,AJG,MRT,1998-06-30,1998-06-30,1998-06-30,2021-08-02,1595000.0,706290000.0,,518729000.0,187561000.0,,2.726,-11767000.0,152913000.0,152913000.0,0.0,57435000.0,1.02,2.811,0.0,0.0,0.0,0.0,17599000.0,12229000.0,0.0,0.029,0.33,84846000.0,97075000.0,0.176,97075000.0,84846000.0,84846000.0,0.792,0.76,0.792,185335000.0,,185335000.0,612426603.0,7.0,6.309,23570000.0,0.347,1.0,552528000.0,1.0,9926000.0,0.0,35080000.0,,0.0,87658000.0,62457000.0,25201000.0,520955000.0,508371000.0,12584000.0,760483603.0,504000.0,8993000.0,12941000.0,11370000.0,-21277000.0,4402000.0,-39235000.0,14587000.0,35337000.0,0.0,57435000.0,57435000.0,57435000.0,0.0,0.0,0.104,467682000.0,84846000.0,447931000.0,0.417,4.103,13.241,14.126,26879000.0,0.0,11.188,1.376,1.376,258297000.0,149881000.0,552528000.0,552528000.0,0.0,,,,0.154,0.0,287769000.0,1.0,67976188.0,67976188.0,,8.128,696364000.0,125555000.0,27411000.0,520000.0,10.244,10358000.0
93,AJG,MRT,1998-03-31,1998-03-31,1998-03-31,2021-08-02,1802000.0,630628000.0,,444170000.0,186458000.0,,2.676,-12273000.0,148057000.0,148057000.0,0.0,60317000.0,1.014,2.547,0.0,0.0,0.0,0.0,17433000.0,11981000.0,0.0,0.03,0.32,89532000.0,101513000.0,0.187,101513000.0,89532000.0,89532000.0,0.85,0.82,0.85,177791000.0,,177791000.0,571000952.0,6.0,5.625,53895000.0,0.811,1.0,541644000.0,1.0,10246000.0,0.0,34132000.0,,0.0,104298000.0,64968000.0,39330000.0,452837000.0,438193000.0,14644000.0,719338952.0,-518000.0,8993000.0,5399000.0,-8630000.0,-20408000.0,-21453000.0,-45233000.0,1860000.0,66168000.0,0.0,60317000.0,60317000.0,60317000.0,0.0,0.0,0.111,452112000.0,89532000.0,400319000.0,0.376,4.046,11.926,12.738,26932000.0,0.0,10.828,1.328,1.328,191625000.0,146465000.0,541644000.0,541644000.0,0.0,,,,0.165,0.0,275748000.0,1.0,66436292.0,66436292.0,,8.153,620382000.0,109950000.0,29215000.0,6232000.0,9.338,5977000.0
94,AJG,MRT,1997-12-31,1997-12-31,1997-12-31,2021-08-02,1658000.0,669609000.0,630948500.0,492770000.0,176839000.0,0.831,2.581,-12228000.0,162226000.0,162226000.0,0.0,57581000.0,1.016,2.906,0.0,0.0,0.0,0.0,11778000.0,11632000.0,0.0,0.036,0.31,85682000.0,97314000.0,0.185,97314000.0,85682000.0,85682000.0,0.82,0.795,0.82,171451000.0,152676000.0,171451000.0,,,,60477000.0,0.91,1.0,524604000.0,1.0,10497000.0,0.0,12089000.0,1117500.0,0.0,101884000.0,62681000.0,39203000.0,498158000.0,484797000.0,13361000.0,572016474.0,15019000.0,8993000.0,-6162000.0,3870000.0,-19990000.0,-21674000.0,-36012000.0,1843000.0,72705000.0,0.0,57581000.0,57581000.0,57581000.0,0.0,0.0,0.11,438922000.0,85682000.0,419663000.0,0.378,3.336,9.934,10.5,29561000.0,0.0,8.61,1.09,1.09,226592000.0,148107000.0,524604000.0,524604000.0,0.0,0.091,0.377,76.673,0.163,0.0,267572000.0,1.0,66436292.0,66436292.0,,7.896,659112000.0,97578000.0,28101000.0,10843000.0,9.921,7973000.0
95,AJG,MRT,1997-09-30,1997-09-30,1997-09-30,2021-08-02,,,,,,,,,,,,,,,,,,,,,,0.033,0.305,,,,,,,,,,,,,,,,,,1.0,,,,,,,,,,,,,,,,,,,,,,,,,,,,,,,,,,,,,,,,9.312,,,,,,,,,,,,,,1.0,,,,,,,,,,
96,AJG,MRT,1997-06-30,1997-06-30,1997-06-30,2021-08-02,,,,,,,,,,,,,,,,,,,,,,0.032,0.3,,,,,,,,,,,,,,,,,,1.0,,,,,,,,,,,,,,,,,,,,,,,,,,,,,,,,,,,,,,,,9.438,,,,,,,,,,,,,,1.0,,,,,,,,,,
97,AJG,MRT,1997-03-31,1997-03-31,1997-03-31,2021-08-02,,,,,,,,,,,,,,,,,,,,,,0.036,0.295,,,,,,,,,,,,,,,,,,1.0,,,,,,,,,,,,,,,,,,,,,,,,,,,,,,,,,,,,,,,,8.22,,,,,,,,,,,,,,1.0,,,,,,,,,,
98,AJG,MRT,1996-12-31,1996-12-31,1996-12-31,2021-08-02,889000.0,592288000.0,,465293000.0,126995000.0,,,-10583000.0,144241000.0,144241000.0,0.0,45482000.0,1.041,3.423,0.0,0.0,0.0,0.0,13043000.0,11075000.0,0.0,0.037,0.29,68367000.0,79442000.0,0.162,79442000.0,68367000.0,68367000.0,0.652,0.627,0.652,133901000.0,,133901000.0,,,,36326000.0,,1.0,490956000.0,1.0,11093000.0,0.0,-9854000.0,,0.0,90290000.0,53409000.0,36881000.0,458387000.0,446808000.0,11579000.0,,-459000.0,0.0,-13324000.0,8870000.0,-17530000.0,-26754000.0,-20614000.0,7026000.0,46909000.0,0.0,45482000.0,45482000.0,45482000.0,0.0,0.0,0.093,422589000.0,68367000.0,393573000.0,0.445,,,11.887,26238000.0,0.0,7.75,,,237640000.0,114415000.0,490956000.0,490956000.0,0.0,,,,0.139,0.0,258992000.0,1.0,,,,,581195000.0,52783000.0,22885000.0,4965000.0,,18485000.0
99,AJG,MRT,1995-12-31,1995-12-31,1995-12-31,2021-08-02,,,,,,,,-10364000.0,,,0.0,42391000.0,,,,,,,,10412000.0,,0.027,0.25,68223000.0,78635000.0,0.176,78635000.0,68223000.0,68223000.0,0.642,0.608,0.642,,,,,,,38459000.0,,1.0,445823000.0,1.0,,0.0,,,,,,,,,,,8732000.0,0.0,-8024000.0,-1130000.0,-14666000.0,-24979000.0,-15112000.0,373000.0,48823000.0,0.0,42391000.0,42391000.0,42391000.0,0.0,0.0,0.095,377600000.0,68223000.0,,0.389,,,14.505,,0.0,9.312,,,,,445823000.0,445823000.0,0.0,,,,0.153,0.0,235759000.0,1.0,,,,,,,25832000.0,,,
