None,ticker,dimension,calendardate,datekey,reportperiod,lastupdated,accoci,assets,assetsavg,assetsc,assetsnc,assetturnover,bvps,capex,cashneq,cashnequsd,cor,consolinc,currentratio,de,debt,debtc,debtnc,debtusd,deferredrev,depamor,deposits,divyield,dps,ebit,ebitda,ebitdamargin,ebitdausd,ebitusd,ebt,eps,epsdil,epsusd,equity,equityavg,equityusd,ev,evebit,evebitda,fcf,fcfps,fxusd,gp,grossmargin,intangibles,intexp,invcap,invcapavg,inventory,investments,investmentsc,investmentsnc,liabilities,liabilitiesc,liabilitiesnc,marketcap,ncf,ncfbus,ncfcommon,ncfdebt,ncfdiv,ncff,ncfi,ncfinv,ncfo,ncfx,netinc,netinccmn,netinccmnusd,netincdis,netincnci,netmargin,opex,opinc,payables,payoutratio,pb,pe,pe1,ppnenet,prefdivis,price,ps,ps1,receivables,retearn,revenue,revenueusd,rnd,roa,roe,roic,ros,sbcomp,sgna,sharefactor,sharesbas,shareswa,shareswadil,sps,tangibles,taxassets,taxexp,taxliabilities,tbvps,workingcapital
0,NDAQ,MRY,2020-12-31,2020-12-31,2020-12-31,2021-08-04,-1368000000.0,17979000000.0,15541750000.0,7660000000.0,10319000000.0,0.362,39.217,-188000000.0,2782000000.0,2782000000.0,2724000000.0,933000000.0,1.556,1.794,5930000000.0,0.0,5930000000.0,5930000000.0,235000000.0,202000000.0,0.0,0.015,1.94,1313000000.0,1515000000.0,0.269,1515000000.0,1313000000.0,1212000000.0,5.67,5.59,5.67,6433000000.0,5898500000.0,6433000000.0,25125350626.0,19.0,16.584,1064000000.0,6.486,1.0,2903000000.0,0.516,9105000000.0,101000000.0,7098000000.0,5312000000.0,0.0,195000000.0,195000000.0,0.0,11543000000.0,4924000000.0,6619000000.0,21774350626.0,2420000000.0,-157000000.0,-172000000.0,1912000000.0,-320000000.0,1383000000.0,-231000000.0,141000000.0,1252000000.0,16000000.0,933000000.0,933000000.0,933000000.0,0.0,0.0,0.166,1669000000.0,1234000000.0,399000000.0,0.342,3.385,23.338,23.411,856000000.0,0.0,132.74,3.87,3.87,566000000.0,5628000000.0,5627000000.0,5627000000.0,0.0,0.06,0.158,0.247,0.233,87000000.0,1098000000.0,1.0,164037597.0,164037597.0,,34.303,8874000000.0,0.0,279000000.0,502000000.0,54.097,2736000000.0
1,NDAQ,MRY,2019-12-31,2019-12-31,2019-12-31,2021-08-04,-1686000000.0,13924000000.0,13884750000.0,4290000000.0,9634000000.0,0.307,34.402,-127000000.0,362000000.0,362000000.0,1727000000.0,774000000.0,1.015,1.469,3718000000.0,391000000.0,3327000000.0,3718000000.0,211000000.0,190000000.0,0.0,0.017,1.85,1143000000.0,1333000000.0,0.313,1333000000.0,1143000000.0,1019000000.0,4.69,4.63,4.69,5639000000.0,5502750000.0,5639000000.0,21027303462.0,18.0,15.774,836000000.0,5.1,1.0,2535000000.0,0.595,8615000000.0,124000000.0,4438000000.0,4162250000.0,0.0,291000000.0,291000000.0,0.0,8285000000.0,4227000000.0,4058000000.0,17555303462.0,-224000000.0,-74000000.0,-163000000.0,-430000000.0,-305000000.0,-937000000.0,-240000000.0,-25000000.0,963000000.0,-10000000.0,774000000.0,774000000.0,774000000.0,0.0,0.0,0.182,1518000000.0,1017000000.0,280000000.0,0.394,3.113,22.681,22.836,730000000.0,0.0,107.1,4.119,4.119,422000000.0,5027000000.0,4262000000.0,4262000000.0,0.0,0.056,0.141,0.275,0.268,79000000.0,999000000.0,1.0,163915065.0,163915065.0,,26.001,5309000000.0,0.0,245000000.0,552000000.0,32.389,63000000.0
2,NDAQ,MRY,2018-12-31,2018-12-31,2018-12-31,2021-08-04,-1530000000.0,15700000000.0,15371500000.0,6370000000.0,9330000000.0,0.278,33.234,-111000000.0,586000000.0,586000000.0,1751000000.0,458000000.0,0.97,1.881,3831000000.0,875000000.0,2956000000.0,3831000000.0,194000000.0,210000000.0,0.0,0.021,1.7,1214000000.0,1424000000.0,0.333,1424000000.0,1214000000.0,1064000000.0,2.77,2.73,2.77,5449000000.0,5579500000.0,5449000000.0,16877974611.0,14.0,11.853,917000000.0,5.593,1.0,2526000000.0,0.591,8663000000.0,150000000.0,3712000000.0,3953000000.0,0.0,268000000.0,268000000.0,0.0,10251000000.0,6570000000.0,3681000000.0,13373974611.0,187000000.0,211000000.0,-377000000.0,-320000000.0,-280000000.0,-1027000000.0,196000000.0,122000000.0,1028000000.0,-10000000.0,458000000.0,458000000.0,458000000.0,0.0,0.0,0.107,1498000000.0,1028000000.0,307000000.0,0.614,2.454,29.201,29.448,376000000.0,0.0,81.57,3.127,3.127,384000000.0,4558000000.0,4277000000.0,4277000000.0,0.0,0.03,0.082,0.307,0.284,69000000.0,996000000.0,1.0,163957026.0,163957026.0,,26.086,7037000000.0,0.0,606000000.0,501000000.0,42.92,-200000000.0
3,NDAQ,MRY,2017-12-31,2017-12-31,2017-12-31,2021-08-04,-862000000.0,15354000000.0,14894000000.0,5510000000.0,9844000000.0,0.265,35.373,-144000000.0,399000000.0,399000000.0,1537000000.0,729000000.0,1.053,1.611,4207000000.0,480000000.0,3727000000.0,4207000000.0,287000000.0,188000000.0,0.0,0.019,1.46,1015000000.0,1203000000.0,0.305,1203000000.0,1015000000.0,872000000.0,4.38,4.3,4.38,5880000000.0,5635750000.0,5880000000.0,15963164555.0,16.0,13.269,765000000.0,4.602,1.0,2411000000.0,0.611,9054000000.0,143000000.0,4874000000.0,4822750000.0,0.0,235000000.0,235000000.0,0.0,9474000000.0,5234000000.0,4240000000.0,12771164555.0,-19000000.0,-776000000.0,-150000000.0,411000000.0,-243000000.0,-53000000.0,-890000000.0,32000000.0,909000000.0,15000000.0,729000000.0,729000000.0,729000000.0,0.0,0.0,0.185,1420000000.0,991000000.0,305000000.0,0.333,2.172,17.519,17.541,400000000.0,0.0,76.83,3.235,3.235,356000000.0,3963000000.0,3948000000.0,3948000000.0,0.0,0.049,0.129,0.21,0.257,70000000.0,910000000.0,1.0,166226273.0,166226273.0,,23.751,6300000000.0,0.0,143000000.0,225000000.0,37.9,276000000.0
4,NDAQ,MRY,2016-12-31,2016-12-31,2016-12-31,2021-08-04,-979000000.0,14150000000.0,14443500000.0,4560000000.0,9590000000.0,0.256,32.869,-134000000.0,418000000.0,418000000.0,1428000000.0,106000000.0,1.117,1.606,3603000000.0,0.0,3603000000.0,3603000000.0,333000000.0,170000000.0,0.0,0.018,1.21,268000000.0,438000000.0,0.118,438000000.0,268000000.0,133000000.0,0.64,0.63,0.64,5430000000.0,5649500000.0,5430000000.0,14521421131.0,54.0,33.154,642000000.0,3.886,1.0,2276000000.0,0.614,8121000000.0,135000000.0,5132000000.0,4818750000.0,0.0,245000000.0,245000000.0,0.0,8720000000.0,4082000000.0,4638000000.0,11088421131.0,61000000.0,-1466000000.0,-46000000.0,1300000000.0,-200000000.0,948000000.0,-1657000000.0,-57000000.0,776000000.0,-6000000.0,106000000.0,106000000.0,106000000.0,0.0,0.0,0.029,2018000000.0,258000000.0,283000000.0,1.891,2.042,104.608,104.875,362000000.0,0.0,67.12,2.994,2.994,429000000.0,3479000000.0,3704000000.0,3704000000.0,0.0,0.007,0.019,0.056,0.072,86000000.0,889000000.0,1.0,165202937.0,165202937.0,,22.421,6029000000.0,717000000.0,27000000.0,720000000.0,36.495,478000000.0
5,NDAQ,MRY,2015-12-31,2015-12-31,2015-12-31,2021-08-04,-864000000.0,11861000000.0,11994250000.0,3260000000.0,8601000000.0,0.284,34.152,-133000000.0,357000000.0,357000000.0,1313000000.0,427000000.0,1.116,1.115,2364000000.0,0.0,2364000000.0,2364000000.0,327000000.0,138000000.0,0.0,0.015,0.9,742000000.0,880000000.0,0.259,880000000.0,742000000.0,631000000.0,2.56,2.5,2.56,5609000000.0,5603750000.0,5609000000.0,11680639183.0,16.0,13.273,594000000.0,3.617,1.0,2090000000.0,0.614,7354000000.0,111000000.0,3594000000.0,3518250000.0,0.0,201000000.0,201000000.0,0.0,6252000000.0,2920000000.0,3332000000.0,9553639183.0,-119000000.0,-226000000.0,-348000000.0,137000000.0,-149000000.0,-400000000.0,-435000000.0,-66000000.0,727000000.0,-11000000.0,428000000.0,428000000.0,428000000.0,0.0,-1000000.0,0.126,1370000000.0,720000000.0,256000000.0,0.352,1.703,22.322,22.723,323000000.0,0.0,58.17,2.807,2.807,316000000.0,3571000000.0,3403000000.0,3403000000.0,0.0,0.036,0.076,0.211,0.218,68000000.0,795000000.0,1.0,164236534.0,164236534.0,,20.72,4507000000.0,643000000.0,203000000.0,626000000.0,27.442,340000000.0
6,NDAQ,MRY,2014-12-31,2014-12-31,2014-12-31,2021-08-04,-682000000.0,12071000000.0,12714250000.0,3400000000.0,8671000000.0,0.275,34.551,-140000000.0,476000000.0,476000000.0,1433000000.0,413000000.0,1.141,1.084,2297000000.0,0.0,2297000000.0,2297000000.0,392000000.0,137000000.0,0.0,0.012,0.58,712000000.0,849000000.0,0.243,849000000.0,712000000.0,595000000.0,2.45,2.39,2.45,5793000000.0,6088500000.0,5793000000.0,10073232776.0,14.0,11.865,492000000.0,2.934,1.0,2067000000.0,0.591,7615000000.0,117000000.0,3297000000.0,3272250000.0,0.0,174000000.0,174000000.0,0.0,6277000000.0,2980000000.0,3297000000.0,8041232776.0,-6000000.0,0.0,-138000000.0,-235000000.0,-98000000.0,-460000000.0,-155000000.0,-5000000.0,632000000.0,-23000000.0,414000000.0,414000000.0,414000000.0,0.0,-1000000.0,0.118,1362000000.0,705000000.0,313000000.0,0.237,1.388,19.423,19.576,292000000.0,0.0,47.96,2.297,2.297,389000000.0,3292000000.0,3500000000.0,3500000000.0,0.0,0.033,0.068,0.218,0.203,47000000.0,846000000.0,1.0,167665404.0,167665404.0,,20.875,4456000000.0,552000000.0,181000000.0,663000000.0,26.577,420000000.0
7,NDAQ,MRY,2013-12-31,2013-12-31,2013-12-31,2021-08-04,-67000000.0,12577000000.0,11551000000.0,3163000000.0,9414000000.0,0.278,36.903,-115000000.0,482000000.0,482000000.0,1316000000.0,384000000.0,1.13,1.034,2634000000.0,45000000.0,2589000000.0,2634000000.0,294000000.0,122000000.0,0.0,0.013,0.52,712000000.0,834000000.0,0.26,834000000.0,712000000.0,601000000.0,2.3,2.25,2.3,6184000000.0,5825250000.0,6184000000.0,9006525477.0,13.0,10.799,459000000.0,2.739,1.0,1895000000.0,0.59,8572000000.0,111000000.0,3357000000.0,3185250000.0,0.0,189000000.0,189000000.0,0.0,6393000000.0,2800000000.0,3593000000.0,6669525477.0,-99000000.0,-1121000000.0,25000000.0,606000000.0,-87000000.0,547000000.0,-1216000000.0,20000000.0,574000000.0,-4000000.0,385000000.0,385000000.0,385000000.0,0.0,-1000000.0,0.12,1221000000.0,674000000.0,310000000.0,0.226,1.079,17.323,17.304,268000000.0,0.0,39.8,2.077,2.077,393000000.0,2976000000.0,3211000000.0,3211000000.0,0.0,0.033,0.066,0.224,0.222,31000000.0,777000000.0,1.0,167576017.0,167576017.0,,19.161,4005000000.0,416000000.0,216000000.0,746000000.0,23.9,363000000.0
8,NDAQ,MRY,2012-12-31,2012-12-31,2012-12-31,2021-08-04,-185000000.0,9132000000.0,9000000000.0,1492000000.0,7640000000.0,0.347,31.576,-87000000.0,582000000.0,582000000.0,1446000000.0,349000000.0,1.466,0.753,1976000000.0,136000000.0,1840000000.0,1976000000.0,295000000.0,104000000.0,0.0,0.016,0.39,648000000.0,752000000.0,0.241,752000000.0,648000000.0,551000000.0,2.09,2.04,2.09,5208000000.0,5114000000.0,5208000000.0,5588788050.0,9.0,7.432,501000000.0,3.038,1.0,1674000000.0,0.537,6985000000.0,97000000.0,2523000000.0,2642750000.0,0.0,248000000.0,223000000.0,25000000.0,3923000000.0,1018000000.0,2905000000.0,4121788050.0,-9000000.0,-112000000.0,-269000000.0,-145000000.0,-65000000.0,-479000000.0,-128000000.0,71000000.0,588000000.0,10000000.0,352000000.0,352000000.0,352000000.0,0.0,-3000000.0,0.113,1024000000.0,650000000.0,269000000.0,0.187,0.791,11.71,11.957,211000000.0,0.0,24.99,1.321,1.321,333000000.0,2678000000.0,3120000000.0,3120000000.0,0.0,0.039,0.069,0.245,0.208,39000000.0,665000000.0,1.0,164937497.0,164937497.0,,18.916,2147000000.0,327000000.0,199000000.0,748000000.0,13.017,474000000.0
9,NDAQ,MRY,2011-12-31,2011-12-31,2011-12-31,2021-08-04,-350000000.0,14091000000.0,14882500000.0,6581000000.0,7510000000.0,0.231,28.085,-88000000.0,540000000.0,540000000.0,1748000000.0,383000000.0,1.09,1.83,5862000000.0,3790000000.0,2072000000.0,5862000000.0,278000000.0,109000000.0,0.0,0.0,0.0,696000000.0,805000000.0,0.234,805000000.0,696000000.0,577000000.0,2.2,2.15,2.2,4976000000.0,5034750000.0,4976000000.0,8834641751.0,13.0,10.975,581000000.0,3.279,1.0,1690000000.0,0.492,6709000000.0,119000000.0,6666000000.0,7138500000.0,0.0,376000000.0,279000000.0,97000000.0,9105000000.0,6038000000.0,3067000000.0,4342641751.0,191000000.0,-26000000.0,-90000000.0,-248000000.0,0.0,-325000000.0,-146000000.0,-32000000.0,669000000.0,-7000000.0,387000000.0,387000000.0,387000000.0,0.0,-4000000.0,0.113,1012000000.0,678000000.0,270000000.0,0.0,0.873,11.221,11.141,193000000.0,0.0,24.51,1.263,1.263,308000000.0,2391000000.0,3438000000.0,3438000000.0,0.0,0.026,0.077,0.097,0.202,26000000.0,691000000.0,1.0,177178366.0,177178366.0,,19.404,7382000000.0,408000000.0,190000000.0,697000000.0,41.664,543000000.0
10,NDAQ,MRY,2010-12-31,2010-12-31,2010-12-31,2021-08-04,-272000000.0,16207000000.0,11747750000.0,8510000000.0,7697000000.0,0.272,23.847,-42000000.0,375000000.0,375000000.0,1675000000.0,389000000.0,1.034,2.433,5762000000.0,3581000000.0,2181000000.0,5762000000.0,292000000.0,103000000.0,0.0,0.0,0.0,634000000.0,737000000.0,0.231,737000000.0,634000000.0,532000000.0,1.94,1.91,1.94,4718000000.0,4846750000.0,4718000000.0,6291875685.0,10.0,8.537,398000000.0,2.012,1.0,1516000000.0,0.475,6846000000.0,102000000.0,6517000000.0,3874250000.0,0.0,358000000.0,253000000.0,105000000.0,11478000000.0,8231000000.0,3247000000.0,4694875685.0,-279000000.0,-190000000.0,-791000000.0,193000000.0,0.0,-595000000.0,-118000000.0,114000000.0,440000000.0,-6000000.0,395000000.0,395000000.0,395000000.0,0.0,-6000000.0,0.124,896000000.0,620000000.0,224000000.0,0.0,0.995,11.886,12.232,164000000.0,0.0,23.73,1.471,1.471,298000000.0,2004000000.0,3191000000.0,3191000000.0,0.0,0.034,0.081,0.164,0.199,31000000.0,648000000.0,1.0,197845583.0,197845583.0,,16.129,9361000000.0,446000000.0,137000000.0,724000000.0,47.315,279000000.0
11,NDAQ,MRY,2009-12-31,2009-12-31,2009-12-31,2021-08-04,-406000000.0,10722000000.0,11794250000.0,3370000000.0,7352000000.0,0.289,23.366,-59000000.0,624000000.0,624000000.0,1958000000.0,263000000.0,1.181,1.168,2092000000.0,225000000.0,1867000000.0,2092000000.0,265000000.0,104000000.0,0.0,0.0,0.0,496000000.0,600000000.0,0.176,600000000.0,496000000.0,394000000.0,1.3,1.25,1.3,4932000000.0,4653500000.0,4932000000.0,5806451599.0,12.0,9.677,523000000.0,2.478,1.0,1453000000.0,0.426,6431000000.0,102000000.0,2905000000.0,3171000000.0,0.0,388000000.0,308000000.0,80000000.0,5763000000.0,2854000000.0,2909000000.0,4183451599.0,220000000.0,8000000.0,8000000.0,-340000000.0,0.0,-336000000.0,-53000000.0,-2000000.0,582000000.0,27000000.0,266000000.0,266000000.0,266000000.0,0.0,-3000000.0,0.078,838000000.0,615000000.0,262000000.0,0.0,0.848,15.727,15.246,164000000.0,0.0,19.82,1.226,1.226,301000000.0,1610000000.0,3411000000.0,3411000000.0,0.0,0.023,0.057,0.156,0.145,31000000.0,595000000.0,1.0,211072230.0,211072230.0,,16.16,4291000000.0,529000000.0,128000000.0,706000000.0,20.33,516000000.0
12,NDAQ,MRY,2008-12-31,2008-12-31,2008-12-31,2021-08-04,-619000000.0,12752000000.0,10182734500.0,5428000000.0,7324000000.0,0.358,21.409,-55000000.0,515000000.0,515000000.0,2190000000.0,315000000.0,1.069,1.971,2524000000.0,225000000.0,2299000000.0,2524000000.0,253000000.0,93000000.0,0.0,0.0,0.0,609000000.0,702000000.0,0.192,702000000.0,609000000.0,512000000.0,1.65,1.55,1.65,4286000000.0,4592121500.0,4286000000.0,6765143986.0,11.0,9.637,161000000.0,0.804,1.0,1460000000.0,0.4,6075000000.0,97000000.0,3609000000.0,2777539500.0,0.0,277000000.0,227000000.0,50000000.0,8449000000.0,5077000000.0,3372000000.0,4946874986.0,-951000000.0,-2999000000.0,30000000.0,1994000000.0,0.0,2029000000.0,-3149000000.0,-95000000.0,216000000.0,-47000000.0,314000000.0,314000000.0,314000000.0,0.0,1000000.0,0.086,862000000.0,598000000.0,291000000.0,0.0,1.154,15.754,14.976,183000000.0,0.0,24.71,1.355,1.355,339000000.0,1344000000.0,3650000000.0,3650000000.0,0.0,0.031,0.068,0.219,0.167,21000000.0,576000000.0,1.0,200197288.0,200197288.0,,18.232,6677000000.0,686000000.0,198000000.0,715000000.0,33.352,351000000.0
13,NDAQ,MRY,2007-12-31,2007-12-31,2007-12-31,2021-08-04,-4697000.0,2979397000.0,3437992750.0,1682017000.0,1297380000.0,0.709,19.407,-18000000.0,1325314000.0,1325314000.0,1624000000.0,518000000.0,4.091,0.349,118438000.0,0.0,118438000.0,118438000.0,154582000.0,39000000.0,0.0,0.0,0.0,867000000.0,906000000.0,0.372,906000000.0,867000000.0,794000000.0,4.47,3.46,4.47,2208283000.0,1758436500.0,2208283000.0,4815687024.0,6.0,5.315,155000000.0,1.362,1.0,812000000.0,0.333,1162348000.0,73000000.0,198976000.0,1698478750.0,0.0,0.0,0.0,0.0,771114000.0,411197000.0,359917000.0,5631261024.0,1003000000.0,-15000000.0,17000000.0,-1061000000.0,0.0,-1028000000.0,1858000000.0,1891000000.0,173000000.0,0.0,518000000.0,518000000.0,518000000.0,0.0,0.0,0.213,42000000.0,770000000.0,218688000.0,0.0,2.55,10.871,11.072,64523000.0,0.0,49.49,2.312,2.312,249524000.0,1030398000.0,2436000000.0,2436000000.0,0.0,0.151,0.295,0.51,0.356,1000000.0,347000000.0,1.0,113785836.0,113785836.0,,21.409,1817049000.0,74073000.0,276000000.0,100618000.0,15.969,1270820000.0
14,NDAQ,MRY,2006-12-31,2006-12-31,2006-12-31,2021-08-04,136204000.0,3716452000.0,3255157000.0,2312546000.0,1403906000.0,0.509,13.008,9533000.0,321995000.0,321995000.0,970381000.0,127893000.0,5.021,1.55,1503628000.0,10681000.0,1492947000.0,1503628000.0,147091000.0,70916000.0,0.0,0.0,0.0,213145000.0,284061000.0,0.171,284061000.0,213145000.0,213145000.0,1.22,0.95,1.22,1457355000.0,1118749250.0,1457355000.0,4615216574.0,22.0,16.247,210608000.0,1.88,1.0,687395000.0,0.415,1228365000.0,0.0,3209185000.0,2744079250.0,0.0,1628209000.0,1628209000.0,0.0,2259001000.0,460535000.0,1798466000.0,3449558574.0,156758000.0,-53959000.0,999544000.0,310823000.0,0.0,1230066000.0,-1274383000.0,-1229957000.0,201075000.0,0.0,127893000.0,127203000.0,127203000.0,0.0,0.0,0.077,467349000.0,220046000.0,170753000.0,0.0,2.367,27.119,25.238,65269000.0,690000.0,30.79,2.081,2.081,233266000.0,512997000.0,1657776000.0,1657776000.0,0.0,0.039,0.114,0.078,0.129,-14887000.0,289152000.0,1.0,112035030.0,112035030.0,,14.797,2488087000.0,108084000.0,85252000.0,254849000.0,22.208,1852011000.0
15,NDAQ,MRY,2005-12-31,2005-12-31,2005-12-31,2021-08-04,-1290000.0,2046786000.0,1279879750.0,596963000.0,1449823000.0,0.688,3.085,-7362000.0,165237000.0,165237000.0,353908000.0,61690000.0,1.835,7.086,1192428000.0,7500000.0,1184928000.0,1192428000.0,145612000.0,66986000.0,0.0,0.0,0.0,126600000.0,193586000.0,0.22,193586000.0,126600000.0,106262000.0,0.68,0.57,0.68,253007000.0,197609000.0,253007000.0,3063742611.0,24.0,15.826,113541000.0,1.384,1.0,526011000.0,0.598,1177371000.0,20338000.0,1571278000.0,961109000.0,0.0,179369000.0,179369000.0,0.0,1792781000.0,325328000.0,1467453000.0,2885173611.0,107051000.0,-970467000.0,52857000.0,930000000.0,0.0,939531000.0,-953383000.0,24446000.0,120903000.0,0.0,61690000.0,55093000.0,55093000.0,0.0,0.0,0.063,412348000.0,113663000.0,147102000.0,0.0,11.404,52.369,51.735,122576000.0,6597000.0,35.18,3.279,3.279,207632000.0,385794000.0,879919000.0,879919000.0,0.0,0.043,0.279,0.132,0.144,-20185000.0,209050000.0,1.0,82011757.0,82011757.0,,10.729,869415000.0,143289000.0,44572000.0,97259000.0,10.601,271635000.0
16,NDAQ,MRY,2004-12-31,2004-12-31,2004-12-31,2021-08-04,-1056000.0,814820000.0,848477750.0,406197000.0,408623000.0,0.637,1.991,-14730000.0,58186000.0,58186000.0,55845000.0,11362000.0,1.95,4.204,265000000.0,0.0,265000000.0,265000000.0,149358000.0,76336000.0,0.0,0.0,0.0,23595000.0,99931000.0,0.185,99931000.0,23595000.0,12111000.0,-0.02,-0.02,-0.02,156563000.0,159517000.0,156563000.0,1018952209.0,43.0,10.197,102295000.0,1.301,1.0,484596000.0,0.897,182167000.0,11484000.0,631151000.0,667222000.0,0.0,205521000.0,203513000.0,2008000.0,658257000.0,208316000.0,449941000.0,801938209.0,-90743000.0,-190000000.0,2188000.0,0.0,0.0,-6456000.0,-201312000.0,3418000.0,117025000.0,0.0,11362000.0,-1826000.0,-1826000.0,-9558000.0,0.0,-0.003,476413000.0,8183000.0,56929000.0,0.0,5.122,-439.178,-510.0,173840000.0,13188000.0,10.2,1.484,1.484,107487000.0,330701000.0,540441000.0,540441000.0,0.0,-0.002,-0.011,0.035,0.044,702000.0,230803000.0,1.0,78621393.0,78621393.0,,6.874,632653000.0,72974000.0,749000.0,29514000.0,8.047,197881000.0
17,NDAQ,MRY,2003-12-31,2003-12-31,2003-12-31,2021-08-04,86000.0,851254000.0,1034503750.0,529617000.0,321637000.0,0.57,2.049,-31452000.0,148929000.0,148929000.0,0.0,-105447000.0,2.229,4.297,266607000.0,1607000.0,265000000.0,266607000.0,144442000.0,89983000.0,0.0,0.0,0.0,-108132000.0,-18149000.0,-0.031,-18149000.0,-108132000.0,-126687000.0,-1.45,-1.45,-1.45,160696000.0,210424500.0,160696000.0,895500275.0,-8.0,-49.342,73815000.0,0.941,1.0,589845000.0,1.0,871000.0,18555000.0,730430000.0,901038000.0,0.0,213975000.0,209469000.0,4506000.0,690558000.0,237631000.0,452927000.0,741181275.0,-52534000.0,-2500000.0,848000.0,-150000000.0,0.0,-157570000.0,-231000.0,33721000.0,105267000.0,0.0,-105447000.0,-113726000.0,-113726000.0,60335000.0,0.0,-0.193,652159000.0,-62314000.0,51517000.0,0.0,4.612,-6.517,-6.517,242943000.0,8279000.0,9.45,1.257,1.257,119136000.0,332527000.0,589845000.0,589845000.0,0.0,-0.11,-0.54,-0.12,-0.183,-50000.0,238235000.0,1.0,78431881.0,78431881.0,,7.52,850383000.0,112539000.0,-21240000.0,40917000.0,10.842,291986000.0
18,NDAQ,MRY,2002-12-31,2002-12-31,2002-12-31,2021-08-04,-2326000.0,1175914000.0,1176475000.0,697006000.0,478908000.0,0.669,3.465,-67018000.0,201463000.0,201463000.0,0.0,43128000.0,2.532,3.365,424422000.0,3545000.0,420877000.0,424422000.0,166698000.0,88502000.0,0.0,0.0,0.0,102537000.0,191039000.0,0.243,191039000.0,102537000.0,84049000.0,0.4,0.4,0.4,270872000.0,257700500.0,270872000.0,960883540.0,9.0,5.03,87624000.0,1.121,1.0,787154000.0,1.0,10183000.0,18488000.0,1113376000.0,1010060750.0,0.0,250555000.0,240799000.0,9756000.0,911524000.0,275314000.0,636210000.0,781837540.0,-79686000.0,-16000000.0,-302917000.0,150000000.0,0.0,-147848000.0,-86480000.0,-3462000.0,154642000.0,0.0,43128000.0,33363000.0,33363000.0,21893000.0,0.0,0.042,660099000.0,127055000.0,88955000.0,0.0,2.886,23.434,25.0,328690000.0,9765000.0,10.0,0.993,0.993,168782000.0,446253000.0,787154000.0,787154000.0,0.0,0.028,0.129,0.102,0.13,3155000.0,291062000.0,1.0,78183754.0,78183754.0,,10.068,1165731000.0,123019000.0,40921000.0,49240000.0,14.91,421692000.0
19,NDAQ,MRY,2001-12-31,2001-12-31,2001-12-31,2021-08-04,-6976000.0,1326251000.0,1336642500.0,815172000.0,511079000.0,0.634,4.669,-102624000.0,293731000.0,293731000.0,0.0,40463000.0,2.764,1.548,305127000.0,4454000.0,300673000.0,305127000.0,187053000.0,83684000.0,0.0,,0.0,88572000.0,172256000.0,0.203,172256000.0,88572000.0,78795000.0,0.35,0.35,0.35,518388000.0,569348250.0,518388000.0,,,,-32659000.0,-0.294,1.0,848070000.0,1.0,19469000.0,9777000.0,1023255000.0,933737500.0,0.0,256598000.0,228029000.0,28569000.0,802486000.0,294923000.0,507563000.0,,18892000.0,-2000000.0,-162233000.0,240000000.0,0.0,50406000.0,-101479000.0,3145000.0,69965000.0,0.0,40463000.0,40463000.0,40463000.0,19592000.0,0.0,0.048,764533000.0,83537000.0,132692000.0,0.0,,,,378833000.0,0.0,,,,228993000.0,412890000.0,848070000.0,848070000.0,0.0,0.03,0.071,0.095,0.104,6883000.0,256774000.0,1.0,111024731.0,111024731.0,,7.639,1306782000.0,126157000.0,38332000.0,40610000.0,11.77,520249000.0
20,NDAQ,MRY,2000-12-31,2000-12-31,2000-12-31,2021-08-04,-1892000.0,1164399000.0,871326500.0,744460000.0,419939000.0,0.956,5.825,-192792000.0,262257000.0,262257000.0,0.0,23306000.0,2.638,0.781,39602000.0,5495000.0,34107000.0,39602000.0,204344000.0,65645000.0,0.0,,0.0,116561000.0,182206000.0,0.219,182206000.0,116561000.0,113783000.0,0.21,0.21,0.21,645159000.0,498585500.0,645159000.0,,,,67819000.0,0.612,1.0,832711000.0,1.0,0.0,2778000.0,659511000.0,552445000.0,0.0,260669000.0,254057000.0,6612000.0,503697000.0,282233000.0,221464000.0,,251659000.0,-16979000.0,253291000.0,0.0,0.0,283291000.0,-292243000.0,-82472000.0,260611000.0,0.0,23306000.0,23306000.0,23306000.0,0.0,0.0,0.028,636043000.0,196668000.0,144167000.0,0.0,,,,326317000.0,0.0,,,,180910000.0,372427000.0,832711000.0,832711000.0,0.0,0.027,0.047,0.211,0.14,3788000.0,217252000.0,1.0,110761355.0,110761355.0,,7.518,1164399000.0,93624000.0,90477000.0,32116000.0,10.513,462227000.0
21,NDAQ,MRY,1999-12-31,1999-12-31,1999-12-31,2021-08-04,1742000.0,578254000.0,,312346000.0,265908000.0,,,-106947000.0,10598000.0,10598000.0,0.0,86149000.0,2.121,0.643,25000000.0,0.0,25000000.0,25000000.0,43267000.0,43696000.0,0.0,,0.0,146713000.0,190409000.0,0.3,190409000.0,146713000.0,144570000.0,0.86,0.86,0.86,352012000.0,,352012000.0,,,,28178000.0,,1.0,634248000.0,1.0,0.0,2143000.0,445379000.0,,0.0,215463000.0,164263000.0,51200000.0,226242000.0,147277000.0,78965000.0,,7844000.0,0.0,0.0,3876000.0,0.0,3876000.0,-131157000.0,-24210000.0,135125000.0,0.0,86149000.0,86149000.0,86149000.0,0.0,0.0,0.136,499736000.0,134512000.0,89146000.0,0.0,,,,212111000.0,0.0,,,,119571000.0,349121000.0,634248000.0,634248000.0,0.0,,,,0.231,0.0,182410000.0,1.0,,,,,578254000.0,5213000.0,58421000.0,10928000.0,,165069000.0
22,NDAQ,MRY,1998-12-31,1998-12-31,1998-12-31,2021-08-04,,,,,,,,-29371000.0,,,0.0,34955000.0,,,,,,,,34984000.0,,,0.0,62927000.0,97911000.0,0.217,97911000.0,62927000.0,60965000.0,0.35,0.35,0.35,,,,,,,27352000.0,,1.0,450823000.0,1.0,,1962000.0,,,,,,,,,,,-1271000.0,0.0,0.0,156000.0,0.0,156000.0,-58150000.0,-28779000.0,56723000.0,0.0,34955000.0,34955000.0,34955000.0,0.0,0.0,0.078,397165000.0,53658000.0,,0.0,,,,,0.0,,,,,,450823000.0,450823000.0,0.0,,,,0.14,0.0,139360000.0,1.0,,,,,,,26010000.0,,,
0,NDAQ,MRQ,2021-06-30,2021-06-30,2021-06-30,2021-08-04,-1452000000.0,17983000000.0,,5017000000.0,12966000000.0,,40.587,-39000000.0,430000000.0,430000000.0,566000000.0,341000000.0,1.025,1.698,6098000000.0,221000000.0,5877000000.0,6098000000.0,451000000.0,68000000.0,0.0,0.011,0.54,487000000.0,555000000.0,0.393,555000000.0,487000000.0,454000000.0,2.08,2.05,2.08,6660000000.0,,6660000000.0,34331607941.0,22.0,18.884,34000000.0,0.207,1.0,846000000.0,0.599,11528000000.0,33000000.0,7228000000.0,,0.0,235000000.0,235000000.0,0.0,11312000000.0,4895000000.0,6417000000.0,28847607941.0,-382000000.0,190000000.0,-231000000.0,-214000000.0,-88000000.0,-532000000.0,70000000.0,-15000000.0,73000000.0,7000000.0,341000000.0,341000000.0,341000000.0,0.0,0.0,0.242,470000000.0,376000000.0,340000000.0,0.26,4.331,25.574,25.627,876000000.0,0.0,175.8,4.856,4.856,559000000.0,6098000000.0,1412000000.0,1412000000.0,0.0,,,,,24000000.0,285000000.0,1.0,164093333.0,164093333.0,,8.605,6455000000.0,0.0,113000000.0,337000000.0,39.337,122000000.0
1,NDAQ,MRQ,2021-03-31,2021-03-31,2021-03-31,2021-08-04,-1505000000.0,18490000000.0,,5654000000.0,12836000000.0,,38.423,-42000000.0,812000000.0,812000000.0,801000000.0,298000000.0,1.018,1.92,6296000000.0,435000000.0,5861000000.0,6296000000.0,519000000.0,63000000.0,0.0,0.013,0.49,424000000.0,487000000.0,0.295,487000000.0,424000000.0,395000000.0,1.81,1.78,1.81,6332000000.0,,6332000000.0,27448764190.0,19.0,16.585,352000000.0,2.136,1.0,851000000.0,0.515,11475000000.0,29000000.0,6943000000.0,,0.0,215000000.0,215000000.0,0.0,12156000000.0,5556000000.0,6600000000.0,24300764190.0,-1970000000.0,-2430000000.0,-162000000.0,435000000.0,-81000000.0,152000000.0,-2505000000.0,-32000000.0,394000000.0,-11000000.0,298000000.0,298000000.0,298000000.0,0.0,0.0,0.18,486000000.0,365000000.0,314000000.0,0.271,3.838,23.639,23.594,878000000.0,0.0,147.46,4.101,4.101,574000000.0,5845000000.0,1652000000.0,1652000000.0,0.0,,,,,19000000.0,297000000.0,1.0,164795634.0,164795634.0,,10.025,7015000000.0,0.0,97000000.0,542000000.0,42.568,98000000.0
2,NDAQ,MRQ,2020-12-31,2020-12-31,2020-12-31,2021-08-04,-1368000000.0,17979000000.0,,7660000000.0,10319000000.0,,39.217,-60000000.0,2782000000.0,2782000000.0,674000000.0,225000000.0,1.556,1.794,5930000000.0,0.0,5930000000.0,5930000000.0,235000000.0,53000000.0,0.0,0.015,0.49,291000000.0,344000000.0,0.235,344000000.0,291000000.0,267000000.0,1.36,1.34,1.36,6433000000.0,,6433000000.0,25125350626.0,19.0,16.584,375000000.0,2.286,1.0,788000000.0,0.539,9105000000.0,24000000.0,7098000000.0,,0.0,195000000.0,195000000.0,0.0,11543000000.0,4924000000.0,6619000000.0,21774350626.0,2165000000.0,0.0,0.0,1881000000.0,-81000000.0,1791000000.0,-74000000.0,21000000.0,435000000.0,13000000.0,225000000.0,225000000.0,225000000.0,0.0,0.0,0.154,470000000.0,318000000.0,399000000.0,0.36,3.385,23.338,23.411,856000000.0,0.0,132.74,3.87,3.87,566000000.0,5628000000.0,1462000000.0,1462000000.0,0.0,,,,,23000000.0,301000000.0,1.0,164037597.0,164037597.0,,8.913,8874000000.0,0.0,42000000.0,502000000.0,54.097,2736000000.0
3,NDAQ,MRQ,2020-09-30,2020-09-30,2020-09-30,2021-08-04,-1632000000.0,14831000000.0,,4810000000.0,10021000000.0,,36.595,-60000000.0,617000000.0,617000000.0,699000000.0,264000000.0,1.156,1.467,3968000000.0,0.0,3968000000.0,3968000000.0,290000000.0,51000000.0,0.0,0.016,0.49,381000000.0,432000000.0,0.306,432000000.0,381000000.0,357000000.0,1.61,1.58,1.61,6011000000.0,,6011000000.0,23300149982.0,18.0,15.565,-64000000.0,-0.39,1.0,715000000.0,0.506,8818000000.0,24000000.0,5203000000.0,,0.0,177000000.0,177000000.0,0.0,8817000000.0,4161000000.0,4656000000.0,20156149982.0,-124000000.0,0.0,-33000000.0,0.0,-81000000.0,-114000000.0,-12000000.0,35000000.0,-4000000.0,6000000.0,264000000.0,264000000.0,264000000.0,0.0,0.0,0.187,389000000.0,326000000.0,208000000.0,0.304,3.353,22.125,22.15,822000000.0,0.0,122.71,3.854,3.854,504000000.0,5484000000.0,1414000000.0,1414000000.0,0.0,,,,,24000000.0,249000000.0,1.0,164258414.0,164258414.0,,8.608,6013000000.0,0.0,93000000.0,513000000.0,36.607,649000000.0
4,NDAQ,MRQ,2020-06-30,2020-06-30,2020-06-30,2021-08-04,-1715000000.0,14559000000.0,,4716000000.0,9843000000.0,,35.07,-42000000.0,741000000.0,741000000.0,699000000.0,241000000.0,1.11,1.53,3885000000.0,0.0,3885000000.0,3885000000.0,351000000.0,50000000.0,0.0,0.016,0.49,342000000.0,392000000.0,0.28,392000000.0,342000000.0,316000000.0,1.47,1.45,1.47,5754000000.0,,5754000000.0,22975543255.0,20.0,16.944,399000000.0,2.432,1.0,699000000.0,0.5,8703000000.0,26000000.0,4751000000.0,,0.0,206000000.0,206000000.0,0.0,8802000000.0,4249000000.0,4553000000.0,19601543255.0,-303000000.0,0.0,-17000000.0,-663000000.0,-80000000.0,-762000000.0,9000000.0,63000000.0,441000000.0,9000000.0,241000000.0,241000000.0,241000000.0,0.0,0.0,0.172,384000000.0,315000000.0,447000000.0,0.333,3.407,24.594,24.684,801000000.0,0.0,119.47,3.991,3.991,523000000.0,5301000000.0,1398000000.0,1398000000.0,0.0,,,,,23000000.0,251000000.0,1.0,164070840.0,164070840.0,,8.521,5856000000.0,0.0,75000000.0,506000000.0,35.692,467000000.0
5,NDAQ,MRQ,2020-03-31,2020-03-31,2020-03-31,2021-08-04,-1909000000.0,14798000000.0,,5270000000.0,9528000000.0,,32.701,-26000000.0,1044000000.0,1044000000.0,652000000.0,203000000.0,0.967,1.742,4418000000.0,1146000000.0,3272000000.0,4418000000.0,416000000.0,48000000.0,0.0,0.02,0.47,299000000.0,347000000.0,0.256,347000000.0,299000000.0,273000000.0,1.23,1.22,1.23,5396000000.0,,5396000000.0,19023862054.0,17.0,14.839,354000000.0,2.145,1.0,701000000.0,0.518,8526000000.0,26000000.0,4196000000.0,,0.0,254000000.0,254000000.0,0.0,9400000000.0,5450000000.0,3950000000.0,15667862054.0,682000000.0,-157000000.0,-122000000.0,694000000.0,-78000000.0,468000000.0,-154000000.0,22000000.0,380000000.0,-12000000.0,203000000.0,203000000.0,203000000.0,0.0,0.0,0.15,426000000.0,275000000.0,344000000.0,0.382,2.904,21.463,21.482,699000000.0,0.0,94.95,3.425,3.425,568000000.0,5140000000.0,1353000000.0,1353000000.0,0.0,,,,,17000000.0,297000000.0,1.0,165011712.0,165011712.0,,8.199,6272000000.0,0.0,70000000.0,507000000.0,38.009,-180000000.0
6,NDAQ,MRQ,2019-12-31,2019-12-31,2019-12-31,2021-08-04,-1686000000.0,13924000000.0,,4290000000.0,9634000000.0,,34.402,-39000000.0,362000000.0,362000000.0,419000000.0,203000000.0,1.015,1.469,3718000000.0,391000000.0,3327000000.0,3718000000.0,211000000.0,47000000.0,0.0,0.017,0.47,279000000.0,326000000.0,0.306,326000000.0,279000000.0,252000000.0,1.23,1.21,1.23,5639000000.0,,5639000000.0,21027303462.0,18.0,15.774,300000000.0,1.83,1.0,646000000.0,0.607,8615000000.0,27000000.0,4438000000.0,,0.0,291000000.0,291000000.0,0.0,8285000000.0,4227000000.0,4058000000.0,17555303462.0,29000000.0,11000000.0,25000000.0,-148000000.0,-77000000.0,-208000000.0,-109000000.0,-70000000.0,339000000.0,7000000.0,203000000.0,203000000.0,203000000.0,0.0,0.0,0.191,386000000.0,260000000.0,280000000.0,0.382,3.113,22.681,22.836,730000000.0,0.0,107.1,4.119,4.119,422000000.0,5027000000.0,1065000000.0,1065000000.0,0.0,,,,,22000000.0,262000000.0,1.0,163915065.0,163915065.0,,6.497,5309000000.0,0.0,49000000.0,552000000.0,32.389,63000000.0
7,NDAQ,MRQ,2019-09-30,2019-09-30,2019-09-30,2021-08-04,-1833000000.0,12980000000.0,,3499000000.0,9481000000.0,,32.346,-25000000.0,333000000.0,333000000.0,464000000.0,150000000.0,0.948,1.437,3805000000.0,539000000.0,3266000000.0,3805000000.0,267000000.0,47000000.0,0.0,0.018,0.47,244000000.0,291000000.0,0.266,291000000.0,244000000.0,215000000.0,0.91,0.9,0.91,5327000000.0,,5327000000.0,19830727962.0,16.0,13.926,76000000.0,0.461,1.0,632000000.0,0.577,8471000000.0,29000000.0,4289000000.0,,0.0,201000000.0,201000000.0,0.0,7653000000.0,3692000000.0,3961000000.0,16361727962.0,-30000000.0,0.0,-149000000.0,72000000.0,-78000000.0,-156000000.0,32000000.0,47000000.0,101000000.0,-7000000.0,150000000.0,150000000.0,150000000.0,0.0,0.0,0.137,406000000.0,226000000.0,180000000.0,0.516,3.071,31.047,31.144,707000000.0,0.0,99.35,3.777,3.777,399000000.0,4901000000.0,1096000000.0,1096000000.0,0.0,,,,,21000000.0,255000000.0,1.0,164687750.0,164687750.0,,6.655,4509000000.0,0.0,65000000.0,525000000.0,27.379,-193000000.0
8,NDAQ,MRQ,2019-06-30,2019-06-30,2019-06-30,2021-08-04,-1666000000.0,14132000000.0,,4363000000.0,9769000000.0,,33.499,-43000000.0,363000000.0,363000000.0,438000000.0,174000000.0,0.963,1.546,3832000000.0,467000000.0,3365000000.0,3832000000.0,333000000.0,48000000.0,0.0,0.019,0.47,270000000.0,318000000.0,0.3,318000000.0,270000000.0,239000000.0,1.05,1.04,1.05,5551000000.0,,5551000000.0,19320802727.0,16.0,13.483,143000000.0,0.863,1.0,623000000.0,0.587,8686000000.0,31000000.0,4384000000.0,,0.0,259000000.0,259000000.0,0.0,8581000000.0,4531000000.0,4050000000.0,15935802727.0,-176000000.0,0.0,-39000000.0,-119000000.0,-77000000.0,-271000000.0,-89000000.0,-39000000.0,186000000.0,-2000000.0,174000000.0,174000000.0,174000000.0,0.0,0.0,0.164,367000000.0,256000000.0,319000000.0,0.448,2.871,29.511,29.41,755000000.0,0.0,96.17,3.794,3.794,415000000.0,4829000000.0,1061000000.0,1061000000.0,0.0,,,,,20000000.0,251000000.0,1.0,165704510.0,165704510.0,,6.403,5446000000.0,0.0,65000000.0,510000000.0,32.866,-168000000.0
9,NDAQ,MRQ,2019-03-31,2019-03-31,2019-03-31,2021-08-04,-1645000000.0,14503000000.0,,4736000000.0,9767000000.0,,33.212,-20000000.0,539000000.0,539000000.0,405000000.0,247000000.0,0.84,1.64,3924000000.0,1239000000.0,2685000000.0,3924000000.0,402000000.0,48000000.0,0.0,0.02,0.44,350000000.0,398000000.0,0.383,398000000.0,350000000.0,313000000.0,1.49,1.48,1.49,5494000000.0,,5494000000.0,17717599212.0,14.0,11.867,317000000.0,1.916,1.0,634000000.0,0.61,8709000000.0,37000000.0,3538000000.0,,0.0,220000000.0,220000000.0,0.0,9009000000.0,5641000000.0,3368000000.0,14472599212.0,-47000000.0,-85000000.0,0.0,-235000000.0,-73000000.0,-302000000.0,-74000000.0,37000000.0,337000000.0,-8000000.0,247000000.0,247000000.0,247000000.0,0.0,0.0,0.238,359000000.0,275000000.0,287000000.0,0.295,2.634,27.41,27.341,748000000.0,0.0,87.49,3.474,3.474,447000000.0,4732000000.0,1039000000.0,1039000000.0,0.0,,,,,16000000.0,232000000.0,1.0,165420039.0,165420039.0,,6.281,5794000000.0,0.0,66000000.0,503000000.0,35.026,-905000000.0
10,NDAQ,MRQ,2018-12-31,2018-12-31,2018-12-31,2021-08-04,-1530000000.0,15700000000.0,,6370000000.0,9330000000.0,,33.234,-39000000.0,586000000.0,586000000.0,492000000.0,-44000000.0,0.97,1.881,3831000000.0,875000000.0,2956000000.0,3831000000.0,194000000.0,51000000.0,0.0,0.021,0.44,366000000.0,417000000.0,0.367,417000000.0,366000000.0,328000000.0,-0.26,-0.26,-0.26,5449000000.0,,5449000000.0,16877974611.0,14.0,11.853,321000000.0,1.958,1.0,644000000.0,0.567,8663000000.0,38000000.0,3712000000.0,,0.0,268000000.0,268000000.0,0.0,10251000000.0,6570000000.0,3681000000.0,13373974611.0,210000000.0,-75000000.0,7000000.0,-35000000.0,-72000000.0,-121000000.0,-31000000.0,103000000.0,360000000.0,2000000.0,-44000000.0,-44000000.0,-44000000.0,0.0,0.0,-0.039,403000000.0,241000000.0,307000000.0,-1.692,2.454,29.201,29.448,376000000.0,0.0,81.57,3.127,3.127,384000000.0,4558000000.0,1136000000.0,1136000000.0,0.0,,,,,18000000.0,266000000.0,1.0,163957026.0,163957026.0,,6.929,7037000000.0,0.0,372000000.0,501000000.0,42.92,-200000000.0
11,NDAQ,MRQ,2018-09-30,2018-09-30,2018-09-30,2021-08-04,-1184000000.0,14855000000.0,,5457000000.0,9398000000.0,,34.053,-27000000.0,376000000.0,376000000.0,364000000.0,163000000.0,0.941,1.652,3880000000.0,808000000.0,3072000000.0,3880000000.0,348000000.0,53000000.0,0.0,0.019,0.44,247000000.0,300000000.0,0.311,300000000.0,247000000.0,209000000.0,0.99,0.97,0.99,5602000000.0,,5602000000.0,17605829901.0,16.0,13.512,-13000000.0,-0.079,1.0,600000000.0,0.622,8697000000.0,38000000.0,3863000000.0,,0.0,202000000.0,202000000.0,0.0,9253000000.0,5799000000.0,3454000000.0,14114829901.0,20000000.0,-8000000.0,-54000000.0,42000000.0,-73000000.0,-71000000.0,76000000.0,111000000.0,14000000.0,1000000.0,163000000.0,163000000.0,163000000.0,0.0,0.0,0.169,354000000.0,246000000.0,197000000.0,0.444,2.52,18.87,19.067,371000000.0,0.0,85.8,3.392,3.392,356000000.0,4399000000.0,964000000.0,964000000.0,0.0,,,,,18000000.0,230000000.0,1.0,164508507.0,164508507.0,,5.86,6158000000.0,0.0,46000000.0,137000000.0,37.433,-342000000.0
12,NDAQ,MRQ,2018-06-30,2018-06-30,2018-06-30,2021-08-04,-1191000000.0,15141000000.0,,5727000000.0,9414000000.0,,33.192,-29000000.0,356000000.0,356000000.0,412000000.0,162000000.0,0.932,1.732,3847000000.0,768000000.0,3079000000.0,3847000000.0,406000000.0,53000000.0,0.0,0.017,0.44,325000000.0,378000000.0,0.368,378000000.0,325000000.0,288000000.0,0.98,0.97,0.98,5542000000.0,,5542000000.0,18924966923.0,17.0,14.348,250000000.0,1.497,1.0,615000000.0,0.599,8706000000.0,37000000.0,3778000000.0,,0.0,313000000.0,313000000.0,0.0,9599000000.0,6148000000.0,3451000000.0,15238966923.0,-73000000.0,294000000.0,-231000000.0,-194000000.0,-72000000.0,-498000000.0,159000000.0,-100000000.0,279000000.0,-13000000.0,162000000.0,162000000.0,162000000.0,0.0,0.0,0.158,346000000.0,269000000.0,399000000.0,0.449,2.75,20.184,20.148,370000000.0,0.0,91.27,3.661,3.661,405000000.0,4309000000.0,1027000000.0,1027000000.0,0.0,,,,,18000000.0,239000000.0,1.0,166965782.0,166965782.0,,6.151,6435000000.0,0.0,126000000.0,99000000.0,38.541,-421000000.0
13,NDAQ,MRQ,2018-03-31,2018-03-31,2018-03-31,2021-08-04,-1060000000.0,15790000000.0,,5638000000.0,10152000000.0,,34.372,-16000000.0,429000000.0,429000000.0,485000000.0,177000000.0,0.934,1.758,4115000000.0,960000000.0,3155000000.0,4115000000.0,492000000.0,53000000.0,0.0,0.018,0.38,277000000.0,330000000.0,0.287,330000000.0,277000000.0,239000000.0,1.06,1.05,1.06,5725000000.0,,5725000000.0,18168857691.0,17.0,14.712,359000000.0,2.155,1.0,666000000.0,0.579,8981000000.0,38000000.0,4459000000.0,,0.0,224000000.0,224000000.0,0.0,10065000000.0,6036000000.0,4029000000.0,14360857691.0,30000000.0,0.0,-99000000.0,-133000000.0,-63000000.0,-337000000.0,-8000000.0,8000000.0,375000000.0,0.0,177000000.0,177000000.0,177000000.0,0.0,0.0,0.154,393000000.0,273000000.0,365000000.0,0.358,2.508,19.433,19.463,384000000.0,0.0,86.22,3.478,3.478,486000000.0,4146000000.0,1151000000.0,1151000000.0,0.0,,,,,15000000.0,261000000.0,1.0,166560632.0,166560632.0,,6.91,6809000000.0,416000000.0,62000000.0,600000000.0,40.88,-398000000.0
14,NDAQ,MRQ,2017-12-31,2017-12-31,2017-12-31,2021-08-04,-862000000.0,15354000000.0,,5510000000.0,9844000000.0,,35.373,-42000000.0,399000000.0,399000000.0,388000000.0,246000000.0,1.053,1.611,4207000000.0,480000000.0,3727000000.0,4207000000.0,287000000.0,48000000.0,0.0,0.019,0.38,247000000.0,295000000.0,0.289,295000000.0,247000000.0,211000000.0,1.47,1.45,1.47,5880000000.0,,5880000000.0,15963164555.0,16.0,13.269,258000000.0,1.552,1.0,631000000.0,0.619,9054000000.0,36000000.0,4874000000.0,,0.0,235000000.0,235000000.0,0.0,9474000000.0,5234000000.0,4240000000.0,12771164555.0,-152000000.0,-776000000.0,-7000000.0,441000000.0,-63000000.0,365000000.0,-817000000.0,-29000000.0,300000000.0,0.0,246000000.0,246000000.0,246000000.0,0.0,0.0,0.241,390000000.0,241000000.0,305000000.0,0.259,2.172,17.519,17.541,400000000.0,0.0,76.83,3.235,3.235,356000000.0,3963000000.0,1019000000.0,1019000000.0,0.0,,,,,18000000.0,241000000.0,1.0,166226273.0,166226273.0,,6.13,6300000000.0,0.0,-35000000.0,225000000.0,37.9,276000000.0
15,NDAQ,MRQ,2017-09-30,2017-09-30,2017-09-30,2021-08-04,-825000000.0,15072000000.0,,5446000000.0,9626000000.0,,34.383,-38000000.0,551000000.0,551000000.0,362000000.0,170000000.0,1.153,1.628,3743000000.0,154000000.0,3589000000.0,3743000000.0,361000000.0,48000000.0,0.0,0.018,0.38,268000000.0,316000000.0,0.327,316000000.0,268000000.0,234000000.0,1.02,1.0,1.02,5735000000.0,,5735000000.0,16116385423.0,41.0,27.739,57000000.0,0.342,1.0,603000000.0,0.625,8245000000.0,34000000.0,5296000000.0,,0.0,207000000.0,207000000.0,0.0,9337000000.0,4723000000.0,4614000000.0,12938385423.0,177000000.0,0.0,-17000000.0,145000000.0,-64000000.0,46000000.0,31000000.0,100000000.0,95000000.0,5000000.0,170000000.0,170000000.0,170000000.0,0.0,0.0,0.176,341000000.0,262000000.0,199000000.0,0.373,2.256,50.344,50.699,379000000.0,0.0,77.57,3.318,3.318,320000000.0,3787000000.0,965000000.0,965000000.0,0.0,,,,,18000000.0,221000000.0,1.0,166796254.0,166796254.0,,5.786,6827000000.0,611000000.0,64000000.0,726000000.0,40.93,723000000.0
16,NDAQ,MRQ,2017-06-30,2017-06-30,2017-06-30,2021-08-04,-892000000.0,14660000000.0,,4921000000.0,9739000000.0,,33.757,-28000000.0,374000000.0,374000000.0,398000000.0,146000000.0,0.987,1.629,3552000000.0,494000000.0,3058000000.0,3552000000.0,426000000.0,47000000.0,0.0,0.019,0.38,247000000.0,294000000.0,0.296,294000000.0,247000000.0,211000000.0,0.88,0.87,0.88,5576000000.0,,5576000000.0,14965609464.0,41.0,27.359,242000000.0,1.465,1.0,596000000.0,0.6,8339000000.0,36000000.0,4512000000.0,,0.0,300000000.0,300000000.0,0.0,9084000000.0,4987000000.0,4097000000.0,11808609464.0,-90000000.0,0.0,29000000.0,-175000000.0,-63000000.0,-272000000.0,-96000000.0,-67000000.0,270000000.0,8000000.0,146000000.0,146000000.0,146000000.0,0.0,0.0,0.147,354000000.0,242000000.0,318000000.0,0.432,2.118,54.168,54.992,384000000.0,0.0,71.49,3.056,3.056,392000000.0,3680000000.0,994000000.0,994000000.0,0.0,,,,,19000000.0,230000000.0,1.0,165178479.0,165178479.0,,6.018,6321000000.0,633000000.0,65000000.0,732000000.0,38.268,-66000000.0
17,NDAQ,MRQ,2017-03-31,2017-03-31,2017-03-31,2021-08-04,-987000000.0,14490000000.0,,4947000000.0,9543000000.0,,32.096,-36000000.0,464000000.0,464000000.0,388000000.0,168000000.0,1.012,1.707,3621000000.0,379000000.0,3242000000.0,3621000000.0,486000000.0,45000000.0,0.0,0.018,0.32,252000000.0,297000000.0,0.307,297000000.0,252000000.0,215000000.0,1.01,0.99,1.01,5352000000.0,,5352000000.0,14765613458.0,50.0,31.283,208000000.0,1.247,1.0,581000000.0,0.6,8152000000.0,37000000.0,4609000000.0,,0.0,220000000.0,220000000.0,0.0,9138000000.0,4886000000.0,4252000000.0,11580613458.0,46000000.0,0.0,-155000000.0,0.0,-53000000.0,-192000000.0,-8000000.0,28000000.0,244000000.0,2000000.0,168000000.0,168000000.0,168000000.0,0.0,0.0,0.173,335000000.0,246000000.0,268000000.0,0.317,2.164,81.554,82.679,376000000.0,0.0,69.45,3.074,3.074,467000000.0,3595000000.0,969000000.0,969000000.0,0.0,,,,,15000000.0,218000000.0,1.0,166747494.0,166747494.0,,5.811,6338000000.0,617000000.0,47000000.0,702000000.0,38.01,61000000.0
18,NDAQ,MRQ,2016-12-31,2016-12-31,2016-12-31,2021-08-04,-979000000.0,14150000000.0,,4560000000.0,9590000000.0,,32.869,-49000000.0,418000000.0,418000000.0,374000000.0,-227000000.0,1.117,1.606,3603000000.0,0.0,3603000000.0,3603000000.0,333000000.0,45000000.0,0.0,0.018,0.32,-371000000.0,-326000000.0,-0.335,-326000000.0,-371000000.0,-408000000.0,-1.38,-1.34,-1.38,5430000000.0,,5430000000.0,14521421131.0,54.0,33.154,235000000.0,1.422,1.0,598000000.0,0.615,8121000000.0,37000000.0,5132000000.0,,0.0,245000000.0,245000000.0,0.0,8720000000.0,4082000000.0,4638000000.0,11088421131.0,142000000.0,-6000000.0,12000000.0,-18000000.0,-53000000.0,-69000000.0,-66000000.0,-21000000.0,284000000.0,-7000000.0,-227000000.0,-227000000.0,-227000000.0,0.0,0.0,-0.234,966000000.0,-368000000.0,283000000.0,-0.232,2.042,104.608,104.875,362000000.0,0.0,67.12,2.994,2.994,429000000.0,3479000000.0,972000000.0,972000000.0,0.0,,,,,31000000.0,250000000.0,1.0,165202937.0,165202937.0,,5.884,6029000000.0,717000000.0,-181000000.0,720000000.0,36.495,478000000.0
19,NDAQ,MRQ,2016-09-30,2016-09-30,2016-09-30,2021-08-04,-882000000.0,14808000000.0,,4346000000.0,10462000000.0,,34.777,-34000000.0,276000000.0,276000000.0,344000000.0,131000000.0,1.072,1.574,3709000000.0,20000000.0,3689000000.0,3709000000.0,407000000.0,46000000.0,0.0,0.017,0.32,236000000.0,282000000.0,0.304,282000000.0,236000000.0,199000000.0,0.79,0.77,0.79,5754000000.0,,5754000000.0,14539743844.0,16.0,13.914,29000000.0,0.175,1.0,585000000.0,0.63,8946000000.0,37000000.0,5241000000.0,,0.0,238000000.0,238000000.0,0.0,9054000000.0,4054000000.0,5000000000.0,11174743844.0,-90000000.0,0.0,-41000000.0,-40000000.0,-53000000.0,-135000000.0,-18000000.0,16000000.0,63000000.0,0.0,131000000.0,131000000.0,131000000.0,0.0,0.0,0.141,352000000.0,233000000.0,186000000.0,0.405,1.942,23.232,23.21,342000000.0,0.0,67.54,3.108,3.108,349000000.0,3757000000.0,929000000.0,929000000.0,0.0,,,,,20000000.0,226000000.0,1.0,165453714.0,165453714.0,,5.615,5862000000.0,768000000.0,68000000.0,980000000.0,35.43,292000000.0
20,NDAQ,MRQ,2016-06-30,2016-06-30,2016-06-30,2021-08-04,-860000000.0,15099000000.0,,4596000000.0,10503000000.0,,34.751,-28000000.0,366000000.0,366000000.0,338000000.0,70000000.0,1.067,1.641,3731000000.0,0.0,3731000000.0,3731000000.0,474000000.0,41000000.0,0.0,0.017,0.32,178000000.0,219000000.0,0.244,219000000.0,178000000.0,146000000.0,0.42,0.42,0.42,5717000000.0,,5717000000.0,12852162868.0,15.0,12.454,146000000.0,0.887,1.0,559000000.0,0.623,9007000000.0,32000000.0,5149000000.0,,0.0,255000000.0,255000000.0,0.0,9382000000.0,4308000000.0,5074000000.0,10639162868.0,14000000.0,-1247000000.0,11000000.0,1189000000.0,-53000000.0,1124000000.0,-1279000000.0,-4000000.0,174000000.0,-5000000.0,70000000.0,70000000.0,70000000.0,0.0,0.0,0.078,385000000.0,174000000.0,332000000.0,0.762,1.861,21.802,21.922,332000000.0,0.0,64.67,3.007,3.007,399000000.0,3679000000.0,897000000.0,897000000.0,0.0,,,,,19000000.0,214000000.0,1.0,164514657.0,164514657.0,,5.452,6092000000.0,741000000.0,76000000.0,983000000.0,37.03,288000000.0
21,NDAQ,MRQ,2016-03-31,2016-03-31,2016-03-31,2021-08-04,-770000000.0,13717000000.0,,4722000000.0,8995000000.0,,34.762,-23000000.0,352000000.0,352000000.0,371000000.0,132000000.0,1.066,1.408,2565000000.0,0.0,2565000000.0,2565000000.0,492000000.0,38000000.0,0.0,0.015,0.25,223000000.0,261000000.0,0.288,261000000.0,223000000.0,195000000.0,0.8,0.78,0.8,5697000000.0,,5697000000.0,12885862141.0,14.0,12.088,232000000.0,1.416,1.0,534000000.0,0.59,7748000000.0,28000000.0,3753000000.0,,0.0,259000000.0,259000000.0,0.0,8020000000.0,4429000000.0,3591000000.0,10878862141.0,-5000000.0,-213000000.0,-28000000.0,169000000.0,-41000000.0,28000000.0,-294000000.0,-48000000.0,255000000.0,6000000.0,132000000.0,132000000.0,132000000.0,0.0,0.0,0.146,315000000.0,219000000.0,255000000.0,0.312,1.91,19.744,19.994,326000000.0,0.0,66.38,3.155,3.155,333000000.0,3609000000.0,905000000.0,905000000.0,0.0,,,,,16000000.0,199000000.0,1.0,163887649.0,163887649.0,,5.522,5969000000.0,604000000.0,63000000.0,678000000.0,36.421,293000000.0
22,NDAQ,MRQ,2015-12-31,2015-12-31,2015-12-31,2021-08-04,-864000000.0,11861000000.0,,3260000000.0,8601000000.0,,34.152,-42000000.0,357000000.0,357000000.0,329000000.0,148000000.0,1.116,1.115,2364000000.0,0.0,2364000000.0,2364000000.0,327000000.0,36000000.0,0.0,0.015,0.25,247000000.0,283000000.0,0.327,283000000.0,247000000.0,219000000.0,0.9,0.87,0.9,5609000000.0,,5609000000.0,11680639183.0,16.0,13.273,213000000.0,1.297,1.0,536000000.0,0.62,7354000000.0,28000000.0,3594000000.0,,0.0,201000000.0,201000000.0,0.0,6252000000.0,2920000000.0,3332000000.0,9553639183.0,18000000.0,0.0,-57000000.0,-53000000.0,-41000000.0,-179000000.0,-53000000.0,-10000000.0,255000000.0,-5000000.0,148000000.0,148000000.0,148000000.0,0.0,0.0,0.171,291000000.0,245000000.0,256000000.0,0.278,1.703,22.322,22.723,323000000.0,0.0,58.17,2.807,2.807,316000000.0,3571000000.0,865000000.0,865000000.0,0.0,,,,,35000000.0,174000000.0,1.0,164236534.0,164236534.0,,5.267,4507000000.0,643000000.0,71000000.0,626000000.0,27.442,340000000.0
23,NDAQ,MRQ,2015-09-30,2015-09-30,2015-09-30,2021-08-04,-847000000.0,11770000000.0,,3160000000.0,8610000000.0,,32.83,-32000000.0,308000000.0,308000000.0,342000000.0,138000000.0,1.108,1.122,2435000000.0,20000000.0,2415000000.0,2435000000.0,375000000.0,35000000.0,0.0,0.015,0.25,234000000.0,269000000.0,0.309,269000000.0,234000000.0,206000000.0,0.83,0.8,0.83,5546000000.0,,5546000000.0,10949038607.0,18.0,14.464,34000000.0,0.201,1.0,529000000.0,0.607,7402000000.0,28000000.0,3643000000.0,,0.0,193000000.0,193000000.0,0.0,6224000000.0,2852000000.0,3372000000.0,9009038607.0,-34000000.0,0.0,-253000000.0,150000000.0,-40000000.0,-133000000.0,36000000.0,71000000.0,66000000.0,-3000000.0,138000000.0,138000000.0,138000000.0,0.0,0.0,0.158,298000000.0,231000000.0,198000000.0,0.301,1.624,24.615,24.463,305000000.0,0.0,53.33,2.607,2.607,278000000.0,3464000000.0,871000000.0,871000000.0,0.0,,,,,6000000.0,196000000.0,1.0,168930032.0,168930032.0,,5.156,4368000000.0,679000000.0,68000000.0,630000000.0,25.857,308000000.0
24,NDAQ,MRQ,2015-06-30,2015-06-30,2015-06-30,2021-08-04,-805000000.0,12104000000.0,,3446000000.0,8658000000.0,,33.899,-35000000.0,341000000.0,341000000.0,289000000.0,132000000.0,1.095,1.118,2281000000.0,0.0,2281000000.0,2281000000.0,439000000.0,33000000.0,0.0,0.014,0.25,220000000.0,253000000.0,0.314,253000000.0,220000000.0,193000000.0,0.79,0.77,0.79,5716000000.0,,5716000000.0,10189248046.0,17.0,13.939,140000000.0,0.83,1.0,518000000.0,0.642,7478000000.0,27000000.0,3420000000.0,,0.0,264000000.0,264000000.0,0.0,6388000000.0,3146000000.0,3242000000.0,8230248046.0,-4000000.0,0.0,-14000000.0,-35000000.0,-43000000.0,-92000000.0,-92000000.0,-57000000.0,175000000.0,5000000.0,133000000.0,133000000.0,133000000.0,0.0,-1000000.0,0.165,301000000.0,217000000.0,335000000.0,0.316,1.44,23.448,23.466,295000000.0,0.0,48.81,2.419,2.419,323000000.0,3366000000.0,807000000.0,807000000.0,0.0,,,,,15000000.0,197000000.0,1.0,168618071.0,168618071.0,,4.786,4626000000.0,656000000.0,60000000.0,636000000.0,27.435,300000000.0
25,NDAQ,MRQ,2015-03-31,2015-03-31,2015-03-31,2021-08-04,-883000000.0,12242000000.0,,3688000000.0,8554000000.0,,32.838,-24000000.0,347000000.0,347000000.0,351000000.0,9000000.0,1.072,1.208,2306000000.0,0.0,2306000000.0,2306000000.0,492000000.0,34000000.0,0.0,0.012,0.15,42000000.0,76000000.0,0.089,76000000.0,42000000.0,14000000.0,0.05,0.05,0.05,5544000000.0,,5544000000.0,10437097607.0,18.0,14.825,207000000.0,1.226,1.0,507000000.0,0.591,7345000000.0,28000000.0,3416000000.0,,0.0,194000000.0,194000000.0,0.0,6697000000.0,3440000000.0,3257000000.0,8600097607.0,-99000000.0,-226000000.0,-24000000.0,75000000.0,-25000000.0,4000000.0,-326000000.0,-70000000.0,231000000.0,-8000000.0,9000000.0,9000000.0,9000000.0,0.0,0.0,0.01,480000000.0,27000000.0,289000000.0,3.0,1.551,26.96,26.952,281000000.0,0.0,50.94,2.485,2.485,344000000.0,3276000000.0,858000000.0,858000000.0,0.0,,,,,12000000.0,228000000.0,1.0,168827986.0,168827986.0,,5.082,4897000000.0,675000000.0,5000000.0,617000000.0,29.006,248000000.0
26,NDAQ,MRQ,2014-12-31,2014-12-31,2014-12-31,2021-08-04,-682000000.0,12071000000.0,,3400000000.0,8671000000.0,,34.551,-47000000.0,476000000.0,476000000.0,402000000.0,86000000.0,1.141,1.084,2297000000.0,0.0,2297000000.0,2297000000.0,392000000.0,33000000.0,0.0,0.012,0.15,126000000.0,159000000.0,0.173,159000000.0,126000000.0,97000000.0,0.51,0.5,0.51,5793000000.0,,5793000000.0,10073232776.0,14.0,11.865,178000000.0,1.062,1.0,518000000.0,0.563,7615000000.0,29000000.0,3297000000.0,,0.0,174000000.0,174000000.0,0.0,6277000000.0,2980000000.0,3297000000.0,8041232776.0,106000000.0,0.0,-47000000.0,0.0,-25000000.0,-45000000.0,-59000000.0,-12000000.0,225000000.0,-15000000.0,86000000.0,86000000.0,86000000.0,0.0,0.0,0.093,394000000.0,124000000.0,313000000.0,0.294,1.388,19.423,19.576,292000000.0,0.0,47.96,2.297,2.297,389000000.0,3292000000.0,920000000.0,920000000.0,0.0,,,,,7000000.0,213000000.0,1.0,167665404.0,167665404.0,,5.487,4456000000.0,552000000.0,11000000.0,663000000.0,26.577,420000000.0
27,NDAQ,MRQ,2014-09-30,2014-09-30,2014-09-30,2021-08-04,-325000000.0,12692000000.0,,3557000000.0,9135000000.0,,36.252,-27000000.0,313000000.0,313000000.0,321000000.0,123000000.0,1.114,1.075,2345000000.0,0.0,2345000000.0,2345000000.0,412000000.0,35000000.0,0.0,0.013,0.15,208000000.0,243000000.0,0.297,243000000.0,208000000.0,179000000.0,0.73,0.71,0.73,6117000000.0,,6117000000.0,9212782562.0,11.0,9.315,-3000000.0,-0.018,1.0,497000000.0,0.608,8015000000.0,29000000.0,3515000000.0,,0.0,169000000.0,169000000.0,0.0,6574000000.0,3194000000.0,3380000000.0,7157782562.0,-28000000.0,0.0,-16000000.0,0.0,-26000000.0,-42000000.0,-2000000.0,25000000.0,24000000.0,-8000000.0,123000000.0,123000000.0,123000000.0,0.0,0.0,0.15,290000000.0,207000000.0,208000000.0,0.205,1.17,15.294,15.259,288000000.0,0.0,42.42,2.087,2.087,370000000.0,3231000000.0,818000000.0,818000000.0,0.0,,,,,16000000.0,192000000.0,1.0,168736034.0,168736034.0,,4.848,4677000000.0,615000000.0,56000000.0,714000000.0,27.718,363000000.0
28,NDAQ,MRQ,2014-06-30,2014-06-30,2014-06-30,2021-08-04,-142000000.0,13116000000.0,,3718000000.0,9398000000.0,,36.357,-35000000.0,353000000.0,353000000.0,342000000.0,101000000.0,1.086,1.113,2408000000.0,0.0,2408000000.0,2408000000.0,462000000.0,34000000.0,0.0,0.014,0.15,192000000.0,226000000.0,0.261,226000000.0,192000000.0,162000000.0,0.6,0.59,0.6,6205000000.0,,6205000000.0,8637291350.0,10.0,8.796,165000000.0,0.967,1.0,523000000.0,0.605,8381000000.0,30000000.0,3366000000.0,,0.0,203000000.0,203000000.0,0.0,6909000000.0,3424000000.0,3485000000.0,6591291350.0,-70000000.0,0.0,-82000000.0,-114000000.0,-25000000.0,-220000000.0,-48000000.0,-10000000.0,200000000.0,-2000000.0,101000000.0,101000000.0,101000000.0,0.0,0.0,0.117,332000000.0,191000000.0,342000000.0,0.25,1.062,14.391,14.147,280000000.0,0.0,38.62,1.929,1.929,395000000.0,3134000000.0,865000000.0,865000000.0,0.0,,,,,13000000.0,218000000.0,1.0,170670413.0,170670413.0,,5.068,4735000000.0,504000000.0,61000000.0,735000000.0,27.744,294000000.0
29,NDAQ,MRQ,2014-03-31,2014-03-31,2014-03-31,2021-08-04,-71000000.0,12978000000.0,,3519000000.0,9459000000.0,,36.824,-31000000.0,468000000.0,468000000.0,369000000.0,103000000.0,0.984,1.08,2514000000.0,430000000.0,2084000000.0,2514000000.0,498000000.0,35000000.0,0.0,0.014,0.13,186000000.0,221000000.0,0.246,221000000.0,186000000.0,156000000.0,0.61,0.59,0.61,6239000000.0,,6239000000.0,8383660051.0,10.0,8.872,152000000.0,0.897,1.0,529000000.0,0.589,8535000000.0,30000000.0,2911000000.0,,0.0,197000000.0,197000000.0,0.0,6738000000.0,3578000000.0,3160000000.0,6258660051.0,-14000000.0,0.0,7000000.0,-121000000.0,-22000000.0,-153000000.0,-46000000.0,-8000000.0,183000000.0,2000000.0,103000000.0,103000000.0,103000000.0,0.0,0.0,0.115,345000000.0,184000000.0,301000000.0,0.213,1.003,14.064,13.887,266000000.0,0.0,36.94,1.859,1.859,434000000.0,3032000000.0,898000000.0,898000000.0,0.0,,,,,11000000.0,221000000.0,1.0,169427722.0,169427722.0,,5.3,4443000000.0,432000000.0,53000000.0,743000000.0,26.224,-59000000.0
30,NDAQ,MRQ,2013-12-31,2013-12-31,2013-12-31,2021-08-04,-67000000.0,12577000000.0,,3163000000.0,9414000000.0,,36.903,-35000000.0,482000000.0,482000000.0,329000000.0,141000000.0,1.13,1.034,2634000000.0,45000000.0,2589000000.0,2634000000.0,294000000.0,34000000.0,0.0,0.013,0.13,265000000.0,299000000.0,0.352,299000000.0,265000000.0,235000000.0,0.84,0.82,0.84,6184000000.0,,6184000000.0,9006525477.0,13.0,10.799,202000000.0,1.205,1.0,520000000.0,0.612,8572000000.0,30000000.0,3357000000.0,,0.0,189000000.0,189000000.0,0.0,6393000000.0,2800000000.0,3593000000.0,6669525477.0,98000000.0,0.0,14000000.0,-98000000.0,-22000000.0,-109000000.0,-32000000.0,3000000.0,237000000.0,2000000.0,141000000.0,141000000.0,141000000.0,0.0,0.0,0.166,286000000.0,234000000.0,310000000.0,0.155,1.079,17.323,17.304,268000000.0,0.0,39.8,2.077,2.077,393000000.0,2976000000.0,849000000.0,849000000.0,0.0,,,,,10000000.0,206000000.0,1.0,167576017.0,167576017.0,,5.066,4005000000.0,416000000.0,94000000.0,746000000.0,23.9,363000000.0
31,NDAQ,MRQ,2013-09-30,2013-09-30,2013-09-30,2021-08-04,-51000000.0,12486000000.0,,3072000000.0,9414000000.0,,36.185,-35000000.0,381000000.0,381000000.0,299000000.0,113000000.0,1.135,1.062,2718000000.0,45000000.0,2673000000.0,2718000000.0,339000000.0,33000000.0,0.0,0.016,0.13,203000000.0,236000000.0,0.293,236000000.0,203000000.0,171000000.0,0.68,0.66,0.68,6055000000.0,,6055000000.0,7697053125.0,12.0,10.401,47000000.0,0.281,1.0,506000000.0,0.629,8600000000.0,32000000.0,3516000000.0,,0.0,190000000.0,190000000.0,0.0,6430000000.0,2707000000.0,3723000000.0,5373053125.0,-79000000.0,0.0,2000000.0,-98000000.0,-22000000.0,-121000000.0,-42000000.0,-7000000.0,82000000.0,2000000.0,113000000.0,113000000.0,113000000.0,0.0,0.0,0.14,304000000.0,202000000.0,274000000.0,0.191,0.887,16.331,16.136,249000000.0,0.0,32.11,1.723,1.723,372000000.0,2857000000.0,805000000.0,805000000.0,0.0,,,,,16000000.0,208000000.0,1.0,167332704.0,167332704.0,,4.811,3886000000.0,453000000.0,58000000.0,754000000.0,23.223,365000000.0
32,NDAQ,MRQ,2013-06-30,2013-06-30,2013-06-30,2021-08-04,-139000000.0,11953000000.0,,2610000000.0,9343000000.0,,35.357,-25000000.0,461000000.0,461000000.0,363000000.0,88000000.0,1.08,1.039,2785000000.0,138000000.0,2647000000.0,2785000000.0,368000000.0,28000000.0,0.0,0.016,0.13,161000000.0,189000000.0,0.232,189000000.0,161000000.0,135000000.0,0.53,0.52,0.53,5862000000.0,,5862000000.0,6728397327.0,12.0,9.78,81000000.0,0.489,1.0,451000000.0,0.554,8431000000.0,26000000.0,3430000000.0,,0.0,195000000.0,170000000.0,25000000.0,6090000000.0,2416000000.0,3674000000.0,5436397327.0,-212000000.0,-1121000000.0,13000000.0,813000000.0,-22000000.0,812000000.0,-1128000000.0,18000000.0,106000000.0,-2000000.0,88000000.0,88000000.0,88000000.0,0.0,0.0,0.108,292000000.0,159000000.0,397000000.0,0.245,0.927,17.824,17.821,227000000.0,0.0,32.79,1.777,1.777,362000000.0,2765000000.0,814000000.0,814000000.0,0.0,,,,,-2000000.0,184000000.0,1.0,165794368.0,165794368.0,,4.91,3522000000.0,529000000.0,47000000.0,725000000.0,21.243,194000000.0
33,NDAQ,MRQ,2013-03-31,2013-03-31,2013-03-31,2021-08-04,-218000000.0,9188000000.0,,1608000000.0,7580000000.0,,31.386,-20000000.0,674000000.0,674000000.0,326000000.0,42000000.0,1.443,0.766,1966000000.0,137000000.0,1829000000.0,1966000000.0,398000000.0,27000000.0,0.0,0.016,0.13,83000000.0,110000000.0,0.148,110000000.0,83000000.0,59000000.0,0.26,0.25,0.26,5200000000.0,,5200000000.0,6745399820.0,12.0,10.008,129000000.0,0.779,1.0,418000000.0,0.562,6928000000.0,24000000.0,2438000000.0,,0.0,243000000.0,218000000.0,25000000.0,3985000000.0,1114000000.0,2871000000.0,5351399820.0,94000000.0,0.0,-4000000.0,-11000000.0,-21000000.0,-35000000.0,-14000000.0,6000000.0,149000000.0,-6000000.0,42000000.0,42000000.0,42000000.0,0.0,0.0,0.056,338000000.0,80000000.0,288000000.0,0.5,1.029,17.263,17.366,215000000.0,0.0,32.3,1.749,1.749,317000000.0,2699000000.0,744000000.0,744000000.0,0.0,,,,,7000000.0,178000000.0,1.0,165678013.0,165678013.0,,4.491,2260000000.0,337000000.0,17000000.0,737000000.0,13.641,494000000.0
34,NDAQ,MRQ,2012-12-31,2012-12-31,2012-12-31,2021-08-04,-185000000.0,9132000000.0,,1492000000.0,7640000000.0,,31.576,-24000000.0,582000000.0,582000000.0,334000000.0,85000000.0,1.466,0.753,1976000000.0,136000000.0,1840000000.0,1976000000.0,295000000.0,27000000.0,0.0,0.016,0.13,178000000.0,205000000.0,0.272,205000000.0,178000000.0,154000000.0,0.52,0.51,0.52,5208000000.0,,5208000000.0,5588788050.0,9.0,7.432,208000000.0,1.261,1.0,421000000.0,0.558,6985000000.0,24000000.0,2523000000.0,,0.0,248000000.0,223000000.0,25000000.0,3923000000.0,1018000000.0,2905000000.0,4121788050.0,59000000.0,-15000000.0,-44000000.0,-11000000.0,-22000000.0,-76000000.0,-101000000.0,-62000000.0,232000000.0,4000000.0,86000000.0,86000000.0,86000000.0,0.0,-1000000.0,0.114,247000000.0,174000000.0,269000000.0,0.25,0.791,11.71,11.957,211000000.0,0.0,24.99,1.321,1.321,333000000.0,2678000000.0,755000000.0,755000000.0,0.0,,,,,5000000.0,171000000.0,1.0,164937497.0,164937497.0,,4.577,2147000000.0,327000000.0,68000000.0,748000000.0,13.017,474000000.0
35,NDAQ,MRQ,2012-09-30,2012-09-30,2012-09-30,2021-08-04,-222000000.0,8920000000.0,,1329000000.0,7591000000.0,,30.769,-22000000.0,519000000.0,519000000.0,334000000.0,89000000.0,1.651,0.737,1986000000.0,45000000.0,1941000000.0,1986000000.0,325000000.0,26000000.0,0.0,0.011,0.13,158000000.0,184000000.0,0.247,184000000.0,158000000.0,134000000.0,0.53,0.52,0.53,5135000000.0,,5135000000.0,5355896630.0,9.0,7.428,16000000.0,0.096,1.0,412000000.0,0.552,6931000000.0,24000000.0,2651000000.0,,0.0,182000000.0,157000000.0,25000000.0,3784000000.0,805000000.0,2979000000.0,3886896630.0,-53000000.0,-40000000.0,-52000000.0,-12000000.0,-21000000.0,-86000000.0,-13000000.0,49000000.0,38000000.0,8000000.0,89000000.0,89000000.0,89000000.0,0.0,0.0,0.119,242000000.0,170000000.0,173000000.0,0.245,0.757,11.169,11.417,203000000.0,0.0,23.29,1.212,1.212,327000000.0,2614000000.0,746000000.0,746000000.0,0.0,,,,,13000000.0,164000000.0,1.0,166891225.0,166891225.0,,4.47,1989000000.0,319000000.0,45000000.0,713000000.0,11.918,524000000.0
36,NDAQ,MRQ,2012-06-30,2012-06-30,2012-06-30,2021-08-04,-368000000.0,8927000000.0,,1410000000.0,7517000000.0,,29.178,-25000000.0,527000000.0,527000000.0,388000000.0,92000000.0,1.429,0.798,1996000000.0,45000000.0,1951000000.0,1996000000.0,361000000.0,25000000.0,0.0,0.006,0.13,150000000.0,175000000.0,0.215,175000000.0,150000000.0,126000000.0,0.55,0.53,0.55,4961000000.0,,4961000000.0,5298537526.0,8.0,6.917,185000000.0,1.088,1.0,427000000.0,0.524,6728000000.0,24000000.0,2681000000.0,,0.0,301000000.0,196000000.0,105000000.0,3957000000.0,987000000.0,2970000000.0,3854537526.0,-34000000.0,-57000000.0,-124000000.0,-11000000.0,-22000000.0,-158000000.0,-77000000.0,5000000.0,210000000.0,-9000000.0,93000000.0,93000000.0,93000000.0,0.0,-1000000.0,0.114,280000000.0,147000000.0,316000000.0,0.236,0.777,10.446,10.643,198000000.0,0.0,22.67,1.132,1.132,341000000.0,2547000000.0,815000000.0,815000000.0,0.0,,,,,12000000.0,166000000.0,1.0,170028122.0,170028122.0,,4.793,2199000000.0,408000000.0,33000000.0,688000000.0,12.933,423000000.0
37,NDAQ,MRQ,2012-03-31,2012-03-31,2012-03-31,2021-08-04,-218000000.0,9021000000.0,,1406000000.0,7615000000.0,,29.714,-16000000.0,563000000.0,563000000.0,390000000.0,84000000.0,1.637,0.749,2007000000.0,45000000.0,1962000000.0,2007000000.0,410000000.0,26000000.0,0.0,0.0,0.0,162000000.0,188000000.0,0.234,188000000.0,162000000.0,138000000.0,0.49,0.48,0.49,5152000000.0,,5152000000.0,9803700974.0,15.0,12.569,92000000.0,0.531,1.0,414000000.0,0.515,6890000000.0,24000000.0,2716000000.0,,0.0,318000000.0,215000000.0,103000000.0,3860000000.0,859000000.0,3001000000.0,4490700974.0,19000000.0,0.0,-49000000.0,-111000000.0,0.0,-159000000.0,63000000.0,79000000.0,108000000.0,7000000.0,85000000.0,85000000.0,85000000.0,0.0,-1000000.0,0.106,255000000.0,159000000.0,216000000.0,0.0,0.872,12.203,12.333,195000000.0,0.0,25.9,1.31,1.31,327000000.0,2476000000.0,804000000.0,804000000.0,0.0,,,,,9000000.0,164000000.0,1.0,173386138.0,173386138.0,,4.637,2131000000.0,340000000.0,53000000.0,711000000.0,12.29,547000000.0
38,NDAQ,MRQ,2011-12-31,2011-12-31,2011-12-31,2021-08-04,-350000000.0,14091000000.0,,6581000000.0,7510000000.0,,28.085,-37000000.0,540000000.0,540000000.0,416000000.0,81000000.0,1.09,1.83,5862000000.0,3790000000.0,2072000000.0,5862000000.0,278000000.0,28000000.0,0.0,0.0,0.0,146000000.0,174000000.0,0.206,174000000.0,146000000.0,120000000.0,0.47,0.45,0.47,4976000000.0,,4976000000.0,8834641751.0,13.0,10.975,196000000.0,1.106,1.0,427000000.0,0.507,6709000000.0,26000000.0,6666000000.0,,0.0,376000000.0,279000000.0,97000000.0,9105000000.0,6038000000.0,3067000000.0,4342641751.0,-37000000.0,-24000000.0,-99000000.0,-128000000.0,0.0,-220000000.0,-50000000.0,11000000.0,233000000.0,0.0,81000000.0,81000000.0,81000000.0,0.0,0.0,0.096,285000000.0,142000000.0,270000000.0,0.0,0.873,11.221,11.141,193000000.0,0.0,24.51,1.263,1.263,308000000.0,2391000000.0,843000000.0,843000000.0,0.0,,,,,6000000.0,193000000.0,1.0,177178366.0,177178366.0,,4.758,7382000000.0,408000000.0,39000000.0,697000000.0,41.664,543000000.0
39,NDAQ,MRQ,2011-09-30,2011-09-30,2011-09-30,2021-08-04,-346000000.0,13157000000.0,,5677000000.0,7480000000.0,,28.163,-27000000.0,594000000.0,594000000.0,508000000.0,109000000.0,1.14,1.636,5086000000.0,2918000000.0,2168000000.0,5086000000.0,310000000.0,28000000.0,0.0,0.0,0.0,201000000.0,229000000.0,0.243,229000000.0,201000000.0,171000000.0,0.62,0.61,0.62,4987000000.0,,4987000000.0,9229573072.0,13.0,11.067,-21000000.0,-0.119,1.0,436000000.0,0.462,6703000000.0,30000000.0,5966000000.0,,0.0,399000000.0,294000000.0,105000000.0,8161000000.0,4980000000.0,3181000000.0,4097573072.0,-35000000.0,0.0,1000000.0,0.0,0.0,-9000000.0,-20000000.0,7000000.0,6000000.0,-12000000.0,110000000.0,110000000.0,110000000.0,0.0,-1000000.0,0.117,241000000.0,195000000.0,205000000.0,0.0,0.822,9.25,9.562,168000000.0,0.0,23.14,1.215,1.215,347000000.0,2310000000.0,944000000.0,944000000.0,0.0,,,,,9000000.0,172000000.0,1.0,177077488.0,177077488.0,,5.331,6454000000.0,405000000.0,61000000.0,704000000.0,36.447,697000000.0
40,NDAQ,MRQ,2011-06-30,2011-06-30,2011-06-30,2021-08-04,-62000000.0,14217000000.0,,6429000000.0,7788000000.0,,29.15,-14000000.0,637000000.0,637000000.0,422000000.0,91000000.0,1.086,1.759,5769000000.0,3700000000.0,2069000000.0,5769000000.0,372000000.0,26000000.0,0.0,0.0,0.0,163000000.0,189000000.0,0.226,189000000.0,163000000.0,132000000.0,0.52,0.51,0.52,5150000000.0,,5150000000.0,12915869252.0,19.0,16.165,245000000.0,1.387,1.0,415000000.0,0.496,7112000000.0,31000000.0,6318000000.0,,0.0,425000000.0,320000000.0,105000000.0,9057000000.0,5919000000.0,3138000000.0,4469869252.0,139000000.0,-2000000.0,3000000.0,-85000000.0,0.0,-69000000.0,-52000000.0,-36000000.0,259000000.0,1000000.0,92000000.0,92000000.0,92000000.0,0.0,-1000000.0,0.11,257000000.0,158000000.0,327000000.0,0.0,0.868,10.299,10.952,165000000.0,0.0,25.3,1.403,1.403,344000000.0,2200000000.0,837000000.0,837000000.0,0.0,,,,,7000000.0,165000000.0,1.0,176674674.0,176674674.0,,4.738,7105000000.0,297000000.0,40000000.0,739000000.0,40.215,510000000.0
41,NDAQ,MRQ,2011-03-31,2011-03-31,2011-03-31,2021-08-04,-82000000.0,18065000000.0,,10175000000.0,7890000000.0,,28.527,-10000000.0,499000000.0,499000000.0,402000000.0,103000000.0,1.039,2.592,8945000000.0,6795000000.0,2150000000.0,8945000000.0,409000000.0,27000000.0,0.0,0.0,0.0,185000000.0,212000000.0,0.26,212000000.0,185000000.0,153000000.0,0.59,0.57,0.59,5026000000.0,,5026000000.0,9939667687.0,14.0,12.302,161000000.0,0.914,1.0,413000000.0,0.507,7112000000.0,32000000.0,9604000000.0,,0.0,388000000.0,283000000.0,105000000.0,13028000000.0,9795000000.0,3233000000.0,4552667687.0,124000000.0,0.0,5000000.0,-35000000.0,0.0,-27000000.0,-24000000.0,-14000000.0,171000000.0,4000000.0,104000000.0,104000000.0,104000000.0,0.0,-1000000.0,0.128,230000000.0,183000000.0,221000000.0,0.0,0.906,10.394,11.484,166000000.0,0.0,25.84,1.407,1.407,327000000.0,2108000000.0,815000000.0,815000000.0,0.0,,,,,4000000.0,162000000.0,1.0,176186830.0,176186830.0,,4.626,10953000000.0,366000000.0,49000000.0,743000000.0,62.167,380000000.0
42,NDAQ,MRQ,2010-12-31,2010-12-31,2010-12-31,2021-08-04,-272000000.0,16207000000.0,,8510000000.0,7697000000.0,,23.847,-10000000.0,375000000.0,375000000.0,382000000.0,135000000.0,1.034,2.433,5762000000.0,3581000000.0,2181000000.0,5762000000.0,292000000.0,28000000.0,0.0,0.0,0.0,176000000.0,204000000.0,0.263,204000000.0,176000000.0,150000000.0,0.69,0.68,0.69,4718000000.0,,4718000000.0,6291875685.0,10.0,8.537,173000000.0,0.874,1.0,395000000.0,0.508,6846000000.0,26000000.0,6517000000.0,,0.0,358000000.0,253000000.0,105000000.0,11478000000.0,8231000000.0,3247000000.0,4694875685.0,-21000000.0,-114000000.0,-496000000.0,329000000.0,0.0,-165000000.0,-39000000.0,85000000.0,183000000.0,0.0,137000000.0,137000000.0,137000000.0,0.0,-2000000.0,0.176,220000000.0,175000000.0,224000000.0,0.0,0.995,11.886,12.232,164000000.0,0.0,23.73,1.471,1.471,298000000.0,2004000000.0,777000000.0,777000000.0,0.0,,,,,7000000.0,160000000.0,1.0,197845583.0,197845583.0,,3.927,9361000000.0,446000000.0,13000000.0,724000000.0,47.315,279000000.0
43,NDAQ,MRQ,2010-09-30,2010-09-30,2010-09-30,2021-08-04,-268000000.0,10355000000.0,,2880000000.0,7475000000.0,,24.996,-12000000.0,389000000.0,389000000.0,385000000.0,100000000.0,1.217,1.041,1986000000.0,140000000.0,1846000000.0,1986000000.0,325000000.0,25000000.0,0.0,0.0,0.0,169000000.0,194000000.0,0.256,194000000.0,169000000.0,144000000.0,0.51,0.5,0.51,5067000000.0,,5067000000.0,5433642301.0,10.0,8.557,22000000.0,0.109,1.0,372000000.0,0.491,6721000000.0,25000000.0,2864000000.0,,0.0,449000000.0,343000000.0,106000000.0,5277000000.0,2367000000.0,2910000000.0,3938642301.0,-190000000.0,-72000000.0,-99000000.0,-71000000.0,0.0,-172000000.0,-65000000.0,19000000.0,34000000.0,13000000.0,101000000.0,101000000.0,101000000.0,0.0,-1000000.0,0.133,207000000.0,165000000.0,157000000.0,0.0,0.777,13.085,13.308,160000000.0,0.0,19.43,1.219,1.219,308000000.0,1867000000.0,757000000.0,757000000.0,0.0,,,,,9000000.0,150000000.0,1.0,202709331.0,202709331.0,,3.734,3634000000.0,420000000.0,43000000.0,739000000.0,17.927,513000000.0
44,NDAQ,MRQ,2010-06-30,2010-06-30,2010-06-30,2021-08-04,-647000000.0,9910000000.0,,2888000000.0,7022000000.0,,22.488,-9000000.0,557000000.0,557000000.0,496000000.0,95000000.0,1.237,1.114,2052000000.0,140000000.0,1912000000.0,2052000000.0,345000000.0,25000000.0,0.0,0.0,0.0,173000000.0,198000000.0,0.223,198000000.0,173000000.0,147000000.0,0.46,0.46,0.46,4683000000.0,,4683000000.0,5214587121.0,11.0,8.991,230000000.0,1.104,1.0,390000000.0,0.44,6039000000.0,26000000.0,3032000000.0,,0.0,415000000.0,310000000.0,105000000.0,5217000000.0,2334000000.0,2883000000.0,3702587121.0,-9000000.0,-4000000.0,-151000000.0,-43000000.0,0.0,-190000000.0,-47000000.0,-34000000.0,239000000.0,-11000000.0,96000000.0,96000000.0,96000000.0,0.0,-1000000.0,0.108,222000000.0,168000000.0,309000000.0,0.0,0.791,14.241,14.224,154000000.0,0.0,17.78,1.127,1.127,361000000.0,1766000000.0,886000000.0,886000000.0,0.0,,,,,8000000.0,151000000.0,1.0,208244495.0,208244495.0,,4.255,3871000000.0,664000000.0,51000000.0,666000000.0,18.589,554000000.0
45,NDAQ,MRQ,2010-03-31,2010-03-31,2010-03-31,2021-08-04,-438000000.0,10519000000.0,,3221000000.0,7298000000.0,,23.265,-11000000.0,579000000.0,579000000.0,411000000.0,60000000.0,1.253,1.133,2091000000.0,105000000.0,1986000000.0,2091000000.0,380000000.0,25000000.0,0.0,0.0,0.0,115000000.0,140000000.0,0.182,140000000.0,115000000.0,90000000.0,0.29,0.28,0.29,4919000000.0,,4919000000.0,5903515289.0,13.0,10.773,-27000000.0,-0.128,1.0,360000000.0,0.467,6377000000.0,25000000.0,3084000000.0,,0.0,366000000.0,261000000.0,105000000.0,5572000000.0,2570000000.0,3002000000.0,4465515289.0,-59000000.0,0.0,-45000000.0,-22000000.0,0.0,-68000000.0,33000000.0,44000000.0,-16000000.0,-8000000.0,61000000.0,61000000.0,61000000.0,0.0,-1000000.0,0.079,248000000.0,112000000.0,209000000.0,0.0,0.908,19.165,18.69,161000000.0,0.0,21.12,1.359,1.359,377000000.0,1670000000.0,771000000.0,771000000.0,0.0,,,,,7000000.0,188000000.0,1.0,211435383.0,211435383.0,,3.647,4142000000.0,545000000.0,29000000.0,700000000.0,19.59,651000000.0
46,NDAQ,MRQ,2009-12-31,2009-12-31,2009-12-31,2021-08-04,-406000000.0,10722000000.0,,3370000000.0,7352000000.0,,23.366,-13000000.0,624000000.0,624000000.0,448000000.0,42000000.0,1.181,1.168,2092000000.0,225000000.0,1867000000.0,2092000000.0,265000000.0,26000000.0,0.0,0.0,0.0,77000000.0,103000000.0,0.126,103000000.0,77000000.0,52000000.0,0.2,0.2,0.2,4932000000.0,,4932000000.0,5806451599.0,12.0,9.677,341000000.0,1.616,1.0,369000000.0,0.452,6431000000.0,25000000.0,2905000000.0,,0.0,388000000.0,308000000.0,80000000.0,5763000000.0,2854000000.0,2909000000.0,4183451599.0,283000000.0,28000000.0,1000000.0,1000000.0,0.0,-4000000.0,-64000000.0,-79000000.0,354000000.0,-3000000.0,43000000.0,43000000.0,43000000.0,0.0,-1000000.0,0.053,209000000.0,160000000.0,262000000.0,0.0,0.848,15.727,15.246,164000000.0,0.0,19.82,1.226,1.226,301000000.0,1610000000.0,817000000.0,817000000.0,0.0,,,,,10000000.0,159000000.0,1.0,211072230.0,211072230.0,,3.871,4291000000.0,529000000.0,9000000.0,706000000.0,20.33,516000000.0
47,NDAQ,MRQ,2009-09-30,2009-09-30,2009-09-30,2021-08-04,-331000000.0,12342000000.0,,4912000000.0,7430000000.0,,24.415,-16000000.0,466000000.0,466000000.0,461000000.0,59000000.0,1.124,1.486,2089000000.0,169000000.0,1920000000.0,2089000000.0,296000000.0,28000000.0,0.0,0.0,0.0,111000000.0,139000000.0,0.172,139000000.0,111000000.0,85000000.0,0.3,0.28,0.3,4950000000.0,,4950000000.0,6011702302.0,11.0,9.497,-12000000.0,-0.059,1.0,349000000.0,0.431,6597000000.0,26000000.0,2997000000.0,,0.0,307000000.0,257000000.0,50000000.0,7356000000.0,4371000000.0,2985000000.0,4267702302.0,-108000000.0,-1000000.0,0.0,-113000000.0,0.0,-121000000.0,-8000000.0,9000000.0,4000000.0,17000000.0,60000000.0,60000000.0,60000000.0,0.0,-1000000.0,0.074,218000000.0,131000000.0,270000000.0,0.0,0.862,16.541,16.575,165000000.0,0.0,21.05,1.179,1.179,379000000.0,1567000000.0,810000000.0,810000000.0,0.0,,,,,7000000.0,152000000.0,1.0,202741202.0,202741202.0,,3.995,5745000000.0,446000000.0,25000000.0,750000000.0,28.337,541000000.0
48,NDAQ,MRQ,2009-06-30,2009-06-30,2009-06-30,2021-08-04,-600000000.0,11660000000.0,,4437000000.0,7223000000.0,,22.219,-14000000.0,571000000.0,571000000.0,522000000.0,68000000.0,1.107,1.591,2315000000.0,225000000.0,2090000000.0,2315000000.0,334000000.0,26000000.0,0.0,0.0,0.0,140000000.0,166000000.0,0.187,166000000.0,140000000.0,115000000.0,0.34,0.33,0.34,4491000000.0,,4491000000.0,6289334873.0,12.0,9.721,127000000.0,0.628,1.0,367000000.0,0.413,6172000000.0,25000000.0,3224000000.0,,0.0,286000000.0,236000000.0,50000000.0,7147000000.0,4008000000.0,3139000000.0,4307334873.0,86000000.0,-13000000.0,6000000.0,-148000000.0,0.0,-133000000.0,63000000.0,90000000.0,141000000.0,15000000.0,69000000.0,69000000.0,69000000.0,0.0,-1000000.0,0.078,208000000.0,159000000.0,350000000.0,0.0,0.959,16.826,16.913,170000000.0,0.0,21.31,1.134,1.134,383000000.0,1507000000.0,889000000.0,889000000.0,0.0,,,,,7000000.0,147000000.0,1.0,202127399.0,202127399.0,,4.398,5488000000.0,657000000.0,46000000.0,709000000.0,27.151,429000000.0
49,NDAQ,MRQ,2009-03-31,2009-03-31,2009-03-31,2021-08-04,-766000000.0,12453000000.0,,5302000000.0,7151000000.0,,21.003,-16000000.0,472000000.0,472000000.0,526000000.0,94000000.0,1.069,1.933,2454000000.0,225000000.0,2229000000.0,2454000000.0,346000000.0,24000000.0,0.0,0.0,0.0,169000000.0,193000000.0,0.216,193000000.0,169000000.0,142000000.0,0.47,0.44,0.47,4241000000.0,,4241000000.0,5906711858.0,10.0,8.764,67000000.0,0.332,1.0,369000000.0,0.412,5917000000.0,27000000.0,3558000000.0,,0.0,274000000.0,224000000.0,50000000.0,8196000000.0,4960000000.0,3236000000.0,3953715858.0,-41000000.0,-6000000.0,1000000.0,-80000000.0,0.0,-78000000.0,-44000000.0,-22000000.0,83000000.0,-2000000.0,94000000.0,94000000.0,94000000.0,0.0,0.0,0.105,203000000.0,166000000.0,266000000.0,0.0,0.932,13.776,13.789,165000000.0,0.0,19.58,1.059,1.059,355000000.0,1438000000.0,895000000.0,895000000.0,0.0,,,,,7000000.0,138000000.0,1.0,201926244.0,201926244.0,,4.432,6536000000.0,753000000.0,48000000.0,695000000.0,32.368,342000000.0
50,NDAQ,MRQ,2008-12-31,2008-12-31,2008-12-31,2021-08-04,-619000000.0,12752000000.0,,5428000000.0,7324000000.0,,21.409,-16000000.0,515000000.0,515000000.0,622000000.0,35000000.0,1.069,1.971,2524000000.0,225000000.0,2299000000.0,2524000000.0,253000000.0,27000000.0,0.0,0.0,0.0,108000000.0,135000000.0,0.132,135000000.0,108000000.0,74000000.0,0.16,0.06,0.16,4286000000.0,,4286000000.0,6765143986.0,11.0,9.637,389000000.0,1.943,1.0,403000000.0,0.393,6075000000.0,34000000.0,3609000000.0,,0.0,277000000.0,227000000.0,50000000.0,8449000000.0,5077000000.0,3372000000.0,4946874986.0,-8000000.0,-259000000.0,25000000.0,-42000000.0,0.0,-17000000.0,-366000000.0,-91000000.0,405000000.0,-30000000.0,35000000.0,35000000.0,35000000.0,0.0,0.0,0.034,258000000.0,145000000.0,291000000.0,0.0,1.154,15.754,14.976,183000000.0,0.0,24.71,1.355,1.355,339000000.0,1344000000.0,1025000000.0,1025000000.0,0.0,,,,,8000000.0,156000000.0,1.0,200197288.0,200197288.0,,5.12,6677000000.0,686000000.0,39000000.0,715000000.0,33.352,351000000.0
51,NDAQ,MRQ,2008-09-30,2008-09-30,2008-09-30,2021-08-04,-36702000.0,10218646000.0,,2320912000.0,7897734000.0,,23.782,-12000000.0,737900000.0,737900000.0,591000000.0,58000000.0,1.318,1.148,2556169000.0,206250000.0,2349919000.0,2556169000.0,249376000.0,28000000.0,0.0,0.0,0.0,125000000.0,153000000.0,0.155,153000000.0,125000000.0,96000000.0,0.29,0.29,0.29,4754640000.0,,4754640000.0,7015271074.0,10.0,8.972,-421000000.0,-2.106,1.0,399000000.0,0.403,7089016000.0,29000000.0,3186781000.0,,0.0,194062000.0,194062000.0,0.0,5460248000.0,1761118000.0,3699130000.0,6111687074.0,-314000000.0,-751000000.0,2000000.0,912000000.0,0.0,916000000.0,-795000000.0,-32000000.0,-409000000.0,-26000000.0,58000000.0,58000000.0,58000000.0,0.0,0.0,0.059,234000000.0,165000000.0,302131000.0,0.0,1.285,17.093,14.488,192800000.0,0.0,30.57,1.858,1.858,375625000.0,1313514000.0,990000000.0,990000000.0,0.0,,,,,4000000.0,157000000.0,1.0,199924340.0,199924340.0,,4.952,3129630000.0,228507000.0,38000000.0,1051748000.0,15.654,559794000.0
52,NDAQ,MRQ,2008-06-30,2008-06-30,2008-06-30,2021-08-04,-4695000.0,8968985000.0,,2163586000.0,6805399000.0,,23.614,-13000000.0,739999000.0,739999000.0,442000000.0,101000000.0,1.356,0.899,1643583000.0,98438000.0,1545145000.0,1643583000.0,295440000.0,22000000.0,0.0,0.0,0.0,171000000.0,193000000.0,0.235,193000000.0,171000000.0,147000000.0,0.5,0.5,0.5,4715261000.0,,4715261000.0,6208954831.0,6.0,5.283,40000000.0,0.2,1.0,380000000.0,0.462,6114241000.0,24000000.0,2162525000.0,,0.0,136971000.0,136971000.0,0.0,4240828000.0,1595803000.0,2645025000.0,5301478831.0,-2000000.0,-25000000.0,2000000.0,-1000000.0,0.0,2000000.0,-54000000.0,-16000000.0,53000000.0,-3000000.0,100000000.0,100000000.0,100000000.0,0.0,1000000.0,0.122,225000000.0,155000000.0,329589000.0,0.0,1.124,7.977,5.257,160056000.0,0.0,26.55,1.796,1.796,354931000.0,1253398000.0,822000000.0,822000000.0,0.0,,,,,6000000.0,157000000.0,1.0,199679052.0,199679052.0,,4.117,2854744000.0,181587000.0,47000000.0,888637000.0,14.297,567783000.0
53,NDAQ,MRQ,2008-03-31,2008-03-31,2008-03-31,2021-08-04,2888000.0,8791307000.0,,1935014000.0,6856293000.0,,33.171,-14000000.0,736020000.0,736020000.0,536000000.0,121000000.0,1.368,0.903,1643496000.0,68906000.0,1574590000.0,1643496000.0,340030000.0,16000000.0,0.0,0.0,0.0,205000000.0,221000000.0,0.271,221000000.0,205000000.0,195000000.0,0.75,0.75,0.75,4612585000.0,,4612585000.0,4168996254.0,4.0,3.838,153000000.0,1.1,1.0,278000000.0,0.342,6132864000.0,10000000.0,2151852000.0,,0.0,121208000.0,121208000.0,0.0,4166331000.0,1414067000.0,2752264000.0,5375872254.0,-627000000.0,-1964000000.0,1000000.0,1125000000.0,0.0,1128000000.0,-1934000000.0,44000000.0,167000000.0,12000000.0,121000000.0,121000000.0,121000000.0,0.0,0.0,0.149,145000000.0,133000000.0,286523000.0,0.0,1.165,8.661,7.655,189786000.0,0.0,38.66,2.0,2.0,403614000.0,1151761000.0,814000000.0,814000000.0,0.0,,,,,3000000.0,106000000.0,1.0,139055154.0,139055154.0,,5.854,2658443000.0,172935000.0,74000000.0,1065704000.0,19.118,520947000.0
54,NDAQ,MRQ,2007-12-31,2007-12-31,2007-12-31,2021-08-04,-4697000.0,2979397000.0,,1682017000.0,1297380000.0,,19.407,-4323000.0,1325314000.0,1325314000.0,452583000.0,78562000.0,4.091,0.349,118438000.0,0.0,118438000.0,118438000.0,154582000.0,9704000.0,0.0,0.0,0.0,205238000.0,214942000.0,0.324,214942000.0,205238000.0,132238000.0,0.57,-0.44,0.57,2208283000.0,,2208283000.0,4815687024.0,6.0,5.315,51687000.0,0.454,1.0,211311000.0,0.318,1162348000.0,73000000.0,198976000.0,,0.0,0.0,0.0,0.0,771114000.0,411197000.0,359917000.0,5631261024.0,66333000.0,-7000000.0,6452000.0,-177000.0,0.0,12883000.0,-2560000.0,9111000.0,56010000.0,0.0,78562000.0,78562000.0,78562000.0,0.0,0.0,0.118,-294730000.0,506041000.0,218688000.0,0.0,2.55,10.871,11.072,64523000.0,0.0,49.49,2.312,2.312,249524000.0,1030398000.0,663894000.0,663894000.0,0.0,,,,,-1488000.0,85786000.0,1.0,113785836.0,113785836.0,,5.835,1817049000.0,74073000.0,53676000.0,100618000.0,15.969,1270820000.0
55,NDAQ,MRQ,2007-09-30,2007-09-30,2007-09-30,2021-08-04,-10692000.0,3000018000.0,,1710930000.0,1289088000.0,,15.755,-5901000.0,1258662000.0,1258662000.0,442017000.0,364993000.0,3.26,0.685,443088000.0,0.0,443088000.0,443088000.0,187555000.0,9661000.0,0.0,0.0,0.0,536581000.0,546242000.0,0.838,546242000.0,536581000.0,536581000.0,3.23,3.23,3.23,1780717000.0,,1780717000.0,5182388828.0,7.0,6.997,-69208000.0,-0.612,1.0,209944000.0,0.322,1162251000.0,0.0,497363000.0,,0.0,9201000.0,9201000.0,0.0,1219301000.0,524830000.0,694471000.0,4258910828.0,683664000.0,-8000000.0,4810000.0,-1055482000.0,0.0,-1045848000.0,1792819000.0,1806499000.0,-63307000.0,0.0,364993000.0,364993000.0,364993000.0,0.0,0.0,0.56,126238000.0,83706000.0,147245000.0,0.0,2.392,8.476,8.411,62010000.0,0.0,37.68,1.919,1.919,274144000.0,951435000.0,651961000.0,651961000.0,0.0,,,,,-508000.0,103501000.0,1.0,113028419.0,113028419.0,,5.768,1837767000.0,162778000.0,171588000.0,252080000.0,16.259,1186100000.0
56,NDAQ,MRQ,2007-06-30,2007-06-30,2007-06-30,2021-08-04,190507000.0,4005313000.0,,2612712000.0,1392601000.0,,14.224,-3699000.0,574998000.0,574998000.0,359521000.0,56128000.0,4.199,1.499,1498476000.0,10681000.0,1487795000.0,1498476000.0,224791000.0,9796000.0,0.0,0.0,0.0,94333000.0,104129000.0,0.187,104129000.0,94333000.0,94333000.0,0.5,0.5,0.5,1602972000.0,,1602972000.0,4355981314.0,18.0,15.322,98602000.0,0.875,1.0,198680000.0,0.356,1218825000.0,0.0,3087678000.0,,0.0,1694984000.0,1694984000.0,0.0,2402341000.0,622288000.0,1780053000.0,3348178314.0,81749000.0,-1243000.0,3560000.0,-2671000.0,0.0,3406000.0,-23958000.0,-19220000.0,102301000.0,0.0,56128000.0,56128000.0,56128000.0,0.0,0.0,0.101,99829000.0,98851000.0,256588000.0,0.0,2.089,19.965,19.546,60537000.0,0.0,29.71,1.699,1.699,284606000.0,586441000.0,558201000.0,558201000.0,0.0,,,,,1571000.0,74824000.0,1.0,112695332.0,112695332.0,,4.953,2786488000.0,118883000.0,38205000.0,227211000.0,24.726,1990424000.0
57,NDAQ,MRQ,2007-03-31,2007-03-31,2007-03-31,2021-08-04,95602000.0,3767243000.0,,2368822000.0,1398421000.0,,12.822,-4077000.0,493249000.0,493249000.0,369880000.0,18316000.0,4.374,1.613,1501052000.0,10681000.0,1490371000.0,1501052000.0,258176000.0,9839000.0,0.0,0.0,0.0,30848000.0,40687000.0,0.072,40687000.0,30848000.0,30848000.0,0.16,0.16,0.16,1441774000.0,,1441774000.0,4488522516.0,23.0,17.687,73919000.0,0.657,1.0,192067000.0,0.342,1223632000.0,0.0,3009898000.0,,0.0,1531778000.0,1531778000.0,0.0,2325469000.0,541516000.0,1783953000.0,3306889516.0,171254000.0,1243000.0,2178000.0,-2670000.0,0.0,1559000.0,91699000.0,94610000.0,77996000.0,0.0,18316000.0,18316000.0,18316000.0,0.0,0.0,0.033,110703000.0,81364000.0,200903000.0,0.0,2.294,25.791,24.924,61893000.0,0.0,29.41,1.814,1.814,299197000.0,530313000.0,561947000.0,561947000.0,0.0,,,,,1425000.0,80796000.0,1.0,112440990.0,112440990.0,,4.998,2543611000.0,118349000.0,12532000.0,166254000.0,22.622,1827306000.0
58,NDAQ,MRQ,2006-12-31,2006-12-31,2006-12-31,2021-08-04,136204000.0,3716452000.0,,2312546000.0,1403906000.0,,13.008,21793000.0,321995000.0,321995000.0,264390000.0,63035000.0,5.021,1.55,1503628000.0,10681000.0,1492947000.0,1503628000.0,147091000.0,10584000.0,0.0,0.0,0.0,39018000.0,49602000.0,0.111,49602000.0,39018000.0,105522000.0,0.59,0.32,0.59,1457355000.0,,1457355000.0,4615216574.0,22.0,16.247,76200000.0,0.68,1.0,183050000.0,0.409,1228365000.0,-66504000.0,3209185000.0,,0.0,1628209000.0,1628209000.0,0.0,2259001000.0,460535000.0,1798466000.0,3449558574.0,-118550000.0,0.0,4844000.0,-102668000.0,0.0,-93273000.0,-79684000.0,-70936000.0,54407000.0,0.0,63035000.0,63035000.0,63035000.0,0.0,0.0,0.141,109002000.0,74048000.0,170753000.0,0.0,2.367,27.119,25.238,65269000.0,0.0,30.79,2.081,2.081,233266000.0,512997000.0,447440000.0,447440000.0,0.0,,,,,-2201000.0,69363000.0,1.0,112035030.0,112035030.0,,3.994,2488087000.0,108084000.0,42487000.0,254849000.0,22.208,1852011000.0
59,NDAQ,MRQ,2006-09-30,2006-09-30,2006-09-30,2021-08-04,71168000.0,3542395000.0,,2134795000.0,1407600000.0,,11.799,-6271000.0,440545000.0,440545000.0,231709000.0,30226000.0,6.106,1.688,1606203000.0,11693000.0,1594510000.0,1606203000.0,183112000.0,14313000.0,0.0,0.0,0.0,75559000.0,89872000.0,0.223,89872000.0,75559000.0,49904000.0,0.27,0.27,0.27,1317462000.0,,1317462000.0,4512059288.0,21.0,15.439,44914000.0,0.402,1.0,171150000.0,0.425,1203889000.0,25655000.0,3154564000.0,,0.0,1419826000.0,1419826000.0,0.0,2224522000.0,349600000.0,1874922000.0,3376463288.0,-48272000.0,-15899000.0,1742000.0,-18305000.0,0.0,-15347000.0,-84110000.0,-92183000.0,51185000.0,0.0,30226000.0,30226000.0,30226000.0,0.0,0.0,0.075,103291000.0,67859000.0,128529000.0,0.0,2.563,42.064,36.878,62949000.0,0.0,30.24,2.297,2.297,228387000.0,449962000.0,402859000.0,402859000.0,0.0,,,,,861000.0,66312000.0,1.0,111655532.0,111655532.0,,3.608,2338506000.0,137599000.0,19678000.0,88328000.0,20.944,1785195000.0
60,NDAQ,MRQ,2006-06-30,2006-06-30,2006-06-30,2021-08-04,-31888000.0,3415234000.0,,1988688000.0,1426546000.0,,10.577,-5339000.0,488817000.0,488817000.0,239881000.0,16644000.0,5.828,1.897,1624413000.0,11848000.0,1612565000.0,1624413000.0,213487000.0,21470000.0,0.0,0.0,0.0,52145000.0,73615000.0,0.179,73615000.0,52145000.0,27739000.0,0.16,0.16,0.16,1178791000.0,,1178791000.0,4148050655.0,24.0,16.497,36428000.0,0.327,1.0,171151000.0,0.416,1195528000.0,24406000.0,3014073000.0,,0.0,1215525000.0,1215525000.0,0.0,2235898000.0,341229000.0,1894669000.0,3332308655.0,113912000.0,0.0,664863000.0,433671000.0,0.0,1102253000.0,-1030108000.0,-1024833000.0,41767000.0,0.0,16644000.0,16644000.0,16644000.0,0.0,0.0,0.04,134821000.0,36330000.0,121890000.0,0.0,2.827,50.133,39.867,94305000.0,0.0,29.9,2.589,2.589,234485000.0,419736000.0,411032000.0,411032000.0,0.0,,,,,-1031000.0,84839000.0,1.0,111448450.0,111448450.0,,3.688,2219706000.0,138591000.0,11095000.0,89221000.0,19.917,1647459000.0
61,NDAQ,MRQ,2006-03-31,2006-03-31,2006-03-31,2021-08-04,-1247000.0,2346547000.0,,889288000.0,1457259000.0,,5.637,-650000.0,374905000.0,374905000.0,234221000.0,17988000.0,2.478,3.499,1190647000.0,7500000.0,1183147000.0,1190647000.0,234084000.0,24549000.0,0.0,0.0,0.0,46424000.0,70973000.0,0.179,70973000.0,46424000.0,29980000.0,0.2,0.2,0.2,521389000.0,,521389000.0,4730501451.0,32.0,21.291,53066000.0,0.574,1.0,162018000.0,0.409,1204937000.0,16444000.0,1598495000.0,,0.0,221275000.0,221275000.0,0.0,1824296000.0,358857000.0,1465439000.0,3703310451.0,209668000.0,-38060000.0,328095000.0,-1875000.0,0.0,236433000.0,-80481000.0,-42005000.0,53716000.0,0.0,17988000.0,17298000.0,17298000.0,0.0,0.0,0.044,120207000.0,41811000.0,121892000.0,0.0,7.103,60.165,54.108,107763000.0,690000.0,40.04,3.379,3.379,241067000.0,403092000.0,396239000.0,396239000.0,0.0,,,,,-12516000.0,68637000.0,1.0,92490271.0,92490271.0,,4.284,1141610000.0,141175000.0,11992000.0,93028000.0,12.343,530431000.0
62,NDAQ,MRQ,2005-12-31,2005-12-31,2005-12-31,2021-08-04,-1290000.0,2046786000.0,,596963000.0,1449823000.0,,3.085,-11816000.0,165237000.0,165237000.0,120947000.0,17146000.0,1.835,7.086,1192428000.0,7500000.0,1184928000.0,1192428000.0,145612000.0,20221000.0,0.0,0.0,0.0,37564000.0,57785000.0,0.223,57785000.0,37564000.0,29462000.0,0.19,0.08,0.19,253007000.0,,253007000.0,3063742611.0,24.0,15.826,5684000.0,0.069,1.0,138628000.0,0.534,1177371000.0,8102000.0,1571278000.0,,0.0,179369000.0,179369000.0,0.0,1792781000.0,325328000.0,1467453000.0,2885173611.0,-123527000.0,-946030000.0,17968000.0,725000000.0,0.0,740729000.0,-881756000.0,76090000.0,17500000.0,0.0,17146000.0,16102000.0,16102000.0,0.0,0.0,0.062,105408000.0,33220000.0,147102000.0,0.0,11.404,52.369,51.735,122576000.0,1044000.0,35.18,3.279,3.279,207632000.0,385794000.0,259575000.0,259575000.0,0.0,,,,,-12967000.0,49094000.0,1.0,82011757.0,82011757.0,,3.165,869415000.0,143289000.0,12316000.0,97259000.0,10.601,271635000.0
63,NDAQ,MRQ,2005-09-30,2005-09-30,2005-09-30,2021-08-04,-815000.0,1113238000.0,,746237000.0,367001000.0,,2.532,-4488000.0,288764000.0,288764000.0,89821000.0,17802000.0,3.007,4.37,467333000.0,0.0,467333000.0,467333000.0,178911000.0,13639000.0,0.0,0.0,0.0,35433000.0,49072000.0,0.223,49072000.0,35433000.0,30693000.0,0.2,0.2,0.2,205191000.0,,205191000.0,2217037567.0,22.0,13.2,3914000.0,0.048,1.0,130644000.0,0.593,181806000.0,4740000.0,861826000.0,,0.0,256482000.0,256482000.0,0.0,896665000.0,248175000.0,648490000.0,2054084567.0,-15522000.0,-27500000.0,18148000.0,0.0,0.0,17415000.0,-41339000.0,-9351000.0,8402000.0,0.0,17802000.0,16426000.0,16426000.0,0.0,0.0,0.075,99282000.0,31362000.0,76717000.0,0.0,10.011,50.611,49.706,126381000.0,1376000.0,25.35,2.605,2.605,133295000.0,369692000.0,220465000.0,220465000.0,0.0,,,,,-5196000.0,52188000.0,1.0,81028977.0,81028977.0,,2.721,931432000.0,68421000.0,12891000.0,28329000.0,11.495,498062000.0
64,NDAQ,MRQ,2005-06-30,2005-06-30,2005-06-30,2021-08-04,-743000.0,1072006000.0,,696371000.0,375635000.0,,2.069,14106000.0,304286000.0,304286000.0,89225000.0,13971000.0,2.763,5.485,467239000.0,0.0,467239000.0,467239000.0,209495000.0,14933000.0,0.0,0.0,0.0,29420000.0,44353000.0,0.202,44353000.0,29420000.0,24786000.0,0.15,0.15,0.15,163716000.0,,163716000.0,1673522242.0,29.0,12.843,22902000.0,0.289,1.0,130461000.0,0.594,181701000.0,4634000.0,801223000.0,,0.0,246054000.0,246054000.0,0.0,898064000.0,252035000.0,646029000.0,1492463242.0,220345000.0,0.0,16339000.0,205000000.0,0.0,182011000.0,29538000.0,15432000.0,8796000.0,0.0,13971000.0,11727000.0,11727000.0,0.0,0.0,0.053,104138000.0,26323000.0,64749000.0,0.0,9.116,84.458,82.0,134676000.0,2244000.0,18.86,2.157,2.157,112879000.0,353266000.0,219686000.0,219686000.0,0.0,,,,,-2339000.0,56592000.0,1.0,79133788.0,79133788.0,,2.776,890305000.0,65656000.0,10815000.0,21118000.0,11.251,444336000.0
65,NDAQ,MRQ,2005-03-31,2005-03-31,2005-03-31,2021-08-04,-1624000.0,887489000.0,,495621000.0,391868000.0,,2.132,-5164000.0,83941000.0,83941000.0,53915000.0,12771000.0,1.796,4.266,265000000.0,0.0,265000000.0,265000000.0,232955000.0,18193000.0,0.0,0.0,0.0,24183000.0,42376000.0,0.235,42376000.0,24183000.0,21321000.0,0.14,0.14,0.14,168522000.0,,168522000.0,1052567637.0,28.0,9.34,81041000.0,1.025,1.0,126278000.0,0.701,182481000.0,2862000.0,610109000.0,,0.0,261656000.0,261656000.0,0.0,718967000.0,275958000.0,443009000.0,845753637.0,25755000.0,3063000.0,402000.0,0.0,0.0,-624000.0,-59826000.0,-57725000.0,86205000.0,0.0,12771000.0,10840000.0,10840000.0,0.0,0.0,0.06,103520000.0,22758000.0,63384000.0,0.0,5.019,117.76,107.0,162110000.0,1931000.0,10.7,1.428,1.428,108035000.0,341541000.0,180193000.0,180193000.0,0.0,,,,,317000.0,51174000.0,1.0,79042396.0,79042396.0,,2.28,705008000.0,68993000.0,8550000.0,25243000.0,8.919,219663000.0
66,NDAQ,MRQ,2004-12-31,2004-12-31,2004-12-31,2021-08-04,-1056000.0,814820000.0,,406197000.0,408623000.0,,1.991,-1149000.0,58186000.0,58186000.0,46668000.0,7431000.0,1.95,4.204,265000000.0,0.0,265000000.0,265000000.0,149358000.0,21339000.0,0.0,0.0,0.0,10816000.0,32155000.0,0.191,32155000.0,10816000.0,7945000.0,0.02,0.02,0.02,156563000.0,,156563000.0,1018952209.0,43.0,10.197,-3548000.0,-0.045,1.0,121386000.0,0.722,182167000.0,2871000.0,631151000.0,,0.0,205521000.0,203513000.0,2008000.0,658257000.0,208316000.0,449941000.0,801938209.0,10200000.0,0.0,1893000.0,0.0,0.0,852000.0,11747000.0,12896000.0,-2399000.0,0.0,7431000.0,1593000.0,1593000.0,-9558000.0,0.0,0.009,121404000.0,-18000.0,56929000.0,0.0,5.122,-439.178,-510.0,173840000.0,5838000.0,10.2,1.484,1.484,107487000.0,330701000.0,168054000.0,168054000.0,0.0,,,,,293000.0,64237000.0,1.0,78621393.0,78621393.0,,2.138,632653000.0,72974000.0,514000.0,29514000.0,8.047,197881000.0
67,NDAQ,MRQ,2004-09-30,2004-09-30,2004-09-30,2021-08-04,-593000.0,850535000.0,,398850000.0,451685000.0,,1.998,-3732000.0,47986000.0,47986000.0,9177000.0,-5485000.0,1.66,4.415,265000000.0,0.0,265000000.0,265000000.0,174817000.0,18871000.0,0.0,0.0,0.0,-7447000.0,11424000.0,0.092,11424000.0,-7447000.0,-10320000.0,-0.08,-0.08,-0.08,157082000.0,,157082000.0,585081870.0,-70.0,8.664,12297000.0,0.156,1.0,114793000.0,0.926,184129000.0,2873000.0,643082000.0,,0.0,219592000.0,214582000.0,5010000.0,693453000.0,240338000.0,453115000.0,542466870.0,-174399000.0,-190000000.0,-1000.0,0.0,0.0,-992000.0,-189436000.0,4296000.0,16029000.0,0.0,-5485000.0,-6489000.0,-6489000.0,0.0,0.0,-0.052,123759000.0,-8966000.0,46093000.0,0.0,3.453,-20.122,-20.294,205335000.0,1004000.0,6.9,1.063,1.063,92515000.0,329108000.0,123970000.0,123970000.0,0.0,,,,,182000.0,63707000.0,1.0,78618387.0,78618387.0,,1.577,666406000.0,85421000.0,-4835000.0,35316000.0,8.476,158512000.0
68,NDAQ,MRQ,2004-06-30,2004-06-30,2004-06-30,2021-08-04,-1645000.0,855085000.0,,546245000.0,308840000.0,,2.069,-4224000.0,222385000.0,222385000.0,0.0,4785000.0,2.218,4.265,265000000.0,0.0,265000000.0,265000000.0,194110000.0,16510000.0,0.0,0.0,0.0,10228000.0,26738000.0,0.223,26738000.0,10228000.0,7361000.0,0.02,0.02,0.02,162421000.0,,162421000.0,626045162.0,-15.0,17.068,45335000.0,0.577,1.0,120013000.0,1.0,812000.0,2867000.0,650576000.0,,0.0,222893000.0,200926000.0,21967000.0,692664000.0,246312000.0,446352000.0,494653162.0,88777000.0,0.0,381000.0,0.0,0.0,-3215000.0,42433000.0,46657000.0,49559000.0,0.0,4785000.0,1238000.0,1238000.0,0.0,0.0,0.01,111450000.0,8563000.0,30850000.0,0.0,3.046,-8.106,-8.077,214626000.0,3547000.0,6.3,0.936,0.936,74220000.0,335597000.0,120013000.0,120013000.0,0.0,,,,,311000.0,50659000.0,1.0,78516375.0,78516375.0,,1.529,854273000.0,107146000.0,2576000.0,40907000.0,10.88,299933000.0
69,NDAQ,MRQ,2004-03-31,2004-03-31,2004-03-31,2021-08-04,-118000.0,873471000.0,,561184000.0,312287000.0,,2.063,-5625000.0,133608000.0,133608000.0,0.0,4631000.0,2.159,4.392,265000000.0,0.0,265000000.0,265000000.0,211490000.0,19616000.0,0.0,0.0,0.0,9998000.0,29614000.0,0.231,29614000.0,9998000.0,7125000.0,0.02,0.02,0.02,162002000.0,,162002000.0,792918825.0,-7.0,-37.911,48211000.0,0.614,1.0,128404000.0,1.0,841000.0,2873000.0,744079000.0,,0.0,272850000.0,263344000.0,9506000.0,711469000.0,259943000.0,451526000.0,675240825.0,-15321000.0,0.0,-85000.0,0.0,0.0,-3101000.0,-66056000.0,-60431000.0,53836000.0,0.0,4631000.0,1832000.0,1832000.0,0.0,0.0,0.014,119800000.0,8604000.0,33989000.0,0.0,4.168,-5.933,-5.89,228007000.0,2799000.0,8.6,1.215,1.215,111501000.0,334359000.0,128404000.0,128404000.0,0.0,,,,,-84000.0,52200000.0,1.0,78516375.0,78516375.0,,1.635,872630000.0,111257000.0,2494000.0,40546000.0,11.114,301241000.0
70,NDAQ,MRQ,2003-12-31,2003-12-31,2003-12-31,2021-08-04,86000.0,851254000.0,,529617000.0,321637000.0,,2.049,-5856000.0,148929000.0,148929000.0,0.0,-20997000.0,2.229,4.297,266607000.0,1607000.0,265000000.0,266607000.0,144442000.0,20938000.0,0.0,0.0,0.0,-21184000.0,-246000.0,-0.002,-246000.0,-21184000.0,-24105000.0,-0.3,-0.3,-0.3,160696000.0,,160696000.0,895500275.0,-8.0,-49.342,23869000.0,0.304,1.0,138010000.0,1.0,871000.0,2921000.0,730430000.0,,0.0,213975000.0,209469000.0,4506000.0,690558000.0,237631000.0,452927000.0,741181275.0,29538000.0,0.0,355000.0,0.0,0.0,-2225000.0,2038000.0,7894000.0,29725000.0,0.0,-20997000.0,-23540000.0,-23540000.0,10190000.0,0.0,-0.171,150661000.0,-12651000.0,51517000.0,0.0,4.612,-6.517,-6.517,242943000.0,2543000.0,9.45,1.257,1.257,119136000.0,332527000.0,138010000.0,138010000.0,0.0,,,,,-172000.0,47436000.0,1.0,78431881.0,78431881.0,,1.76,850383000.0,112539000.0,-3108000.0,40917000.0,10.842,291986000.0
71,NDAQ,MRQ,2003-09-30,2003-09-30,2003-09-30,2021-08-04,-1607000.0,909844000.0,,556386000.0,353458000.0,,2.325,-2857000.0,127836000.0,127836000.0,0.0,-38008000.0,2.096,3.99,282155000.0,10865000.0,271290000.0,282155000.0,168504000.0,21158000.0,0.0,0.0,0.0,-40584000.0,-19426000.0,-0.137,-19426000.0,-40584000.0,-45766000.0,-0.52,-0.52,-0.52,182334000.0,,182334000.0,795426227.0,-10.0,3734.395,-27786000.0,-0.354,1.0,141900000.0,1.0,1944000.0,5182000.0,796816000.0,,0.0,223046000.0,221540000.0,1506000.0,727510000.0,265403000.0,462107000.0,631374227.0,-143313000.0,0.0,0.0,-150000000.0,0.0,-152592000.0,34208000.0,37065000.0,-24929000.0,0.0,-38008000.0,-40550000.0,-40550000.0,30265000.0,0.0,-0.286,154707000.0,-12807000.0,60112000.0,0.0,3.463,-6.84,-6.822,278461000.0,2542000.0,8.05,1.012,1.012,133726000.0,356067000.0,141900000.0,141900000.0,0.0,,,,,-167000.0,54564000.0,1.0,78431581.0,78431581.0,,1.809,907900000.0,124312000.0,-7758000.0,51902000.0,11.576,290983000.0
72,NDAQ,MRQ,2003-06-30,2003-06-30,2003-06-30,2021-08-04,2280000.0,1166302000.0,,751124000.0,415178000.0,,2.892,-7357000.0,269107000.0,269107000.0,0.0,-49008000.0,2.414,4.118,433159000.0,10940000.0,422219000.0,433159000.0,197259000.0,25111000.0,0.0,0.0,0.0,-55968000.0,-30857000.0,-0.209,-30857000.0,-55968000.0,-61190000.0,-0.66,-0.66,-0.66,226570000.0,,226570000.0,805604814.0,-80.0,10.567,11360000.0,0.145,1.0,147574000.0,1.0,6145000.0,5222000.0,1013120000.0,,0.0,261495000.0,261495000.0,0.0,933090000.0,311089000.0,622001000.0,630701814.0,-8831000.0,0.0,640000.0,0.0,0.0,-1924000.0,-25624000.0,-18267000.0,18717000.0,0.0,-49008000.0,-51552000.0,-51552000.0,16626000.0,0.0,-0.349,194522000.0,-46948000.0,73588000.0,0.0,2.784,-15.202,-15.19,328987000.0,2544000.0,8.051,0.927,0.927,146363000.0,396617000.0,147574000.0,147574000.0,0.0,,,,,-281000.0,68193000.0,1.0,78340266.0,78340266.0,,1.884,1160157000.0,124484000.0,-12182000.0,51019000.0,14.809,440035000.0
73,NDAQ,MRQ,2003-03-31,2003-03-31,2003-03-31,2021-08-04,-3406000.0,1210615000.0,,752955000.0,457660000.0,,3.473,-15382000.0,277307000.0,277307000.0,0.0,2566000.0,2.485,3.46,452210000.0,15383000.0,436827000.0,452210000.0,231042000.0,22776000.0,0.0,0.0,0.0,9604000.0,32380000.0,0.199,32380000.0,9604000.0,4374000.0,0.02,0.02,0.02,272098000.0,,272098000.0,793342849.0,12.0,5.184,66372000.0,0.847,1.0,162361000.0,1.0,18692000.0,5230000.0,1063786000.0,,0.0,243174000.0,243174000.0,0.0,941458000.0,303040000.0,638418000.0,544464849.0,70072000.0,-2500000.0,-147000.0,0.0,0.0,-829000.0,-10853000.0,7029000.0,81754000.0,0.0,2566000.0,1916000.0,1916000.0,3254000.0,0.0,0.012,152269000.0,10092000.0,87472000.0,0.0,2.001,33.213,33.095,355431000.0,650000.0,6.95,0.738,0.738,152486000.0,448169000.0,162361000.0,162361000.0,0.0,,,,,570000.0,68042000.0,1.0,78340266.0,78340266.0,,2.073,1191923000.0,126605000.0,1808000.0,52594000.0,15.215,449915000.0
74,NDAQ,MRQ,2002-12-31,2002-12-31,2002-12-31,2021-08-04,-2326000.0,1175914000.0,,697006000.0,478908000.0,,3.465,-22409000.0,201463000.0,201463000.0,0.0,320000.0,2.532,3.365,424422000.0,3545000.0,420877000.0,424422000.0,166698000.0,13274000.0,0.0,0.0,0.0,4842000.0,18116000.0,0.105,18116000.0,4842000.0,500000.0,-0.02,0.0,-0.02,270872000.0,,270872000.0,960883540.0,9.0,5.03,-19676000.0,-0.252,1.0,171896000.0,1.0,10183000.0,4342000.0,1113376000.0,,0.0,250555000.0,240799000.0,9756000.0,911524000.0,275314000.0,636210000.0,781837540.0,-60125000.0,-3000000.0,742000.0,-1574000.0,0.0,-2630000.0,-60228000.0,-34819000.0,2733000.0,0.0,320000.0,-2122000.0,-2122000.0,21893000.0,0.0,-0.012,139507000.0,32389000.0,88955000.0,0.0,2.886,23.434,25.0,328690000.0,2442000.0,10.0,0.993,0.993,168782000.0,446253000.0,171896000.0,171896000.0,0.0,,,,,313000.0,92832000.0,1.0,78183754.0,78183754.0,,2.199,1165731000.0,123019000.0,180000.0,49240000.0,14.91,421692000.0
75,NDAQ,MRQ,2002-09-30,2002-09-30,2002-09-30,2021-08-04,-6287000.0,1191554000.0,,721541000.0,470013000.0,,3.386,-16145000.0,274170000.0,274170000.0,0.0,12711000.0,2.561,3.489,453216000.0,4048000.0,449168000.0,453216000.0,199451000.0,25130000.0,0.0,0.0,0.0,31472000.0,56602000.0,0.285,56602000.0,31472000.0,24937000.0,0.13,0.13,0.13,266034000.0,,266034000.0,860532971.0,10.0,4.885,7376000.0,0.094,1.0,198789000.0,1.0,17575000.0,6535000.0,1071326000.0,,0.0,212977000.0,200156000.0,12821000.0,928174000.0,281699000.0,646475000.0,734700971.0,-56665000.0,-600000.0,0.0,-2321000.0,0.0,-2321000.0,-77865000.0,-61120000.0,23521000.0,0.0,12711000.0,10270000.0,10270000.0,0.0,0.0,0.052,173398000.0,25391000.0,114447000.0,0.0,2.762,33.053,31.167,359192000.0,2441000.0,9.35,0.894,0.894,186152000.0,448375000.0,198789000.0,198789000.0,0.0,,,,,476000.0,70340000.0,1.0,78577644.0,78577644.0,,2.53,1173979000.0,123987000.0,12226000.0,50772000.0,14.94,439842000.0
76,NDAQ,MRQ,2002-06-30,2002-06-30,2002-06-30,2021-08-04,-5004000.0,1233189000.0,,737182000.0,496007000.0,,3.24,-10528000.0,330835000.0,330835000.0,0.0,8770000.0,2.209,3.851,456667000.0,4076000.0,452591000.0,456667000.0,233795000.0,24795000.0,0.0,,0.0,21148000.0,45943000.0,0.224,45943000.0,21148000.0,17078000.0,0.08,0.08,0.08,254129000.0,,254129000.0,,,,11774000.0,0.15,1.0,205137000.0,1.0,18251000.0,4070000.0,1007044000.0,,0.0,155145000.0,133762000.0,21383000.0,978760000.0,333726000.0,645034000.0,,158424000.0,-4000000.0,1442000.0,152380000.0,0.0,153822000.0,-17700000.0,-3172000.0,22302000.0,0.0,8770000.0,6329000.0,6329000.0,0.0,0.0,0.031,174851000.0,30286000.0,137760000.0,0.0,,,,369855000.0,2441000.0,,,,204526000.0,438105000.0,205137000.0,205137000.0,0.0,,,,,1057000.0,65597000.0,1.0,78431873.0,78431873.0,,2.615,1214938000.0,134497000.0,8308000.0,41377000.0,15.49,403456000.0
77,NDAQ,MRQ,2002-03-31,2002-03-31,2002-03-31,2021-08-04,-8804000.0,1105243000.0,,605251000.0,499992000.0,,3.057,-17936000.0,172411000.0,172411000.0,0.0,21327000.0,1.637,3.597,304379000.0,4228000.0,300151000.0,304379000.0,256312000.0,25303000.0,0.0,,0.0,45075000.0,70378000.0,0.333,70378000.0,45075000.0,41534000.0,0.19,0.18,0.19,239767000.0,,239767000.0,,,,88150000.0,1.124,1.0,211332000.0,1.0,18969000.0,3541000.0,848497000.0,,0.0,160214000.0,134728000.0,25486000.0,862520000.0,369745000.0,492775000.0,,-121320000.0,-8400000.0,-305101000.0,1515000.0,0.0,-296719000.0,69313000.0,95649000.0,106086000.0,0.0,21327000.0,18886000.0,18886000.0,0.0,0.0,0.089,172343000.0,38989000.0,156175000.0,0.0,,,,372274000.0,2441000.0,,,,241045000.0,431776000.0,211332000.0,211332000.0,0.0,,,,,1309000.0,62293000.0,1.0,78439660.0,78439660.0,,2.694,1086274000.0,120313000.0,20207000.0,39597000.0,13.849,235506000.0
78,NDAQ,MRQ,2001-12-31,2001-12-31,2001-12-31,2021-08-04,-6976000.0,1326251000.0,,815172000.0,511079000.0,,4.669,-16509000.0,293731000.0,293731000.0,0.0,-13257000.0,2.764,1.548,305127000.0,4454000.0,300673000.0,305127000.0,187053000.0,18126000.0,0.0,,0.0,-14892000.0,3234000.0,0.016,3234000.0,-14892000.0,-19222000.0,-0.1,-0.09,-0.1,518388000.0,,518388000.0,,,,-32611000.0,-0.294,1.0,206289000.0,1.0,19469000.0,4330000.0,1023255000.0,,0.0,256598000.0,228029000.0,28569000.0,802486000.0,294923000.0,507563000.0,,-47950000.0,-2558000.0,77767000.0,-9543000.0,0.0,-12389000.0,-19459000.0,-392000.0,-16102000.0,0.0,-13257000.0,-13257000.0,-13257000.0,19592000.0,0.0,-0.064,204333000.0,1956000.0,132692000.0,0.0,,,,378833000.0,0.0,,,,228993000.0,412890000.0,206289000.0,206289000.0,0.0,,,,,1631000.0,68449000.0,1.0,111024731.0,111024731.0,,1.858,1306782000.0,126157000.0,-5965000.0,40610000.0,11.77,520249000.0
79,NDAQ,MRQ,2001-09-30,2001-09-30,2001-09-30,2021-08-04,-806000.0,1318455000.0,,829728000.0,488727000.0,,4.753,-31099000.0,329099000.0,329099000.0,0.0,7945000.0,2.859,1.496,286500000.0,0.0,286500000.0,286500000.0,208235000.0,22894000.0,0.0,,0.0,16678000.0,39572000.0,0.2,39572000.0,16678000.0,13681000.0,0.07,0.07,0.07,526474000.0,,526474000.0,,,,-57235000.0,-0.517,1.0,197708000.0,1.0,0.0,2997000.0,985595000.0,,0.0,258032000.0,234094000.0,23938000.0,787534000.0,290261000.0,497273000.0,,-15749000.0,0.0,0.0,11838000.0,0.0,11838000.0,-1451000.0,29648000.0,-26136000.0,0.0,7945000.0,7945000.0,7945000.0,0.0,0.0,0.04,190954000.0,6754000.0,135241000.0,0.0,,,,380409000.0,0.0,,,,207378000.0,426147000.0,197708000.0,197708000.0,0.0,,,,,3976000.0,64273000.0,1.0,110761355.0,110761355.0,,1.785,1318455000.0,100846000.0,5736000.0,36246000.0,11.904,539467000.0
80,NDAQ,MRQ,2001-06-30,2001-06-30,2001-06-30,2021-08-04,-4125000.0,1366668000.0,,886719000.0,479949000.0,,4.638,-25402000.0,344848000.0,344848000.0,0.0,19582000.0,2.534,1.657,283431000.0,0.0,283431000.0,283431000.0,235885000.0,21887000.0,0.0,,0.0,38305000.0,60192000.0,0.272,60192000.0,38305000.0,36335000.0,0.17,0.16,0.17,513679000.0,,513679000.0,,,,50164000.0,0.453,1.0,221306000.0,1.0,0.0,1970000.0,955343000.0,,0.0,283992000.0,264867000.0,19125000.0,850997000.0,349908000.0,501089000.0,,99737000.0,290000.0,-240000000.0,241837000.0,0.0,11401000.0,12770000.0,37882000.0,75566000.0,0.0,19582000.0,19582000.0,19582000.0,0.0,0.0,0.088,188573000.0,32733000.0,157647000.0,0.0,,,,372204000.0,0.0,,,,223431000.0,418202000.0,221306000.0,221306000.0,0.0,,,,,850000.0,65890000.0,1.0,110761355.0,110761355.0,,1.998,1366668000.0,98896000.0,16753000.0,40407000.0,12.339,536811000.0
81,NDAQ,MRQ,2001-03-31,2001-03-31,2001-03-31,2021-08-04,478000.0,1335196000.0,,869356000.0,465840000.0,,6.49,-29614000.0,245111000.0,245111000.0,0.0,26193000.0,2.44,0.84,36957000.0,0.0,36957000.0,36957000.0,256730000.0,20777000.0,0.0,,0.0,48481000.0,69258000.0,0.311,69258000.0,48481000.0,48001000.0,0.21,0.21,0.21,718852000.0,,718852000.0,,,,7023000.0,0.063,1.0,222767000.0,1.0,0.0,480000.0,770757000.0,,0.0,326149000.0,319610000.0,6539000.0,604065000.0,356285000.0,247780000.0,,-17146000.0,268000.0,0.0,-4132000.0,0.0,39556000.0,-93339000.0,-63993000.0,36637000.0,0.0,26193000.0,26193000.0,26193000.0,0.0,0.0,0.118,180673000.0,42094000.0,154064000.0,0.0,,,,368689000.0,0.0,,,,251945000.0,398620000.0,222767000.0,222767000.0,0.0,,,,,426000.0,58162000.0,1.0,110761355.0,110761355.0,,2.011,1335196000.0,96243000.0,21808000.0,39470000.0,12.055,513071000.0
82,NDAQ,MRQ,2000-12-31,2000-12-31,2000-12-31,2021-08-04,-1892000.0,1164399000.0,,744460000.0,419939000.0,,5.825,-103908000.0,262257000.0,262257000.0,0.0,10718000.0,2.638,0.781,39602000.0,5495000.0,34107000.0,39602000.0,204344000.0,20031000.0,0.0,,0.0,18308000.0,38339000.0,0.181,38339000.0,18308000.0,17207000.0,0.09,0.09,0.09,645159000.0,,645159000.0,,,,-41136000.0,-0.371,1.0,211472000.0,1.0,0.0,1101000.0,659511000.0,,0.0,260669000.0,254057000.0,6612000.0,503697000.0,282233000.0,221464000.0,,-35745000.0,0.0,-851000.0,2071000.0,0.0,1220000.0,-99737000.0,4171000.0,62772000.0,0.0,10718000.0,10718000.0,10718000.0,0.0,0.0,0.051,203223000.0,8249000.0,144167000.0,0.0,,,,326317000.0,0.0,,,,180910000.0,372427000.0,211472000.0,211472000.0,0.0,,,,,3788000.0,81827000.0,1.0,110761355.0,110761355.0,,1.909,1164399000.0,93624000.0,6489000.0,32116000.0,10.513,462227000.0
83,NDAQ,MRQ,2000-09-30,2000-09-30,2000-09-30,2021-08-04,,,,,,,,-47211000.0,,,0.0,22029000.0,,,,,,,,45614000.0,,,0.0,46396000.0,92010000.0,0.454,92010000.0,46396000.0,45678000.0,0.21,0.21,0.21,,,,,,,15166000.0,,1.0,202720000.0,1.0,,718000.0,,,,,,,,,,,-57591000.0,0.0,0.0,434000.0,0.0,434000.0,-120402000.0,-73191000.0,62377000.0,0.0,22029000.0,22029000.0,22029000.0,0.0,0.0,0.109,161843000.0,40877000.0,,0.0,,,,,0.0,,,,,,202720000.0,202720000.0,0.0,,,,,0.0,42428000.0,1.0,,,,,,,23649000.0,,,
84,NDAQ,MRQ,2000-06-30,2000-06-30,2000-06-30,2021-08-04,,,,,,,,-22316000.0,,,0.0,45299000.0,,,,,,,,0.0,,,0.0,74956000.0,74956000.0,0.354,74956000.0,74956000.0,74480000.0,0.46,0.46,0.46,,,,,,,26138000.0,,1.0,211504000.0,1.0,,476000.0,,,,,,,,,,,295963000.0,0.0,254142000.0,6314000.0,0.0,290456000.0,-42947000.0,-20631000.0,48454000.0,0.0,45299000.0,45299000.0,45299000.0,0.0,0.0,0.214,139753000.0,71751000.0,,0.0,,,,,0.0,,,,,,211504000.0,211504000.0,0.0,,,,,0.0,44061000.0,1.0,,,,,,,29181000.0,,,
85,NDAQ,MRQ,2000-03-31,2000-03-31,2000-03-31,2021-08-04,,,,,,,,-19357000.0,,,0.0,-54740000.0,,,,,,,,0.0,,,0.0,-23099000.0,-23099000.0,-0.112,-23099000.0,-23099000.0,-23582000.0,-0.55,-0.55,-0.55,,,,,,,67651000.0,,1.0,207015000.0,1.0,,483000.0,,,,,,,,,,,49032000.0,-16979000.0,0.0,-8819000.0,0.0,-8819000.0,-29157000.0,7179000.0,87008000.0,0.0,-54740000.0,-54740000.0,-54740000.0,0.0,0.0,-0.264,131224000.0,75791000.0,,0.0,,,,,0.0,,,,,,207015000.0,207015000.0,0.0,,,,,0.0,48936000.0,1.0,,,,,,,31158000.0,,,
86,NDAQ,MRQ,1999-12-31,1999-12-31,1999-12-31,2021-08-04,1742000.0,578254000.0,,312346000.0,265908000.0,,,,10598000.0,10598000.0,,,2.121,0.643,25000000.0,0.0,25000000.0,25000000.0,43267000.0,,0.0,,0.0,,,,,,,,,,352012000.0,,352012000.0,,,,,,1.0,,,0.0,,445379000.0,,0.0,215463000.0,164263000.0,51200000.0,226242000.0,147277000.0,78965000.0,,,,,,,,,,,,,,,,,,,,89146000.0,,,,,212111000.0,,,,,119571000.0,349121000.0,,,,,,,,,,1.0,,,,,578254000.0,5213000.0,,10928000.0,,165069000.0
0,NDAQ,MRT,2021-06-30,2021-06-30,2021-06-30,2021-08-04,-1452000000.0,17983000000.0,17320750000.0,5017000000.0,12966000000.0,0.343,40.587,-201000000.0,430000000.0,430000000.0,2740000000.0,1128000000.0,1.025,1.698,6098000000.0,221000000.0,5877000000.0,6098000000.0,451000000.0,235000000.0,0.0,0.011,2.01,1583000000.0,1818000000.0,0.306,1818000000.0,1583000000.0,1473000000.0,6.86,6.75,6.86,6660000000.0,6359000000.0,6660000000.0,34331607941.0,22.0,18.884,697000000.0,4.248,1.0,3200000000.0,0.539,11528000000.0,110000000.0,7228000000.0,6618000000.0,0.0,235000000.0,235000000.0,0.0,11312000000.0,4895000000.0,6417000000.0,28847607941.0,-311000000.0,-2240000000.0,-426000000.0,2102000000.0,-331000000.0,1297000000.0,-2521000000.0,9000000.0,898000000.0,15000000.0,1128000000.0,1128000000.0,1128000000.0,0.0,0.0,0.19,1815000000.0,1385000000.0,340000000.0,0.293,4.331,25.574,25.627,876000000.0,0.0,175.8,4.856,4.856,559000000.0,6098000000.0,5940000000.0,5940000000.0,0.0,0.065,0.177,0.239,0.266,90000000.0,1132000000.0,1.0,164093333.0,164093333.0,,36.199,6455000000.0,0.0,345000000.0,337000000.0,39.337,122000000.0
1,NDAQ,MRT,2021-03-31,2021-03-31,2021-03-31,2021-08-04,-1505000000.0,18490000000.0,16464750000.0,5654000000.0,12836000000.0,0.36,38.423,-204000000.0,812000000.0,812000000.0,2873000000.0,1028000000.0,1.018,1.92,6296000000.0,435000000.0,5861000000.0,6296000000.0,519000000.0,217000000.0,0.0,0.013,1.96,1438000000.0,1655000000.0,0.279,1655000000.0,1438000000.0,1335000000.0,6.25,6.15,6.25,6332000000.0,6132500000.0,6332000000.0,27448764190.0,19.0,16.585,1062000000.0,6.444,1.0,3053000000.0,0.515,11475000000.0,103000000.0,6943000000.0,5998750000.0,0.0,215000000.0,215000000.0,0.0,12156000000.0,5556000000.0,6600000000.0,24300764190.0,-232000000.0,-2430000000.0,-212000000.0,1653000000.0,-323000000.0,1067000000.0,-2582000000.0,87000000.0,1266000000.0,17000000.0,1028000000.0,1028000000.0,1028000000.0,0.0,0.0,0.173,1729000000.0,1324000000.0,314000000.0,0.314,3.838,23.639,23.594,878000000.0,0.0,147.46,4.101,4.101,574000000.0,5845000000.0,5926000000.0,5926000000.0,0.0,0.062,0.168,0.24,0.243,89000000.0,1098000000.0,1.0,164795634.0,164795634.0,,35.96,7015000000.0,0.0,307000000.0,542000000.0,42.568,98000000.0
2,NDAQ,MRT,2020-12-31,2020-12-31,2020-12-31,2021-08-04,-1368000000.0,17979000000.0,15541750000.0,7660000000.0,10319000000.0,0.362,39.217,-188000000.0,2782000000.0,2782000000.0,2724000000.0,933000000.0,1.556,1.794,5930000000.0,0.0,5930000000.0,5930000000.0,235000000.0,202000000.0,0.0,0.015,1.94,1313000000.0,1515000000.0,0.269,1515000000.0,1313000000.0,1212000000.0,5.67,5.59,5.67,6433000000.0,5898500000.0,6433000000.0,25125350626.0,19.0,16.584,1064000000.0,6.486,1.0,2903000000.0,0.516,9105000000.0,101000000.0,7098000000.0,5312000000.0,0.0,195000000.0,195000000.0,0.0,11543000000.0,4924000000.0,6619000000.0,21774350626.0,2420000000.0,-157000000.0,-172000000.0,1912000000.0,-320000000.0,1383000000.0,-231000000.0,141000000.0,1252000000.0,16000000.0,933000000.0,933000000.0,933000000.0,0.0,0.0,0.166,1669000000.0,1234000000.0,399000000.0,0.342,3.385,23.338,23.411,856000000.0,0.0,132.74,3.87,3.87,566000000.0,5628000000.0,5627000000.0,5627000000.0,0.0,0.06,0.158,0.247,0.233,87000000.0,1098000000.0,1.0,164037597.0,164037597.0,,34.303,8874000000.0,0.0,279000000.0,502000000.0,54.097,2736000000.0
3,NDAQ,MRT,2020-09-30,2020-09-30,2020-09-30,2021-08-04,-1632000000.0,14831000000.0,14528000000.0,4810000000.0,10021000000.0,0.36,36.595,-167000000.0,617000000.0,617000000.0,2469000000.0,911000000.0,1.156,1.467,3968000000.0,0.0,3968000000.0,3968000000.0,290000000.0,196000000.0,0.0,0.016,1.92,1301000000.0,1497000000.0,0.286,1497000000.0,1301000000.0,1198000000.0,5.54,5.46,5.54,6011000000.0,5700000000.0,6011000000.0,23300149982.0,18.0,15.565,989000000.0,6.021,1.0,2761000000.0,0.528,8818000000.0,103000000.0,5203000000.0,4647000000.0,0.0,177000000.0,177000000.0,0.0,8817000000.0,4161000000.0,4656000000.0,20156149982.0,284000000.0,-146000000.0,-147000000.0,-117000000.0,-316000000.0,-616000000.0,-266000000.0,50000000.0,1156000000.0,10000000.0,911000000.0,911000000.0,911000000.0,0.0,0.0,0.174,1585000000.0,1176000000.0,208000000.0,0.347,3.353,22.125,22.15,822000000.0,0.0,122.71,3.854,3.854,504000000.0,5484000000.0,5230000000.0,5230000000.0,0.0,0.063,0.16,0.28,0.249,86000000.0,1059000000.0,1.0,164258414.0,164258414.0,,31.84,6013000000.0,0.0,287000000.0,513000000.0,36.607,649000000.0
4,NDAQ,MRT,2020-06-30,2020-06-30,2020-06-30,2021-08-04,-1715000000.0,14559000000.0,14065250000.0,4716000000.0,9843000000.0,0.349,35.07,-132000000.0,741000000.0,741000000.0,2234000000.0,797000000.0,1.11,1.53,3885000000.0,0.0,3885000000.0,3885000000.0,351000000.0,192000000.0,0.0,0.016,1.9,1164000000.0,1356000000.0,0.276,1356000000.0,1164000000.0,1056000000.0,4.84,4.78,4.84,5754000000.0,5529000000.0,5754000000.0,22975543255.0,20.0,16.944,1129000000.0,6.881,1.0,2678000000.0,0.545,8703000000.0,108000000.0,4751000000.0,4418500000.0,0.0,206000000.0,206000000.0,0.0,8802000000.0,4249000000.0,4553000000.0,19601543255.0,378000000.0,-146000000.0,-263000000.0,-45000000.0,-313000000.0,-658000000.0,-222000000.0,62000000.0,1261000000.0,-3000000.0,797000000.0,797000000.0,797000000.0,0.0,0.0,0.162,1602000000.0,1076000000.0,447000000.0,0.393,3.407,24.594,24.684,801000000.0,0.0,119.47,3.991,3.991,523000000.0,5301000000.0,4912000000.0,4912000000.0,0.0,0.057,0.144,0.263,0.237,83000000.0,1065000000.0,1.0,164070840.0,164070840.0,,29.938,5856000000.0,0.0,259000000.0,506000000.0,35.692,467000000.0
5,NDAQ,MRT,2020-03-31,2020-03-31,2020-03-31,2021-08-04,-1909000000.0,14798000000.0,13958500000.0,5270000000.0,9528000000.0,0.328,32.701,-133000000.0,1044000000.0,1044000000.0,1973000000.0,730000000.0,0.967,1.742,4418000000.0,1146000000.0,3272000000.0,4418000000.0,416000000.0,190000000.0,0.0,0.02,1.88,1092000000.0,1282000000.0,0.28,1282000000.0,1092000000.0,979000000.0,4.42,4.37,4.42,5396000000.0,5478250000.0,5396000000.0,19023862054.0,17.0,14.839,873000000.0,5.291,1.0,2602000000.0,0.569,8526000000.0,113000000.0,4196000000.0,4326750000.0,0.0,254000000.0,254000000.0,0.0,9400000000.0,5450000000.0,3950000000.0,15667862054.0,505000000.0,-146000000.0,-285000000.0,499000000.0,-310000000.0,-167000000.0,-320000000.0,-40000000.0,1006000000.0,-14000000.0,730000000.0,730000000.0,730000000.0,0.0,0.0,0.16,1585000000.0,1017000000.0,344000000.0,0.425,2.904,21.463,21.482,699000000.0,0.0,94.95,3.425,3.425,568000000.0,5140000000.0,4575000000.0,4575000000.0,0.0,0.052,0.133,0.252,0.239,80000000.0,1065000000.0,1.0,165011712.0,165011712.0,,27.725,6272000000.0,0.0,249000000.0,507000000.0,38.009,-180000000.0
6,NDAQ,MRT,2019-12-31,2019-12-31,2019-12-31,2021-08-04,-1686000000.0,13924000000.0,13884750000.0,4290000000.0,9634000000.0,0.307,34.402,-127000000.0,362000000.0,362000000.0,1727000000.0,774000000.0,1.015,1.469,3718000000.0,391000000.0,3327000000.0,3718000000.0,211000000.0,190000000.0,0.0,0.017,1.85,1143000000.0,1333000000.0,0.313,1333000000.0,1143000000.0,1019000000.0,4.69,4.63,4.69,5639000000.0,5502750000.0,5639000000.0,21027303462.0,18.0,15.774,836000000.0,5.1,1.0,2535000000.0,0.595,8615000000.0,124000000.0,4438000000.0,4162250000.0,0.0,291000000.0,291000000.0,0.0,8285000000.0,4227000000.0,4058000000.0,17555303462.0,-224000000.0,-74000000.0,-163000000.0,-430000000.0,-305000000.0,-937000000.0,-240000000.0,-25000000.0,963000000.0,-10000000.0,774000000.0,774000000.0,774000000.0,0.0,0.0,0.182,1518000000.0,1017000000.0,280000000.0,0.394,3.113,22.681,22.836,730000000.0,0.0,107.1,4.119,4.119,422000000.0,5027000000.0,4262000000.0,4262000000.0,0.0,0.056,0.141,0.275,0.268,79000000.0,999000000.0,1.0,163915065.0,163915065.0,,26.001,5309000000.0,0.0,245000000.0,552000000.0,32.389,63000000.0
7,NDAQ,MRT,2019-09-30,2019-09-30,2019-09-30,2021-08-04,-1833000000.0,12980000000.0,14328750000.0,3499000000.0,9481000000.0,0.302,32.346,-127000000.0,333000000.0,333000000.0,1799000000.0,527000000.0,0.948,1.437,3805000000.0,539000000.0,3266000000.0,3805000000.0,267000000.0,194000000.0,0.0,0.018,1.82,1230000000.0,1424000000.0,0.329,1424000000.0,1230000000.0,1095000000.0,3.19,3.16,3.19,5327000000.0,5455250000.0,5327000000.0,19830727962.0,16.0,13.926,857000000.0,5.204,1.0,2533000000.0,0.585,8471000000.0,135000000.0,4289000000.0,3980750000.0,0.0,201000000.0,201000000.0,0.0,7653000000.0,3692000000.0,3961000000.0,16361727962.0,-43000000.0,-160000000.0,-181000000.0,-317000000.0,-300000000.0,-850000000.0,-162000000.0,148000000.0,984000000.0,-15000000.0,527000000.0,527000000.0,527000000.0,0.0,0.0,0.122,1535000000.0,998000000.0,180000000.0,0.571,3.071,31.047,31.144,707000000.0,0.0,99.35,3.777,3.777,399000000.0,4901000000.0,4332000000.0,4332000000.0,0.0,0.037,0.097,0.309,0.284,75000000.0,1004000000.0,1.0,164687750.0,164687750.0,,26.304,4509000000.0,0.0,568000000.0,525000000.0,27.379,-193000000.0
8,NDAQ,MRT,2019-06-30,2019-06-30,2019-06-30,2021-08-04,-1666000000.0,14132000000.0,14797500000.0,4363000000.0,9769000000.0,0.284,33.499,-129000000.0,363000000.0,363000000.0,1699000000.0,540000000.0,0.963,1.546,3832000000.0,467000000.0,3365000000.0,3832000000.0,333000000.0,200000000.0,0.0,0.019,1.79,1233000000.0,1433000000.0,0.341,1433000000.0,1233000000.0,1089000000.0,3.27,3.23,3.27,5551000000.0,5524000000.0,5551000000.0,19320802727.0,16.0,13.483,768000000.0,4.635,1.0,2501000000.0,0.595,8686000000.0,144000000.0,4384000000.0,3874250000.0,0.0,259000000.0,259000000.0,0.0,8581000000.0,4531000000.0,4050000000.0,15935802727.0,7000000.0,-168000000.0,-86000000.0,-347000000.0,-295000000.0,-765000000.0,-118000000.0,212000000.0,897000000.0,-7000000.0,540000000.0,540000000.0,540000000.0,0.0,0.0,0.129,1483000000.0,1018000000.0,319000000.0,0.547,2.871,29.511,29.41,755000000.0,0.0,96.17,3.794,3.794,415000000.0,4829000000.0,4200000000.0,4200000000.0,0.0,0.036,0.098,0.318,0.294,72000000.0,979000000.0,1.0,165704510.0,165704510.0,,25.346,5446000000.0,0.0,549000000.0,510000000.0,32.866,-168000000.0
9,NDAQ,MRT,2019-03-31,2019-03-31,2019-03-31,2021-08-04,-1645000000.0,14503000000.0,15049750000.0,4736000000.0,9767000000.0,0.277,33.212,-115000000.0,539000000.0,539000000.0,1673000000.0,528000000.0,0.84,1.64,3924000000.0,1239000000.0,2685000000.0,3924000000.0,402000000.0,205000000.0,0.0,0.02,1.76,1288000000.0,1493000000.0,0.358,1493000000.0,1288000000.0,1138000000.0,3.2,3.16,3.2,5494000000.0,5521750000.0,5494000000.0,17717599212.0,14.0,11.867,875000000.0,5.29,1.0,2493000000.0,0.598,8709000000.0,150000000.0,3538000000.0,3722750000.0,0.0,220000000.0,220000000.0,0.0,9009000000.0,5641000000.0,3368000000.0,14472599212.0,110000000.0,126000000.0,-278000000.0,-422000000.0,-290000000.0,-992000000.0,130000000.0,151000000.0,990000000.0,-18000000.0,528000000.0,528000000.0,528000000.0,0.0,0.0,0.127,1462000000.0,1031000000.0,287000000.0,0.55,2.634,27.41,27.341,748000000.0,0.0,87.49,3.474,3.474,447000000.0,4732000000.0,4166000000.0,4166000000.0,0.0,0.035,0.096,0.346,0.309,70000000.0,967000000.0,1.0,165420039.0,165420039.0,,25.184,5794000000.0,0.0,610000000.0,503000000.0,35.026,-905000000.0
10,NDAQ,MRT,2018-12-31,2018-12-31,2018-12-31,2021-08-04,-1530000000.0,15700000000.0,15371500000.0,6370000000.0,9330000000.0,0.278,33.234,-111000000.0,586000000.0,586000000.0,1751000000.0,458000000.0,0.97,1.881,3831000000.0,875000000.0,2956000000.0,3831000000.0,194000000.0,210000000.0,0.0,0.021,1.7,1214000000.0,1424000000.0,0.333,1424000000.0,1214000000.0,1064000000.0,2.77,2.73,2.77,5449000000.0,5579500000.0,5449000000.0,16877974611.0,14.0,11.853,917000000.0,5.593,1.0,2526000000.0,0.591,8663000000.0,150000000.0,3712000000.0,3953000000.0,0.0,268000000.0,268000000.0,0.0,10251000000.0,6570000000.0,3681000000.0,13373974611.0,187000000.0,211000000.0,-377000000.0,-320000000.0,-280000000.0,-1027000000.0,196000000.0,122000000.0,1028000000.0,-10000000.0,458000000.0,458000000.0,458000000.0,0.0,0.0,0.107,1498000000.0,1028000000.0,307000000.0,0.614,2.454,29.201,29.448,376000000.0,0.0,81.57,3.127,3.127,384000000.0,4558000000.0,4277000000.0,4277000000.0,0.0,0.03,0.082,0.307,0.284,69000000.0,996000000.0,1.0,163957026.0,163957026.0,,26.086,7037000000.0,0.0,606000000.0,501000000.0,42.92,-200000000.0
11,NDAQ,MRT,2018-09-30,2018-09-30,2018-09-30,2021-08-04,-1184000000.0,14855000000.0,15285000000.0,5457000000.0,9398000000.0,0.272,34.053,-114000000.0,376000000.0,376000000.0,1649000000.0,748000000.0,0.941,1.652,3880000000.0,808000000.0,3072000000.0,3880000000.0,348000000.0,207000000.0,0.0,0.019,1.64,1096000000.0,1303000000.0,0.313,1303000000.0,1096000000.0,947000000.0,4.5,4.44,4.5,5602000000.0,5687250000.0,5602000000.0,17605829901.0,16.0,13.512,854000000.0,5.191,1.0,2512000000.0,0.604,8697000000.0,149000000.0,3863000000.0,4243500000.0,0.0,202000000.0,202000000.0,0.0,9253000000.0,5799000000.0,3454000000.0,14114829901.0,-175000000.0,-490000000.0,-391000000.0,156000000.0,-271000000.0,-541000000.0,-590000000.0,-10000000.0,968000000.0,-12000000.0,748000000.0,748000000.0,748000000.0,0.0,0.0,0.18,1483000000.0,1029000000.0,197000000.0,0.364,2.52,18.87,19.067,371000000.0,0.0,85.8,3.392,3.392,356000000.0,4399000000.0,4161000000.0,4161000000.0,0.0,0.049,0.132,0.258,0.263,69000000.0,971000000.0,1.0,164508507.0,164508507.0,,25.294,6158000000.0,0.0,199000000.0,137000000.0,37.433,-342000000.0
12,NDAQ,MRT,2018-06-30,2018-06-30,2018-06-30,2021-08-04,-1191000000.0,15141000000.0,15339250000.0,5727000000.0,9414000000.0,0.271,33.192,-125000000.0,356000000.0,356000000.0,1647000000.0,755000000.0,0.932,1.732,3847000000.0,768000000.0,3079000000.0,3847000000.0,406000000.0,202000000.0,0.0,0.017,1.58,1117000000.0,1319000000.0,0.317,1319000000.0,1117000000.0,972000000.0,4.53,4.47,4.53,5542000000.0,5720500000.0,5542000000.0,18924966923.0,17.0,14.348,924000000.0,5.534,1.0,2515000000.0,0.604,8706000000.0,145000000.0,3778000000.0,4601750000.0,0.0,313000000.0,313000000.0,0.0,9599000000.0,6148000000.0,3451000000.0,15238966923.0,-18000000.0,-482000000.0,-354000000.0,259000000.0,-262000000.0,-424000000.0,-635000000.0,-21000000.0,1049000000.0,-8000000.0,755000000.0,755000000.0,755000000.0,0.0,0.0,0.181,1470000000.0,1045000000.0,399000000.0,0.349,2.75,20.184,20.148,370000000.0,0.0,91.27,3.661,3.661,405000000.0,4309000000.0,4162000000.0,4162000000.0,0.0,0.049,0.132,0.243,0.268,69000000.0,962000000.0,1.0,166965782.0,166965782.0,,24.927,6435000000.0,0.0,217000000.0,99000000.0,38.541,-421000000.0
13,NDAQ,MRT,2018-03-31,2018-03-31,2018-03-31,2021-08-04,-1060000000.0,15790000000.0,15219000000.0,5638000000.0,10152000000.0,0.271,34.372,-124000000.0,429000000.0,429000000.0,1633000000.0,739000000.0,0.934,1.758,4115000000.0,960000000.0,3155000000.0,4115000000.0,492000000.0,196000000.0,0.0,0.018,1.52,1039000000.0,1235000000.0,0.299,1235000000.0,1039000000.0,895000000.0,4.43,4.37,4.43,5725000000.0,5729000000.0,5725000000.0,18168857691.0,17.0,14.712,916000000.0,5.499,1.0,2496000000.0,0.605,8981000000.0,144000000.0,4459000000.0,4785250000.0,0.0,224000000.0,224000000.0,0.0,10065000000.0,6036000000.0,4029000000.0,14360857691.0,-35000000.0,-776000000.0,-94000000.0,278000000.0,-253000000.0,-198000000.0,-890000000.0,12000000.0,1040000000.0,13000000.0,739000000.0,739000000.0,739000000.0,0.0,0.0,0.179,1478000000.0,1018000000.0,365000000.0,0.343,2.508,19.433,19.463,384000000.0,0.0,86.22,3.478,3.478,486000000.0,4146000000.0,4129000000.0,4129000000.0,0.0,0.049,0.129,0.217,0.252,70000000.0,953000000.0,1.0,166560632.0,166560632.0,,24.79,6809000000.0,416000000.0,156000000.0,600000000.0,40.88,-398000000.0
14,NDAQ,MRT,2017-12-31,2017-12-31,2017-12-31,2021-08-04,-862000000.0,15354000000.0,14894000000.0,5510000000.0,9844000000.0,0.265,35.373,-144000000.0,399000000.0,399000000.0,1537000000.0,729000000.0,1.053,1.611,4207000000.0,480000000.0,3727000000.0,4207000000.0,287000000.0,188000000.0,0.0,0.019,1.46,1015000000.0,1203000000.0,0.305,1203000000.0,1015000000.0,872000000.0,4.38,4.3,4.38,5880000000.0,5635750000.0,5880000000.0,15963164555.0,16.0,13.269,765000000.0,4.602,1.0,2411000000.0,0.611,9054000000.0,143000000.0,4874000000.0,4822750000.0,0.0,235000000.0,235000000.0,0.0,9474000000.0,5234000000.0,4240000000.0,12771164555.0,-19000000.0,-776000000.0,-150000000.0,411000000.0,-243000000.0,-53000000.0,-890000000.0,32000000.0,909000000.0,15000000.0,729000000.0,729000000.0,729000000.0,0.0,0.0,0.185,1420000000.0,991000000.0,305000000.0,0.333,2.172,17.519,17.541,400000000.0,0.0,76.83,3.235,3.235,356000000.0,3963000000.0,3948000000.0,3948000000.0,0.0,0.049,0.129,0.21,0.257,70000000.0,910000000.0,1.0,166226273.0,166226273.0,,23.751,6300000000.0,0.0,143000000.0,225000000.0,37.9,276000000.0
15,NDAQ,MRT,2017-09-30,2017-09-30,2017-09-30,2021-08-04,-825000000.0,15072000000.0,14593000000.0,5446000000.0,9626000000.0,0.267,34.383,-151000000.0,551000000.0,551000000.0,1522000000.0,257000000.0,1.153,1.628,3743000000.0,154000000.0,3589000000.0,3743000000.0,361000000.0,185000000.0,0.0,0.018,1.4,396000000.0,581000000.0,0.149,581000000.0,396000000.0,252000000.0,1.53,1.52,1.53,5735000000.0,5523250000.0,5735000000.0,16116385423.0,41.0,27.739,742000000.0,4.449,1.0,2378000000.0,0.61,8245000000.0,144000000.0,5296000000.0,4887250000.0,0.0,207000000.0,207000000.0,0.0,9337000000.0,4723000000.0,4614000000.0,12938385423.0,275000000.0,-6000000.0,-131000000.0,-48000000.0,-233000000.0,-487000000.0,-139000000.0,40000000.0,893000000.0,8000000.0,257000000.0,257000000.0,257000000.0,0.0,0.0,0.066,1996000000.0,382000000.0,199000000.0,0.915,2.256,50.344,50.699,379000000.0,0.0,77.57,3.318,3.318,320000000.0,3787000000.0,3900000000.0,3900000000.0,0.0,0.018,0.047,0.081,0.102,83000000.0,919000000.0,1.0,166796254.0,166796254.0,,23.382,6827000000.0,611000000.0,-5000000.0,726000000.0,40.93,723000000.0
16,NDAQ,MRT,2017-06-30,2017-06-30,2017-06-30,2021-08-04,-892000000.0,14660000000.0,14527000000.0,4921000000.0,9739000000.0,0.266,33.757,-147000000.0,374000000.0,374000000.0,1504000000.0,218000000.0,0.987,1.629,3552000000.0,494000000.0,3058000000.0,3552000000.0,426000000.0,183000000.0,0.0,0.019,1.34,364000000.0,547000000.0,0.142,547000000.0,364000000.0,217000000.0,1.3,1.29,1.3,5576000000.0,5528000000.0,5576000000.0,14965609464.0,41.0,27.359,714000000.0,4.323,1.0,2360000000.0,0.611,8339000000.0,147000000.0,4512000000.0,4873500000.0,0.0,300000000.0,300000000.0,0.0,9084000000.0,4987000000.0,4097000000.0,11808609464.0,8000000.0,-6000000.0,-155000000.0,-233000000.0,-222000000.0,-668000000.0,-188000000.0,-44000000.0,861000000.0,3000000.0,218000000.0,218000000.0,218000000.0,0.0,0.0,0.056,2007000000.0,353000000.0,318000000.0,1.031,2.118,54.168,54.992,384000000.0,0.0,71.49,3.056,3.056,392000000.0,3680000000.0,3864000000.0,3864000000.0,0.0,0.015,0.039,0.075,0.094,85000000.0,924000000.0,1.0,165178479.0,165178479.0,,23.393,6321000000.0,633000000.0,-1000000.0,732000000.0,38.268,-66000000.0
17,NDAQ,MRT,2017-03-31,2017-03-31,2017-03-31,2021-08-04,-987000000.0,14490000000.0,14636750000.0,4947000000.0,9543000000.0,0.257,32.096,-147000000.0,464000000.0,464000000.0,1444000000.0,142000000.0,1.012,1.707,3621000000.0,379000000.0,3242000000.0,3621000000.0,486000000.0,177000000.0,0.0,0.018,1.28,295000000.0,472000000.0,0.125,472000000.0,295000000.0,152000000.0,0.84,0.84,0.84,5352000000.0,5563250000.0,5352000000.0,14765613458.0,50.0,31.283,618000000.0,3.706,1.0,2323000000.0,0.617,8152000000.0,143000000.0,4609000000.0,5032750000.0,0.0,220000000.0,220000000.0,0.0,9138000000.0,4886000000.0,4252000000.0,11580613458.0,112000000.0,-1253000000.0,-173000000.0,1131000000.0,-212000000.0,728000000.0,-1371000000.0,19000000.0,765000000.0,-10000000.0,142000000.0,142000000.0,142000000.0,0.0,0.0,0.038,2038000000.0,285000000.0,268000000.0,1.524,2.164,81.554,82.679,376000000.0,0.0,69.45,3.074,3.074,467000000.0,3595000000.0,3767000000.0,3767000000.0,0.0,0.01,0.026,0.059,0.078,85000000.0,908000000.0,1.0,166747494.0,166747494.0,,22.591,6338000000.0,617000000.0,10000000.0,702000000.0,38.01,61000000.0
18,NDAQ,MRT,2016-12-31,2016-12-31,2016-12-31,2021-08-04,-979000000.0,14150000000.0,14443500000.0,4560000000.0,9590000000.0,0.256,32.869,-134000000.0,418000000.0,418000000.0,1428000000.0,106000000.0,1.117,1.606,3603000000.0,0.0,3603000000.0,3603000000.0,333000000.0,170000000.0,0.0,0.018,1.21,268000000.0,438000000.0,0.118,438000000.0,268000000.0,133000000.0,0.64,0.63,0.64,5430000000.0,5649500000.0,5430000000.0,14521421131.0,54.0,33.154,642000000.0,3.886,1.0,2276000000.0,0.614,8121000000.0,135000000.0,5132000000.0,4818750000.0,0.0,245000000.0,245000000.0,0.0,8720000000.0,4082000000.0,4638000000.0,11088421131.0,61000000.0,-1466000000.0,-46000000.0,1300000000.0,-200000000.0,948000000.0,-1657000000.0,-57000000.0,776000000.0,-6000000.0,106000000.0,106000000.0,106000000.0,0.0,0.0,0.029,2018000000.0,258000000.0,283000000.0,1.891,2.042,104.608,104.875,362000000.0,0.0,67.12,2.994,2.994,429000000.0,3479000000.0,3704000000.0,3704000000.0,0.0,0.007,0.019,0.056,0.072,86000000.0,889000000.0,1.0,165202937.0,165202937.0,,22.421,6029000000.0,717000000.0,27000000.0,720000000.0,36.495,478000000.0
19,NDAQ,MRT,2016-09-30,2016-09-30,2016-09-30,2021-08-04,-882000000.0,14808000000.0,13871250000.0,4346000000.0,10462000000.0,0.259,34.777,-127000000.0,276000000.0,276000000.0,1382000000.0,481000000.0,1.072,1.574,3709000000.0,20000000.0,3689000000.0,3709000000.0,407000000.0,161000000.0,0.0,0.017,1.14,884000000.0,1045000000.0,0.291,1045000000.0,884000000.0,759000000.0,2.91,2.84,2.91,5754000000.0,5694250000.0,5754000000.0,14539743844.0,16.0,13.914,620000000.0,3.747,1.0,2214000000.0,0.616,8946000000.0,125000000.0,5241000000.0,4434250000.0,0.0,238000000.0,238000000.0,0.0,9054000000.0,4054000000.0,5000000000.0,11174743844.0,-63000000.0,-1460000000.0,-115000000.0,1265000000.0,-188000000.0,838000000.0,-1644000000.0,-46000000.0,747000000.0,-4000000.0,481000000.0,481000000.0,481000000.0,0.0,0.0,0.134,1343000000.0,871000000.0,186000000.0,0.392,1.942,23.232,23.21,342000000.0,0.0,67.54,3.108,3.108,349000000.0,3757000000.0,3596000000.0,3596000000.0,0.0,0.035,0.084,0.199,0.246,90000000.0,813000000.0,1.0,165453714.0,165453714.0,,21.734,5862000000.0,768000000.0,278000000.0,980000000.0,35.43,292000000.0
20,NDAQ,MRT,2016-06-30,2016-06-30,2016-06-30,2021-08-04,-860000000.0,15099000000.0,13111750000.0,4596000000.0,10503000000.0,0.27,34.751,-125000000.0,366000000.0,366000000.0,1380000000.0,488000000.0,1.067,1.641,3731000000.0,0.0,3731000000.0,3731000000.0,474000000.0,150000000.0,0.0,0.017,1.07,882000000.0,1032000000.0,0.292,1032000000.0,882000000.0,766000000.0,2.95,2.87,2.95,5717000000.0,5642250000.0,5717000000.0,12852162868.0,15.0,12.454,625000000.0,3.799,1.0,2158000000.0,0.61,9007000000.0,116000000.0,5149000000.0,4034750000.0,0.0,255000000.0,255000000.0,0.0,9382000000.0,4308000000.0,5074000000.0,10639162868.0,-7000000.0,-1460000000.0,-327000000.0,1455000000.0,-175000000.0,840000000.0,-1590000000.0,9000000.0,750000000.0,-7000000.0,488000000.0,488000000.0,488000000.0,0.0,0.0,0.138,1289000000.0,869000000.0,332000000.0,0.363,1.861,21.802,21.922,332000000.0,0.0,64.67,3.007,3.007,399000000.0,3679000000.0,3538000000.0,3538000000.0,0.0,0.037,0.086,0.219,0.249,76000000.0,783000000.0,1.0,164514657.0,164514657.0,,21.506,6092000000.0,741000000.0,278000000.0,983000000.0,37.03,288000000.0
21,NDAQ,MRT,2016-03-31,2016-03-31,2016-03-31,2021-08-04,-770000000.0,13717000000.0,12363000000.0,4722000000.0,8995000000.0,0.279,34.762,-132000000.0,352000000.0,352000000.0,1331000000.0,550000000.0,1.066,1.408,2565000000.0,0.0,2565000000.0,2565000000.0,492000000.0,142000000.0,0.0,0.015,1.0,924000000.0,1066000000.0,0.309,1066000000.0,924000000.0,813000000.0,3.32,3.22,3.32,5697000000.0,5642000000.0,5697000000.0,12885862141.0,14.0,12.088,619000000.0,3.777,1.0,2117000000.0,0.614,7748000000.0,111000000.0,3753000000.0,3602500000.0,0.0,259000000.0,259000000.0,0.0,8020000000.0,4429000000.0,3591000000.0,10878862141.0,-25000000.0,-213000000.0,-352000000.0,231000000.0,-165000000.0,-376000000.0,-403000000.0,-44000000.0,751000000.0,3000000.0,551000000.0,551000000.0,551000000.0,0.0,-1000000.0,0.16,1205000000.0,912000000.0,255000000.0,0.301,1.91,19.744,19.994,326000000.0,0.0,66.38,3.155,3.155,333000000.0,3609000000.0,3448000000.0,3448000000.0,0.0,0.045,0.098,0.256,0.268,72000000.0,766000000.0,1.0,163887649.0,163887649.0,,21.039,5969000000.0,604000000.0,262000000.0,678000000.0,36.421,293000000.0
22,NDAQ,MRT,2015-12-31,2015-12-31,2015-12-31,2021-08-04,-864000000.0,11861000000.0,11994250000.0,3260000000.0,8601000000.0,0.284,34.152,-133000000.0,357000000.0,357000000.0,1313000000.0,427000000.0,1.116,1.115,2364000000.0,0.0,2364000000.0,2364000000.0,327000000.0,138000000.0,0.0,0.015,0.9,742000000.0,880000000.0,0.259,880000000.0,742000000.0,631000000.0,2.56,2.5,2.56,5609000000.0,5603750000.0,5609000000.0,11680639183.0,16.0,13.273,594000000.0,3.617,1.0,2090000000.0,0.614,7354000000.0,111000000.0,3594000000.0,3518250000.0,0.0,201000000.0,201000000.0,0.0,6252000000.0,2920000000.0,3332000000.0,9553639183.0,-119000000.0,-226000000.0,-348000000.0,137000000.0,-149000000.0,-400000000.0,-435000000.0,-66000000.0,727000000.0,-11000000.0,428000000.0,428000000.0,428000000.0,0.0,-1000000.0,0.126,1370000000.0,720000000.0,256000000.0,0.352,1.703,22.322,22.723,323000000.0,0.0,58.17,2.807,2.807,316000000.0,3571000000.0,3403000000.0,3403000000.0,0.0,0.036,0.076,0.211,0.218,68000000.0,795000000.0,1.0,164236534.0,164236534.0,,20.72,4507000000.0,643000000.0,203000000.0,626000000.0,27.442,340000000.0
23,NDAQ,MRT,2015-09-30,2015-09-30,2015-09-30,2021-08-04,-847000000.0,11770000000.0,12046750000.0,3160000000.0,8610000000.0,0.287,32.83,-138000000.0,308000000.0,308000000.0,1384000000.0,365000000.0,1.108,1.122,2435000000.0,20000000.0,2415000000.0,2435000000.0,375000000.0,135000000.0,0.0,0.015,0.8,622000000.0,757000000.0,0.219,757000000.0,622000000.0,510000000.0,2.18,2.12,2.18,5546000000.0,5649750000.0,5546000000.0,10949038607.0,18.0,14.464,559000000.0,3.309,1.0,2072000000.0,0.6,7402000000.0,112000000.0,3643000000.0,3444000000.0,0.0,193000000.0,193000000.0,0.0,6224000000.0,2852000000.0,3372000000.0,9009038607.0,-31000000.0,-226000000.0,-338000000.0,190000000.0,-133000000.0,-266000000.0,-441000000.0,-68000000.0,697000000.0,-21000000.0,366000000.0,366000000.0,366000000.0,0.0,-1000000.0,0.106,1473000000.0,599000000.0,198000000.0,0.367,1.624,24.615,24.463,305000000.0,0.0,53.33,2.607,2.607,278000000.0,3464000000.0,3456000000.0,3456000000.0,0.0,0.03,0.065,0.181,0.18,40000000.0,834000000.0,1.0,168930032.0,168930032.0,,20.458,4368000000.0,679000000.0,144000000.0,630000000.0,25.857,308000000.0
24,NDAQ,MRT,2015-06-30,2015-06-30,2015-06-30,2021-08-04,-805000000.0,12104000000.0,12277250000.0,3446000000.0,8658000000.0,0.277,33.899,-133000000.0,341000000.0,341000000.0,1363000000.0,350000000.0,1.095,1.118,2281000000.0,0.0,2281000000.0,2281000000.0,439000000.0,135000000.0,0.0,0.014,0.7,596000000.0,731000000.0,0.215,731000000.0,596000000.0,483000000.0,2.08,2.03,2.08,5716000000.0,5792500000.0,5716000000.0,10189248046.0,17.0,13.939,522000000.0,3.096,1.0,2040000000.0,0.599,7478000000.0,113000000.0,3420000000.0,3412000000.0,0.0,264000000.0,264000000.0,0.0,6388000000.0,3146000000.0,3242000000.0,8230248046.0,-25000000.0,-226000000.0,-101000000.0,40000000.0,-119000000.0,-175000000.0,-479000000.0,-114000000.0,655000000.0,-26000000.0,351000000.0,351000000.0,351000000.0,0.0,-1000000.0,0.103,1465000000.0,575000000.0,335000000.0,0.337,1.44,23.448,23.466,295000000.0,0.0,48.81,2.419,2.419,323000000.0,3366000000.0,3403000000.0,3403000000.0,0.0,0.029,0.061,0.175,0.175,50000000.0,830000000.0,1.0,168618071.0,168618071.0,,20.182,4626000000.0,656000000.0,132000000.0,636000000.0,27.435,300000000.0
25,NDAQ,MRT,2015-03-31,2015-03-31,2015-03-31,2021-08-04,-883000000.0,12242000000.0,12530250000.0,3688000000.0,8554000000.0,0.276,32.838,-133000000.0,347000000.0,347000000.0,1416000000.0,319000000.0,1.072,1.208,2306000000.0,0.0,2306000000.0,2306000000.0,492000000.0,136000000.0,0.0,0.012,0.6,568000000.0,704000000.0,0.203,704000000.0,568000000.0,452000000.0,1.89,1.85,1.89,5544000000.0,5914750000.0,5544000000.0,10437097607.0,18.0,14.825,547000000.0,3.24,1.0,2045000000.0,0.591,7345000000.0,116000000.0,3416000000.0,3398500000.0,0.0,194000000.0,194000000.0,0.0,6697000000.0,3440000000.0,3257000000.0,8600097607.0,-91000000.0,-226000000.0,-169000000.0,-39000000.0,-101000000.0,-303000000.0,-435000000.0,-67000000.0,680000000.0,-33000000.0,319000000.0,319000000.0,319000000.0,0.0,0.0,0.092,1496000000.0,549000000.0,289000000.0,0.317,1.551,26.96,26.952,281000000.0,0.0,50.94,2.485,2.485,344000000.0,3276000000.0,3461000000.0,3461000000.0,0.0,0.025,0.054,0.167,0.164,48000000.0,851000000.0,1.0,168827986.0,168827986.0,,20.5,4897000000.0,675000000.0,133000000.0,617000000.0,29.006,248000000.0
26,NDAQ,MRT,2014-12-31,2014-12-31,2014-12-31,2021-08-04,-682000000.0,12071000000.0,12714250000.0,3400000000.0,8671000000.0,0.275,34.551,-140000000.0,476000000.0,476000000.0,1433000000.0,413000000.0,1.141,1.084,2297000000.0,0.0,2297000000.0,2297000000.0,392000000.0,137000000.0,0.0,0.012,0.58,712000000.0,849000000.0,0.243,849000000.0,712000000.0,595000000.0,2.45,2.39,2.45,5793000000.0,6088500000.0,5793000000.0,10073232776.0,14.0,11.865,492000000.0,2.934,1.0,2067000000.0,0.591,7615000000.0,117000000.0,3297000000.0,3272250000.0,0.0,174000000.0,174000000.0,0.0,6277000000.0,2980000000.0,3297000000.0,8041232776.0,-6000000.0,0.0,-138000000.0,-235000000.0,-98000000.0,-460000000.0,-155000000.0,-5000000.0,632000000.0,-23000000.0,414000000.0,414000000.0,414000000.0,0.0,-1000000.0,0.118,1362000000.0,705000000.0,313000000.0,0.237,1.388,19.423,19.576,292000000.0,0.0,47.96,2.297,2.297,389000000.0,3292000000.0,3500000000.0,3500000000.0,0.0,0.033,0.068,0.218,0.203,47000000.0,846000000.0,1.0,167665404.0,167665404.0,,20.875,4456000000.0,552000000.0,181000000.0,663000000.0,26.577,420000000.0
27,NDAQ,MRT,2014-09-30,2014-09-30,2014-09-30,2021-08-04,-325000000.0,12692000000.0,12840750000.0,3557000000.0,9135000000.0,0.267,36.252,-128000000.0,313000000.0,313000000.0,1361000000.0,468000000.0,1.114,1.075,2345000000.0,0.0,2345000000.0,2345000000.0,412000000.0,138000000.0,0.0,0.013,0.56,851000000.0,989000000.0,0.288,989000000.0,851000000.0,732000000.0,2.78,2.71,2.78,6117000000.0,6186250000.0,6117000000.0,9212782562.0,11.0,9.315,516000000.0,3.058,1.0,2069000000.0,0.603,8015000000.0,119000000.0,3515000000.0,3287250000.0,0.0,169000000.0,169000000.0,0.0,6574000000.0,3194000000.0,3380000000.0,7157782562.0,-14000000.0,0.0,-77000000.0,-333000000.0,-95000000.0,-524000000.0,-128000000.0,10000000.0,644000000.0,-6000000.0,468000000.0,468000000.0,468000000.0,0.0,0.0,0.136,1253000000.0,816000000.0,208000000.0,0.201,1.17,15.294,15.259,288000000.0,0.0,42.42,2.087,2.087,370000000.0,3231000000.0,3430000000.0,3430000000.0,0.0,0.036,0.076,0.259,0.248,50000000.0,837000000.0,1.0,168736034.0,168736034.0,,20.328,4677000000.0,615000000.0,264000000.0,714000000.0,27.718,363000000.0
28,NDAQ,MRT,2014-06-30,2014-06-30,2014-06-30,2021-08-04,-142000000.0,13116000000.0,12789250000.0,3718000000.0,9398000000.0,0.267,36.357,-136000000.0,353000000.0,353000000.0,1339000000.0,458000000.0,1.086,1.113,2408000000.0,0.0,2408000000.0,2408000000.0,462000000.0,136000000.0,0.0,0.014,0.54,846000000.0,982000000.0,0.287,982000000.0,846000000.0,724000000.0,2.73,2.66,2.73,6205000000.0,6170750000.0,6205000000.0,8637291350.0,10.0,8.796,566000000.0,3.316,1.0,2078000000.0,0.608,8381000000.0,122000000.0,3366000000.0,3287500000.0,0.0,203000000.0,203000000.0,0.0,6909000000.0,3424000000.0,3485000000.0,6591291350.0,-65000000.0,0.0,-59000000.0,-431000000.0,-91000000.0,-603000000.0,-168000000.0,-22000000.0,702000000.0,4000000.0,458000000.0,458000000.0,458000000.0,0.0,0.0,0.134,1267000000.0,811000000.0,342000000.0,0.198,1.062,14.391,14.147,280000000.0,0.0,38.62,1.929,1.929,395000000.0,3134000000.0,3417000000.0,3417000000.0,0.0,0.036,0.074,0.257,0.248,50000000.0,853000000.0,1.0,170670413.0,170670413.0,,20.021,4735000000.0,504000000.0,266000000.0,735000000.0,27.744,294000000.0
29,NDAQ,MRT,2014-03-31,2014-03-31,2014-03-31,2021-08-04,-71000000.0,12978000000.0,12498500000.0,3519000000.0,9459000000.0,0.269,36.824,-126000000.0,468000000.0,468000000.0,1360000000.0,445000000.0,0.984,1.08,2514000000.0,430000000.0,2084000000.0,2514000000.0,498000000.0,130000000.0,0.0,0.014,0.52,815000000.0,945000000.0,0.281,945000000.0,815000000.0,697000000.0,2.66,2.59,2.66,6239000000.0,6085000000.0,6239000000.0,8383660051.0,10.0,8.872,482000000.0,2.845,1.0,2006000000.0,0.596,8535000000.0,118000000.0,2911000000.0,3303500000.0,0.0,197000000.0,197000000.0,0.0,6738000000.0,3578000000.0,3160000000.0,6258660051.0,-207000000.0,-1121000000.0,36000000.0,496000000.0,-88000000.0,429000000.0,-1248000000.0,6000000.0,608000000.0,4000000.0,445000000.0,445000000.0,445000000.0,0.0,0.0,0.132,1227000000.0,779000000.0,301000000.0,0.195,1.003,14.064,13.887,266000000.0,0.0,36.94,1.859,1.859,434000000.0,3032000000.0,3366000000.0,3366000000.0,0.0,0.036,0.073,0.247,0.242,35000000.0,819000000.0,1.0,169427722.0,169427722.0,,19.867,4443000000.0,432000000.0,252000000.0,743000000.0,26.224,-59000000.0
30,NDAQ,MRT,2013-12-31,2013-12-31,2013-12-31,2021-08-04,-67000000.0,12577000000.0,11551000000.0,3163000000.0,9414000000.0,0.278,36.903,-115000000.0,482000000.0,482000000.0,1316000000.0,384000000.0,1.13,1.034,2634000000.0,45000000.0,2589000000.0,2634000000.0,294000000.0,122000000.0,0.0,0.013,0.52,712000000.0,834000000.0,0.26,834000000.0,712000000.0,601000000.0,2.3,2.25,2.3,6184000000.0,5825250000.0,6184000000.0,9006525477.0,13.0,10.799,459000000.0,2.739,1.0,1895000000.0,0.59,8572000000.0,111000000.0,3357000000.0,3185250000.0,0.0,189000000.0,189000000.0,0.0,6393000000.0,2800000000.0,3593000000.0,6669525477.0,-99000000.0,-1121000000.0,25000000.0,606000000.0,-87000000.0,547000000.0,-1216000000.0,20000000.0,574000000.0,-4000000.0,385000000.0,385000000.0,385000000.0,0.0,-1000000.0,0.12,1221000000.0,674000000.0,310000000.0,0.226,1.079,17.323,17.304,268000000.0,0.0,39.8,2.077,2.077,393000000.0,2976000000.0,3211000000.0,3211000000.0,0.0,0.033,0.066,0.224,0.222,31000000.0,777000000.0,1.0,167576017.0,167576017.0,,19.161,4005000000.0,416000000.0,216000000.0,746000000.0,23.9,363000000.0
31,NDAQ,MRT,2013-09-30,2013-09-30,2013-09-30,2021-08-04,-51000000.0,12486000000.0,10689750000.0,3072000000.0,9414000000.0,0.292,36.185,-104000000.0,381000000.0,381000000.0,1322000000.0,328000000.0,1.135,1.062,2718000000.0,45000000.0,2673000000.0,2718000000.0,339000000.0,115000000.0,0.0,0.016,0.52,625000000.0,740000000.0,0.237,740000000.0,625000000.0,519000000.0,1.99,1.94,1.99,6055000000.0,5581250000.0,6055000000.0,7697053125.0,12.0,10.401,465000000.0,2.779,1.0,1796000000.0,0.576,8600000000.0,106000000.0,3516000000.0,2976750000.0,0.0,190000000.0,190000000.0,0.0,6430000000.0,2707000000.0,3723000000.0,5373053125.0,-138000000.0,-1136000000.0,-33000000.0,693000000.0,-87000000.0,580000000.0,-1285000000.0,-45000000.0,569000000.0,-2000000.0,329000000.0,329000000.0,329000000.0,0.0,-1000000.0,0.106,1181000000.0,615000000.0,274000000.0,0.261,0.887,16.331,16.136,249000000.0,0.0,32.11,1.723,1.723,372000000.0,2857000000.0,3118000000.0,3118000000.0,0.0,0.031,0.059,0.21,0.2,26000000.0,741000000.0,1.0,167332704.0,167332704.0,,18.634,3886000000.0,453000000.0,190000000.0,754000000.0,23.223,365000000.0
32,NDAQ,MRT,2013-06-30,2013-06-30,2013-06-30,2021-08-04,-139000000.0,11953000000.0,9798250000.0,2610000000.0,9343000000.0,0.312,35.357,-91000000.0,461000000.0,461000000.0,1357000000.0,304000000.0,1.08,1.039,2785000000.0,138000000.0,2647000000.0,2785000000.0,368000000.0,108000000.0,0.0,0.016,0.52,580000000.0,688000000.0,0.225,688000000.0,580000000.0,482000000.0,1.84,1.8,1.84,5862000000.0,5351250000.0,5862000000.0,6728397327.0,12.0,9.78,434000000.0,2.618,1.0,1702000000.0,0.556,8431000000.0,98000000.0,3430000000.0,2760500000.0,0.0,195000000.0,170000000.0,25000000.0,6090000000.0,2416000000.0,3674000000.0,5436397327.0,-112000000.0,-1176000000.0,-87000000.0,779000000.0,-86000000.0,615000000.0,-1256000000.0,11000000.0,525000000.0,4000000.0,305000000.0,305000000.0,305000000.0,0.0,-1000000.0,0.1,1119000000.0,583000000.0,397000000.0,0.283,0.927,17.824,17.821,227000000.0,0.0,32.79,1.777,1.777,362000000.0,2765000000.0,3059000000.0,3059000000.0,0.0,0.031,0.057,0.21,0.19,23000000.0,697000000.0,1.0,165794368.0,165794368.0,,18.451,3522000000.0,529000000.0,177000000.0,725000000.0,21.243,194000000.0
33,NDAQ,MRT,2013-03-31,2013-03-31,2013-03-31,2021-08-04,-218000000.0,9188000000.0,9041750000.0,1608000000.0,7580000000.0,0.338,31.386,-91000000.0,674000000.0,674000000.0,1382000000.0,308000000.0,1.443,0.766,1966000000.0,137000000.0,1829000000.0,1966000000.0,398000000.0,105000000.0,0.0,0.016,0.52,569000000.0,674000000.0,0.22,674000000.0,569000000.0,473000000.0,1.86,1.81,1.86,5200000000.0,5126000000.0,5200000000.0,6745399820.0,12.0,10.008,538000000.0,3.247,1.0,1678000000.0,0.548,6928000000.0,96000000.0,2438000000.0,2573250000.0,0.0,243000000.0,218000000.0,25000000.0,3985000000.0,1114000000.0,2871000000.0,5351399820.0,66000000.0,-112000000.0,-224000000.0,-45000000.0,-86000000.0,-355000000.0,-205000000.0,-2000000.0,629000000.0,-3000000.0,310000000.0,310000000.0,310000000.0,0.0,-2000000.0,0.101,1107000000.0,571000000.0,288000000.0,0.28,1.029,17.263,17.366,215000000.0,0.0,32.3,1.749,1.749,317000000.0,2699000000.0,3060000000.0,3060000000.0,0.0,0.034,0.06,0.221,0.186,37000000.0,679000000.0,1.0,165678013.0,165678013.0,,18.47,2260000000.0,337000000.0,163000000.0,737000000.0,13.641,494000000.0
34,NDAQ,MRT,2012-12-31,2012-12-31,2012-12-31,2021-08-04,-185000000.0,9132000000.0,9000000000.0,1492000000.0,7640000000.0,0.347,31.576,-87000000.0,582000000.0,582000000.0,1446000000.0,349000000.0,1.466,0.753,1976000000.0,136000000.0,1840000000.0,1976000000.0,295000000.0,104000000.0,0.0,0.016,0.39,648000000.0,752000000.0,0.241,752000000.0,648000000.0,551000000.0,2.09,2.04,2.09,5208000000.0,5114000000.0,5208000000.0,5588788050.0,9.0,7.432,501000000.0,3.038,1.0,1674000000.0,0.537,6985000000.0,97000000.0,2523000000.0,2642750000.0,0.0,248000000.0,223000000.0,25000000.0,3923000000.0,1018000000.0,2905000000.0,4121788050.0,-9000000.0,-112000000.0,-269000000.0,-145000000.0,-65000000.0,-479000000.0,-128000000.0,71000000.0,588000000.0,10000000.0,352000000.0,352000000.0,352000000.0,0.0,-3000000.0,0.113,1024000000.0,650000000.0,269000000.0,0.187,0.791,11.71,11.957,211000000.0,0.0,24.99,1.321,1.321,333000000.0,2678000000.0,3120000000.0,3120000000.0,0.0,0.039,0.069,0.245,0.208,39000000.0,665000000.0,1.0,164937497.0,164937497.0,,18.916,2147000000.0,327000000.0,199000000.0,748000000.0,13.017,474000000.0
35,NDAQ,MRT,2012-09-30,2012-09-30,2012-09-30,2021-08-04,-222000000.0,8920000000.0,10239750000.0,1329000000.0,7591000000.0,0.313,30.769,-100000000.0,519000000.0,519000000.0,1528000000.0,346000000.0,1.651,0.737,1986000000.0,45000000.0,1941000000.0,1986000000.0,325000000.0,105000000.0,0.0,0.011,0.26,616000000.0,721000000.0,0.225,721000000.0,616000000.0,518000000.0,2.04,1.98,2.04,5135000000.0,5056000000.0,5135000000.0,5355896630.0,9.0,7.428,489000000.0,2.93,1.0,1680000000.0,0.524,6931000000.0,98000000.0,2651000000.0,3678500000.0,0.0,182000000.0,157000000.0,25000000.0,3784000000.0,805000000.0,2979000000.0,3886896630.0,-105000000.0,-121000000.0,-324000000.0,-262000000.0,-43000000.0,-623000000.0,-77000000.0,144000000.0,589000000.0,6000000.0,348000000.0,348000000.0,348000000.0,0.0,-2000000.0,0.108,1062000000.0,618000000.0,173000000.0,0.127,0.757,11.169,11.417,203000000.0,0.0,23.29,1.212,1.212,327000000.0,2614000000.0,3208000000.0,3208000000.0,0.0,0.034,0.069,0.167,0.192,40000000.0,687000000.0,1.0,166891225.0,166891225.0,,19.222,1989000000.0,319000000.0,170000000.0,713000000.0,11.918,524000000.0
36,NDAQ,MRT,2012-06-30,2012-06-30,2012-06-30,2021-08-04,-368000000.0,8927000000.0,11299000000.0,1410000000.0,7517000000.0,0.301,29.178,-105000000.0,527000000.0,527000000.0,1702000000.0,366000000.0,1.429,0.798,1996000000.0,45000000.0,1951000000.0,1996000000.0,361000000.0,107000000.0,0.0,0.006,0.13,659000000.0,766000000.0,0.225,766000000.0,659000000.0,555000000.0,2.13,2.07,2.13,4961000000.0,5019000000.0,4961000000.0,5298537526.0,8.0,6.917,452000000.0,2.658,1.0,1704000000.0,0.5,6728000000.0,104000000.0,2681000000.0,4507250000.0,0.0,301000000.0,196000000.0,105000000.0,3957000000.0,987000000.0,2970000000.0,3854537526.0,-87000000.0,-81000000.0,-271000000.0,-250000000.0,-22000000.0,-546000000.0,-84000000.0,102000000.0,557000000.0,-14000000.0,369000000.0,369000000.0,369000000.0,0.0,-3000000.0,0.108,1061000000.0,643000000.0,316000000.0,0.061,0.777,10.446,10.643,198000000.0,0.0,22.67,1.132,1.132,341000000.0,2547000000.0,3406000000.0,3406000000.0,0.0,0.033,0.074,0.146,0.193,36000000.0,695000000.0,1.0,170028122.0,170028122.0,,20.032,2199000000.0,408000000.0,186000000.0,688000000.0,12.933,423000000.0
37,NDAQ,MRT,2012-03-31,2012-03-31,2012-03-31,2021-08-04,-218000000.0,9021000000.0,12621500000.0,1406000000.0,7615000000.0,0.272,29.714,-94000000.0,563000000.0,563000000.0,1736000000.0,365000000.0,1.637,0.749,2007000000.0,45000000.0,1962000000.0,2007000000.0,410000000.0,108000000.0,0.0,0.0,0.0,672000000.0,780000000.0,0.228,780000000.0,672000000.0,561000000.0,2.1,2.05,2.1,5152000000.0,5066250000.0,5152000000.0,9803700974.0,15.0,12.569,512000000.0,2.953,1.0,1692000000.0,0.494,6890000000.0,111000000.0,2716000000.0,5416500000.0,0.0,318000000.0,215000000.0,103000000.0,3860000000.0,859000000.0,3001000000.0,4490700974.0,86000000.0,-26000000.0,-144000000.0,-324000000.0,0.0,-457000000.0,-59000000.0,61000000.0,606000000.0,-4000000.0,368000000.0,368000000.0,368000000.0,0.0,-3000000.0,0.107,1038000000.0,654000000.0,216000000.0,0.0,0.872,12.203,12.333,195000000.0,0.0,25.9,1.31,1.31,327000000.0,2476000000.0,3428000000.0,3428000000.0,0.0,0.029,0.073,0.124,0.196,31000000.0,694000000.0,1.0,173386138.0,173386138.0,,19.771,2131000000.0,340000000.0,193000000.0,711000000.0,12.29,547000000.0
38,NDAQ,MRT,2011-12-31,2011-12-31,2011-12-31,2021-08-04,-350000000.0,14091000000.0,14882500000.0,6581000000.0,7510000000.0,0.231,28.085,-88000000.0,540000000.0,540000000.0,1748000000.0,383000000.0,1.09,1.83,5862000000.0,3790000000.0,2072000000.0,5862000000.0,278000000.0,109000000.0,0.0,0.0,0.0,696000000.0,805000000.0,0.234,805000000.0,696000000.0,577000000.0,2.2,2.15,2.2,4976000000.0,5034750000.0,4976000000.0,8834641751.0,13.0,10.975,581000000.0,3.279,1.0,1690000000.0,0.492,6709000000.0,119000000.0,6666000000.0,7138500000.0,0.0,376000000.0,279000000.0,97000000.0,9105000000.0,6038000000.0,3067000000.0,4342641751.0,191000000.0,-26000000.0,-90000000.0,-248000000.0,0.0,-325000000.0,-146000000.0,-32000000.0,669000000.0,-7000000.0,387000000.0,387000000.0,387000000.0,0.0,-4000000.0,0.113,1012000000.0,678000000.0,270000000.0,0.0,0.873,11.221,11.141,193000000.0,0.0,24.51,1.263,1.263,308000000.0,2391000000.0,3438000000.0,3438000000.0,0.0,0.026,0.077,0.097,0.202,26000000.0,691000000.0,1.0,177178366.0,177178366.0,,19.404,7382000000.0,408000000.0,190000000.0,697000000.0,41.664,543000000.0
39,NDAQ,MRT,2011-09-30,2011-09-30,2011-09-30,2021-08-04,-346000000.0,13157000000.0,15411500000.0,5677000000.0,7480000000.0,0.219,28.163,-61000000.0,594000000.0,594000000.0,1714000000.0,438000000.0,1.14,1.636,5086000000.0,2918000000.0,2168000000.0,5086000000.0,310000000.0,109000000.0,0.0,0.0,0.0,725000000.0,834000000.0,0.247,834000000.0,725000000.0,606000000.0,2.42,2.37,2.42,4987000000.0,4970250000.0,4987000000.0,9229573072.0,13.0,11.067,558000000.0,3.151,1.0,1659000000.0,0.492,6703000000.0,119000000.0,5966000000.0,7101250000.0,0.0,399000000.0,294000000.0,105000000.0,8161000000.0,4980000000.0,3181000000.0,4097573072.0,207000000.0,-116000000.0,-487000000.0,209000000.0,0.0,-270000000.0,-135000000.0,42000000.0,619000000.0,-7000000.0,443000000.0,443000000.0,443000000.0,0.0,-5000000.0,0.131,948000000.0,711000000.0,205000000.0,0.0,0.822,9.25,9.562,168000000.0,0.0,23.14,1.215,1.215,347000000.0,2310000000.0,3373000000.0,3373000000.0,0.0,0.029,0.089,0.102,0.215,27000000.0,659000000.0,1.0,177077488.0,177077488.0,,19.048,6454000000.0,405000000.0,163000000.0,704000000.0,36.447,697000000.0
40,NDAQ,MRT,2011-06-30,2011-06-30,2011-06-30,2021-08-04,-62000000.0,14217000000.0,14711000000.0,6429000000.0,7788000000.0,0.217,29.15,-46000000.0,637000000.0,637000000.0,1591000000.0,429000000.0,1.086,1.759,5769000000.0,3700000000.0,2069000000.0,5769000000.0,372000000.0,106000000.0,0.0,0.0,0.0,693000000.0,799000000.0,0.251,799000000.0,693000000.0,579000000.0,2.31,2.26,2.31,5150000000.0,4990250000.0,5150000000.0,12915869252.0,19.0,16.165,601000000.0,3.402,1.0,1595000000.0,0.501,7112000000.0,114000000.0,6318000000.0,6325750000.0,0.0,425000000.0,320000000.0,105000000.0,9057000000.0,5919000000.0,3138000000.0,4469869252.0,52000000.0,-188000000.0,-587000000.0,138000000.0,0.0,-433000000.0,-180000000.0,54000000.0,647000000.0,18000000.0,434000000.0,434000000.0,434000000.0,0.0,-5000000.0,0.136,914000000.0,681000000.0,327000000.0,0.0,0.868,10.299,10.952,165000000.0,0.0,25.3,1.403,1.403,344000000.0,2200000000.0,3186000000.0,3186000000.0,0.0,0.03,0.087,0.11,0.218,27000000.0,637000000.0,1.0,176674674.0,176674674.0,,18.033,7105000000.0,297000000.0,145000000.0,739000000.0,40.215,510000000.0
41,NDAQ,MRT,2011-03-31,2011-03-31,2011-03-31,2021-08-04,-82000000.0,18065000000.0,13634250000.0,10175000000.0,7890000000.0,0.237,28.527,-41000000.0,499000000.0,499000000.0,1665000000.0,433000000.0,1.039,2.592,8945000000.0,6795000000.0,2150000000.0,8945000000.0,409000000.0,105000000.0,0.0,0.0,0.0,703000000.0,808000000.0,0.25,808000000.0,703000000.0,594000000.0,2.25,2.21,2.25,5026000000.0,4873500000.0,5026000000.0,9939667687.0,14.0,12.302,586000000.0,3.326,1.0,1570000000.0,0.485,7112000000.0,109000000.0,9604000000.0,5504250000.0,0.0,388000000.0,283000000.0,105000000.0,13028000000.0,9795000000.0,3233000000.0,4552667687.0,-96000000.0,-190000000.0,-741000000.0,180000000.0,0.0,-554000000.0,-175000000.0,56000000.0,627000000.0,6000000.0,438000000.0,438000000.0,438000000.0,0.0,-5000000.0,0.135,879000000.0,691000000.0,221000000.0,0.0,0.906,10.394,11.484,166000000.0,0.0,25.84,1.407,1.407,327000000.0,2108000000.0,3235000000.0,3235000000.0,0.0,0.032,0.09,0.128,0.217,28000000.0,623000000.0,1.0,176186830.0,176186830.0,,18.361,10953000000.0,366000000.0,156000000.0,743000000.0,62.167,380000000.0
42,NDAQ,MRT,2010-12-31,2010-12-31,2010-12-31,2021-08-04,-272000000.0,16207000000.0,11747750000.0,8510000000.0,7697000000.0,0.272,23.847,-42000000.0,375000000.0,375000000.0,1675000000.0,389000000.0,1.034,2.433,5762000000.0,3581000000.0,2181000000.0,5762000000.0,292000000.0,103000000.0,0.0,0.0,0.0,634000000.0,737000000.0,0.231,737000000.0,634000000.0,532000000.0,1.94,1.91,1.94,4718000000.0,4846750000.0,4718000000.0,6291875685.0,10.0,8.537,398000000.0,2.012,1.0,1516000000.0,0.475,6846000000.0,102000000.0,6517000000.0,3874250000.0,0.0,358000000.0,253000000.0,105000000.0,11478000000.0,8231000000.0,3247000000.0,4694875685.0,-279000000.0,-190000000.0,-791000000.0,193000000.0,0.0,-595000000.0,-118000000.0,114000000.0,440000000.0,-6000000.0,395000000.0,395000000.0,395000000.0,0.0,-6000000.0,0.124,896000000.0,620000000.0,224000000.0,0.0,0.995,11.886,12.232,164000000.0,0.0,23.73,1.471,1.471,298000000.0,2004000000.0,3191000000.0,3191000000.0,0.0,0.034,0.081,0.164,0.199,31000000.0,648000000.0,1.0,197845583.0,197845583.0,,16.129,9361000000.0,446000000.0,137000000.0,724000000.0,47.315,279000000.0
43,NDAQ,MRT,2010-09-30,2010-09-30,2010-09-30,2021-08-04,-268000000.0,10355000000.0,10376500000.0,2880000000.0,7475000000.0,0.311,24.996,-45000000.0,389000000.0,389000000.0,1740000000.0,297000000.0,1.217,1.041,1986000000.0,140000000.0,1846000000.0,1986000000.0,325000000.0,101000000.0,0.0,0.0,0.0,534000000.0,635000000.0,0.197,635000000.0,534000000.0,433000000.0,1.46,1.44,1.46,5067000000.0,4900250000.0,5067000000.0,5433642301.0,10.0,8.557,566000000.0,2.792,1.0,1491000000.0,0.461,6721000000.0,101000000.0,2864000000.0,2971250000.0,0.0,449000000.0,343000000.0,106000000.0,5277000000.0,2367000000.0,2910000000.0,3938642301.0,25000000.0,-48000000.0,-294000000.0,-135000000.0,0.0,-434000000.0,-143000000.0,-50000000.0,611000000.0,-9000000.0,301000000.0,301000000.0,301000000.0,0.0,-4000000.0,0.093,886000000.0,605000000.0,157000000.0,0.0,0.777,13.085,13.308,160000000.0,0.0,19.43,1.219,1.219,308000000.0,1867000000.0,3231000000.0,3231000000.0,0.0,0.029,0.061,0.18,0.165,34000000.0,648000000.0,1.0,202709331.0,202709331.0,,15.939,3634000000.0,420000000.0,132000000.0,739000000.0,17.927,513000000.0
44,NDAQ,MRT,2010-06-30,2010-06-30,2010-06-30,2021-08-04,-647000000.0,9910000000.0,10873250000.0,2888000000.0,7022000000.0,0.302,22.488,-49000000.0,557000000.0,557000000.0,1816000000.0,256000000.0,1.237,1.114,2052000000.0,140000000.0,1912000000.0,2052000000.0,345000000.0,104000000.0,0.0,0.0,0.0,476000000.0,580000000.0,0.177,580000000.0,476000000.0,374000000.0,1.25,1.22,1.25,4683000000.0,4871000000.0,4683000000.0,5214587121.0,11.0,8.991,532000000.0,2.555,1.0,1468000000.0,0.447,6039000000.0,102000000.0,3032000000.0,3004500000.0,0.0,415000000.0,310000000.0,105000000.0,5217000000.0,2334000000.0,2883000000.0,3702587121.0,107000000.0,23000000.0,-195000000.0,-177000000.0,0.0,-383000000.0,-86000000.0,-60000000.0,581000000.0,-5000000.0,260000000.0,260000000.0,260000000.0,0.0,-4000000.0,0.079,897000000.0,571000000.0,309000000.0,0.0,0.791,14.241,14.224,154000000.0,0.0,17.78,1.127,1.127,361000000.0,1766000000.0,3284000000.0,3284000000.0,0.0,0.024,0.053,0.158,0.145,32000000.0,650000000.0,1.0,208244495.0,208244495.0,,15.77,3871000000.0,664000000.0,114000000.0,666000000.0,18.589,554000000.0
45,NDAQ,MRT,2010-03-31,2010-03-31,2010-03-31,2021-08-04,-438000000.0,10519000000.0,11310750000.0,3221000000.0,7298000000.0,0.291,23.265,-54000000.0,579000000.0,579000000.0,1842000000.0,229000000.0,1.253,1.133,2091000000.0,105000000.0,1986000000.0,2091000000.0,380000000.0,105000000.0,0.0,0.0,0.0,443000000.0,548000000.0,0.167,548000000.0,443000000.0,342000000.0,1.13,1.09,1.13,4919000000.0,4823000000.0,4919000000.0,5903515289.0,13.0,10.773,429000000.0,2.029,1.0,1445000000.0,0.44,6377000000.0,101000000.0,3084000000.0,3052500000.0,0.0,366000000.0,261000000.0,105000000.0,5572000000.0,2570000000.0,3002000000.0,4465515289.0,202000000.0,14000000.0,-38000000.0,-282000000.0,0.0,-326000000.0,24000000.0,64000000.0,483000000.0,21000000.0,233000000.0,233000000.0,233000000.0,0.0,-4000000.0,0.071,883000000.0,562000000.0,209000000.0,0.0,0.908,19.165,18.69,161000000.0,0.0,21.12,1.359,1.359,377000000.0,1670000000.0,3287000000.0,3287000000.0,0.0,0.021,0.048,0.145,0.135,31000000.0,646000000.0,1.0,211435383.0,211435383.0,,15.546,4142000000.0,545000000.0,109000000.0,700000000.0,19.59,651000000.0
46,NDAQ,MRT,2009-12-31,2009-12-31,2009-12-31,2021-08-04,-406000000.0,10722000000.0,11794250000.0,3370000000.0,7352000000.0,0.289,23.366,-59000000.0,624000000.0,624000000.0,1958000000.0,263000000.0,1.181,1.168,2092000000.0,225000000.0,1867000000.0,2092000000.0,265000000.0,104000000.0,0.0,0.0,0.0,496000000.0,600000000.0,0.176,600000000.0,496000000.0,394000000.0,1.3,1.25,1.3,4932000000.0,4653500000.0,4932000000.0,5806451599.0,12.0,9.677,523000000.0,2.478,1.0,1453000000.0,0.426,6431000000.0,102000000.0,2905000000.0,3171000000.0,0.0,388000000.0,308000000.0,80000000.0,5763000000.0,2854000000.0,2909000000.0,4183451599.0,220000000.0,8000000.0,8000000.0,-340000000.0,0.0,-336000000.0,-53000000.0,-2000000.0,582000000.0,27000000.0,266000000.0,266000000.0,266000000.0,0.0,-3000000.0,0.078,838000000.0,615000000.0,262000000.0,0.0,0.848,15.727,15.246,164000000.0,0.0,19.82,1.226,1.226,301000000.0,1610000000.0,3411000000.0,3411000000.0,0.0,0.023,0.057,0.156,0.145,31000000.0,595000000.0,1.0,211072230.0,211072230.0,,16.16,4291000000.0,529000000.0,128000000.0,706000000.0,20.33,516000000.0
47,NDAQ,MRT,2009-09-30,2009-09-30,2009-09-30,2021-08-04,-331000000.0,12342000000.0,12301750000.0,4912000000.0,7430000000.0,0.294,24.415,-62000000.0,466000000.0,466000000.0,2131000000.0,256000000.0,1.124,1.486,2089000000.0,169000000.0,1920000000.0,2089000000.0,296000000.0,105000000.0,0.0,0.0,0.0,528000000.0,633000000.0,0.175,633000000.0,528000000.0,416000000.0,1.27,1.11,1.27,4950000000.0,4492000000.0,4950000000.0,6011702302.0,11.0,9.497,571000000.0,2.816,1.0,1488000000.0,0.411,6597000000.0,112000000.0,2997000000.0,3347000000.0,0.0,307000000.0,257000000.0,50000000.0,7356000000.0,4371000000.0,2985000000.0,4267702302.0,-71000000.0,-279000000.0,32000000.0,-383000000.0,0.0,-349000000.0,-355000000.0,-14000000.0,633000000.0,0.0,258000000.0,258000000.0,258000000.0,0.0,-2000000.0,0.071,887000000.0,601000000.0,270000000.0,0.0,0.862,16.541,16.575,165000000.0,0.0,21.05,1.179,1.179,379000000.0,1567000000.0,3619000000.0,3619000000.0,0.0,0.021,0.057,0.158,0.146,29000000.0,593000000.0,1.0,202741202.0,202741202.0,,17.85,5745000000.0,446000000.0,158000000.0,750000000.0,28.337,541000000.0
48,NDAQ,MRT,2009-06-30,2009-06-30,2009-06-30,2021-08-04,-600000000.0,11660000000.0,11770911500.0,4437000000.0,7223000000.0,0.323,22.219,-58000000.0,571000000.0,571000000.0,2261000000.0,255000000.0,1.107,1.591,2315000000.0,225000000.0,2090000000.0,2315000000.0,334000000.0,105000000.0,0.0,0.0,0.0,542000000.0,647000000.0,0.17,647000000.0,542000000.0,427000000.0,1.26,1.12,1.26,4491000000.0,4443160000.0,4491000000.0,6289334873.0,12.0,9.721,162000000.0,0.801,1.0,1538000000.0,0.405,6172000000.0,115000000.0,3224000000.0,3394445250.0,0.0,286000000.0,236000000.0,50000000.0,7147000000.0,4008000000.0,3139000000.0,4307334873.0,-277000000.0,-1029000000.0,34000000.0,642000000.0,0.0,688000000.0,-1142000000.0,-55000000.0,220000000.0,-43000000.0,256000000.0,256000000.0,256000000.0,0.0,-1000000.0,0.067,903000000.0,635000000.0,350000000.0,0.0,0.959,16.826,16.913,170000000.0,0.0,21.31,1.134,1.134,383000000.0,1507000000.0,3799000000.0,3799000000.0,0.0,0.022,0.058,0.16,0.143,26000000.0,598000000.0,1.0,202127399.0,202127399.0,,18.795,5488000000.0,657000000.0,171000000.0,709000000.0,27.151,429000000.0
49,NDAQ,MRT,2009-03-31,2009-03-31,2009-03-31,2021-08-04,-766000000.0,12453000000.0,11098157750.0,5302000000.0,7151000000.0,0.336,21.003,-57000000.0,472000000.0,472000000.0,2181000000.0,288000000.0,1.069,1.933,2454000000.0,225000000.0,2229000000.0,2454000000.0,346000000.0,101000000.0,0.0,0.0,0.0,573000000.0,674000000.0,0.181,674000000.0,573000000.0,459000000.0,1.42,1.29,1.42,4241000000.0,4499225250.0,4241000000.0,5906711858.0,10.0,8.764,75000000.0,0.371,1.0,1551000000.0,0.416,5917000000.0,114000000.0,3558000000.0,3129076500.0,0.0,274000000.0,224000000.0,50000000.0,8196000000.0,4960000000.0,3236000000.0,3953715858.0,-365000000.0,-1041000000.0,30000000.0,789000000.0,0.0,823000000.0,-1259000000.0,-161000000.0,132000000.0,-61000000.0,287000000.0,287000000.0,287000000.0,0.0,1000000.0,0.077,920000000.0,631000000.0,266000000.0,0.0,0.932,13.776,13.789,165000000.0,0.0,19.58,1.059,1.059,355000000.0,1438000000.0,3732000000.0,3732000000.0,0.0,0.026,0.064,0.183,0.154,25000000.0,608000000.0,1.0,201926244.0,201926244.0,,18.482,6536000000.0,753000000.0,172000000.0,695000000.0,32.368,342000000.0
50,NDAQ,MRT,2008-12-31,2008-12-31,2008-12-31,2021-08-04,-619000000.0,12752000000.0,10182734500.0,5428000000.0,7324000000.0,0.358,21.409,-55000000.0,515000000.0,515000000.0,2190000000.0,315000000.0,1.069,1.971,2524000000.0,225000000.0,2299000000.0,2524000000.0,253000000.0,93000000.0,0.0,0.0,0.0,609000000.0,702000000.0,0.192,702000000.0,609000000.0,512000000.0,1.65,1.55,1.65,4286000000.0,4592121500.0,4286000000.0,6765143986.0,11.0,9.637,161000000.0,0.804,1.0,1460000000.0,0.4,6075000000.0,97000000.0,3609000000.0,2777539500.0,0.0,277000000.0,227000000.0,50000000.0,8449000000.0,5077000000.0,3372000000.0,4946874986.0,-951000000.0,-2999000000.0,30000000.0,1994000000.0,0.0,2029000000.0,-3149000000.0,-95000000.0,216000000.0,-47000000.0,314000000.0,314000000.0,314000000.0,0.0,1000000.0,0.086,862000000.0,598000000.0,291000000.0,0.0,1.154,15.754,14.976,183000000.0,0.0,24.71,1.355,1.355,339000000.0,1344000000.0,3650000000.0,3650000000.0,0.0,0.031,0.068,0.219,0.167,21000000.0,576000000.0,1.0,200197288.0,200197288.0,,18.232,6677000000.0,686000000.0,198000000.0,715000000.0,33.352,351000000.0
51,NDAQ,MRT,2008-09-30,2008-09-30,2008-09-30,2021-08-04,-36702000.0,10218646000.0,7739583750.0,2320912000.0,7897734000.0,0.425,23.782,-43323000.0,737900000.0,737900000.0,2021583000.0,358562000.0,1.318,1.148,2556169000.0,206250000.0,2349919000.0,2556169000.0,249376000.0,75704000.0,0.0,0.0,0.0,706238000.0,781942000.0,0.238,781942000.0,706238000.0,570238000.0,2.11,1.1,2.11,4754640000.0,4072692250.0,4754640000.0,7015271074.0,10.0,8.972,-176313000.0,-0.882,1.0,1268311000.0,0.386,7089016000.0,136000000.0,3186781000.0,1925033500.0,0.0,194062000.0,194062000.0,0.0,5460248000.0,1761118000.0,3699130000.0,6111687074.0,-876667000.0,-2747000000.0,11452000.0,2035823000.0,0.0,2058883000.0,-2785560000.0,5111000.0,-132990000.0,-17000000.0,357562000.0,357562000.0,357562000.0,0.0,1000000.0,0.109,309270000.0,959041000.0,302131000.0,0.0,1.285,17.093,14.488,192800000.0,0.0,30.57,1.858,1.858,375625000.0,1313514000.0,3289894000.0,3289894000.0,0.0,0.046,0.088,0.367,0.215,11512000.0,505786000.0,1.0,199924340.0,199924340.0,,16.456,3129630000.0,228507000.0,212676000.0,1051748000.0,15.654,559794000.0
52,NDAQ,MRT,2008-06-30,2008-06-30,2008-06-30,2021-08-04,-4695000.0,8968985000.0,5934926750.0,2163586000.0,6805399000.0,0.497,23.614,-37224000.0,739999000.0,739999000.0,1872600000.0,665555000.0,1.356,0.899,1643583000.0,98438000.0,1545145000.0,1643583000.0,295440000.0,57365000.0,0.0,0.0,0.0,1117819000.0,1175184000.0,0.398,1175184000.0,1117819000.0,1010819000.0,5.05,4.04,5.05,4715261000.0,3329211500.0,4715261000.0,6208954831.0,6.0,5.283,175479000.0,0.879,1.0,1079255000.0,0.366,6114241000.0,107000000.0,2162525000.0,1252679000.0,0.0,136971000.0,136971000.0,0.0,4240828000.0,1595803000.0,2645025000.0,5301478831.0,120997000.0,-2004000000.0,14262000.0,68341000.0,0.0,97035000.0,-197741000.0,1843610000.0,212703000.0,9000000.0,664555000.0,664555000.0,664555000.0,0.0,1000000.0,0.225,201508000.0,877747000.0,329589000.0,0.0,1.124,7.977,5.257,160056000.0,0.0,26.55,1.796,1.796,354931000.0,1253398000.0,2951855000.0,2951855000.0,0.0,0.112,0.2,0.892,0.379,7004000.0,452287000.0,1.0,199679052.0,199679052.0,,14.783,2854744000.0,181587000.0,346264000.0,888637000.0,14.297,567783000.0
53,NDAQ,MRT,2008-03-31,2008-03-31,2008-03-31,2021-08-04,2888000.0,8791307000.0,4694008750.0,1935014000.0,6856293000.0,0.573,33.171,-27923000.0,736020000.0,736020000.0,1790121000.0,620683000.0,1.368,0.903,1643496000.0,68906000.0,1574590000.0,1643496000.0,340030000.0,45161000.0,0.0,0.0,0.0,1041152000.0,1086313000.0,0.404,1086313000.0,1041152000.0,958152000.0,5.05,4.04,5.05,4612585000.0,2551139250.0,4612585000.0,4168996254.0,4.0,3.838,234081000.0,1.683,1.0,897935000.0,0.334,6132864000.0,83000000.0,2151852000.0,1483967250.0,0.0,121208000.0,121208000.0,0.0,4166331000.0,1414067000.0,2752264000.0,5375872254.0,204746000.0,-1980243000.0,15822000.0,66670000.0,0.0,98441000.0,-167699000.0,1840390000.0,262004000.0,12000000.0,620683000.0,620683000.0,620683000.0,0.0,0.0,0.231,76337000.0,821598000.0,286523000.0,0.0,1.165,8.661,7.655,189786000.0,0.0,38.66,2.0,2.0,403614000.0,1151761000.0,2688056000.0,2688056000.0,0.0,0.132,0.243,0.702,0.387,2575000.0,370111000.0,1.0,139055154.0,139055154.0,,19.331,2658443000.0,172935000.0,337469000.0,1065704000.0,19.118,520947000.0
54,NDAQ,MRT,2007-12-31,2007-12-31,2007-12-31,2021-08-04,-4697000.0,2979397000.0,3437992750.0,1682017000.0,1297380000.0,0.709,19.407,-18000000.0,1325314000.0,1325314000.0,1624000000.0,518000000.0,4.091,0.349,118438000.0,0.0,118438000.0,118438000.0,154582000.0,39000000.0,0.0,0.0,0.0,867000000.0,906000000.0,0.372,906000000.0,867000000.0,794000000.0,4.47,3.46,4.47,2208283000.0,1758436500.0,2208283000.0,4815687024.0,6.0,5.315,155000000.0,1.362,1.0,812000000.0,0.333,1162348000.0,73000000.0,198976000.0,1698478750.0,0.0,0.0,0.0,0.0,771114000.0,411197000.0,359917000.0,5631261024.0,1003000000.0,-15000000.0,17000000.0,-1061000000.0,0.0,-1028000000.0,1858000000.0,1891000000.0,173000000.0,0.0,518000000.0,518000000.0,518000000.0,0.0,0.0,0.213,42000000.0,770000000.0,218688000.0,0.0,2.55,10.871,11.072,64523000.0,0.0,49.49,2.312,2.312,249524000.0,1030398000.0,2436000000.0,2436000000.0,0.0,0.151,0.295,0.51,0.356,1000000.0,347000000.0,1.0,113785836.0,113785836.0,,21.409,1817049000.0,74073000.0,276000000.0,100618000.0,15.969,1270820000.0
55,NDAQ,MRT,2007-09-30,2007-09-30,2007-09-30,2021-08-04,-10692000.0,3000018000.0,3622256500.0,1710930000.0,1289088000.0,0.613,15.755,8116000.0,1258662000.0,1258662000.0,1435808000.0,502472000.0,3.26,0.685,443088000.0,0.0,443088000.0,443088000.0,187555000.0,39880000.0,0.0,0.0,0.0,700780000.0,740660000.0,0.334,740660000.0,700780000.0,767284000.0,4.48,4.21,4.48,1780717000.0,1570704500.0,1780717000.0,5182388828.0,7.0,6.997,179513000.0,1.588,1.0,783741000.0,0.353,1162251000.0,-66504000.0,497363000.0,2451031000.0,0.0,9201000.0,9201000.0,0.0,1219301000.0,524830000.0,694471000.0,4258910828.0,818117000.0,-8000000.0,15392000.0,-1163491000.0,0.0,-1134156000.0,1780876000.0,1810953000.0,171397000.0,0.0,502472000.0,502472000.0,502472000.0,0.0,0.0,0.226,445772000.0,337969000.0,147245000.0,0.0,2.392,8.476,8.411,62010000.0,0.0,37.68,1.919,1.919,274144000.0,951435000.0,2219549000.0,2219549000.0,0.0,0.139,0.32,0.286,0.316,287000.0,328484000.0,1.0,113028419.0,113028419.0,,19.637,1837767000.0,162778000.0,264812000.0,252080000.0,16.259,1186100000.0
56,NDAQ,MRT,2007-06-30,2007-06-30,2007-06-30,2021-08-04,190507000.0,4005313000.0,3757850750.0,2612712000.0,1392601000.0,0.524,14.224,7746000.0,574998000.0,574998000.0,1225500000.0,167705000.0,4.199,1.499,1498476000.0,10681000.0,1487795000.0,1498476000.0,224791000.0,44532000.0,0.0,0.0,0.0,239758000.0,284290000.0,0.144,284290000.0,239758000.0,280607000.0,1.52,1.25,1.52,1602972000.0,1454890750.0,1602972000.0,4355981314.0,18.0,15.322,293635000.0,2.606,1.0,744947000.0,0.378,1218825000.0,-40849000.0,3087678000.0,3115331250.0,0.0,1694984000.0,1694984000.0,0.0,2402341000.0,622288000.0,1780053000.0,3348178314.0,86181000.0,-15899000.0,12324000.0,-126314000.0,0.0,-103655000.0,-96053000.0,-87729000.0,285889000.0,0.0,167705000.0,167705000.0,167705000.0,0.0,0.0,0.085,422825000.0,322122000.0,256588000.0,0.0,2.089,19.965,19.546,60537000.0,0.0,29.71,1.699,1.699,284606000.0,586441000.0,1970447000.0,1970447000.0,0.0,0.045,0.115,0.077,0.122,1656000.0,291295000.0,1.0,112695332.0,112695332.0,,17.485,2786488000.0,118883000.0,112902000.0,227211000.0,24.726,1990424000.0
57,NDAQ,MRT,2007-03-31,2007-03-31,2007-03-31,2021-08-04,95602000.0,3767243000.0,3610331000.0,2368822000.0,1398421000.0,0.505,12.822,6106000.0,493249000.0,493249000.0,1105860000.0,128221000.0,4.374,1.613,1501052000.0,10681000.0,1490371000.0,1501052000.0,258176000.0,56206000.0,0.0,0.0,0.0,197570000.0,253776000.0,0.139,253776000.0,197570000.0,214013000.0,1.18,0.91,1.18,1441774000.0,1348845500.0,1441774000.0,4488522516.0,23.0,17.687,231461000.0,2.059,1.0,717418000.0,0.393,1223632000.0,-16443000.0,3009898000.0,3096930000.0,0.0,1531778000.0,1531778000.0,0.0,2325469000.0,541516000.0,1783953000.0,3306889516.0,118344000.0,-14656000.0,673627000.0,310028000.0,0.0,995192000.0,-1102203000.0,-1093342000.0,225355000.0,0.0,128221000.0,128221000.0,128221000.0,0.0,0.0,0.07,457817000.0,259601000.0,200903000.0,0.0,2.294,25.791,24.924,61893000.0,0.0,29.41,1.814,1.814,299197000.0,530313000.0,1823278000.0,1823278000.0,0.0,0.036,0.095,0.064,0.108,-946000.0,301310000.0,1.0,112440990.0,112440990.0,,16.215,2543611000.0,118349000.0,85792000.0,166254000.0,22.622,1827306000.0
58,NDAQ,MRT,2006-12-31,2006-12-31,2006-12-31,2021-08-04,136204000.0,3716452000.0,3255157000.0,2312546000.0,1403906000.0,0.509,13.008,9533000.0,321995000.0,321995000.0,970381000.0,127893000.0,5.021,1.55,1503628000.0,10681000.0,1492947000.0,1503628000.0,147091000.0,70916000.0,0.0,0.0,0.0,213145000.0,284061000.0,0.171,284061000.0,213145000.0,213145000.0,1.22,0.95,1.22,1457355000.0,1118749250.0,1457355000.0,4615216574.0,22.0,16.247,210608000.0,1.88,1.0,687395000.0,0.415,1228365000.0,0.0,3209185000.0,2744079250.0,0.0,1628209000.0,1628209000.0,0.0,2259001000.0,460535000.0,1798466000.0,3449558574.0,156758000.0,-53959000.0,999544000.0,310823000.0,0.0,1230066000.0,-1274383000.0,-1229957000.0,201075000.0,0.0,127893000.0,127203000.0,127203000.0,0.0,0.0,0.077,467349000.0,220046000.0,170753000.0,0.0,2.367,27.119,25.238,65269000.0,690000.0,30.79,2.081,2.081,233266000.0,512997000.0,1657776000.0,1657776000.0,0.0,0.039,0.114,0.078,0.129,-14887000.0,289152000.0,1.0,112035030.0,112035030.0,,14.797,2488087000.0,108084000.0,85252000.0,254849000.0,22.208,1852011000.0
59,NDAQ,MRT,2006-09-30,2006-09-30,2006-09-30,2021-08-04,71168000.0,3542395000.0,2837740500.0,2134795000.0,1407600000.0,0.518,11.799,-24076000.0,440545000.0,440545000.0,826758000.0,82004000.0,6.106,1.688,1606203000.0,11693000.0,1594510000.0,1606203000.0,183112000.0,80553000.0,0.0,0.0,0.0,211692000.0,292245000.0,0.199,292245000.0,211692000.0,137085000.0,0.82,0.71,0.82,1317462000.0,817662250.0,1317462000.0,4512059288.0,21.0,15.439,140092000.0,1.255,1.0,642947000.0,0.437,1203889000.0,74607000.0,3154564000.0,2334602500.0,0.0,1419826000.0,1419826000.0,0.0,2224522000.0,349600000.0,1874922000.0,3376463288.0,151781000.0,-999989000.0,1012668000.0,1138491000.0,0.0,2064068000.0,-2076455000.0,-1082931000.0,164168000.0,0.0,82004000.0,80270000.0,80270000.0,0.0,0.0,0.055,463727000.0,179220000.0,128529000.0,0.0,2.563,42.064,36.878,62949000.0,1734000.0,30.24,2.297,2.297,228387000.0,449962000.0,1469705000.0,1469705000.0,0.0,0.028,0.098,0.091,0.144,-25653000.0,268882000.0,1.0,111655532.0,111655532.0,,13.163,2338506000.0,137599000.0,55081000.0,88328000.0,20.944,1785195000.0
60,NDAQ,MRT,2006-06-30,2006-06-30,2006-06-30,2021-08-04,-31888000.0,3415234000.0,2230451250.0,1988688000.0,1426546000.0,0.577,10.577,-22293000.0,488817000.0,488817000.0,684870000.0,69580000.0,5.828,1.897,1624413000.0,11848000.0,1612565000.0,1624413000.0,213487000.0,79879000.0,0.0,0.0,0.0,171566000.0,251445000.0,0.195,251445000.0,171566000.0,117874000.0,0.75,0.64,0.75,1178791000.0,539594500.0,1178791000.0,4148050655.0,24.0,16.497,99092000.0,0.889,1.0,602441000.0,0.468,1195528000.0,53692000.0,3014073000.0,1761418000.0,0.0,1215525000.0,1215525000.0,0.0,2235898000.0,341229000.0,1894669000.0,3332308655.0,184531000.0,-1011590000.0,1029074000.0,1156796000.0,0.0,2096830000.0,-2033684000.0,-1000099000.0,121385000.0,0.0,69580000.0,66470000.0,66470000.0,0.0,0.0,0.052,459718000.0,142723000.0,121890000.0,0.0,2.827,50.133,39.867,94305000.0,3110000.0,29.9,2.589,2.589,234485000.0,419736000.0,1287311000.0,1287311000.0,0.0,0.03,0.123,0.097,0.133,-31710000.0,254758000.0,1.0,111448450.0,111448450.0,,11.551,2219706000.0,138591000.0,48294000.0,89221000.0,19.917,1647459000.0
61,NDAQ,MRT,2006-03-31,2006-03-31,2006-03-31,2021-08-04,-1247000.0,2346547000.0,1644644250.0,889288000.0,1457259000.0,0.666,5.637,-2848000.0,374905000.0,374905000.0,534214000.0,66907000.0,2.478,3.499,1190647000.0,7500000.0,1183147000.0,1190647000.0,234084000.0,73342000.0,0.0,0.0,0.0,148841000.0,222183000.0,0.203,222183000.0,148841000.0,114921000.0,0.74,0.63,0.74,521389000.0,285825750.0,521389000.0,4730501451.0,32.0,21.291,85566000.0,0.925,1.0,561751000.0,0.513,1204937000.0,33920000.0,1598495000.0,1208205500.0,0.0,221275000.0,221275000.0,0.0,1824296000.0,358857000.0,1465439000.0,3703310451.0,290964000.0,-1011590000.0,380550000.0,928125000.0,0.0,1176588000.0,-974038000.0,40166000.0,88414000.0,0.0,66907000.0,61553000.0,61553000.0,0.0,0.0,0.056,429035000.0,132716000.0,121892000.0,0.0,7.103,60.165,54.108,107763000.0,5354000.0,40.04,3.379,3.379,241067000.0,403092000.0,1095965000.0,1095965000.0,0.0,0.037,0.215,0.123,0.136,-33018000.0,226511000.0,1.0,92490271.0,92490271.0,,11.85,1141610000.0,141175000.0,48014000.0,93028000.0,12.343,530431000.0
62,NDAQ,MRT,2005-12-31,2005-12-31,2005-12-31,2021-08-04,-1290000.0,2046786000.0,1279879750.0,596963000.0,1449823000.0,0.688,3.085,-7362000.0,165237000.0,165237000.0,353908000.0,61690000.0,1.835,7.086,1192428000.0,7500000.0,1184928000.0,1192428000.0,145612000.0,66986000.0,0.0,0.0,0.0,126600000.0,193586000.0,0.22,193586000.0,126600000.0,106262000.0,0.68,0.57,0.68,253007000.0,197609000.0,253007000.0,3063742611.0,24.0,15.826,113541000.0,1.384,1.0,526011000.0,0.598,1177371000.0,20338000.0,1571278000.0,961109000.0,0.0,179369000.0,179369000.0,0.0,1792781000.0,325328000.0,1467453000.0,2885173611.0,107051000.0,-970467000.0,52857000.0,930000000.0,0.0,939531000.0,-953383000.0,24446000.0,120903000.0,0.0,61690000.0,55093000.0,55093000.0,0.0,0.0,0.063,412348000.0,113663000.0,147102000.0,0.0,11.404,52.369,51.735,122576000.0,6597000.0,35.18,3.279,3.279,207632000.0,385794000.0,879919000.0,879919000.0,0.0,0.043,0.279,0.132,0.144,-20185000.0,209050000.0,1.0,82011757.0,82011757.0,,10.729,869415000.0,143289000.0,44572000.0,97259000.0,10.601,271635000.0
63,NDAQ,MRT,2005-09-30,2005-09-30,2005-09-30,2021-08-04,-815000.0,1113238000.0,971888250.0,746237000.0,367001000.0,0.811,2.532,3305000.0,288764000.0,288764000.0,279629000.0,51975000.0,3.007,4.37,467333000.0,0.0,467333000.0,467333000.0,178911000.0,68104000.0,0.0,0.0,0.0,99852000.0,167956000.0,0.213,167956000.0,99852000.0,84745000.0,0.51,0.51,0.51,205191000.0,173498000.0,205191000.0,2217037567.0,22.0,13.2,104309000.0,1.287,1.0,508769000.0,0.645,181806000.0,15107000.0,861826000.0,726077250.0,0.0,256482000.0,256482000.0,0.0,896665000.0,248175000.0,648490000.0,2054084567.0,240778000.0,-24437000.0,36782000.0,205000000.0,0.0,199654000.0,-59880000.0,-38748000.0,101004000.0,0.0,51975000.0,40586000.0,40586000.0,-9558000.0,0.0,0.051,428344000.0,80425000.0,76717000.0,0.0,10.011,50.611,49.706,126381000.0,11389000.0,25.35,2.605,2.605,133295000.0,369692000.0,788398000.0,788398000.0,0.0,0.042,0.234,0.138,0.127,-6925000.0,224191000.0,1.0,81028977.0,81028977.0,,9.73,931432000.0,68421000.0,32770000.0,28329000.0,11.495,498062000.0
64,NDAQ,MRT,2005-06-30,2005-06-30,2005-06-30,2021-08-04,-743000.0,1072006000.0,906212500.0,696371000.0,375635000.0,0.764,2.069,4061000.0,304286000.0,304286000.0,198985000.0,28688000.0,2.763,5.485,467239000.0,0.0,467239000.0,467239000.0,209495000.0,73336000.0,0.0,0.0,0.0,56972000.0,130308000.0,0.188,130308000.0,56972000.0,43732000.0,0.23,0.23,0.23,163716000.0,161470750.0,163716000.0,1673522242.0,29.0,12.843,112692000.0,1.424,1.0,492918000.0,0.712,181701000.0,13240000.0,801223000.0,671391250.0,0.0,246054000.0,246054000.0,0.0,898064000.0,252035000.0,646029000.0,1492463242.0,81901000.0,-186937000.0,18633000.0,205000000.0,0.0,181247000.0,-207977000.0,-25101000.0,108631000.0,0.0,28688000.0,17671000.0,17671000.0,-9558000.0,0.0,0.026,452821000.0,40097000.0,64749000.0,0.0,9.116,84.458,82.0,134676000.0,11017000.0,18.86,2.157,2.157,112879000.0,353266000.0,691903000.0,691903000.0,0.0,0.019,0.109,0.085,0.082,-1547000.0,235710000.0,1.0,79133788.0,79133788.0,,8.743,890305000.0,65656000.0,15044000.0,21118000.0,11.251,444336000.0
65,NDAQ,MRT,2005-03-31,2005-03-31,2005-03-31,2021-08-04,-1624000.0,887489000.0,851982250.0,495621000.0,391868000.0,0.695,2.132,-14269000.0,83941000.0,83941000.0,109760000.0,19502000.0,1.796,4.266,265000000.0,0.0,265000000.0,265000000.0,232955000.0,74913000.0,0.0,0.0,0.0,37780000.0,112693000.0,0.19,112693000.0,37780000.0,26307000.0,0.1,0.1,0.1,168522000.0,161147000.0,168522000.0,1052567637.0,28.0,9.34,135125000.0,1.71,1.0,482470000.0,0.815,182481000.0,11473000.0,610109000.0,633729500.0,0.0,261656000.0,261656000.0,0.0,718967000.0,275958000.0,443009000.0,845753637.0,-49667000.0,-186937000.0,2675000.0,0.0,0.0,-3979000.0,-195082000.0,6124000.0,149394000.0,0.0,19502000.0,7182000.0,7182000.0,-9558000.0,0.0,0.012,460133000.0,22337000.0,63384000.0,0.0,5.019,117.76,107.0,162110000.0,12320000.0,10.7,1.428,1.428,108035000.0,341541000.0,592230000.0,592230000.0,0.0,0.008,0.045,0.06,0.064,1103000.0,229777000.0,1.0,79042396.0,79042396.0,,7.493,705008000.0,68993000.0,6805000.0,25243000.0,8.919,219663000.0
66,NDAQ,MRT,2004-12-31,2004-12-31,2004-12-31,2021-08-04,-1056000.0,814820000.0,848477750.0,406197000.0,408623000.0,0.637,1.991,-14730000.0,58186000.0,58186000.0,55845000.0,11362000.0,1.95,4.204,265000000.0,0.0,265000000.0,265000000.0,149358000.0,76336000.0,0.0,0.0,0.0,23595000.0,99931000.0,0.185,99931000.0,23595000.0,12111000.0,-0.02,-0.02,-0.02,156563000.0,159517000.0,156563000.0,1018952209.0,43.0,10.197,102295000.0,1.301,1.0,484596000.0,0.897,182167000.0,11484000.0,631151000.0,667222000.0,0.0,205521000.0,203513000.0,2008000.0,658257000.0,208316000.0,449941000.0,801938209.0,-90743000.0,-190000000.0,2188000.0,0.0,0.0,-6456000.0,-201312000.0,3418000.0,117025000.0,0.0,11362000.0,-1826000.0,-1826000.0,-9558000.0,0.0,-0.003,476413000.0,8183000.0,56929000.0,0.0,5.122,-439.178,-510.0,173840000.0,13188000.0,10.2,1.484,1.484,107487000.0,330701000.0,540441000.0,540441000.0,0.0,-0.002,-0.011,0.035,0.044,702000.0,230803000.0,1.0,78621393.0,78621393.0,,6.874,632653000.0,72974000.0,749000.0,29514000.0,8.047,197881000.0
67,NDAQ,MRT,2004-09-30,2004-09-30,2004-09-30,2021-08-04,-593000.0,850535000.0,857586250.0,398850000.0,451685000.0,0.595,1.998,-19437000.0,47986000.0,47986000.0,9177000.0,-17066000.0,1.66,4.415,265000000.0,0.0,265000000.0,265000000.0,174817000.0,75935000.0,0.0,0.0,0.0,-8405000.0,67530000.0,0.132,67530000.0,-8405000.0,-19939000.0,-0.34,-0.34,-0.34,157082000.0,160550250.0,157082000.0,585081870.0,-70.0,8.664,129712000.0,1.65,1.0,501220000.0,0.982,184129000.0,11534000.0,643082000.0,692041750.0,0.0,219592000.0,214582000.0,5010000.0,693453000.0,240338000.0,453115000.0,542466870.0,-71405000.0,-190000000.0,650000.0,0.0,0.0,-9533000.0,-211021000.0,-1584000.0,149149000.0,0.0,-17066000.0,-26959000.0,-26959000.0,10190000.0,0.0,-0.053,505670000.0,-4450000.0,46093000.0,0.0,3.453,-20.122,-20.294,205335000.0,9893000.0,6.9,1.063,1.063,92515000.0,329108000.0,510397000.0,510397000.0,0.0,-0.031,-0.168,-0.012,-0.016,237000.0,214002000.0,1.0,78618387.0,78618387.0,,6.492,666406000.0,85421000.0,-2873000.0,35316000.0,8.476,158512000.0
68,NDAQ,MRT,2004-06-30,2004-06-30,2004-06-30,2021-08-04,-1645000.0,855085000.0,872413500.0,546245000.0,308840000.0,0.606,2.069,-18562000.0,222385000.0,222385000.0,0.0,-49589000.0,2.218,4.265,265000000.0,0.0,265000000.0,265000000.0,194110000.0,78222000.0,0.0,0.0,0.0,-41542000.0,36680000.0,0.069,36680000.0,-41542000.0,-55385000.0,-0.78,-0.78,-0.78,162421000.0,166863250.0,162421000.0,626045162.0,-15.0,17.068,89629000.0,1.142,1.0,528327000.0,1.0,812000.0,13843000.0,650576000.0,730475250.0,0.0,222893000.0,200926000.0,21967000.0,692664000.0,246312000.0,446352000.0,494653162.0,-40319000.0,0.0,651000.0,-150000000.0,0.0,-161133000.0,12623000.0,31185000.0,108191000.0,0.0,-49589000.0,-61020000.0,-61020000.0,40455000.0,0.0,-0.115,536618000.0,-8291000.0,30850000.0,0.0,3.046,-8.106,-8.077,214626000.0,11431000.0,6.3,0.936,0.936,74220000.0,335597000.0,528327000.0,528327000.0,0.0,-0.07,-0.366,-0.057,-0.079,-112000.0,204859000.0,1.0,78516375.0,78516375.0,,6.729,854273000.0,107146000.0,-5796000.0,40907000.0,10.88,299933000.0
69,NDAQ,MRT,2004-03-31,2004-03-31,2004-03-31,2021-08-04,-118000.0,873471000.0,950217750.0,561184000.0,312287000.0,0.585,2.063,-21695000.0,133608000.0,133608000.0,0.0,-103382000.0,2.159,4.392,265000000.0,0.0,265000000.0,265000000.0,211490000.0,86823000.0,0.0,0.0,0.0,-107738000.0,-20915000.0,-0.038,-20915000.0,-107738000.0,-123936000.0,-1.46,-1.46,-1.46,162002000.0,182900500.0,162002000.0,792918825.0,-7.0,-37.911,55654000.0,0.709,1.0,555888000.0,1.0,841000.0,16198000.0,744079000.0,821111250.0,0.0,272850000.0,263344000.0,9506000.0,711469000.0,259943000.0,451526000.0,675240825.0,-137927000.0,0.0,910000.0,-150000000.0,0.0,-159842000.0,-55434000.0,-33739000.0,77349000.0,0.0,-103382000.0,-113810000.0,-113810000.0,57081000.0,0.0,-0.205,619690000.0,-63802000.0,33989000.0,0.0,4.168,-5.933,-5.89,228007000.0,10428000.0,8.6,1.215,1.215,111501000.0,334359000.0,555888000.0,555888000.0,0.0,-0.12,-0.622,-0.131,-0.194,-704000.0,222393000.0,1.0,78516375.0,78516375.0,,7.08,872630000.0,111257000.0,-20554000.0,40546000.0,11.114,301241000.0
70,NDAQ,MRT,2003-12-31,2003-12-31,2003-12-31,2021-08-04,86000.0,851254000.0,1034503750.0,529617000.0,321637000.0,0.57,2.049,-31452000.0,148929000.0,148929000.0,0.0,-105447000.0,2.229,4.297,266607000.0,1607000.0,265000000.0,266607000.0,144442000.0,89983000.0,0.0,0.0,0.0,-108132000.0,-18149000.0,-0.031,-18149000.0,-108132000.0,-126687000.0,-1.45,-1.45,-1.45,160696000.0,210424500.0,160696000.0,895500275.0,-8.0,-49.342,73815000.0,0.941,1.0,589845000.0,1.0,871000.0,18555000.0,730430000.0,901038000.0,0.0,213975000.0,209469000.0,4506000.0,690558000.0,237631000.0,452927000.0,741181275.0,-52534000.0,-2500000.0,848000.0,-150000000.0,0.0,-157570000.0,-231000.0,33721000.0,105267000.0,0.0,-105447000.0,-113726000.0,-113726000.0,60335000.0,0.0,-0.193,652159000.0,-62314000.0,51517000.0,0.0,4.612,-6.517,-6.517,242943000.0,8279000.0,9.45,1.257,1.257,119136000.0,332527000.0,589845000.0,589845000.0,0.0,-0.11,-0.54,-0.12,-0.183,-50000.0,238235000.0,1.0,78431881.0,78431881.0,,7.52,850383000.0,112539000.0,-21240000.0,40917000.0,10.842,291986000.0
71,NDAQ,MRT,2003-09-30,2003-09-30,2003-09-30,2021-08-04,-1607000.0,909844000.0,1115668750.0,556386000.0,353458000.0,0.559,2.325,-48005000.0,127836000.0,127836000.0,0.0,-84130000.0,2.096,3.99,282155000.0,10865000.0,271290000.0,282155000.0,168504000.0,82319000.0,0.0,0.0,0.0,-82106000.0,213000.0,0.0,213000.0,-82106000.0,-102082000.0,-1.18,-1.16,-1.18,182334000.0,237968500.0,182334000.0,795426227.0,-10.0,3734.395,30270000.0,0.386,1.0,623731000.0,1.0,1944000.0,19976000.0,796816000.0,996774500.0,0.0,223046000.0,221540000.0,1506000.0,727510000.0,265403000.0,462107000.0,631374227.0,-142197000.0,-5500000.0,1235000.0,-151574000.0,0.0,-157975000.0,-62497000.0,-8992000.0,78275000.0,0.0,-84130000.0,-92308000.0,-92308000.0,72038000.0,0.0,-0.148,641005000.0,-17274000.0,60112000.0,0.0,3.463,-6.84,-6.822,278461000.0,8178000.0,8.05,1.012,1.012,133726000.0,356067000.0,623731000.0,623731000.0,0.0,-0.083,-0.388,-0.082,-0.132,435000.0,283631000.0,1.0,78431581.0,78431581.0,,7.953,907900000.0,124312000.0,-17952000.0,51902000.0,11.576,290983000.0
72,NDAQ,MRT,2003-06-30,2003-06-30,2003-06-30,2021-08-04,2280000.0,1166302000.0,1186096250.0,751124000.0,415178000.0,0.574,2.892,-61293000.0,269107000.0,269107000.0,0.0,-33411000.0,2.414,4.118,433159000.0,10940000.0,422219000.0,433159000.0,197259000.0,86291000.0,0.0,0.0,0.0,-10050000.0,76241000.0,0.112,76241000.0,-10050000.0,-31379000.0,-0.53,-0.51,-0.53,226570000.0,258893500.0,226570000.0,805604814.0,-80.0,10.567,65432000.0,0.835,1.0,680620000.0,1.0,6145000.0,21329000.0,1013120000.0,1065402000.0,0.0,261495000.0,261495000.0,0.0,933090000.0,311089000.0,622001000.0,630701814.0,-55549000.0,-6100000.0,1235000.0,-3895000.0,0.0,-7704000.0,-174570000.0,-107177000.0,126725000.0,0.0,-33411000.0,-41488000.0,-41488000.0,41773000.0,0.0,-0.061,659696000.0,20924000.0,73588000.0,0.0,2.784,-15.202,-15.19,328987000.0,8077000.0,8.051,0.927,0.927,146363000.0,396617000.0,680620000.0,680620000.0,0.0,-0.035,-0.16,-0.009,-0.015,1078000.0,299407000.0,1.0,78340266.0,78340266.0,,8.688,1160157000.0,124484000.0,2032000.0,51019000.0,14.809,440035000.0
73,NDAQ,MRT,2003-03-31,2003-03-31,2003-03-31,2021-08-04,-3406000.0,1210615000.0,1202818000.0,752955000.0,457660000.0,0.614,3.473,-64464000.0,277307000.0,277307000.0,0.0,24367000.0,2.485,3.46,452210000.0,15383000.0,436827000.0,452210000.0,231042000.0,85975000.0,0.0,0.0,0.0,67066000.0,153041000.0,0.207,153041000.0,67066000.0,46889000.0,0.21,0.23,0.21,272098000.0,265783250.0,272098000.0,793342849.0,12.0,5.184,65846000.0,0.841,1.0,738183000.0,1.0,18692000.0,20177000.0,1063786000.0,1063883000.0,0.0,243174000.0,243174000.0,0.0,941458000.0,303040000.0,638418000.0,544464849.0,111706000.0,-10100000.0,2037000.0,148485000.0,0.0,148042000.0,-166646000.0,-92082000.0,130310000.0,0.0,24367000.0,16393000.0,16393000.0,25147000.0,0.0,0.022,640025000.0,98158000.0,87472000.0,0.0,2.001,33.213,33.095,355431000.0,7974000.0,6.95,0.738,0.738,152486000.0,448169000.0,738183000.0,738183000.0,0.0,0.014,0.062,0.063,0.091,2416000.0,296811000.0,1.0,78340266.0,78340266.0,,9.423,1191923000.0,126605000.0,22522000.0,52594000.0,15.215,449915000.0
74,NDAQ,MRT,2002-12-31,2002-12-31,2002-12-31,2021-08-04,-2326000.0,1175914000.0,1176475000.0,697006000.0,478908000.0,0.669,3.465,-67018000.0,201463000.0,201463000.0,0.0,43128000.0,2.532,3.365,424422000.0,3545000.0,420877000.0,424422000.0,166698000.0,88502000.0,0.0,0.0,0.0,102537000.0,191039000.0,0.243,191039000.0,102537000.0,84049000.0,0.4,0.4,0.4,270872000.0,257700500.0,270872000.0,960883540.0,9.0,5.03,87624000.0,1.121,1.0,787154000.0,1.0,10183000.0,18488000.0,1113376000.0,1010060750.0,0.0,250555000.0,240799000.0,9756000.0,911524000.0,275314000.0,636210000.0,781837540.0,-79686000.0,-16000000.0,-302917000.0,150000000.0,0.0,-147848000.0,-86480000.0,-3462000.0,154642000.0,0.0,43128000.0,33363000.0,33363000.0,21893000.0,0.0,0.042,660099000.0,127055000.0,88955000.0,0.0,2.886,23.434,25.0,328690000.0,9765000.0,10.0,0.993,0.993,168782000.0,446253000.0,787154000.0,787154000.0,0.0,0.028,0.129,0.102,0.13,3155000.0,291062000.0,1.0,78183754.0,78183754.0,,10.068,1165731000.0,123019000.0,40921000.0,49240000.0,14.91,421692000.0
75,NDAQ,MRT,2002-09-30,2002-09-30,2002-09-30,2021-08-04,-6287000.0,1191554000.0,1214059250.0,721541000.0,470013000.0,0.677,3.386,-61118000.0,274170000.0,274170000.0,0.0,29551000.0,2.561,3.489,453216000.0,4048000.0,449168000.0,453216000.0,199451000.0,93354000.0,0.0,0.0,0.0,82803000.0,176157000.0,0.214,176157000.0,82803000.0,64327000.0,0.3,0.3,0.3,266034000.0,319579500.0,266034000.0,860532971.0,10.0,4.885,74689000.0,0.951,1.0,821547000.0,1.0,17575000.0,18476000.0,1071326000.0,987530500.0,0.0,212977000.0,200156000.0,12821000.0,928174000.0,281699000.0,646475000.0,734700971.0,-67511000.0,-15558000.0,-225892000.0,142031000.0,0.0,-157607000.0,-45711000.0,30965000.0,135807000.0,0.0,29551000.0,22228000.0,22228000.0,19592000.0,0.0,0.027,724925000.0,96622000.0,114447000.0,0.0,2.762,33.053,31.167,359192000.0,7323000.0,9.35,0.894,0.894,186152000.0,448375000.0,821547000.0,821547000.0,0.0,0.018,0.07,0.084,0.101,4473000.0,266679000.0,1.0,78577644.0,78577644.0,,10.455,1173979000.0,123987000.0,34776000.0,50772000.0,14.94,439842000.0
76,NDAQ,MRT,2002-06-30,2002-06-30,2002-06-30,2021-08-04,-5004000.0,1233189000.0,1245784500.0,737182000.0,496007000.0,0.659,3.24,-76072000.0,330835000.0,330835000.0,0.0,24785000.0,2.209,3.851,456667000.0,4076000.0,452591000.0,456667000.0,233795000.0,91118000.0,0.0,,0.0,68009000.0,159127000.0,0.194,159127000.0,68009000.0,53071000.0,0.24,0.24,0.24,254129000.0,384689500.0,254129000.0,,,,10078000.0,0.128,1.0,820466000.0,1.0,18251000.0,14938000.0,1007044000.0,966097750.0,0.0,155145000.0,133762000.0,21383000.0,978760000.0,333726000.0,645034000.0,,-26595000.0,-14958000.0,-225892000.0,156190000.0,0.0,-143448000.0,30703000.0,121733000.0,86150000.0,0.0,24785000.0,19903000.0,19903000.0,19592000.0,0.0,0.024,742481000.0,77985000.0,137760000.0,0.0,,,,369855000.0,4882000.0,,,,204526000.0,438105000.0,820466000.0,820466000.0,0.0,0.016,0.052,0.07,0.083,7973000.0,260612000.0,1.0,78431873.0,78431873.0,,10.461,1214938000.0,134497000.0,28286000.0,41377000.0,15.49,403456000.0
77,NDAQ,MRT,2002-03-31,2002-03-31,2002-03-31,2021-08-04,-8804000.0,1105243000.0,1279154250.0,605251000.0,499992000.0,0.654,3.057,-90946000.0,172411000.0,172411000.0,0.0,35597000.0,1.637,3.597,304379000.0,4228000.0,300151000.0,304379000.0,256312000.0,88210000.0,0.0,,0.0,85166000.0,173376000.0,0.207,173376000.0,85166000.0,72328000.0,0.33,0.32,0.33,239767000.0,449577000.0,239767000.0,,,,48468000.0,0.618,1.0,836635000.0,1.0,18969000.0,12838000.0,848497000.0,953172500.0,0.0,160214000.0,134728000.0,25486000.0,862520000.0,369745000.0,492775000.0,,-85282000.0,-10668000.0,-467334000.0,245647000.0,0.0,-285869000.0,61173000.0,162787000.0,139414000.0,0.0,35597000.0,33156000.0,33156000.0,19592000.0,0.0,0.04,756203000.0,80432000.0,156175000.0,0.0,,,,372274000.0,2441000.0,,,,241045000.0,431776000.0,836635000.0,836635000.0,0.0,0.026,0.074,0.089,0.102,7766000.0,260905000.0,1.0,78439660.0,78439660.0,,10.666,1086274000.0,120313000.0,36731000.0,39597000.0,13.849,235506000.0
78,NDAQ,MRT,2001-12-31,2001-12-31,2001-12-31,2021-08-04,-6976000.0,1326251000.0,1336642500.0,815172000.0,511079000.0,0.634,4.669,-102624000.0,293731000.0,293731000.0,0.0,40463000.0,2.764,1.548,305127000.0,4454000.0,300673000.0,305127000.0,187053000.0,83684000.0,0.0,,0.0,88572000.0,172256000.0,0.203,172256000.0,88572000.0,78795000.0,0.35,0.35,0.35,518388000.0,569348250.0,518388000.0,,,,-32659000.0,-0.294,1.0,848070000.0,1.0,19469000.0,9777000.0,1023255000.0,933737500.0,0.0,256598000.0,228029000.0,28569000.0,802486000.0,294923000.0,507563000.0,,18892000.0,-2000000.0,-162233000.0,240000000.0,0.0,50406000.0,-101479000.0,3145000.0,69965000.0,0.0,40463000.0,40463000.0,40463000.0,19592000.0,0.0,0.048,764533000.0,83537000.0,132692000.0,0.0,,,,378833000.0,0.0,,,,228993000.0,412890000.0,848070000.0,848070000.0,0.0,0.03,0.071,0.095,0.104,6883000.0,256774000.0,1.0,111024731.0,111024731.0,,7.639,1306782000.0,126157000.0,38332000.0,40610000.0,11.77,520249000.0
79,NDAQ,MRT,2001-09-30,2001-09-30,2001-09-30,2021-08-04,-806000.0,1318455000.0,1296179500.0,829728000.0,488727000.0,0.658,4.753,-190023000.0,329099000.0,329099000.0,0.0,64438000.0,2.859,1.496,286500000.0,0.0,286500000.0,286500000.0,208235000.0,85589000.0,0.0,,0.0,121772000.0,207361000.0,0.243,207361000.0,121772000.0,115224000.0,0.54,0.53,0.54,526474000.0,601041000.0,526474000.0,,,,-41184000.0,-0.372,1.0,853253000.0,1.0,0.0,6548000.0,985595000.0,842801500.0,0.0,258032000.0,234094000.0,23938000.0,787534000.0,290261000.0,497273000.0,,31097000.0,558000.0,-240851000.0,251614000.0,0.0,64015000.0,-181757000.0,7708000.0,148839000.0,0.0,64438000.0,64438000.0,64438000.0,0.0,0.0,0.076,763423000.0,89830000.0,135241000.0,0.0,,,,380409000.0,0.0,,,,207378000.0,426147000.0,853253000.0,853253000.0,0.0,0.05,0.107,0.144,0.143,9040000.0,270152000.0,1.0,110761355.0,110761355.0,,7.704,1318455000.0,100846000.0,50786000.0,36246000.0,11.904,539467000.0
80,NDAQ,MRT,2001-06-30,2001-06-30,2001-06-30,2021-08-04,-4125000.0,1366668000.0,,886719000.0,479949000.0,,4.638,-206135000.0,344848000.0,344848000.0,0.0,78522000.0,2.534,1.657,283431000.0,0.0,283431000.0,283431000.0,235885000.0,108309000.0,0.0,,0.0,151490000.0,259799000.0,0.303,259799000.0,151490000.0,147221000.0,0.68,0.67,0.68,513679000.0,,513679000.0,,,,31217000.0,0.282,1.0,858265000.0,1.0,0.0,4269000.0,955343000.0,,0.0,283992000.0,264867000.0,19125000.0,850997000.0,349908000.0,501089000.0,,-10745000.0,558000.0,-240851000.0,240210000.0,0.0,52611000.0,-300708000.0,-95131000.0,237352000.0,0.0,78522000.0,78522000.0,78522000.0,0.0,0.0,0.091,734312000.0,123953000.0,157647000.0,0.0,,,,372204000.0,0.0,,,,223431000.0,418202000.0,858265000.0,858265000.0,0.0,,,,0.177,5064000.0,248307000.0,1.0,110761355.0,110761355.0,,7.749,1366668000.0,98896000.0,68699000.0,40407000.0,12.339,536811000.0
81,NDAQ,MRT,2001-03-31,2001-03-31,2001-03-31,2021-08-04,478000.0,1335196000.0,,869356000.0,465840000.0,,6.49,-203049000.0,245111000.0,245111000.0,0.0,104239000.0,2.44,0.84,36957000.0,0.0,36957000.0,36957000.0,256730000.0,86422000.0,0.0,,0.0,188141000.0,274563000.0,0.324,274563000.0,188141000.0,185366000.0,0.97,0.97,0.97,718852000.0,,718852000.0,,,,7191000.0,0.065,1.0,848463000.0,1.0,0.0,2775000.0,770757000.0,,0.0,326149000.0,319610000.0,6539000.0,604065000.0,356285000.0,247780000.0,,185481000.0,268000.0,253291000.0,4687000.0,0.0,331666000.0,-356425000.0,-153644000.0,210240000.0,0.0,104239000.0,104239000.0,104239000.0,0.0,0.0,0.123,685492000.0,162971000.0,154064000.0,0.0,,,,368689000.0,0.0,,,,251945000.0,398620000.0,848463000.0,848463000.0,0.0,,,,0.222,4214000.0,226478000.0,1.0,110761355.0,110761355.0,,7.66,1335196000.0,96243000.0,81127000.0,39470000.0,12.055,513071000.0
82,NDAQ,MRT,2000-12-31,2000-12-31,2000-12-31,2021-08-04,-1892000.0,1164399000.0,871326500.0,744460000.0,419939000.0,0.956,5.825,-192792000.0,262257000.0,262257000.0,0.0,23306000.0,2.638,0.781,39602000.0,5495000.0,34107000.0,39602000.0,204344000.0,65645000.0,0.0,,0.0,116561000.0,182206000.0,0.219,182206000.0,116561000.0,113783000.0,0.21,0.21,0.21,645159000.0,498585500.0,645159000.0,,,,67819000.0,0.612,1.0,832711000.0,1.0,0.0,2778000.0,659511000.0,552445000.0,0.0,260669000.0,254057000.0,6612000.0,503697000.0,282233000.0,221464000.0,,251659000.0,-16979000.0,253291000.0,0.0,0.0,283291000.0,-292243000.0,-82472000.0,260611000.0,0.0,23306000.0,23306000.0,23306000.0,0.0,0.0,0.028,636043000.0,196668000.0,144167000.0,0.0,,,,326317000.0,0.0,,,,180910000.0,372427000.0,832711000.0,832711000.0,0.0,0.027,0.047,0.211,0.14,3788000.0,217252000.0,1.0,110761355.0,110761355.0,,7.518,1164399000.0,93624000.0,90477000.0,32116000.0,10.513,462227000.0
83,NDAQ,MRT,2000-09-30,2000-09-30,2000-09-30,2021-08-04,,,,,,,,,,,,,,,,,,,,,,,0.0,,,,,,,,,,,,,,,,,,1.0,,,,,,,,,,,,,,,,,,,,,,,,,,,,,,,,,,,,,,,,,,,,,,,,,,,,,,1.0,,,,,,,,,,
84,NDAQ,MRT,2000-06-30,2000-06-30,2000-06-30,2021-08-04,,,,,,,,,,,,,,,,,,,,,,,0.0,,,,,,,,,,,,,,,,,,1.0,,,,,,,,,,,,,,,,,,,,,,,,,,,,,,,,,,,,,,,,,,,,,,,,,,,,,,1.0,,,,,,,,,,
85,NDAQ,MRT,2000-03-31,2000-03-31,2000-03-31,2021-08-04,,,,,,,,,,,,,,,,,,,,,,,0.0,,,,,,,,,,,,,,,,,,1.0,,,,,,,,,,,,,,,,,,,,,,,,,,,,,,,,,,,,,,,,,,,,,,,,,,,,,,1.0,,,,,,,,,,
86,NDAQ,MRT,1999-12-31,1999-12-31,1999-12-31,2021-08-04,1742000.0,578254000.0,,312346000.0,265908000.0,,,-106947000.0,10598000.0,10598000.0,0.0,86149000.0,2.121,0.643,25000000.0,0.0,25000000.0,25000000.0,43267000.0,43696000.0,0.0,,0.0,146713000.0,190409000.0,0.3,190409000.0,146713000.0,144570000.0,0.86,0.86,0.86,352012000.0,,352012000.0,,,,28178000.0,,1.0,634248000.0,1.0,0.0,2143000.0,445379000.0,,0.0,215463000.0,164263000.0,51200000.0,226242000.0,147277000.0,78965000.0,,7844000.0,0.0,0.0,3876000.0,0.0,3876000.0,-131157000.0,-24210000.0,135125000.0,0.0,86149000.0,86149000.0,86149000.0,0.0,0.0,0.136,499736000.0,134512000.0,89146000.0,0.0,,,,212111000.0,0.0,,,,119571000.0,349121000.0,634248000.0,634248000.0,0.0,,,,0.231,0.0,182410000.0,1.0,,,,,578254000.0,5213000.0,58421000.0,10928000.0,,165069000.0
87,NDAQ,MRT,1998-12-31,1998-12-31,1998-12-31,2021-08-04,,,,,,,,-29371000.0,,,0.0,34955000.0,,,,,,,,34984000.0,,,0.0,62927000.0,97911000.0,0.217,97911000.0,62927000.0,60965000.0,0.35,0.35,0.35,,,,,,,27352000.0,,1.0,450823000.0,1.0,,1962000.0,,,,,,,,,,,-1271000.0,0.0,0.0,156000.0,0.0,156000.0,-58150000.0,-28779000.0,56723000.0,0.0,34955000.0,34955000.0,34955000.0,0.0,0.0,0.078,397165000.0,53658000.0,,0.0,,,,,0.0,,,,,,450823000.0,450823000.0,0.0,,,,0.14,0.0,139360000.0,1.0,,,,,,,26010000.0,,,
