None,ticker,dimension,calendardate,datekey,reportperiod,lastupdated,accoci,assets,assetsavg,assetsc,assetsnc,assetturnover,bvps,capex,cashneq,cashnequsd,cor,consolinc,currentratio,de,debt,debtc,debtnc,debtusd,deferredrev,depamor,deposits,divyield,dps,ebit,ebitda,ebitdamargin,ebitdausd,ebitusd,ebt,eps,epsdil,epsusd,equity,equityavg,equityusd,ev,evebit,evebitda,fcf,fcfps,fxusd,gp,grossmargin,intangibles,intexp,invcap,invcapavg,inventory,investments,investmentsc,investmentsnc,liabilities,liabilitiesc,liabilitiesnc,marketcap,ncf,ncfbus,ncfcommon,ncfdebt,ncfdiv,ncff,ncfi,ncfinv,ncfo,ncfx,netinc,netinccmn,netinccmnusd,netincdis,netincnci,netmargin,opex,opinc,payables,payoutratio,pb,pe,pe1,ppnenet,prefdivis,price,ps,ps1,receivables,retearn,revenue,revenueusd,rnd,roa,roe,roic,ros,sbcomp,sgna,sharefactor,sharesbas,shareswa,shareswadil,sps,tangibles,taxassets,taxexp,taxliabilities,tbvps,workingcapital
0,MCO,MRY,2020-12-31,2020-12-31,2020-12-31,2021-07-30,-432000000.0,12409000000.0,11671250000.0,4509000000.0,7900000000.0,0.46,8.364,-103000000.0,2597000000.0,2597000000.0,0.0,1777000000.0,2.029,6.785,6943000000.0,94000000.0,6849000000.0,6943000000.0,1187000000.0,220000000.0,0.0,0.008,2.24,2435000000.0,2655000000.0,0.494,2655000000.0,2435000000.0,2230000000.0,9.48,9.39,9.48,1569000000.0,1172250000.0,1569000000.0,58908072000.0,24.0,22.188,2043000000.0,10.89,1.0,5371000000.0,1.0,6380000000.0,205000000.0,8153000000.0,8289250000.0,0.0,99000000.0,99000000.0,0.0,10646000000.0,2222000000.0,8424000000.0,54507072000.0,765000000.0,-897000000.0,-556000000.0,649000000.0,-420000000.0,-351000000.0,-1077000000.0,-79000000.0,2146000000.0,47000000.0,1778000000.0,1778000000.0,1778000000.0,0.0,-1000000.0,0.331,2983000000.0,2388000000.0,1039000000.0,0.236,34.74,30.656,30.616,671000000.0,0.0,290.24,10.148,10.138,1430000000.0,11011000000.0,5371000000.0,5371000000.0,0.0,0.152,1.517,0.294,0.453,154000000.0,2704000000.0,1.0,187800000.0,187600000,189300000.0,28.63,6029000000.0,334000000.0,452000000.0,887000000.0,32.138,2287000000.0
1,MCO,MRY,2019-12-31,2019-12-31,2019-12-31,2021-07-30,-439000000.0,10265000000.0,9713125000.0,3679000000.0,6586000000.0,0.497,3.233,-69000000.0,1832000000.0,1832000000.0,0.0,1429000000.0,1.924,15.405,6155000000.0,89000000.0,6066000000.0,6155000000.0,1162000000.0,200000000.0,0.0,0.008,2.0,2011000000.0,2211000000.0,0.458,2211000000.0,2011000000.0,1803000000.0,7.51,7.42,7.51,612000000.0,390150000.0,612000000.0,49467508000.0,25.0,22.373,1606000000.0,8.484,1.0,4829000000.0,1.0,5220000000.0,208000000.0,7456000000.0,7237400000.0,0.0,98000000.0,98000000.0,0.0,9428000000.0,1912000000.0,7516000000.0,44823008000.0,147000000.0,64000000.0,-1023000000.0,-147000000.0,-378000000.0,-1563000000.0,36000000.0,29000000.0,1675000000.0,-1000000.0,1422000000.0,1422000000.0,1422000000.0,0.0,7000000.0,0.294,2831000000.0,1998000000.0,773000000.0,0.266,73.24,31.521,31.613,748000000.0,0.0,237.41,9.282,9.307,1419000000.0,9656000000.0,4829000000.0,4829000000.0,0.0,0.146,3.645,0.278,0.416,136000000.0,2554000000.0,1.0,188800000.0,189300000,191600000.0,25.51,5045000000.0,229000000.0,381000000.0,834000000.0,26.651,1767000000.0
2,MCO,MRY,2018-12-31,2018-12-31,2018-12-31,2021-07-30,-426000000.0,9526000000.0,8932675000.0,3387000000.0,6139000000.0,0.497,2.396,-91000000.0,1685000000.0,1685000000.0,0.0,1320000000.0,1.614,19.325,5676000000.0,450000000.0,5226000000.0,5676000000.0,1075000000.0,192000000.0,0.0,0.013,1.76,1877000000.0,2069000000.0,0.466,2069000000.0,1877000000.0,1662000000.0,6.84,6.74,6.84,459000000.0,325425000.0,459000000.0,30751364000.0,16.0,14.863,1370000000.0,7.15,1.0,4443000000.0,1.0,5347000000.0,215000000.0,6071000000.0,5747675000.0,0.0,133000000.0,133000000.0,0.0,8870000000.0,2099000000.0,6771000000.0,26831664000.0,613000000.0,-283000000.0,-218000000.0,148000000.0,-337000000.0,-412000000.0,-406000000.0,-32000000.0,1461000000.0,-30000000.0,1310000000.0,1310000000.0,1310000000.0,0.0,10000000.0,0.295,2575000000.0,1868000000.0,696000000.0,0.257,58.457,20.482,20.474,320000000.0,0.0,140.04,6.039,6.039,1287000000.0,8594000000.0,4443000000.0,4443000000.0,0.0,0.147,4.026,0.327,0.422,130000000.0,2326000000.0,1.0,191600000.0,191600000,194400000.0,23.189,4179000000.0,197000000.0,352000000.0,847000000.0,21.811,1288000000.0
3,MCO,MRY,2017-12-31,2017-12-31,2017-12-31,2021-07-30,-172200000.0,8594200000.0,7217825000.0,2580600000.0,6013600000.0,0.582,-1.715,-91000000.0,1071500000.0,1071500000.0,0.0,1008000000.0,1.251,-26.576,5540500000.0,429400000.0,5111100000.0,5540500000.0,1023600000.0,158000000.0,0.0,0.01,1.52,1989000000.0,2147000000.0,0.511,2147000000.0,1989000000.0,1780000000.0,5.24,5.15,5.24,-327700000.0,-575925000.0,-327700000.0,32966871000.0,17.0,15.355,664000000.0,3.475,1.0,4204000000.0,1.0,5384800000.0,209000000.0,5615100000.0,5385800000.0,0.0,111800000.0,111800000.0,0.0,8709100000.0,2063300000.0,6645800000.0,28208271000.0,-980000000.0,-3511000000.0,-193000000.0,2095000000.0,-290000000.0,1600000000.0,-3420000000.0,69000000.0,755000000.0,85000000.0,1001000000.0,1001000000.0,1001000000.0,0.0,7000000.0,0.238,2383000000.0,1821000000.0,750300000.0,0.29,-86.08,28.18,28.17,325100000.0,0.0,147.61,6.71,6.71,1147200000.0,7465400000.0,4204000000.0,4204000000.0,0.0,0.139,-1.738,0.369,0.473,123000000.0,2202000000.0,1.0,191100000.0,191100000,194200000.0,21.999,3209400000.0,143800000.0,779000000.0,730700000.0,16.794,517300000.0
4,MCO,MRY,2016-12-31,2016-12-31,2016-12-31,2021-07-30,-364900000.0,5327300000.0,5126600000.0,3253100000.0,2074200000.0,0.703,-6.357,-115200000.0,2051500000.0,2051500000.0,0.0,275800000.0,1.34,-5.187,3363000000.0,300000000.0,3063000000.0,3363000000.0,818000000.0,126700000.0,0.0,0.016,1.48,706100000.0,832800000.0,0.231,832800000.0,706100000.0,548800000.0,1.38,1.36,1.38,-1225000000.0,-742775000.0,-1225000000.0,19696424000.0,28.0,23.651,1144000000.0,5.937,1.0,3604200000.0,1.0,1320000000.0,157300000.0,2890600000.0,3886100000.0,0.0,173400000.0,173400000.0,0.0,6354600000.0,2428200000.0,3926400000.0,18024424000.0,294100000.0,-79300000.0,-705400000.0,-100000.0,-285100000.0,-1042900000.0,102000000.0,292700000.0,1259200000.0,-24200000.0,266600000.0,266600000.0,266600000.0,0.0,9200000.0,0.074,2953300000.0,650900000.0,1444300000.0,1.072,-14.714,67.608,68.312,325900000.0,0.0,94.27,5.001,5.04,887400000.0,6688900000.0,3604200000.0,3604200000.0,0.0,0.052,-0.359,0.182,0.196,98100000.0,1950800000.0,1.0,191200000.0,192700000,195400000.0,18.704,4007300000.0,316100000.0,282200000.0,304100000.0,20.796,824900000.0
5,MCO,MRY,2015-12-31,2015-12-31,2015-12-31,2021-07-30,-339500000.0,5103000000.0,4962850000.0,3243100000.0,1859900000.0,0.702,-2.824,-89000000.0,1757400000.0,1757400000.0,0.0,949600000.0,2.662,-9.621,3380600000.0,0.0,3380600000.0,3380600000.0,767700000.0,113500000.0,0.0,0.014,1.36,1486400000.0,1599900000.0,0.459,1599900000.0,1486400000.0,1371300000.0,4.7,4.63,4.7,-565000000.0,-434950000.0,-565000000.0,21490618000.0,14.0,13.432,1109100000.0,5.543,1.0,3484500000.0,1.0,1275400000.0,115100000.0,4232300000.0,4132350000.0,0.0,474800000.0,474800000.0,0.0,5436000000.0,1218500000.0,4217500000.0,19837218000.0,537900000.0,-7600000.0,-1068400000.0,852800000.0,-272100000.0,-505500000.0,-92000000.0,-35100000.0,1198100000.0,-62700000.0,941300000.0,941300000.0,941300000.0,0.0,8300000.0,0.27,2011100000.0,1473400000.0,566600000.0,0.289,-35.11,21.074,21.349,306400000.0,0.0,100.34,5.693,5.762,802000000.0,6709000000.0,3484500000.0,3484500000.0,0.0,0.19,-2.164,0.36,0.427,87200000.0,1897600000.0,1.0,197700000.0,200100000,203400000.0,17.414,3827600000.0,167000000.0,430000000.0,303900000.0,19.128,2024600000.0
6,MCO,MRY,2014-12-31,2014-12-31,2014-12-31,2021-07-30,-235200000.0,4669000000.0,4700675000.0,2686400000.0,1982600000.0,0.709,-0.891,-74600000.0,1219500000.0,1219500000.0,0.0,1006000000.0,2.239,-24.633,2547300000.0,0.0,2547300000.0,2547300000.0,756800000.0,95600000.0,0.0,0.012,1.12,1560500000.0,1656100000.0,0.497,1656100000.0,1560500000.0,1443700000.0,4.69,4.61,4.69,-187800000.0,223400000.0,-187800000.0,20581666000.0,13.0,12.428,944000000.0,4.48,1.0,3334300000.0,1.0,1366600000.0,116800000.0,3430500000.0,3017350000.0,0.0,458100000.0,458100000.0,0.0,4626100000.0,1199700000.0,3426400000.0,19985966000.0,-700000000.0,-239700000.0,-1122500000.0,447700000.0,-236000000.0,-1064500000.0,-564900000.0,-272300000.0,1018600000.0,-89200000.0,988700000.0,988700000.0,988700000.0,0.0,17300000.0,0.297,1895200000.0,1439100000.0,557600000.0,0.239,-106.422,20.214,20.429,302300000.0,0.0,95.81,5.994,6.054,792400000.0,6044300000.0,3334300000.0,3334300000.0,0.0,0.21,4.426,0.517,0.468,21700000.0,1799600000.0,1.0,208600000.0,210700000,214700000.0,15.825,3302400000.0,211700000.0,455000000.0,333500000.0,15.673,1486700000.0
7,MCO,MRY,2013-12-31,2013-12-31,2013-12-31,2021-07-30,-54600000.0,4395100000.0,4063775000.0,2968800000.0,1426300000.0,0.731,1.536,-42300000.0,1919500000.0,1919500000.0,0.0,815900000.0,2.601,11.772,2101800000.0,0.0,2101800000.0,2101800000.0,707600000.0,93400000.0,0.0,0.011,0.9,1249700000.0,1343100000.0,0.452,1343100000.0,1249700000.0,1157900000.0,3.67,3.6,3.67,337000000.0,380800000.0,337000000.0,17142397000.0,14.0,12.763,884500000.0,4.031,1.0,2972500000.0,1.0,886800000.0,91800000.0,2549300000.0,2308475000.0,0.0,186800000.0,186800000.0,0.0,3967200000.0,1141300000.0,2825900000.0,16878897000.0,164100000.0,-50700000.0,-757100000.0,433400000.0,-197300000.0,-498800000.0,-261900000.0,-168900000.0,926800000.0,-2000000.0,804500000.0,804500000.0,804500000.0,0.0,11400000.0,0.271,1737900000.0,1234600000.0,538900000.0,0.245,50.086,20.981,21.381,278700000.0,0.0,78.47,5.678,5.792,694200000.0,5302100000.0,2972500000.0,2972500000.0,0.0,0.198,2.113,0.541,0.42,28300000.0,1644500000.0,1.0,215100000.0,219400000,223500000.0,13.548,3508300000.0,202600000.0,353400000.0,258700000.0,15.99,1827500000.0
8,MCO,MRY,2012-12-31,2012-12-31,2012-12-31,2021-07-30,-82100000.0,3960900000.0,3395375000.0,2525700000.0,1435200000.0,0.804,1.726,-45000000.0,1755400000.0,1755400000.0,0.0,699700000.0,2.168,9.065,1671200000.0,63800000.0,1607400000.0,1671200000.0,640700000.0,93500000.0,0.0,0.013,0.64,1078100000.0,1171600000.0,0.429,1171600000.0,1078100000.0,1014300000.0,3.09,3.05,3.09,385200000.0,219650000.0,385200000.0,11405328000.0,11.0,9.735,778100000.0,3.486,1.0,2730300000.0,1.0,863600000.0,63800000.0,1848200000.0,1710800000.0,0.0,17900000.0,17900000.0,0.0,3492000000.0,1164900000.0,2327100000.0,11216328000.0,995400000.0,-3500000.0,-79800000.0,424800000.0,-143000000.0,202600000.0,-50200000.0,-1700000.0,823100000.0,19900000.0,690000000.0,690000000.0,690000000.0,0.0,9700000.0,0.253,1652900000.0,1077400000.0,555300000.0,0.207,29.118,16.256,16.285,307100000.0,0.0,50.32,4.108,4.114,621800000.0,4713300000.0,2730300000.0,2730300000.0,0.0,0.203,3.141,0.63,0.395,48800000.0,1547200000.0,1.0,222900000.0,223200000,226600000.0,12.233,3097300000.0,207200000.0,324300000.0,214700000.0,13.877,1360800000.0
9,MCO,MRY,2011-12-31,2011-12-31,2011-12-31,2021-07-30,-107500000.0,2876100000.0,2666600000.0,1424400000.0,1451700000.0,0.855,-0.747,-67700000.0,760000000.0,760000000.0,0.0,578000000.0,1.256,-17.598,1243800000.0,71300000.0,1172500000.0,1243800000.0,618100000.0,79200000.0,0.0,0.016,0.535,895300000.0,974500000.0,0.427,974500000.0,895300000.0,833200000.0,2.52,2.49,2.52,-169000000.0,-152750000.0,-169000000.0,7866760000.0,9.0,8.073,735600000.0,3.251,1.0,2280700000.0,1.0,896500000.0,62100000.0,1329400000.0,1482125000.0,0.0,14800000.0,14800000.0,0.0,2974000000.0,1134000000.0,1840000000.0,7476960000.0,100400000.0,-197500000.0,-287400000.0,-11300000.0,-121000000.0,-417700000.0,-267600000.0,-2400000.0,803300000.0,-17600000.0,571400000.0,571400000.0,571400000.0,0.0,6600000.0,0.251,1392300000.0,888400000.0,452300000.0,0.212,-44.242,13.085,13.365,326800000.0,0.0,33.68,3.278,3.342,489800000.0,4176100000.0,2280700000.0,2280700000.0,0.0,0.214,-3.741,0.604,0.393,49300000.0,1313100000.0,1.0,222000000.0,226300000,229400000.0,10.078,1979600000.0,228600000.0,261800000.0,255000000.0,8.748,290400000.0
10,MCO,MRY,2010-12-31,2010-12-31,2010-12-31,2021-07-30,-33400000.0,2540300000.0,2212375000.0,1343000000.0,1197300000.0,0.918,-1.317,-79000000.0,659600000.0,659600000.0,0.0,513400000.0,1.438,-9.169,1239600000.0,11300000.0,1228300000.0,1239600000.0,604700000.0,66300000.0,0.0,0.016,0.42,761300000.0,827600000.0,0.407,827600000.0,761300000.0,708800000.0,2.16,2.15,2.16,-309600000.0,-414750000.0,-309600000.0,6681968000.0,9.0,8.074,574300000.0,2.444,1.0,2032000000.0,1.0,634300000.0,52500000.0,1552200000.0,1301475000.0,0.0,12700000.0,12700000.0,0.0,2838700000.0,933800000.0,1904900000.0,6215668000.0,185700000.0,-148600000.0,-188900000.0,48300000.0,-98600000.0,-241300000.0,-228800000.0,-1200000.0,653300000.0,2500000.0,507800000.0,507800000.0,507800000.0,0.0,5600000.0,0.25,1259200000.0,772800000.0,414400000.0,0.194,-20.076,12.24,12.287,319300000.0,0.0,26.54,3.059,3.069,497500000.0,3736200000.0,2032000000.0,2032000000.0,0.0,0.23,-1.224,0.585,0.375,49600000.0,1192800000.0,1.0,234200000.0,235000000,236600000.0,8.647,1906000000.0,233200000.0,201000000.0,217700000.0,8.111,409200000.0
11,MCO,MRY,2009-12-31,2009-12-31,2009-12-31,2021-07-30,-41200000.0,2003300000.0,1888350000.0,1012900000.0,990400000.0,0.952,-2.568,-90700000.0,473900000.0,473900000.0,0.0,407100000.0,0.819,-4.288,1193700000.0,447500000.0,746200000.0,1193700000.0,575100000.0,64100000.0,0.0,0.015,0.4,674500000.0,738600000.0,0.411,738600000.0,674500000.0,641100000.0,1.7,1.69,1.7,-606200000.0,-736325000.0,-606200000.0,7196500000.0,11.0,9.743,553100000.0,2.343,1.0,1797200000.0,1.0,454100000.0,33400000.0,1033000000.0,1063700000.0,0.0,10000000.0,10000000.0,0.0,2599400000.0,1236000000.0,1363400000.0,6338200000.0,228000000.0,-900000.0,19800000.0,-275400000.0,-94500000.0,-348800000.0,-93800000.0,-2200000.0,643800000.0,26800000.0,402000000.0,402000000.0,402000000.0,0.0,5100000.0,0.224,1109700000.0,687500000.0,317200000.0,0.235,-10.456,15.767,15.765,293000000.0,0.0,26.8,3.527,3.521,444900000.0,3329000000.0,1797200000.0,1797200000.0,0.0,0.213,-0.546,0.634,0.375,52400000.0,1028100000.0,1.0,236500000.0,236100000,237800000.0,7.612,1549200000.0,224900000.0,239100000.0,195600000.0,6.562,-223100000.0
12,MCO,MRY,2008-12-31,2008-12-31,2008-12-31,2021-07-30,-52100000.0,1773400000.0,1679725000.0,809100000.0,964300000.0,1.045,-4.102,-84400000.0,245900000.0,245900000.0,0.0,461600000.0,0.581,-2.775,1467700000.0,717700000.0,750000000.0,1467700000.0,549800000.0,75100000.0,0.0,0.02,0.4,778000000.0,853100000.0,0.486,853100000.0,778000000.0,725800000.0,1.89,1.87,1.89,-994400000.0,-903250000.0,-994400000.0,5777582000.0,7.0,6.772,455300000.0,1.878,1.0,1755400000.0,1.0,452000000.0,52200000.0,1150100000.0,1068000000.0,0.0,7100000.0,7100000.0,0.0,2759500000.0,1393100000.0,1366400000.0,4817582000.0,-180400000.0,-241400000.0,-569400000.0,314600000.0,-96800000.0,-349800000.0,-319300000.0,5600000.0,539700000.0,-51000000.0,457600000.0,457600000.0,457600000.0,0.0,4000000.0,0.261,1007200000.0,748200000.0,240400000.0,0.212,-4.845,10.528,10.63,247700000.0,0.0,20.09,2.744,2.774,421800000.0,3023200000.0,1755400000.0,1755400000.0,0.0,0.272,-0.507,0.728,0.443,55700000.0,934600000.0,1.0,239800000.0,242400000,245300000.0,7.242,1321400000.0,246600000.0,268200000.0,204100000.0,5.451,-584000000.0
13,MCO,MRY,2007-12-31,2007-12-31,2007-12-31,2021-07-30,15600000.0,1714600000.0,1572350000.0,989100000.0,725500000.0,1.437,-2.941,-181800000.0,426300000.0,426300000.0,0.0,706800000.0,0.733,-3.188,1151900000.0,551900000.0,600000000.0,1151900000.0,547100000.0,42900000.0,0.0,0.009,0.32,1141000000.0,1183900000.0,0.524,1183900000.0,1141000000.0,1116700000.0,2.63,2.58,2.63,-783600000.0,-432275000.0,-783600000.0,9803780000.0,9.0,8.281,806400000.0,3.027,1.0,2259000000.0,1.0,236800000.0,24300000.0,854200000.0,693700000.0,0.0,14700000.0,14700000.0,0.0,2498200000.0,1349200000.0,1149000000.0,9224880000.0,18200000.0,-4400000.0,-1672500000.0,845400000.0,-85200000.0,-865700000.0,-124700000.0,61500000.0,988200000.0,20400000.0,701500000.0,701500000.0,701500000.0,0.0,5300000.0,0.311,1128000000.0,1131000000.0,371300000.0,0.122,-11.772,13.15,13.574,214600000.0,0.0,35.7,4.084,4.21,443600000.0,2661100000.0,2259000000.0,2259000000.0,0.0,0.446,-1.623,1.645,0.505,38000000.0,1035100000.0,1.0,258400000.0,266400000,272200000.0,8.48,1477800000.0,179400000.0,415200000.0,156100000.0,5.547,-360100000.0
14,MCO,MRY,2006-12-31,2006-12-31,2006-12-31,2021-07-30,-8400000.0,1497700000.0,1321600000.0,1001900000.0,495800000.0,1.541,0.589,132800000.0,408100000.0,408100000.0,0.0,753900000.0,1.431,7.947,300000000.0,0.0,300000000.0,300000000.0,462400000.0,39500000.0,0.0,0.004,0.28,1257500000.0,1297000000.0,0.637,1297000000.0,1257500000.0,1260500000.0,2.65,2.58,2.65,167400000.0,152225000.0,167400000.0,19341388000.0,15.0,14.912,885300000.0,3.115,1.0,2037100000.0,1.0,241800000.0,-3000000.0,447800000.0,467950000.0,0.0,75400000.0,75400000.0,0.0,1330300000.0,700000000.0,630300000.0,19322988000.0,-77900000.0,-39200000.0,-988300000.0,-600000.0,-79500000.0,-965200000.0,116100000.0,22500000.0,752500000.0,18700000.0,753900000.0,753900000.0,753900000.0,0.0,0.0,0.37,777600000.0,1259500000.0,339700000.0,0.106,115.43,25.631,26.06,62000000.0,0.0,69.06,9.486,9.635,475400000.0,2091400000.0,2037100000.0,2037100000.0,0.0,0.57,4.953,2.687,0.617,-26100000.0,898700000.0,1.0,279800000.0,284200000,291900000.0,7.168,1255900000.0,0.0,506600000.0,0.0,4.419,301900000.0
15,MCO,MRY,2005-12-31,2005-12-31,2005-12-31,2021-07-30,-900000.0,1457200000.0,1573900000.0,1051800000.0,405400000.0,1.1,1.039,-31300000.0,486000000.0,486000000.0,0.0,560800000.0,1.817,3.71,300000000.0,0.0,300000000.0,300000000.0,374800000.0,35200000.0,0.0,0.003,0.203,929700000.0,964900000.0,0.557,964900000.0,929700000.0,934700000.0,1.88,1.84,1.88,309400000.0,485975000.0,309400000.0,17706768000.0,19.0,18.351,676600000.0,2.273,1.0,1731600000.0,1.0,222900000.0,-5000000.0,469400000.0,245375000.0,0.0,94500000.0,94500000.0,0.0,1147800000.0,578900000.0,568900000.0,18143468000.0,-120100000.0,-30200000.0,-602600000.0,-1300000.0,-60300000.0,-666500000.0,-150400000.0,-88900000.0,707900000.0,-11100000.0,560800000.0,560800000.0,560800000.0,0.0,0.0,0.324,792000000.0,939600000.0,279800000.0,0.108,58.641,32.353,32.67,55400000.0,0.0,61.42,10.478,10.559,421800000.0,1419200000.0,1731600000.0,1731600000.0,0.0,0.356,1.154,3.789,0.537,125000000.0,756800000.0,1.0,295400000.0,297700000,305600000.0,5.817,1234300000.0,0.0,373900000.0,0.0,4.146,472900000.0
16,MCO,MRY,2004-12-31,2004-12-31,2004-12-31,2021-07-30,9700000.0,1389300000.0,1145275000.0,1035900000.0,353400000.0,1.256,1.069,-21300000.0,606100000.0,606100000.0,0.0,425100000.0,1.218,3.376,300000000.0,300000000.0,0.0,300000000.0,321100000.0,34100000.0,0.0,0.003,0.15,787500000.0,821600000.0,0.571,821600000.0,787500000.0,771300000.0,1.43,1.4,1.43,317500000.0,156675000.0,317500000.0,12694415000.0,16.0,15.451,504900000.0,1.7,1.0,1438300000.0,1.0,202400000.0,16200000.0,30300000.0,263875000.0,0.0,7300000.0,7300000.0,0.0,1071800000.0,850500000.0,221300000.0,12845115000.0,337000000.0,-3500000.0,-116300000.0,-1300000.0,-44700000.0,-162300000.0,-31300000.0,-6500000.0,526200000.0,4400000.0,425100000.0,425100000.0,425100000.0,0.0,0.0,0.296,651900000.0,786400000.0,283800000.0,0.105,40.457,30.217,30.367,45200000.0,0.0,43.425,8.931,8.967,371700000.0,939300000.0,1438300000.0,1438300000.0,0.0,0.371,2.713,2.984,0.548,83700000.0,617800000.0,1.0,295800000.0,297000000,304700000.0,4.843,1186900000.0,0.0,346200000.0,0.0,3.996,185400000.0
17,MCO,MRY,2003-12-31,2003-12-31,2003-12-31,2021-07-30,8100000.0,952300000.0,786275000.0,579900000.0,372400000.0,1.585,-0.108,-17900000.0,269100000.0,269100000.0,0.0,363900000.0,1.309,-30.667,300000000.0,0.0,300000000.0,300000000.0,255700000.0,32600000.0,0.0,0.003,0.09,678200000.0,710800000.0,0.57,710800000.0,678200000.0,656400000.0,1.22,1.19,1.22,-32100000.0,-133425000.0,-32100000.0,9129940000.0,13.0,12.845,449100000.0,1.508,1.0,1246600000.0,1.0,203800000.0,21800000.0,336400000.0,354975000.0,0.0,0.0,0.0,0.0,984400000.0,443000000.0,541400000.0,9009840000.0,229200000.0,800000.0,-92700000.0,-108200000.0,-26800000.0,-227700000.0,-15700000.0,1400000.0,467000000.0,5600000.0,363900000.0,363900000.0,363900000.0,0.0,0.0,0.292,583500000.0,663100000.0,228400000.0,0.074,-280.68,24.759,24.816,46800000.0,0.0,30.275,7.228,7.232,270300000.0,558900000.0,1246600000.0,1246600000.0,0.0,0.463,-2.727,1.911,0.544,44100000.0,550900000.0,1.0,297600000.0,297800000,304600000.0,4.186,748500000.0,0.0,292500000.0,0.0,2.513,136900000.0
18,MCO,MRY,2002-12-31,2002-12-31,2002-12-31,2021-07-30,1700000.0,630800000.0,614725000.0,245800000.0,385000000.0,1.665,-1.062,-18100000.0,39900000.0,39900000.0,0.0,288900000.0,0.532,-2.929,407100000.0,107100000.0,300000000.0,407100000.0,198500000.0,24600000.0,0.0,0.004,0.09,538600000.0,563200000.0,0.55,563200000.0,538600000.0,517400000.0,0.94,0.915,0.94,-327000000.0,-225375000.0,-327000000.0,6469019000.0,12.0,11.486,316700000.0,1.029,1.0,1023300000.0,1.0,210700000.0,21200000.0,325300000.0,323000000.0,0.0,0.0,0.0,0.0,957800000.0,462000000.0,495800000.0,6238919000.0,-123300000.0,-205700000.0,-315900000.0,107100000.0,-27800000.0,-236600000.0,-223600000.0,0.0,334800000.0,2100000.0,288900000.0,288900000.0,288900000.0,0.0,0.0,0.282,485200000.0,538100000.0,184900000.0,0.096,-19.079,21.595,21.963,50600000.0,0.0,20.645,6.097,6.21,178100000.0,221800000.0,1023300000.0,1023300000.0,0.0,0.47,-1.282,1.667,0.526,27500000.0,460600000.0,1.0,302200000.0,307800000,315000000.0,3.325,420100000.0,0.0,228500000.0,0.0,1.365,-216200000.0
19,MCO,MRY,2001-12-31,2001-12-31,2001-12-31,2021-07-30,-2700000.0,505400000.0,460125000.0,371200000.0,134200000.0,1.731,-0.965,-14800000.0,163200000.0,163200000.0,0.0,212200000.0,1.033,-2.662,300000000.0,0.0,300000000.0,300000000.0,142200000.0,17000000.0,0.0,0.005,0.09,398400000.0,415400000.0,0.521,415400000.0,398400000.0,381900000.0,0.675,0.66,0.675,-304100000.0,-295025000.0,-304100000.0,6343460000.0,16.0,15.271,306600000.0,0.973,1.0,796700000.0,1.0,10300000.0,16500000.0,272600000.0,278050000.0,0.0,0.0,0.0,0.0,809500000.0,359300000.0,450200000.0,6218160000.0,44100000.0,-15200000.0,-219800000.0,0.0,-28300000.0,-248100000.0,-30000000.0,0.0,321400000.0,800000.0,212200000.0,212200000.0,212200000.0,0.0,0.0,0.266,398200000.0,398500000.0,236900000.0,0.133,-20.448,29.303,29.526,42900000.0,0.0,19.93,7.805,7.885,148400000.0,-39300000.0,796700000.0,796700000.0,0.0,0.461,-0.719,1.433,0.5,15100000.0,381200000.0,1.0,312000000.0,315200000,320400000.0,2.528,495100000.0,0.0,169700000.0,0.0,1.571,11900000.0
20,MCO,MRY,2000-12-31,2000-12-31,2000-12-31,2021-07-30,-1900000.0,398300000.0,336550000.0,277600000.0,120700000.0,1.79,-0.874,-14400000.0,119100000.0,119100000.0,0.0,158500000.0,1.172,-2.41,300000000.0,0.0,300000000.0,300000000.0,117700000.0,16600000.0,0.0,0.002,0.022,287600000.0,304200000.0,0.505,304200000.0,287600000.0,284000000.0,0.49,0.485,0.49,-282500000.0,-252800000.0,-282500000.0,4347525000.0,15.0,14.292,55800000.0,0.173,1.0,602300000.0,1.0,13700000.0,3600000.0,328700000.0,111200000.0,0.0,0.0,0.0,0.0,680800000.0,236800000.0,444000000.0,4174625000.0,115700000.0,-17400000.0,-61700000.0,300000000.0,-7200000.0,79000000.0,-33600000.0,0.0,70200000.0,100000.0,158500000.0,158500000.0,158500000.0,0.0,0.0,0.263,313800000.0,288500000.0,135400000.0,0.045,-14.777,26.338,26.214,43400000.0,0.0,12.845,6.931,6.897,101000000.0,-223200000.0,602300000.0,602300000.0,0.0,0.471,-0.627,2.586,0.478,2600000.0,297200000.0,1.0,325000000.0,323400000,326000000.0,1.862,384600000.0,0.0,125500000.0,0.0,1.189,40800000.0
21,MCO,MRY,1999-12-31,1999-12-31,1999-12-31,2021-07-30,-2400000.0,274800000.0,,172700000.0,102100000.0,,-0.687,-12900000.0,3400000.0,3400000.0,0.0,155600000.0,0.46,-2.232,0.0,0.0,0.0,0.0,100400000.0,13000000.0,0.0,,0.0,278900000.0,291900000.0,0.517,291900000.0,278900000.0,278900000.0,0.48,0.475,0.48,-223100000.0,,-223100000.0,,,,184800000.0,0.569,1.0,564200000.0,1.0,2200000.0,0.0,-106300000.0,,0.0,0.0,0.0,0.0,497900000.0,375500000.0,122400000.0,,-600000.0,0.0,0.0,0.0,0.0,-186400000.0,-12000000.0,0.0,197700000.0,100000.0,155600000.0,155600000.0,155600000.0,0.0,0.0,0.276,293800000.0,270400000.0,275100000.0,0.0,,,,43300000.0,0.0,,,,84400000.0,-222400000.0,564200000.0,564200000.0,0.0,,,,0.494,0.0,280800000.0,1.0,,324600000,328600000.0,1.738,272600000.0,0.0,123300000.0,0.0,0.84,-202800000.0
22,MCO,MRY,1998-12-31,1998-12-31,1998-12-31,2021-07-30,,,,,,,,-11300000.0,,,0.0,142000000.0,,,,,,,,15400000.0,,,0.0,237900000.0,253300000.0,0.493,253300000.0,237900000.0,237900000.0,0.42,0.415,0.42,,,,,,,156300000.0,0.461,1.0,513900000.0,1.0,,0.0,,,,,,,,,,,-1200000.0,25000000.0,0.0,0.0,0.0,-182000000.0,13100000.0,0.0,167600000.0,100000.0,142000000.0,142000000.0,142000000.0,0.0,0.0,0.276,288400000.0,225500000.0,,0.0,,,,,0.0,,,,,,513900000.0,513900000.0,0.0,,,,0.463,0.0,273000000.0,1.0,,339000000,343400000.0,1.516,,,95900000.0,,,
0,MCO,MRQ,2021-06-30,2021-06-30,2021-06-30,2021-07-30,-425000000.0,12552000000.0,,4734000000.0,7818000000.0,,11.709,-30000000.0,2809000000.0,2809000000.0,0.0,577000000.0,2.309,4.653,6833000000.0,92000000.0,6741000000.0,6833000000.0,1235000000.0,60000000.0,0.0,0.007,0.62,807000000.0,867000000.0,0.558,867000000.0,807000000.0,758000000.0,3.09,3.07,3.09,2186000000.0,,2186000000.0,71906664000.0,26.0,23.873,564000000.0,3.021,1.0,1553000000.0,1.0,6374000000.0,49000000.0,8152000000.0,,0.0,88000000.0,88000000.0,0.0,10172000000.0,2050000000.0,8122000000.0,67835664000.0,40000000.0,0.0,-385000000.0,0.0,-116000000.0,-502000000.0,-57000000.0,-28000000.0,594000000.0,5000000.0,577000000.0,577000000.0,577000000.0,0.0,0.0,0.372,752000000.0,801000000.0,816000000.0,0.201,31.032,32.395,32.383,639000000.0,0.0,362.37,11.698,11.667,1458000000.0,12094000000.0,1553000000.0,1553000000.0,0.0,,,,,41000000.0,692000000.0,1.0,187200000.0,186700000,187900000.0,8.318,6178000000.0,249000000.0,181000000.0,828000000.0,33.091,2684000000.0
1,MCO,MRQ,2021-03-31,2021-03-31,2021-03-31,2021-07-30,-440000000.0,12500000000.0,,4695000000.0,7805000000.0,,10.844,-14000000.0,2769000000.0,2769000000.0,0.0,736000000.0,2.18,5.062,6840000000.0,94000000.0,6746000000.0,6840000000.0,1328000000.0,59000000.0,0.0,0.008,0.62,869000000.0,928000000.0,0.58,928000000.0,869000000.0,862000000.0,3.93,3.9,3.93,2030000000.0,,2030000000.0,60215931000.0,22.0,20.559,662000000.0,3.536,1.0,1600000000.0,1.0,6376000000.0,7000000.0,8041000000.0,,0.0,96000000.0,96000000.0,0.0,10275000000.0,2154000000.0,8121000000.0,55869931000.0,172000000.0,-138000000.0,-174000000.0,0.0,-116000000.0,-290000000.0,-194000000.0,-43000000.0,676000000.0,-20000000.0,736000000.0,736000000.0,736000000.0,0.0,0.0,0.46,747000000.0,853000000.0,828000000.0,0.158,27.522,27.576,27.623,644000000.0,0.0,298.61,9.835,9.84,1497000000.0,11632000000.0,1600000000.0,1600000000.0,0.0,,,,,45000000.0,686000000.0,1.0,187100000.0,187200000,188600000.0,8.547,6124000000.0,240000000.0,126000000.0,806000000.0,32.714,2541000000.0
2,MCO,MRQ,2020-12-31,2020-12-31,2020-12-31,2021-07-30,-432000000.0,12409000000.0,,4509000000.0,7900000000.0,,8.364,-20000000.0,2597000000.0,2597000000.0,0.0,314000000.0,2.029,6.785,6943000000.0,94000000.0,6849000000.0,6943000000.0,1187000000.0,57000000.0,0.0,0.008,0.56,452000000.0,509000000.0,0.395,509000000.0,452000000.0,400000000.0,1.68,1.66,1.68,1569000000.0,,1569000000.0,58908072000.0,24.0,22.188,638000000.0,3.401,1.0,1290000000.0,1.0,6380000000.0,52000000.0,8153000000.0,,0.0,99000000.0,99000000.0,0.0,10646000000.0,2222000000.0,8424000000.0,54507072000.0,105000000.0,-198000000.0,-243000000.0,0.0,-105000000.0,-354000000.0,-224000000.0,-6000000.0,658000000.0,25000000.0,314000000.0,314000000.0,314000000.0,0.0,0.0,0.243,846000000.0,444000000.0,1039000000.0,0.333,34.74,30.656,30.616,671000000.0,0.0,290.24,10.148,10.138,1430000000.0,11011000000.0,1290000000.0,1290000000.0,0.0,,,,,44000000.0,759000000.0,1.0,187800000.0,187600000,189300000.0,6.876,6029000000.0,334000000.0,86000000.0,887000000.0,32.138,2287000000.0
3,MCO,MRQ,2020-09-30,2020-09-30,2020-09-30,2021-07-30,-504000000.0,11672000000.0,,4281000000.0,7391000000.0,,7.971,-21000000.0,2492000000.0,2492000000.0,0.0,467000000.0,2.488,6.666,6893000000.0,91000000.0,6802000000.0,6893000000.0,1020000000.0,56000000.0,0.0,0.008,0.56,652000000.0,708000000.0,0.522,708000000.0,652000000.0,599000000.0,2.49,2.47,2.49,1497000000.0,,1497000000.0,59179845000.0,24.0,21.87,490000000.0,2.609,1.0,1356000000.0,1.0,5999000000.0,53000000.0,8353000000.0,,0.0,96000000.0,96000000.0,0.0,9979000000.0,1721000000.0,8258000000.0,54404845000.0,393000000.0,-1000000.0,11000000.0,-26000000.0,-105000000.0,-120000000.0,-30000000.0,-10000000.0,511000000.0,32000000.0,467000000.0,467000000.0,467000000.0,0.0,0.0,0.344,714000000.0,642000000.0,712000000.0,0.225,36.343,29.827,29.851,692000000.0,0.0,289.85,10.238,10.243,1360000000.0,10804000000.0,1356000000.0,1356000000.0,0.0,,,,,38000000.0,635000000.0,1.0,187700000.0,187800000,189300000.0,7.22,5673000000.0,232000000.0,132000000.0,856000000.0,30.208,2560000000.0
4,MCO,MRQ,2020-06-30,2020-06-30,2020-06-30,2021-07-30,-542000000.0,11298000000.0,,3963000000.0,7335000000.0,,5.546,-41000000.0,2099000000.0,2099000000.0,0.0,509000000.0,2.101,9.665,6874000000.0,90000000.0,6784000000.0,6874000000.0,1105000000.0,58000000.0,0.0,0.008,0.56,726000000.0,784000000.0,0.546,784000000.0,726000000.0,666000000.0,2.71,2.69,2.71,1041000000.0,,1041000000.0,56710875000.0,24.0,21.795,591000000.0,3.149,1.0,1435000000.0,1.0,5859000000.0,60000000.0,8328000000.0,,0.0,100000000.0,100000000.0,0.0,10061000000.0,1886000000.0,8175000000.0,51511875000.0,-42000000.0,-2000000.0,-16000000.0,-503000000.0,-105000000.0,-642000000.0,-51000000.0,-8000000.0,632000000.0,19000000.0,509000000.0,509000000.0,509000000.0,0.0,0.0,0.355,725000000.0,710000000.0,795000000.0,0.207,49.483,29.656,29.765,727000000.0,0.0,274.73,9.91,9.921,1401000000.0,10442000000.0,1435000000.0,1435000000.0,0.0,,,,,35000000.0,669000000.0,1.0,187500000.0,187700000,189000000.0,7.645,5439000000.0,188000000.0,157000000.0,869000000.0,28.977,2077000000.0
5,MCO,MRQ,2020-03-31,2020-03-31,2020-03-31,2021-07-30,-554000000.0,11306000000.0,,3994000000.0,7312000000.0,,3.104,-21000000.0,2141000000.0,2141000000.0,0.0,487000000.0,1.699,18.043,7340000000.0,574000000.0,6766000000.0,7340000000.0,1222000000.0,49000000.0,0.0,0.01,0.56,605000000.0,654000000.0,0.507,654000000.0,605000000.0,565000000.0,2.6,2.57,2.6,582000000.0,,582000000.0,43958100000.0,20.0,18.69,324000000.0,1.728,1.0,1290000000.0,1.0,5831000000.0,40000000.0,8323000000.0,,0.0,90000000.0,90000000.0,0.0,10501000000.0,2351000000.0,8150000000.0,39635100000.0,309000000.0,-696000000.0,-308000000.0,1178000000.0,-105000000.0,765000000.0,-772000000.0,-55000000.0,345000000.0,-29000000.0,488000000.0,488000000.0,488000000.0,0.0,-1000000.0,0.378,698000000.0,592000000.0,664000000.0,0.215,68.102,25.771,25.919,722000000.0,0.0,211.5,7.964,7.968,1413000000.0,10041000000.0,1290000000.0,1290000000.0,0.0,,,,,37000000.0,641000000.0,1.0,187400000.0,187500000,189600000.0,6.88,5475000000.0,165000000.0,77000000.0,872000000.0,29.2,1643000000.0
6,MCO,MRQ,2019-12-31,2019-12-31,2019-12-31,2021-07-30,-439000000.0,10265000000.0,,3679000000.0,6586000000.0,,3.248,-8000000.0,1832000000.0,1832000000.0,0.0,362000000.0,1.924,15.405,6155000000.0,89000000.0,6066000000.0,6155000000.0,1162000000.0,50000000.0,0.0,0.008,0.5,510000000.0,560000000.0,0.454,560000000.0,510000000.0,451000000.0,1.91,1.88,1.91,612000000.0,,612000000.0,49467508000.0,25.0,22.373,471000000.0,2.5,1.0,1233000000.0,1.0,5220000000.0,59000000.0,7456000000.0,,0.0,98000000.0,98000000.0,0.0,9428000000.0,1912000000.0,7516000000.0,44823008000.0,654000000.0,185000000.0,-256000000.0,306000000.0,-94000000.0,-46000000.0,186000000.0,1000000.0,479000000.0,24000000.0,360000000.0,360000000.0,360000000.0,0.0,2000000.0,0.292,729000000.0,504000000.0,773000000.0,0.262,73.24,31.521,31.613,748000000.0,0.0,237.41,9.282,9.307,1419000000.0,9656000000.0,1233000000.0,1233000000.0,0.0,,,,,33000000.0,674000000.0,1.0,188800000.0,188400000,191000000.0,6.545,5045000000.0,229000000.0,91000000.0,834000000.0,26.778,1767000000.0
7,MCO,MRQ,2019-09-30,2019-09-30,2019-09-30,2021-07-30,-537300000.0,9477800000.0,,3042300000.0,6435500000.0,,2.501,-22000000.0,1178000000.0,1178000000.0,0.0,383000000.0,1.423,18.567,5822500000.0,591000000.0,5231500000.0,5822500000.0,970700000.0,48000000.0,0.0,0.009,0.5,556000000.0,604000000.0,0.487,604000000.0,556000000.0,510000000.0,2.01,1.99,2.01,472600000.0,,472600000.0,43545136000.0,23.0,20.997,419000000.0,2.217,1.0,1240000000.0,1.0,5064100000.0,46000000.0,6920200000.0,,0.0,95800000.0,95800000.0,0.0,8774700000.0,2138000000.0,6636700000.0,38753836000.0,-18000000.0,-84000000.0,-106000000.0,-130000000.0,-95000000.0,-331000000.0,-97000000.0,5000000.0,441000000.0,-28000000.0,380000000.0,380000000.0,380000000.0,0.0,3000000.0,0.306,691000000.0,549000000.0,607200000.0,0.249,82.001,29.5,29.6,756700000.0,0.0,204.83,8.323,8.314,1228400000.0,9391600000.0,1240000000.0,1240000000.0,0.0,,,,,33000000.0,642000000.0,1.0,189200000.0,189000000,191100000.0,6.561,4413700000.0,189400000.0,130000000.0,797700000.0,23.353,904300000.0
8,MCO,MRQ,2019-06-30,2019-06-30,2019-06-30,2021-07-30,-446100000.0,9591600000.0,,3154600000.0,6437000000.0,,1.863,-19000000.0,1195900000.0,1195900000.0,0.0,311000000.0,1.715,25.558,5987200000.0,219000000.0,5768200000.0,5987200000.0,1070800000.0,52000000.0,0.0,0.01,0.5,482000000.0,534000000.0,0.44,534000000.0,482000000.0,431000000.0,1.64,1.62,1.64,352800000.0,,352800000.0,41992476000.0,24.0,21.172,369000000.0,1.948,1.0,1214000000.0,1.0,5150900000.0,51000000.0,7392100000.0,,0.0,119500000.0,119500000.0,0.0,9016900000.0,1839900000.0,7177000000.0,37030776000.0,-1000000.0,-37000000.0,-176000000.0,-190000000.0,-95000000.0,-337000000.0,-46000000.0,10000000.0,388000000.0,2000000.0,310000000.0,310000000.0,310000000.0,0.0,1000000.0,0.255,731000000.0,483000000.0,588700000.0,0.305,104.963,29.77,29.91,777200000.0,0.0,195.31,8.234,8.225,1245300000.0,9107700000.0,1214000000.0,1214000000.0,0.0,,,,,34000000.0,615000000.0,1.0,189600000.0,189400000,191300000.0,6.41,4440700000.0,191400000.0,121000000.0,798800000.0,23.446,1314700000.0
9,MCO,MRQ,2019-03-31,2019-03-31,2019-03-31,2021-07-30,-455500000.0,9518100000.0,,2898400000.0,6619700000.0,,0.647,-20000000.0,1196600000.0,1196600000.0,0.0,374000000.0,1.445,74.619,6158300000.0,406200000.0,5752100000.0,6158300000.0,1183200000.0,50000000.0,0.0,0.01,0.5,463000000.0,513000000.0,0.449,513000000.0,463000000.0,411000000.0,1.96,1.93,1.96,123200000.0,,123200000.0,38579190000.0,21.0,18.865,347000000.0,1.822,1.0,1142000000.0,1.0,5292900000.0,52000000.0,7181300000.0,,0.0,114000000.0,114000000.0,0.0,9193100000.0,2005600000.0,7187500000.0,34588190000.0,-488000000.0,0.0,-485000000.0,-133000000.0,-94000000.0,-849000000.0,-7000000.0,13000000.0,367000000.0,1000000.0,373000000.0,373000000.0,373000000.0,0.0,1000000.0,0.327,680000000.0,462000000.0,537100000.0,0.255,280.748,26.401,26.436,826800000.0,0.0,181.09,7.758,7.734,1301200000.0,8893600000.0,1142000000.0,1142000000.0,0.0,,,,,36000000.0,623000000.0,1.0,191000000.0,190400000,192800000.0,5.998,4225200000.0,178800000.0,38000000.0,827900000.0,22.191,892800000.0
10,MCO,MRQ,2018-12-31,2018-12-31,2018-12-31,2021-07-30,-426000000.0,9526000000.0,,3387000000.0,6139000000.0,,2.399,-28100000.0,1685000000.0,1685000000.0,0.0,253300000.0,1.614,19.325,5676000000.0,450000000.0,5226000000.0,5676000000.0,1075000000.0,48400000.0,0.0,0.013,0.44,374500000.0,422900000.0,0.399,422900000.0,374500000.0,320000000.0,1.31,1.29,1.31,459000000.0,,459000000.0,30751364000.0,16.0,14.863,348300000.0,1.821,1.0,1060400000.0,1.0,5347000000.0,54500000.0,6071000000.0,,0.0,133000000.0,133000000.0,0.0,8870000000.0,2099000000.0,6771000000.0,26831664000.0,649700000.0,-253700000.0,-51700000.0,703200000.0,-84100000.0,568200000.0,-292200000.0,-10400000.0,376400000.0,-2700000.0,250700000.0,250700000.0,250700000.0,0.0,2600000.0,0.236,684000000.0,376400000.0,696000000.0,0.336,58.457,20.482,20.474,320000000.0,0.0,140.04,6.039,6.039,1287000000.0,8594000000.0,1060400000.0,1060400000.0,0.0,,,,,30000000.0,582700000.0,1.0,191600000.0,191300000,194400000.0,5.543,4179000000.0,197000000.0,69300000.0,847000000.0,21.845,1288000000.0
11,MCO,MRQ,2018-09-30,2018-09-30,2018-09-30,2021-07-30,-342000000.0,8439100000.0,,2516200000.0,5922900000.0,,2.086,-25000000.0,1034800000.0,1034800000.0,0.0,312000000.0,1.38,19.578,4954500000.0,470500000.0,4484000000.0,4954500000.0,895400000.0,46100000.0,0.0,0.01,0.44,467400000.0,513500000.0,0.475,513500000.0,467400000.0,411000000.0,1.62,1.59,1.62,400100000.0,,400100000.0,36095180000.0,18.0,16.715,282300000.0,1.472,1.0,1080800000.0,1.0,5178900000.0,56400000.0,5356300000.0,,0.0,110700000.0,110700000.0,0.0,7833000000.0,1823600000.0,6009400000.0,32085680000.0,-279700000.0,-35000000.0,-60700000.0,-363100000.0,-84300000.0,-512600000.0,-68500000.0,-8500000.0,307300000.0,-5900000.0,310200000.0,310200000.0,310200000.0,0.0,1800000.0,0.287,614000000.0,466800000.0,581600000.0,0.272,80.194,29.567,29.489,311100000.0,0.0,167.2,7.055,7.051,1131800000.0,8429100000.0,1080800000.0,1080800000.0,0.0,,,,,30500000.0,566600000.0,1.0,191900000.0,191800000,194500000.0,5.635,3260200000.0,189300000.0,100800000.0,826600000.0,16.998,692600000.0
12,MCO,MRQ,2018-06-30,2018-06-30,2018-06-30,2021-07-30,-304800000.0,8751600000.0,,2839700000.0,5911900000.0,,1.266,-22900000.0,1314500000.0,1314500000.0,0.0,377900000.0,1.54,34.135,5324000000.0,389800000.0,4934200000.0,5324000000.0,986500000.0,48400000.0,0.0,0.01,0.44,547200000.0,595600000.0,0.507,595600000.0,547200000.0,493800000.0,1.96,1.94,1.96,242900000.0,,242900000.0,36960764000.0,18.0,16.758,362900000.0,1.891,1.0,1175100000.0,1.0,5204100000.0,53400000.0,5713100000.0,,0.0,101200000.0,101200000.0,0.0,8291500000.0,1843900000.0,6447600000.0,32730464000.0,37200000.0,0.0,-48700000.0,-151900000.0,-84500000.0,-285300000.0,-26800000.0,-3900000.0,385800000.0,-36500000.0,376200000.0,376200000.0,376200000.0,0.0,1700000.0,0.32,641100000.0,534000000.0,593600000.0,0.224,134.749,29.965,29.87,312200000.0,0.0,170.56,7.225,7.225,1137100000.0,8204600000.0,1175100000.0,1175100000.0,0.0,,,,,34400000.0,590700000.0,1.0,191900000.0,191900000,194400000.0,6.124,3547500000.0,136600000.0,117600000.0,761500000.0,18.486,995800000.0
13,MCO,MRQ,2018-03-31,2018-03-31,2018-03-31,2021-07-30,-51900000.0,9014000000.0,,2818800000.0,6195200000.0,,1.043,-15000000.0,1277300000.0,1277300000.0,0.0,376800000.0,1.467,43.035,5507600000.0,389600000.0,5118000000.0,5507600000.0,1126500000.0,49100000.0,0.0,0.01,0.44,487900000.0,537000000.0,0.477,537000000.0,487900000.0,437200000.0,1.95,1.92,1.95,199700000.0,,199700000.0,35293430000.0,18.0,16.392,376500000.0,1.967,1.0,1126700000.0,1.0,5473100000.0,50700000.0,5850300000.0,,0.0,100500000.0,100500000.0,0.0,8594000000.0,1920900000.0,6673100000.0,30824430000.0,205800000.0,5700000.0,-56900000.0,-40200000.0,-84100000.0,-182300000.0,-18500000.0,-9200000.0,391500000.0,15100000.0,372900000.0,372900000.0,372900000.0,0.0,3900000.0,0.331,635900000.0,490800000.0,532600000.0,0.226,154.354,29.976,29.981,321600000.0,0.0,161.3,7.077,7.088,1207400000.0,7913000000.0,1126700000.0,1126700000.0,0.0,,,,,35100000.0,586000000.0,1.0,191100000.0,191400000,194500000.0,5.887,3540900000.0,142500000.0,64300000.0,873100000.0,18.5,897900000.0
14,MCO,MRQ,2017-12-31,2017-12-31,2017-12-31,2021-07-30,-172200000.0,8594200000.0,,2580600000.0,6013600000.0,,-1.715,-21600000.0,1071500000.0,1071500000.0,0.0,28800000.0,1.251,-26.576,5540500000.0,429400000.0,5111100000.0,5540500000.0,1023600000.0,49600000.0,0.0,0.01,0.38,463800000.0,513400000.0,0.441,513400000.0,463800000.0,405000000.0,0.14,0.13,0.14,-327700000.0,,-327700000.0,32966871000.0,17.0,15.355,383600000.0,2.007,1.0,1165400000.0,1.0,5384800000.0,58800000.0,5615100000.0,,0.0,111800000.0,111800000.0,0.0,8709100000.0,2063300000.0,6645800000.0,28208271000.0,108700000.0,0.0,-30400000.0,-184400000.0,-72200000.0,-289600000.0,-12600000.0,9200000.0,405200000.0,5700000.0,25900000.0,25900000.0,25900000.0,0.0,2900000.0,0.022,699700000.0,465700000.0,750300000.0,2.714,-86.08,28.18,28.17,325100000.0,0.0,147.61,6.71,6.71,1147200000.0,7465400000.0,1165400000.0,1165400000.0,0.0,,,,,34100000.0,643800000.0,1.0,191100000.0,191100000,194500000.0,6.098,3209400000.0,143800000.0,379100000.0,730700000.0,16.794,517300000.0
15,MCO,MRQ,2017-09-30,2017-09-30,2017-09-30,2021-07-30,-257800000.0,8304900000.0,,2278900000.0,6026000000.0,,-1.931,-26600000.0,962800000.0,962800000.0,0.0,319700000.0,1.149,-22.925,5721400000.0,614100000.0,5107300000.0,5721400000.0,926600000.0,43000000.0,0.0,0.011,0.38,516500000.0,559500000.0,0.526,559500000.0,516500000.0,463400000.0,1.66,1.63,1.66,-369100000.0,,-369100000.0,28195310000.0,25.0,22.531,363800000.0,1.904,1.0,1062900000.0,1.0,5355200000.0,53100000.0,5725600000.0,,0.0,108300000.0,108300000.0,0.0,8461700000.0,1982700000.0,6479000000.0,26589110000.0,-2318100000.0,-3506000000.0,-19300000.0,813400000.0,-72600000.0,719100000.0,-3447300000.0,-26500000.0,390400000.0,19700000.0,317300000.0,317300000.0,317300000.0,0.0,2400000.0,0.299,614400000.0,448500000.0,577500000.0,0.229,-72.038,48.653,48.337,332100000.0,0.0,139.21,6.68,6.683,1007300000.0,7513400000.0,1062900000.0,1062900000.0,0.0,,,,,31800000.0,561300000.0,1.0,191000000.0,191100000,194100000.0,5.562,2949700000.0,170200000.0,146100000.0,788900000.0,15.435,296200000.0
16,MCO,MRQ,2017-06-30,2017-06-30,2017-06-30,2021-07-30,-309700000.0,6536300000.0,,4559100000.0,1977200000.0,,-3.559,-24100000.0,3280900000.0,3280900000.0,0.0,313600000.0,3.685,-10.303,4887100000.0,0.0,4887100000.0,4887100000.0,879000000.0,32900000.0,0.0,0.012,0.38,510300000.0,543200000.0,0.543,543200000.0,510300000.0,460600000.0,1.63,1.61,1.63,-679800000.0,,-679800000.0,25223484000.0,25.0,22.367,447700000.0,2.344,1.0,1000500000.0,1.0,1341600000.0,49700000.0,5563700000.0,,0.0,86300000.0,86300000.0,0.0,7003800000.0,1237200000.0,5766600000.0,23277384000.0,1151300000.0,0.0,-62900000.0,754200000.0,-72600000.0,616800000.0,21300000.0,44000000.0,471800000.0,41400000.0,312200000.0,312200000.0,312200000.0,0.0,1400000.0,0.312,540400000.0,460100000.0,490400000.0,0.233,-34.242,48.044,47.718,329700000.0,0.0,121.68,6.07,6.06,916500000.0,7269600000.0,1000500000.0,1000500000.0,0.0,,,,,28700000.0,500900000.0,1.0,191300000.0,191000000,193800000.0,5.238,5194700000.0,135300000.0,148400000.0,321200000.0,27.197,3321900000.0
17,MCO,MRQ,2017-03-31,2017-03-31,2017-03-31,2021-07-30,-357300000.0,5435900000.0,,3485500000.0,1950400000.0,,-4.851,-18700000.0,2129600000.0,2129600000.0,0.0,345900000.0,2.448,-6.644,4075700000.0,213800000.0,3861900000.0,4075700000.0,949900000.0,32500000.0,0.0,0.013,0.38,498400000.0,530900000.0,0.544,530900000.0,498400000.0,451000000.0,1.81,1.78,1.81,-927100000.0,,-927100000.0,22688732000.0,25.0,22.107,-531100000.0,-2.779,1.0,975200000.0,1.0,1319400000.0,47400000.0,4638800000.0,,0.0,132800000.0,132800000.0,0.0,6160100000.0,1423800000.0,4736300000.0,21377232000.0,78100000.0,-5000000.0,-80400000.0,711800000.0,-72600000.0,553700000.0,18600000.0,42300000.0,-512400000.0,18200000.0,345600000.0,345600000.0,345600000.0,0.0,300000.0,0.354,528500000.0,446700000.0,392600000.0,0.21,-23.058,49.97,50.018,329100000.0,0.0,112.04,5.68,5.689,953500000.0,7031000000.0,975200000.0,975200000.0,0.0,,,,,28400000.0,496000000.0,1.0,190800000.0,191100000,194300000.0,5.103,4116500000.0,135100000.0,105400000.0,307700000.0,21.541,2061700000.0
18,MCO,MRQ,2016-12-31,2016-12-31,2016-12-31,2021-07-30,-364900000.0,5327300000.0,,3253100000.0,2074200000.0,,-6.417,-30400000.0,2051500000.0,2051500000.0,0.0,-425500000.0,1.34,-5.187,3363000000.0,300000000.0,3063000000.0,3363000000.0,818000000.0,32900000.0,0.0,0.016,0.37,-415100000.0,-382200000.0,-0.406,-382200000.0,-415100000.0,-468600000.0,-2.22,-2.19,-2.22,-1225000000.0,,-1225000000.0,19696424000.0,28.0,23.651,339800000.0,1.78,1.0,942100000.0,1.0,1320000000.0,53500000.0,2890600000.0,,0.0,173400000.0,173400000.0,0.0,6354600000.0,2428200000.0,3926400000.0,18024424000.0,305400000.0,-200000.0,-55000000.0,-100000.0,-70600000.0,-127900000.0,104400000.0,131200000.0,370200000.0,-41300000.0,-428600000.0,-428600000.0,-428600000.0,0.0,3100000.0,-0.455,1403000000.0,-460900000.0,1444300000.0,-0.167,-14.714,67.608,68.312,325900000.0,0.0,94.27,5.001,5.04,887400000.0,6688900000.0,942100000.0,942100000.0,0.0,,,,,25300000.0,506300000.0,1.0,191200000.0,190900000,193600000.0,4.935,4007300000.0,316100000.0,-40000000.0,304100000.0,20.992,824900000.0
19,MCO,MRQ,2016-09-30,2016-09-30,2016-09-30,2021-07-30,-305700000.0,5019300000.0,,3016900000.0,2002400000.0,,-2.945,-30500000.0,1746100000.0,1746100000.0,0.0,256600000.0,2.151,-9.526,3418100000.0,299900000.0,3118200000.0,3418100000.0,787300000.0,32700000.0,0.0,0.013,0.37,403100000.0,435800000.0,0.475,435800000.0,403100000.0,367700000.0,1.33,1.31,1.33,-564500000.0,,-564500000.0,22568344000.0,15.0,14.269,312100000.0,1.628,1.0,917100000.0,1.0,1348600000.0,35400000.0,3940200000.0,,0.0,311800000.0,311800000.0,0.0,5377200000.0,1402500000.0,3974700000.0,20822244000.0,71800000.0,-3200000.0,-158200000.0,0.0,-70900000.0,-274600000.0,4900000.0,38600000.0,342600000.0,-1100000.0,255300000.0,255300000.0,255300000.0,0.0,1300000.0,0.278,519600000.0,397500000.0,450300000.0,0.278,-36.886,22.804,23.038,329600000.0,0.0,108.28,5.902,5.884,831400000.0,7261200000.0,917100000.0,917100000.0,0.0,,,,,23900000.0,478500000.0,1.0,192300000.0,191700000,194300000.0,4.784,3670700000.0,169600000.0,112400000.0,308600000.0,19.148,1614400000.0
20,MCO,MRQ,2016-06-30,2016-06-30,2016-06-30,2021-07-30,-316800000.0,5044900000.0,,3030100000.0,2014800000.0,,-3.102,-28000000.0,1674300000.0,1674300000.0,0.0,258100000.0,2.643,-9.024,3420400000.0,0.0,3420400000.0,3420400000.0,826700000.0,31200000.0,0.0,0.015,0.37,410600000.0,441800000.0,0.476,441800000.0,410600000.0,376300000.0,1.32,1.3,1.32,-600000000.0,,-600000000.0,20060353000.0,14.0,13.015,264800000.0,1.369,1.0,928900000.0,1.0,1366400000.0,34300000.0,4278200000.0,,0.0,352500000.0,352500000.0,0.0,5414400000.0,1146400000.0,4268000000.0,18207853000.0,98200000.0,0.0,-211700000.0,0.0,-71500000.0,-284900000.0,101100000.0,131400000.0,292800000.0,-10800000.0,255500000.0,255500000.0,255500000.0,0.0,2600000.0,0.275,518700000.0,410200000.0,453800000.0,0.28,-30.346,20.472,20.687,323000000.0,0.0,93.71,5.284,5.26,843700000.0,7077800000.0,928900000.0,928900000.0,0.0,,,,,23500000.0,487500000.0,1.0,194300000.0,193400000,195800000.0,4.803,3678500000.0,167200000.0,120800000.0,309500000.0,19.02,1883700000.0
21,MCO,MRQ,2016-03-31,2016-03-31,2016-03-31,2021-07-30,-301500000.0,5114900000.0,,3085300000.0,2029600000.0,,-2.983,-26300000.0,1576100000.0,1576100000.0,0.0,186600000.0,2.678,-9.399,3428600000.0,0.0,3428600000.0,3428600000.0,895500000.0,29900000.0,0.0,0.014,0.37,307500000.0,337400000.0,0.413,337400000.0,307500000.0,273400000.0,0.95,0.93,0.95,-581600000.0,,-581600000.0,20463144000.0,14.0,13.321,227300000.0,1.166,1.0,816100000.0,1.0,1380100000.0,34100000.0,4435400000.0,,0.0,490600000.0,490600000.0,0.0,5466400000.0,1151900000.0,4314500000.0,18819544000.0,-181300000.0,-75900000.0,-280500000.0,0.0,-72100000.0,-355500000.0,-108400000.0,-8500000.0,253600000.0,29000000.0,184400000.0,184400000.0,184400000.0,0.0,2200000.0,0.226,512000000.0,304100000.0,391500000.0,0.389,-32.358,21.013,21.41,310500000.0,0.0,96.56,5.479,5.482,852100000.0,6895100000.0,816100000.0,816100000.0,0.0,,,,,25400000.0,482100000.0,1.0,194900000.0,195000000,197900000.0,4.185,3734800000.0,176200000.0,89000000.0,328500000.0,19.153,1933400000.0
22,MCO,MRQ,2015-12-31,2015-12-31,2015-12-31,2021-07-30,-339500000.0,5103000000.0,,3243100000.0,1859900000.0,,-2.867,-23100000.0,1757400000.0,1757400000.0,0.0,220400000.0,2.662,-9.621,3380600000.0,0.0,3380600000.0,3380600000.0,767700000.0,28700000.0,0.0,0.014,0.34,337900000.0,366600000.0,0.423,366600000.0,337900000.0,309800000.0,1.1,1.09,1.1,-565000000.0,,-565000000.0,21490618000.0,14.0,13.432,281500000.0,1.428,1.0,865900000.0,1.0,1275400000.0,28100000.0,4232300000.0,,0.0,474800000.0,474800000.0,0.0,5436000000.0,1218500000.0,4217500000.0,19837218000.0,286300000.0,-3000000.0,-175600000.0,300000000.0,-67100000.0,7000000.0,-10500000.0,-24100000.0,304600000.0,-14800000.0,217900000.0,217900000.0,217900000.0,0.0,2500000.0,0.252,532800000.0,333100000.0,566600000.0,0.309,-35.11,21.074,21.349,306400000.0,0.0,100.34,5.693,5.762,802000000.0,6709000000.0,865900000.0,865900000.0,0.0,,,,,65200000.0,504100000.0,1.0,197700000.0,197100000,200100000.0,4.393,3827600000.0,167000000.0,91900000.0,303900000.0,19.42,2024600000.0
23,MCO,MRQ,2015-09-30,2015-09-30,2015-09-30,2021-07-30,-320300000.0,4772900000.0,,2862100000.0,1910800000.0,,-2.357,-25200000.0,1471100000.0,1471100000.0,0.0,233800000.0,2.725,-10.668,3124500000.0,0.0,3124500000.0,3124500000.0,753900000.0,28300000.0,0.0,0.013,0.34,367200000.0,395500000.0,0.474,395500000.0,367200000.0,341400000.0,1.16,1.14,1.16,-469900000.0,,-469900000.0,21236960000.0,14.0,13.107,273900000.0,1.374,1.0,834900000.0,1.0,1298800000.0,25800000.0,4077300000.0,,0.0,470200000.0,470200000.0,0.0,5013100000.0,1050200000.0,3962900000.0,19669460000.0,-67500000.0,0.0,-288000000.0,0.0,-67800000.0,-354900000.0,10300000.0,35500000.0,299100000.0,-22000000.0,231600000.0,231600000.0,231600000.0,0.0,2200000.0,0.277,485200000.0,349700000.0,409200000.0,0.293,-41.859,20.495,20.717,306100000.0,0.0,98.2,5.626,5.601,720500000.0,6631700000.0,834900000.0,834900000.0,0.0,,,,,18700000.0,456900000.0,1.0,200300000.0,199400000,202500000.0,4.187,3474100000.0,169300000.0,109800000.0,308200000.0,17.423,1811900000.0
24,MCO,MRQ,2015-06-30,2015-06-30,2015-06-30,2021-07-30,-280800000.0,4999500000.0,,3064000000.0,1935500000.0,,-1.645,-21700000.0,1538600000.0,1538600000.0,0.0,264100000.0,2.724,-15.407,3106100000.0,0.0,3106100000.0,3106100000.0,817500000.0,27900000.0,0.0,0.011,0.34,408700000.0,436600000.0,0.476,436600000.0,408700000.0,376800000.0,1.3,1.28,1.3,-331200000.0,,-331200000.0,23414712000.0,16.0,14.536,310900000.0,1.544,1.0,918100000.0,1.0,1329400000.0,31900000.0,4112800000.0,,0.0,508900000.0,508900000.0,0.0,5102900000.0,1124800000.0,3978100000.0,21829512000.0,28700000.0,-4600000.0,-215100000.0,0.0,-68500000.0,-281500000.0,-42500000.0,-16200000.0,332600000.0,20100000.0,261700000.0,261700000.0,261700000.0,0.0,2400000.0,0.285,498800000.0,419300000.0,422100000.0,0.262,-65.91,23.142,23.47,304600000.0,0.0,107.96,6.278,6.25,801300000.0,6468400000.0,918100000.0,918100000.0,0.0,,,,,18000000.0,470900000.0,1.0,202200000.0,201300000,204400000.0,4.561,3670100000.0,185300000.0,115100000.0,315900000.0,18.232,1939200000.0
25,MCO,MRQ,2015-03-31,2015-03-31,2015-03-31,2021-07-30,-322400000.0,4976000000.0,,3039300000.0,1936700000.0,,-1.844,-19000000.0,1509900000.0,1509900000.0,0.0,231300000.0,2.67,-13.707,3095100000.0,0.0,3095100000.0,3095100000.0,870000000.0,28600000.0,0.0,0.011,0.34,372600000.0,401200000.0,0.463,401200000.0,372600000.0,343300000.0,1.14,1.11,1.14,-373700000.0,,-373700000.0,22368060000.0,14.0,13.138,242800000.0,1.198,1.0,865600000.0,1.0,1316000000.0,29300000.0,4107000000.0,,0.0,485500000.0,485500000.0,0.0,5122200000.0,1138200000.0,3984000000.0,21040260000.0,290400000.0,0.0,-389700000.0,552800000.0,-68700000.0,123900000.0,-49300000.0,-30300000.0,261800000.0,-46000000.0,230100000.0,230100000.0,230100000.0,0.0,1200000.0,0.266,494300000.0,371300000.0,379200000.0,0.298,-56.303,21.023,21.58,299300000.0,0.0,103.8,6.129,6.129,842700000.0,6276400000.0,865600000.0,865600000.0,0.0,,,,,-14700000.0,465700000.0,1.0,202700000.0,202700000,206500000.0,4.27,3660000000.0,191500000.0,113200000.0,333800000.0,18.056,1901100000.0
26,MCO,MRQ,2014-12-31,2014-12-31,2014-12-31,2021-07-30,-235200000.0,4669000000.0,,2686400000.0,1982600000.0,,-0.909,-17800000.0,1219500000.0,1219500000.0,0.0,241400000.0,2.239,-24.633,2547300000.0,0.0,2547300000.0,2547300000.0,756800000.0,27000000.0,0.0,0.012,0.28,360000000.0,387000000.0,0.441,387000000.0,360000000.0,330700000.0,1.14,1.13,1.14,-187800000.0,,-187800000.0,20581666000.0,13.0,12.428,291000000.0,1.409,1.0,877500000.0,1.0,1366600000.0,29300000.0,3430500000.0,,0.0,458100000.0,458100000.0,0.0,4626100000.0,1199700000.0,3426400000.0,19985966000.0,-721300000.0,-29200000.0,-425600000.0,0.0,-57800000.0,-671100000.0,-320300000.0,-295000000.0,308800000.0,-38700000.0,236300000.0,236300000.0,236300000.0,0.0,5100000.0,0.269,532800000.0,344700000.0,557600000.0,0.246,-106.422,20.214,20.429,302300000.0,0.0,95.81,5.994,6.054,792400000.0,6044300000.0,877500000.0,877500000.0,0.0,,,,,16300000.0,505800000.0,1.0,208600000.0,206500000,210500000.0,4.249,3302400000.0,211700000.0,94400000.0,333500000.0,15.992,1486700000.0
27,MCO,MRQ,2014-09-30,2014-09-30,2014-09-30,2021-07-30,-133600000.0,4993700000.0,,3061900000.0,1931800000.0,,1.192,-18000000.0,1940800000.0,1940800000.0,0.0,218500000.0,2.939,17.454,2536500000.0,0.0,2536500000.0,2536500000.0,736400000.0,23200000.0,0.0,0.012,0.28,362800000.0,386000000.0,0.473,386000000.0,362800000.0,325100000.0,1.02,1.0,1.02,250700000.0,,250700000.0,20285600000.0,13.0,12.561,233800000.0,1.111,1.0,816100000.0,1.0,1350100000.0,37700000.0,3197600000.0,,0.0,164800000.0,164800000.0,0.0,4375800000.0,1041700000.0,3334100000.0,19958400000.0,163500000.0,-130000000.0,-277400000.0,447700000.0,-59000000.0,107800000.0,-131200000.0,16800000.0,251800000.0,-64900000.0,215200000.0,215200000.0,215200000.0,0.0,3300000.0,0.264,466400000.0,349700000.0,420200000.0,0.275,79.611,20.81,20.907,303500000.0,0.0,94.5,6.168,6.144,712200000.0,5936200000.0,816100000.0,816100000.0,0.0,,,,,10000000.0,443200000.0,1.0,211200000.0,210400000,214200000.0,3.879,3643600000.0,182900000.0,109900000.0,334700000.0,17.317,2020200000.0
28,MCO,MRQ,2014-06-30,2014-06-30,2014-06-30,2021-07-30,-47300000.0,4786600000.0,,2944300000.0,1842300000.0,,2.101,-19700000.0,1777300000.0,1777300000.0,0.0,324400000.0,2.693,8.958,2104500000.0,0.0,2104500000.0,2104500000.0,781800000.0,22300000.0,0.0,0.012,0.28,506000000.0,528300000.0,0.605,528300000.0,506000000.0,480000000.0,1.51,1.48,1.51,445400000.0,,445400000.0,18962842000.0,13.0,12.334,261100000.0,1.232,1.0,873500000.0,1.0,1265700000.0,26000000.0,2754700000.0,,0.0,182000000.0,182000000.0,0.0,3990100000.0,1093400000.0,2896700000.0,18732942000.0,-14900000.0,-7900000.0,-223900000.0,0.0,-59300000.0,-279100000.0,-31200000.0,-3600000.0,280800000.0,14600000.0,319200000.0,319200000.0,319200000.0,0.0,5200000.0,0.365,461800000.0,411700000.0,430800000.0,0.185,42.059,20.191,20.198,298300000.0,0.0,87.66,5.994,5.946,758300000.0,5780700000.0,873500000.0,873500000.0,0.0,,,,,13900000.0,439500000.0,1.0,213700000.0,212000000,215700000.0,4.12,3520900000.0,180600000.0,160800000.0,318300000.0,16.608,1850900000.0
29,MCO,MRQ,2014-03-31,2014-03-31,2014-03-31,2021-07-30,-61300000.0,4353400000.0,,2945800000.0,1407600000.0,,1.8,-19100000.0,1867600000.0,1867600000.0,0.0,221700000.0,2.868,10.002,2097500000.0,0.0,2097500000.0,2097500000.0,823100000.0,23100000.0,0.0,0.012,0.28,331700000.0,354800000.0,0.462,354800000.0,331700000.0,307900000.0,1.02,1.0,1.02,385300000.0,,385300000.0,17132984000.0,13.0,12.345,158100000.0,0.739,1.0,767200000.0,1.0,869400000.0,23800000.0,2686600000.0,,0.0,177300000.0,177300000.0,0.0,3853600000.0,1027300000.0,2826300000.0,16950684000.0,-127300000.0,-72600000.0,-195600000.0,0.0,-59900000.0,-222100000.0,-82200000.0,9500000.0,177200000.0,-200000.0,218000000.0,218000000.0,218000000.0,0.0,3700000.0,0.284,434200000.0,333000000.0,312400000.0,0.275,43.993,20.322,20.656,282300000.0,0.0,79.32,5.635,5.643,737900000.0,5521900000.0,767200000.0,767200000.0,0.0,,,,,-18500000.0,411100000.0,1.0,213700000.0,214000000,218500000.0,3.585,3484000000.0,192700000.0,89900000.0,265600000.0,16.28,1918500000.0
30,MCO,MRQ,2013-12-31,2013-12-31,2013-12-31,2021-07-30,-54600000.0,4395100000.0,,2968800000.0,1426300000.0,,1.573,-11300000.0,1919500000.0,1919500000.0,0.0,209600000.0,2.601,11.772,2101800000.0,0.0,2101800000.0,2101800000.0,707600000.0,23300000.0,0.0,0.011,0.25,322600000.0,345900000.0,0.444,345900000.0,322600000.0,298900000.0,0.97,0.94,0.97,337000000.0,,337000000.0,17142397000.0,14.0,12.763,262000000.0,1.223,1.0,779200000.0,1.0,886800000.0,23700000.0,2549300000.0,,0.0,186800000.0,186800000.0,0.0,3967200000.0,1141300000.0,2825900000.0,16878897000.0,84400000.0,-50700000.0,-106100000.0,0.0,-53600000.0,-155600000.0,-39100000.0,22900000.0,273300000.0,5800000.0,206700000.0,206700000.0,206700000.0,0.0,2900000.0,0.265,467300000.0,311900000.0,538900000.0,0.258,50.086,20.981,21.381,278700000.0,0.0,78.47,5.678,5.792,694200000.0,5302100000.0,779200000.0,779200000.0,0.0,,,,,11400000.0,444000000.0,1.0,215100000.0,214300000,218700000.0,3.636,3508300000.0,202600000.0,92200000.0,258700000.0,16.371,1827500000.0
31,MCO,MRQ,2013-09-30,2013-09-30,2013-09-30,2021-07-30,-100200000.0,4154500000.0,,2782200000.0,1372300000.0,,1.292,-12900000.0,1835100000.0,1835100000.0,0.0,186800000.0,3.101,13.432,2098600000.0,0.0,2098600000.0,2098600000.0,664500000.0,23400000.0,0.0,0.012,0.25,285000000.0,308400000.0,0.437,308400000.0,285000000.0,260600000.0,0.84,0.83,0.84,281500000.0,,281500000.0,15472732000.0,13.0,12.116,271500000.0,1.247,1.0,705500000.0,1.0,829000000.0,24400000.0,2691800000.0,,0.0,209600000.0,209600000.0,0.0,3781100000.0,897200000.0,2883900000.0,15500732000.0,202100000.0,0.0,-361400000.0,497200000.0,-54600000.0,83000000.0,-203800000.0,-190900000.0,284400000.0,38500000.0,183900000.0,183900000.0,183900000.0,0.0,2900000.0,0.261,414000000.0,291500000.0,337900000.0,0.298,55.065,20.452,20.625,284300000.0,0.0,70.33,5.259,5.197,592000000.0,5210600000.0,705500000.0,705500000.0,0.0,,,,,10600000.0,390600000.0,1.0,220400000.0,217800000,222000000.0,3.239,3325500000.0,211800000.0,76700000.0,253700000.0,15.269,1885000000.0
32,MCO,MRQ,2013-06-30,2013-06-30,2013-06-30,2021-07-30,-149900000.0,3794300000.0,,2442700000.0,1351600000.0,,2.013,-9500000.0,1633000000.0,1633000000.0,0.0,228400000.0,2.723,7.281,1605000000.0,0.0,1605000000.0,1605000000.0,689100000.0,23100000.0,0.0,0.012,0.2,355600000.0,378700000.0,0.501,378700000.0,355600000.0,333900000.0,1.01,1.0,1.01,447600000.0,,447600000.0,13465397000.0,11.0,10.604,157000000.0,0.706,1.0,756000000.0,1.0,821800000.0,21700000.0,2047400000.0,,0.0,17900000.0,17900000.0,0.0,3258800000.0,897100000.0,2361700000.0,13581297000.0,-125000000.0,0.0,-200000000.0,-31900000.0,-44600000.0,-270200000.0,-16200000.0,-6700000.0,166500000.0,-5100000.0,225500000.0,225500000.0,225500000.0,0.0,2900000.0,0.298,405200000.0,350800000.0,312800000.0,0.198,30.342,17.92,17.921,287400000.0,0.0,60.93,4.634,4.622,607700000.0,5082100000.0,756000000.0,756000000.0,0.0,,,,,5200000.0,382100000.0,1.0,222900000.0,222300000,226200000.0,3.401,2972500000.0,189000000.0,108400000.0,239000000.0,13.372,1545600000.0
33,MCO,MRQ,2013-03-31,2013-03-31,2013-03-31,2021-07-30,-138800000.0,3911200000.0,,2520300000.0,1390900000.0,,2.047,-8600000.0,1758000000.0,1758000000.0,0.0,191100000.0,2.487,7.375,1642100000.0,31900000.0,1610200000.0,1642100000.0,729200000.0,23600000.0,0.0,0.013,0.2,286500000.0,310100000.0,0.424,310100000.0,286500000.0,264500000.0,0.84,0.83,0.84,457100000.0,,457100000.0,11838152000.0,11.0,9.937,194000000.0,0.869,1.0,731800000.0,1.0,836500000.0,22000000.0,1945400000.0,,0.0,11600000.0,11600000.0,0.0,3371000000.0,1013400000.0,2357600000.0,11922352000.0,2600000.0,0.0,-89600000.0,-31900000.0,-44500000.0,-156000000.0,-2800000.0,5800000.0,202600000.0,-41200000.0,188400000.0,188400000.0,188400000.0,0.0,2700000.0,0.257,451400000.0,280400000.0,355100000.0,0.238,26.083,16.914,16.873,296100000.0,0.0,53.32,4.235,4.229,637200000.0,4902200000.0,731800000.0,731800000.0,0.0,,,,,1100000.0,427800000.0,1.0,223600000.0,223300000,227200000.0,3.277,3074700000.0,190300000.0,76100000.0,223100000.0,13.769,1506900000.0
34,MCO,MRQ,2012-12-31,2012-12-31,2012-12-31,2021-07-30,-82100000.0,3960900000.0,,2525700000.0,1435200000.0,,1.728,-9800000.0,1755400000.0,1755400000.0,0.0,162000000.0,2.168,9.065,1671200000.0,63800000.0,1607400000.0,1671200000.0,640700000.0,23800000.0,0.0,0.013,0.16,256100000.0,279900000.0,0.371,279900000.0,256100000.0,234500000.0,0.72,0.71,0.72,385200000.0,,385200000.0,11405328000.0,11.0,9.735,317300000.0,1.424,1.0,754200000.0,1.0,863600000.0,21600000.0,1848200000.0,,0.0,17900000.0,17900000.0,0.0,3492000000.0,1164900000.0,2327100000.0,11216328000.0,236900000.0,0.0,-26600000.0,-31900000.0,-35700000.0,-91800000.0,-4100000.0,5700000.0,327100000.0,5700000.0,160100000.0,160100000.0,160100000.0,0.0,1900000.0,0.212,494000000.0,260200000.0,555300000.0,0.222,29.118,16.256,16.285,307100000.0,0.0,50.32,4.108,4.114,621800000.0,4713300000.0,754200000.0,754200000.0,0.0,,,,,14300000.0,458000000.0,1.0,222900000.0,222900000,226300000.0,3.384,3097300000.0,207200000.0,74400000.0,214700000.0,13.895,1360800000.0
35,MCO,MRQ,2012-09-30,2012-09-30,2012-09-30,2021-07-30,-85800000.0,3662300000.0,,2205800000.0,1456500000.0,,1.4,-13300000.0,1518500000.0,1518500000.0,0.0,186500000.0,2.244,10.497,1707500000.0,95600000.0,1611900000.0,1707500000.0,617400000.0,24100000.0,0.0,0.014,0.16,277100000.0,301200000.0,0.437,301200000.0,277100000.0,261800000.0,0.83,0.81,0.83,311600000.0,,311600000.0,10233191000.0,10.0,9.449,247200000.0,1.111,1.0,688500000.0,1.0,879600000.0,15300000.0,1988800000.0,,0.0,22700000.0,22700000.0,0.0,3271000000.0,982900000.0,2288100000.0,9818991000.0,694400000.0,0.0,11900000.0,464200000.0,-35700000.0,436900000.0,-20200000.0,-6900000.0,260500000.0,17200000.0,183900000.0,183900000.0,183900000.0,0.0,2600000.0,0.267,418800000.0,269700000.0,362800000.0,0.193,31.512,15.683,15.719,315600000.0,0.0,44.17,3.861,3.864,549600000.0,4634100000.0,688500000.0,688500000.0,0.0,,,,,13800000.0,394700000.0,1.0,222300000.0,222500000,226100000.0,3.094,2782700000.0,202900000.0,77900000.0,197100000.0,12.507,1222900000.0
36,MCO,MRQ,2012-06-30,2012-06-30,2012-06-30,2021-07-30,-120800000.0,2963900000.0,,1519400000.0,1444500000.0,,0.443,-6600000.0,824100000.0,824100000.0,0.0,175700000.0,1.527,28.104,1238300000.0,127500000.0,1110800000.0,1238300000.0,662200000.0,22100000.0,0.0,0.016,0.16,278000000.0,300100000.0,0.468,300100000.0,278000000.0,261400000.0,0.77,0.76,0.77,99100000.0,,99100000.0,8634885000.0,9.0,8.66,166900000.0,0.745,1.0,640800000.0,1.0,876100000.0,16600000.0,1506800000.0,,0.0,15400000.0,15400000.0,0.0,2785100000.0,995200000.0,1789900000.0,8212785000.0,9400000.0,-3500000.0,-92700000.0,-3700000.0,-35900000.0,-135500000.0,-12300000.0,-2200000.0,173500000.0,-16300000.0,172500000.0,172500000.0,172500000.0,0.0,3200000.0,0.269,362300000.0,278500000.0,300100000.0,0.208,82.874,14.335,14.277,317400000.0,0.0,36.55,3.442,3.43,530500000.0,4486300000.0,640800000.0,640800000.0,0.0,,,,,14300000.0,340200000.0,1.0,224700000.0,223900000,227200000.0,2.862,2087800000.0,190500000.0,88900000.0,189100000.0,9.325,524200000.0
37,MCO,MRQ,2012-03-31,2012-03-31,2012-03-31,2021-07-30,-78700000.0,2994400000.0,,1526600000.0,1467800000.0,,0.37,-15300000.0,814700000.0,814700000.0,0.0,175500000.0,1.509,34.266,1236800000.0,99400000.0,1137400000.0,1236800000.0,705200000.0,23500000.0,0.0,0.014,0.16,266900000.0,290400000.0,0.449,290400000.0,266900000.0,256600000.0,0.78,0.76,0.78,82700000.0,,82700000.0,9867890000.0,11.0,9.913,46700000.0,0.209,1.0,646800000.0,1.0,905600000.0,10300000.0,1499400000.0,,0.0,13300000.0,13300000.0,0.0,2833800000.0,1011500000.0,1822300000.0,9384090000.0,54700000.0,0.0,27600000.0,-3800000.0,-35700000.0,-7000000.0,-13600000.0,1700000.0,62000000.0,13300000.0,173500000.0,173500000.0,173500000.0,0.0,2000000.0,0.268,377800000.0,269000000.0,302800000.0,0.205,113.471,15.921,16.069,324800000.0,0.0,42.1,3.993,4.002,589200000.0,4350000000.0,646800000.0,646800000.0,0.0,,,,,6400000.0,354300000.0,1.0,222900000.0,223400000,227400000.0,2.895,2088800000.0,188700000.0,83100000.0,183200000.0,9.35,515100000.0
38,MCO,MRQ,2011-12-31,2011-12-31,2011-12-31,2021-07-30,-107500000.0,2876100000.0,,1424400000.0,1451700000.0,,-0.761,-14100000.0,760000000.0,760000000.0,0.0,98100000.0,1.256,-17.598,1243800000.0,71300000.0,1172500000.0,1243800000.0,618100000.0,20700000.0,0.0,0.016,0.14,170600000.0,191300000.0,0.337,191300000.0,170600000.0,153700000.0,0.43,0.43,0.43,-169000000.0,,-169000000.0,7866760000.0,9.0,8.073,122900000.0,0.553,1.0,567100000.0,1.0,896500000.0,16900000.0,1329400000.0,,0.0,14800000.0,14800000.0,0.0,2974000000.0,1134000000.0,1840000000.0,7476960000.0,-94200000.0,-187400000.0,8800000.0,-3800000.0,-31100000.0,-25300000.0,-202300000.0,-800000.0,137000000.0,-3600000.0,96200000.0,96200000.0,96200000.0,0.0,1900000.0,0.17,395000000.0,172100000.0,452300000.0,0.326,-44.242,13.085,13.365,326800000.0,0.0,33.68,3.278,3.342,489800000.0,4176100000.0,567100000.0,567100000.0,0.0,,,,,12100000.0,374400000.0,1.0,222000000.0,222100000,225500000.0,2.553,1979600000.0,228600000.0,57500000.0,255000000.0,8.913,290400000.0
39,MCO,MRQ,2011-09-30,2011-09-30,2011-09-30,2021-07-30,-70500000.0,2521300000.0,,1360000000.0,1161300000.0,,-0.814,-18000000.0,854200000.0,854200000.0,0.0,132100000.0,1.629,-14.649,1244000000.0,43100000.0,1200900000.0,1244000000.0,577000000.0,19000000.0,0.0,0.016,0.14,196300000.0,215300000.0,0.405,215300000.0,196300000.0,183400000.0,0.58,0.57,0.58,-184000000.0,,-184000000.0,7268415000.0,8.0,7.35,202400000.0,0.896,1.0,531300000.0,1.0,604100000.0,12900000.0,1472100000.0,,0.0,13300000.0,13300000.0,0.0,2695500000.0,834900000.0,1860600000.0,6963915000.0,-84300000.0,-3000000.0,-203700000.0,-3700000.0,-31700000.0,-239300000.0,-24900000.0,-3900000.0,220400000.0,-40500000.0,130700000.0,130700000.0,130700000.0,0.0,1400000.0,0.246,335200000.0,196100000.0,311200000.0,0.241,-37.847,11.368,11.362,323700000.0,0.0,30.45,3.057,3.021,400500000.0,4147400000.0,531300000.0,531300000.0,0.0,,,,,12800000.0,316000000.0,1.0,228700000.0,226000000,229000000.0,2.351,1917200000.0,214300000.0,52700000.0,205700000.0,8.483,525100000.0
40,MCO,MRQ,2011-06-30,2011-06-30,2011-06-30,2021-07-30,1500000.0,2744600000.0,,1543100000.0,1201500000.0,,-0.114,-16000000.0,938500000.0,938500000.0,0.0,190700000.0,1.811,-105.793,1243000000.0,15000000.0,1228000000.0,1243000000.0,630900000.0,21800000.0,0.0,0.012,0.14,276600000.0,298400000.0,0.493,298400000.0,276600000.0,262500000.0,0.83,0.82,0.83,-26100000.0,,-26100000.0,9250830000.0,10.0,9.395,229000000.0,1.004,1.0,605200000.0,1.0,637200000.0,14100000.0,1559900000.0,,0.0,11000000.0,11000000.0,0.0,2761200000.0,852000000.0,1909200000.0,8736130000.0,219000000.0,-7100000.0,23200000.0,-1900000.0,-31900000.0,-8000000.0,-27100000.0,-4000000.0,245000000.0,9100000.0,189000000.0,189000000.0,189000000.0,0.0,1700000.0,0.312,335100000.0,270100000.0,302100000.0,0.169,-334.718,14.138,14.31,325200000.0,0.0,38.35,3.866,3.873,492600000.0,4048800000.0,605200000.0,605200000.0,0.0,,,,,11200000.0,313400000.0,1.0,227800000.0,228200000,231500000.0,2.652,2107400000.0,225400000.0,73500000.0,222200000.0,9.235,691100000.0
41,MCO,MRQ,2011-03-31,2011-03-31,2011-03-31,2021-07-30,-9400000.0,2524400000.0,,1339600000.0,1184800000.0,,-1.013,-19600000.0,719500000.0,719500000.0,0.0,157100000.0,1.593,-11.848,1234200000.0,13100000.0,1221100000.0,1234200000.0,649300000.0,17700000.0,0.0,0.013,0.115,251800000.0,269500000.0,0.467,269500000.0,251800000.0,233600000.0,0.68,0.67,0.68,-231900000.0,,-231900000.0,8358954000.0,10.0,9.426,181300000.0,0.792,1.0,577100000.0,1.0,631000000.0,18200000.0,1567100000.0,,0.0,6700000.0,6700000.0,0.0,2747600000.0,841000000.0,1906600000.0,7778954000.0,59900000.0,0.0,-115700000.0,-1900000.0,-26300000.0,-145100000.0,-13300000.0,6300000.0,200900000.0,17400000.0,155500000.0,155500000.0,155500000.0,0.0,1600000.0,0.269,327000000.0,250100000.0,273900000.0,0.169,-33.544,14.146,14.369,324600000.0,0.0,33.91,3.648,3.64,503400000.0,3892100000.0,577100000.0,577100000.0,0.0,,,,,13200000.0,309300000.0,1.0,229400000.0,228900000,231400000.0,2.521,1893400000.0,218700000.0,78100000.0,228000000.0,8.272,498600000.0
42,MCO,MRQ,2010-12-31,2010-12-31,2010-12-31,2021-07-30,-33400000.0,2540300000.0,,1343000000.0,1197300000.0,,-1.326,-24400000.0,659600000.0,659600000.0,0.0,138900000.0,1.438,-9.169,1239600000.0,11300000.0,1228300000.0,1239600000.0,604700000.0,17200000.0,0.0,0.016,0.105,188500000.0,205700000.0,0.365,205700000.0,188500000.0,171100000.0,0.59,0.59,0.59,-309600000.0,,-309600000.0,6681968000.0,9.0,8.074,154200000.0,0.66,1.0,564300000.0,1.0,634300000.0,17400000.0,1552200000.0,,0.0,12700000.0,12700000.0,0.0,2838700000.0,933800000.0,1904900000.0,6215668000.0,-134100000.0,-148600000.0,-95300000.0,-17000000.0,-24500000.0,-136600000.0,-173800000.0,-800000.0,178600000.0,-2300000.0,137400000.0,137400000.0,137400000.0,0.0,1500000.0,0.243,367700000.0,196600000.0,414400000.0,0.178,-20.076,12.24,12.287,319300000.0,0.0,26.54,3.059,3.069,497500000.0,3736200000.0,564300000.0,564300000.0,0.0,,,,,14400000.0,350400000.0,1.0,234200000.0,233500000,235100000.0,2.417,1906000000.0,233200000.0,33700000.0,217700000.0,8.163,409200000.0
43,MCO,MRQ,2010-09-30,2010-09-30,2010-09-30,2021-07-30,-24600000.0,2348200000.0,,1301400000.0,1046800000.0,,-1.313,-19300000.0,793700000.0,793700000.0,0.0,137200000.0,1.642,-8.599,1260000000.0,24400000.0,1235600000.0,1260000000.0,544100000.0,18100000.0,0.0,0.017,0.105,193000000.0,211100000.0,0.411,211100000.0,193000000.0,180200000.0,0.58,0.58,0.58,-307700000.0,,-307700000.0,6473314000.0,9.0,7.924,151400000.0,0.646,1.0,513300000.0,1.0,448500000.0,12800000.0,1573400000.0,,0.0,10800000.0,10800000.0,0.0,2645800000.0,792600000.0,1853200000.0,5852814000.0,307800000.0,0.0,-8000000.0,153200000.0,-24600000.0,119100000.0,-21700000.0,-2400000.0,170700000.0,39700000.0,136000000.0,136000000.0,136000000.0,0.0,1200000.0,0.265,324400000.0,188900000.0,321000000.0,0.181,-19.021,12.392,12.49,307500000.0,0.0,24.98,2.996,2.996,410600000.0,3650100000.0,513300000.0,513300000.0,0.0,,,,,10800000.0,305900000.0,1.0,234300000.0,234300000,235700000.0,2.191,1899700000.0,274900000.0,44200000.0,187100000.0,8.108,508800000.0
44,MCO,MRQ,2010-06-30,2010-06-30,2010-06-30,2021-07-30,-83300000.0,1957700000.0,,960000000.0,997700000.0,,-2.125,-19100000.0,485900000.0,485900000.0,0.0,122600000.0,0.877,-4.898,1106400000.0,363900000.0,742500000.0,1106400000.0,581100000.0,15200000.0,0.0,0.021,0.105,185300000.0,200500000.0,0.42,200500000.0,185300000.0,176300000.0,0.51,0.51,0.51,-500100000.0,,-500100000.0,5346540000.0,7.0,6.724,120800000.0,0.513,1.0,477800000.0,1.0,438200000.0,9000000.0,1045800000.0,,0.0,7700000.0,7700000.0,0.0,2449600000.0,1094200000.0,1355400000.0,4721040000.0,-10500000.0,0.0,-68200000.0,-15900000.0,-24600000.0,-111900000.0,-19700000.0,-600000.0,139900000.0,-18800000.0,121000000.0,121000000.0,121000000.0,0.0,1600000.0,0.253,287300000.0,190500000.0,248600000.0,0.206,-9.44,10.806,10.768,298300000.0,0.0,19.92,2.495,2.477,389100000.0,3538900000.0,477800000.0,477800000.0,0.0,,,,,12600000.0,271800000.0,1.0,237000000.0,235300000,236500000.0,2.031,1519500000.0,250700000.0,55300000.0,192100000.0,6.458,-134200000.0
45,MCO,MRQ,2010-03-31,2010-03-31,2010-03-31,2021-07-30,-85700000.0,2003300000.0,,1008000000.0,995300000.0,,-2.286,-16200000.0,496400000.0,496400000.0,0.0,114700000.0,0.879,-4.685,1121900000.0,377500000.0,744400000.0,1121900000.0,616400000.0,15800000.0,0.0,0.014,0.105,194500000.0,210300000.0,0.441,210300000.0,194500000.0,181200000.0,0.48,0.47,0.48,-541600000.0,,-541600000.0,7767575000.0,11.0,9.841,147900000.0,0.624,1.0,476600000.0,1.0,447400000.0,13300000.0,1034500000.0,,0.0,7500000.0,7500000.0,0.0,2537300000.0,1146900000.0,1390400000.0,7047775000.0,22500000.0,0.0,-17400000.0,-72000000.0,-24900000.0,-111900000.0,-13600000.0,2600000.0,164100000.0,-16100000.0,113400000.0,113400000.0,113400000.0,0.0,1300000.0,0.238,279800000.0,196800000.0,253200000.0,0.219,-13.013,16.575,16.528,292700000.0,0.0,29.75,3.779,3.779,427000000.0,3442600000.0,476600000.0,476600000.0,0.0,,,,,11800000.0,264700000.0,1.0,236900000.0,236900000,239100000.0,2.012,1555900000.0,241700000.0,67800000.0,226100000.0,6.568,-138900000.0
46,MCO,MRQ,2009-12-31,2009-12-31,2009-12-31,2021-07-30,-41200000.0,2003300000.0,,1012900000.0,990400000.0,,-2.564,-26400000.0,473900000.0,473900000.0,0.0,103300000.0,0.819,-4.288,1193700000.0,447500000.0,746200000.0,1193700000.0,575100000.0,16600000.0,0.0,0.015,0.1,178400000.0,195000000.0,0.401,195000000.0,178400000.0,165900000.0,0.43,0.43,0.43,-606200000.0,,-606200000.0,7196500000.0,11.0,9.743,160800000.0,0.68,1.0,485800000.0,1.0,454100000.0,12500000.0,1033000000.0,,0.0,10000000.0,10000000.0,0.0,2599400000.0,1236000000.0,1363400000.0,6338200000.0,51200000.0,0.0,5200000.0,-87700000.0,-23700000.0,-105200000.0,-29400000.0,-3000000.0,187200000.0,-1400000.0,101900000.0,101900000.0,101900000.0,0.0,1400000.0,0.21,306900000.0,178900000.0,317200000.0,0.233,-10.456,15.767,15.765,293000000.0,0.0,26.8,3.527,3.521,444900000.0,3329000000.0,485800000.0,485800000.0,0.0,,,,,11200000.0,291400000.0,1.0,236500000.0,236400000,238400000.0,2.055,1549200000.0,224900000.0,64000000.0,195600000.0,6.553,-223100000.0
47,MCO,MRQ,2009-09-30,2009-09-30,2009-09-30,2021-07-30,-19200000.0,1874200000.0,,896500000.0,977700000.0,,-2.779,-29500000.0,422700000.0,422700000.0,0.0,101700000.0,0.746,-3.839,1281000000.0,532900000.0,748100000.0,1281000000.0,534600000.0,16200000.0,0.0,0.02,0.1,173100000.0,189300000.0,0.419,189300000.0,173100000.0,161600000.0,0.43,0.42,0.43,-656900000.0,,-656900000.0,5772298000.0,9.0,8.075,102600000.0,0.434,1.0,451800000.0,1.0,454600000.0,11500000.0,1075600000.0,,0.0,6800000.0,6800000.0,0.0,2521700000.0,1202300000.0,1319400000.0,4834698000.0,29900000.0,0.0,2200000.0,-49600000.0,-23600000.0,-70700000.0,-30800000.0,-1300000.0,132100000.0,-700000.0,100600000.0,100600000.0,100600000.0,0.0,1100000.0,0.223,279300000.0,172500000.0,241900000.0,0.233,-7.36,12.435,12.4,278600000.0,0.0,20.46,2.819,2.82,378900000.0,3275800000.0,451800000.0,451800000.0,0.0,,,,,13500000.0,259400000.0,1.0,236300000.0,236400000,238200000.0,1.911,1419600000.0,221100000.0,61000000.0,181100000.0,6.005,-305800000.0
48,MCO,MRQ,2009-06-30,2009-06-30,2009-06-30,2021-07-30,-30100000.0,1873800000.0,,900600000.0,973200000.0,,-3.208,-22400000.0,392800000.0,392800000.0,0.0,111000000.0,0.69,-3.464,1330400000.0,580400000.0,750000000.0,1330400000.0,571100000.0,15700000.0,0.0,0.015,0.1,179000000.0,194700000.0,0.432,194700000.0,179000000.0,172900000.0,0.46,0.46,0.46,-757300000.0,,-757300000.0,7279495000.0,11.0,9.883,107100000.0,0.454,1.0,450700000.0,1.0,451300000.0,6100000.0,1055000000.0,,0.0,4900000.0,4900000.0,0.0,2623300000.0,1305100000.0,1318200000.0,6210695000.0,51100000.0,0.0,11100000.0,-80500000.0,-23700000.0,-90600000.0,-20000000.0,2400000.0,129500000.0,32200000.0,109300000.0,109300000.0,109300000.0,0.0,1700000.0,0.243,263500000.0,187200000.0,262000000.0,0.217,-8.201,15.48,15.592,267600000.0,0.0,26.35,3.66,3.667,407600000.0,3199000000.0,450700000.0,450700000.0,0.0,,,,,13600000.0,244700000.0,1.0,235700000.0,236100000,238100000.0,1.909,1422500000.0,237800000.0,63600000.0,172600000.0,6.025,-404500000.0
49,MCO,MRQ,2009-03-31,2009-03-31,2009-03-31,2021-07-30,-82600000.0,1802100000.0,,856100000.0,946000000.0,,-3.929,-12400000.0,341700000.0,341700000.0,0.0,91100000.0,0.639,-2.942,1410500000.0,660500000.0,750000000.0,1410500000.0,590100000.0,15600000.0,0.0,0.017,0.1,144000000.0,159600000.0,0.39,159600000.0,144000000.0,140700000.0,0.38,0.38,0.38,-924900000.0,,-924900000.0,6612584000.0,9.0,8.344,182600000.0,0.776,1.0,408900000.0,1.0,440900000.0,3300000.0,1091200000.0,,0.0,6800000.0,6800000.0,0.0,2721400000.0,1338800000.0,1382600000.0,5390784000.0,95800000.0,-900000.0,1300000.0,-57600000.0,-23500000.0,-82300000.0,-13600000.0,-300000.0,195000000.0,-3300000.0,90200000.0,90200000.0,90200000.0,0.0,900000.0,0.221,260000000.0,148900000.0,198800000.0,0.263,-5.829,12.622,12.876,248400000.0,0.0,22.92,3.11,3.112,403600000.0,3113500000.0,408900000.0,408900000.0,0.0,,,,,14100000.0,232600000.0,1.0,235200000.0,235400000,236500000.0,1.737,1361200000.0,244700000.0,50500000.0,215300000.0,5.782,-482700000.0
50,MCO,MRQ,2008-12-31,2008-12-31,2008-12-31,2021-07-30,-52100000.0,1773400000.0,,809100000.0,964300000.0,,-4.206,-19000000.0,245900000.0,245900000.0,0.0,89000000.0,0.581,-2.775,1467700000.0,717700000.0,750000000.0,1467700000.0,549800000.0,31200000.0,0.0,0.02,0.1,140000000.0,171200000.0,0.424,171200000.0,140000000.0,124300000.0,0.38,0.38,0.38,-994400000.0,,-994400000.0,5777582000.0,7.0,6.772,115300000.0,0.488,1.0,403700000.0,1.0,452000000.0,15700000.0,1150100000.0,,0.0,7100000.0,7100000.0,0.0,2759500000.0,1393100000.0,1366400000.0,4817582000.0,-192700000.0,-202200000.0,-118800000.0,68800000.0,-23500000.0,-73400000.0,-219800000.0,1400000.0,134300000.0,-33800000.0,88700000.0,88700000.0,88700000.0,0.0,300000.0,0.22,278300000.0,125400000.0,240400000.0,0.263,-4.845,10.528,10.63,247700000.0,0.0,20.09,2.744,2.774,421800000.0,3023200000.0,403700000.0,403700000.0,0.0,,,,,16800000.0,246900000.0,1.0,239800000.0,236400000,237500000.0,1.708,1321400000.0,246600000.0,35600000.0,204100000.0,5.59,-584000000.0
51,MCO,MRQ,2008-09-30,2008-09-30,2008-09-30,2021-07-30,-11600000.0,1694300000.0,,917800000.0,776500000.0,,-3.704,-21400000.0,438600000.0,438600000.0,0.0,113800000.0,0.735,-2.896,1398600000.0,648600000.0,750000000.0,1398600000.0,512900000.0,14600000.0,0.0,0.011,0.1,196500000.0,211100000.0,0.487,211100000.0,196500000.0,183900000.0,0.47,0.46,0.47,-893800000.0,,-893800000.0,9182700000.0,11.0,10.187,135300000.0,0.561,1.0,433400000.0,1.0,266500000.0,12600000.0,1139000000.0,,0.0,7200000.0,7200000.0,0.0,2588100000.0,1248800000.0,1339300000.0,8285800000.0,58500000.0,-600000.0,-139200000.0,121500000.0,-24100000.0,-42900000.0,-18600000.0,3400000.0,156700000.0,-36700000.0,113000000.0,113000000.0,113000000.0,0.0,800000.0,0.261,243600000.0,189800000.0,208100000.0,0.213,-9.27,16.699,16.915,242100000.0,0.0,34.0,4.463,4.419,348700000.0,2981700000.0,433400000.0,433400000.0,0.0,,,,,15200000.0,230800000.0,1.0,243700000.0,241300000,244600000.0,1.796,1427800000.0,214600000.0,70900000.0,184600000.0,5.917,-331000000.0
52,MCO,MRQ,2008-06-30,2008-06-30,2008-06-30,2021-07-30,27100000.0,1664400000.0,,912800000.0,751600000.0,,-3.36,-24900000.0,380100000.0,380100000.0,0.0,137600000.0,0.786,-3.025,1277000000.0,527000000.0,750000000.0,1277000000.0,558200000.0,16800000.0,0.0,0.01,0.1,233800000.0,250600000.0,0.514,250600000.0,233800000.0,221400000.0,0.55,0.54,0.55,-821800000.0,,-821800000.0,9286468000.0,10.0,9.728,38900000.0,0.159,1.0,487600000.0,1.0,271300000.0,12400000.0,1129400000.0,,0.0,12700000.0,12700000.0,0.0,2486200000.0,1160600000.0,1325600000.0,8427468000.0,40400000.0,-100000.0,-50600000.0,78600000.0,-24500000.0,4600000.0,-28200000.0,-3200000.0,63800000.0,200000.0,135200000.0,135200000.0,135200000.0,0.0,2400000.0,0.277,253900000.0,233700000.0,198900000.0,0.182,-10.255,16.204,16.718,235700000.0,0.0,34.44,4.326,4.324,415200000.0,2892900000.0,487600000.0,487600000.0,0.0,,,,,14200000.0,237300000.0,1.0,244700000.0,244600000,248100000.0,1.993,1393100000.0,196800000.0,86200000.0,175400000.0,5.695,-247800000.0
53,MCO,MRQ,2008-03-31,2008-03-31,2008-03-31,2021-07-30,27800000.0,1586800000.0,,852500000.0,734300000.0,,-3.65,-19100000.0,339700000.0,339700000.0,0.0,121200000.0,0.647,-2.757,1198700000.0,598700000.0,600000000.0,1198700000.0,587200000.0,12500000.0,0.0,0.01,0.1,207700000.0,220200000.0,0.511,220200000.0,207700000.0,196200000.0,0.49,0.48,0.49,-903000000.0,,-903000000.0,9356474000.0,9.0,8.617,165800000.0,0.67,1.0,430700000.0,1.0,274100000.0,11500000.0,853500000.0,,0.0,9900000.0,9900000.0,0.0,2489800000.0,1318200000.0,1171600000.0,8630874000.0,-86600000.0,-38500000.0,-260800000.0,45700000.0,-24700000.0,-238100000.0,-52700000.0,4000000.0,184900000.0,19300000.0,120700000.0,120700000.0,120700000.0,0.0,500000.0,0.28,231400000.0,199300000.0,256500000.0,0.204,-9.558,13.344,14.044,230200000.0,0.0,34.83,4.097,4.09,405400000.0,2782200000.0,430700000.0,430700000.0,0.0,,,,,9500000.0,219600000.0,1.0,247800000.0,247400000,251000000.0,1.741,1312700000.0,174600000.0,75500000.0,165800000.0,5.306,-465700000.0
54,MCO,MRQ,2007-12-31,2007-12-31,2007-12-31,2021-07-30,15600000.0,1714600000.0,,989100000.0,725500000.0,,-3.059,-36000000.0,426300000.0,426300000.0,0.0,132600000.0,0.733,-3.188,1151900000.0,551900000.0,600000000.0,1151900000.0,547100000.0,11900000.0,0.0,0.009,0.08,207600000.0,219500000.0,0.435,219500000.0,207600000.0,192300000.0,0.5,0.5,0.5,-783600000.0,,-783600000.0,9803780000.0,9.0,8.281,182600000.0,0.713,1.0,504900000.0,1.0,236800000.0,15300000.0,854200000.0,,0.0,14700000.0,14700000.0,0.0,2498200000.0,1349200000.0,1149000000.0,9224880000.0,5200000.0,-100000.0,-298300000.0,147000000.0,-20500000.0,-172500000.0,-45500000.0,-9400000.0,218600000.0,4600000.0,127300000.0,127300000.0,127300000.0,0.0,5300000.0,0.252,292800000.0,212100000.0,371300000.0,0.16,-11.772,13.15,13.574,214600000.0,0.0,35.7,4.084,4.21,443600000.0,2661100000.0,504900000.0,504900000.0,0.0,,,,,14100000.0,230900000.0,1.0,258400000.0,256200000,260500000.0,1.971,1477800000.0,179400000.0,65000000.0,156100000.0,5.768,-360100000.0
55,MCO,MRQ,2007-09-30,2007-09-30,2007-09-30,2021-07-30,1000000.0,1551600000.0,,870600000.0,681000000.0,,-2.325,-52500000.0,421100000.0,421100000.0,0.0,136900000.0,0.802,-3.546,1000000000.0,400000000.0,600000000.0,1000000000.0,488900000.0,11600000.0,0.0,0.006,0.08,252700000.0,264300000.0,0.503,264300000.0,252700000.0,241500000.0,0.52,0.51,0.52,-609500000.0,,-609500000.0,13800160000.0,10.0,9.627,240600000.0,0.918,1.0,525000000.0,1.0,239300000.0,11200000.0,805400000.0,,0.0,4600000.0,4600000.0,0.0,2161100000.0,1085800000.0,1075300000.0,13451760000.0,59500000.0,800000.0,-473000000.0,289300000.0,-20800000.0,-200000000.0,-42800000.0,8900000.0,293100000.0,9200000.0,136900000.0,136900000.0,136900000.0,0.0,0.0,0.261,274500000.0,250500000.0,317400000.0,0.154,-22.07,15.774,16.206,218400000.0,0.0,50.4,5.739,5.638,393100000.0,2579500000.0,525000000.0,525000000.0,0.0,,,,,19000000.0,262900000.0,1.0,266900000.0,262200000,267600000.0,2.002,1312300000.0,0.0,104600000.0,0.0,5.005,-215200000.0
56,MCO,MRQ,2007-06-30,2007-06-30,2007-06-30,2021-07-30,-3600000.0,1553300000.0,,918000000.0,635300000.0,,-0.986,-60200000.0,361600000.0,361600000.0,0.0,261900000.0,0.842,-6.842,710000000.0,410000000.0,300000000.0,710000000.0,512600000.0,9100000.0,0.0,0.005,0.08,372700000.0,381800000.0,0.591,381800000.0,372700000.0,381500000.0,0.97,0.95,0.97,-265900000.0,,-265900000.0,17120860000.0,12.0,11.842,231000000.0,0.857,1.0,646100000.0,1.0,241400000.0,-8800000.0,569600000.0,,0.0,13400000.0,13400000.0,0.0,1819200000.0,1090700000.0,728500000.0,17030360000.0,72100000.0,-1700000.0,-480100000.0,329500000.0,-21600000.0,-159100000.0,-64800000.0,-2900000.0,291200000.0,4800000.0,261900000.0,261900000.0,261900000.0,0.0,0.0,0.405,282400000.0,363700000.0,282400000.0,0.082,-64.048,19.51,19.746,162800000.0,0.0,62.2,7.358,7.245,484000000.0,2463700000.0,646100000.0,646100000.0,0.0,,,,,13400000.0,273300000.0,1.0,273800000.0,269600000,276000000.0,2.397,1311900000.0,0.0,119600000.0,0.0,4.866,-172700000.0
57,MCO,MRQ,2007-03-31,2007-03-31,2007-03-31,2021-07-30,-7900000.0,1469900000.0,,879100000.0,590800000.0,,-0.252,-33100000.0,289500000.0,289500000.0,0.0,175400000.0,1.137,-21.969,380000000.0,80000000.0,300000000.0,380000000.0,517900000.0,10300000.0,0.0,0.005,0.08,303500000.0,313800000.0,0.538,313800000.0,303500000.0,301400000.0,0.63,0.62,0.63,-70100000.0,,-70100000.0,17175610000.0,13.0,12.6,152200000.0,0.548,1.0,583000000.0,1.0,241800000.0,2100000.0,545600000.0,,0.0,10300000.0,10300000.0,0.0,1540000000.0,773000000.0,767000000.0,17283710000.0,-118600000.0,-3400000.0,-421100000.0,79600000.0,-22300000.0,-334100000.0,28400000.0,64900000.0,185300000.0,1800000.0,175400000.0,175400000.0,175400000.0,0.0,0.0,0.301,278300000.0,304700000.0,282900000.0,0.127,-246.558,22.071,22.324,118200000.0,0.0,62.06,7.929,7.906,499300000.0,2223400000.0,583000000.0,583000000.0,0.0,,,,,-8500000.0,268000000.0,1.0,278500000.0,277700000,284900000.0,2.099,1228100000.0,0.0,126000000.0,0.0,4.422,106100000.0
58,MCO,MRQ,2006-12-31,2006-12-31,2006-12-31,2021-07-30,-8400000.0,1497700000.0,,1001900000.0,495800000.0,,0.608,154000000.0,408100000.0,408100000.0,0.0,278600000.0,1.431,7.947,300000000.0,0.0,300000000.0,300000000.0,462400000.0,11000000.0,0.0,0.004,0.07,462600000.0,473600000.0,0.803,473600000.0,462600000.0,463300000.0,0.99,0.97,0.99,167400000.0,,167400000.0,19341388000.0,15.0,14.912,337300000.0,1.224,1.0,590000000.0,1.0,241800000.0,-700000.0,447800000.0,,0.0,75400000.0,75400000.0,0.0,1330300000.0,700000000.0,630300000.0,19322988000.0,126500000.0,-24500000.0,-130300000.0,-600000.0,-19600000.0,-132600000.0,67600000.0,-61900000.0,183300000.0,8200000.0,278600000.0,278600000.0,278600000.0,0.0,0.0,0.472,126700000.0,463300000.0,339700000.0,0.071,115.43,25.631,26.06,62000000.0,0.0,69.06,9.486,9.635,475400000.0,2091400000.0,590000000.0,590000000.0,0.0,,,,,4600000.0,276300000.0,1.0,279800000.0,275500000,282900000.0,2.142,1255900000.0,0.0,184700000.0,0.0,4.559,301900000.0
59,MCO,MRQ,2006-09-30,2006-09-30,2006-09-30,2021-07-30,9800000.0,1155200000.0,,680200000.0,475000000.0,,0.138,-8300000.0,281600000.0,281600000.0,0.0,157000000.0,1.295,28.85,300000000.0,0.0,300000000.0,300000000.0,396700000.0,9800000.0,0.0,0.004,0.07,266800000.0,276600000.0,0.558,276600000.0,266800000.0,265700000.0,0.56,0.55,0.56,38700000.0,,38700000.0,18507422000.0,18.0,17.219,238300000.0,0.849,1.0,495500000.0,1.0,218100000.0,1100000.0,430200000.0,,0.0,13000000.0,13000000.0,0.0,1116500000.0,525300000.0,591200000.0,18430622000.0,58400000.0,-12700000.0,-152700000.0,0.0,-19600000.0,-161300000.0,-26900000.0,-5900000.0,246600000.0,0.0,157000000.0,157000000.0,157000000.0,0.0,0.0,0.317,226700000.0,268800000.0,222800000.0,0.125,476.243,29.47,30.129,62800000.0,0.0,65.38,9.598,9.557,359600000.0,1854800000.0,495500000.0,495500000.0,0.0,,,,,9000000.0,216900000.0,1.0,281900000.0,280700000,287900000.0,1.765,937100000.0,0.0,108700000.0,0.0,3.338,154900000.0
60,MCO,MRQ,2006-06-30,2006-06-30,2006-06-30,2021-07-30,7500000.0,1131100000.0,,679800000.0,451300000.0,,0.072,-6200000.0,223200000.0,223200000.0,0.0,172100000.0,1.29,53.908,300000000.0,0.0,300000000.0,300000000.0,423800000.0,9300000.0,0.0,0.005,0.07,289800000.0,299100000.0,0.585,299100000.0,289800000.0,289800000.0,0.6,0.59,0.6,20600000.0,,20600000.0,15641068000.0,16.0,15.016,176300000.0,0.616,1.0,511400000.0,1.0,220600000.0,0.0,460200000.0,,0.0,7100000.0,7100000.0,0.0,1110500000.0,527100000.0,583400000.0,15836968000.0,-272700000.0,0.0,-554600000.0,0.0,-19900000.0,-561700000.0,97800000.0,104000000.0,182500000.0,8700000.0,172100000.0,172100000.0,172100000.0,0.0,0.0,0.337,222300000.0,289100000.0,192200000.0,0.117,768.785,25.751,25.933,60000000.0,0.0,54.46,8.58,8.45,424600000.0,1717500000.0,511400000.0,511400000.0,0.0,,,,,7900000.0,213000000.0,1.0,290800000.0,286400000,293700000.0,1.786,910500000.0,0.0,117700000.0,0.0,3.179,152700000.0
61,MCO,MRQ,2006-03-31,2006-03-31,2006-03-31,2021-07-30,300000.0,1502400000.0,,1062800000.0,439600000.0,,1.316,-6700000.0,495900000.0,495900000.0,0.0,146200000.0,1.932,2.931,300000000.0,0.0,300000000.0,300000000.0,425900000.0,9400000.0,0.0,0.003,0.07,241700000.0,251100000.0,0.57,251100000.0,241700000.0,241700000.0,0.5,0.49,0.5,382200000.0,,382200000.0,20508816000.0,21.0,20.507,133400000.0,0.459,1.0,440200000.0,1.0,222800000.0,0.0,533600000.0,,0.0,109100000.0,109100000.0,0.0,1120200000.0,550100000.0,570100000.0,20694816000.0,9900000.0,-2000000.0,-150700000.0,0.0,-20400000.0,-109600000.0,-22400000.0,-13700000.0,140100000.0,1800000.0,146200000.0,146200000.0,146200000.0,0.0,0.0,0.332,201900000.0,238300000.0,205200000.0,0.14,54.147,35.177,36.091,58300000.0,0.0,71.46,11.618,11.654,422800000.0,1565400000.0,440200000.0,440200000.0,0.0,,,,,-47600000.0,192500000.0,1.0,289600000.0,290500000,299500000.0,1.515,1279600000.0,0.0,95500000.0,0.0,4.405,512700000.0
62,MCO,MRQ,2005-12-31,2005-12-31,2005-12-31,2021-07-30,-900000.0,1457200000.0,,1051800000.0,405400000.0,,1.056,-12700000.0,486000000.0,486000000.0,0.0,150100000.0,1.817,3.71,300000000.0,0.0,300000000.0,300000000.0,374800000.0,9100000.0,0.0,0.003,0.055,238900000.0,248000000.0,0.524,248000000.0,238900000.0,243900000.0,0.51,0.5,0.51,309400000.0,,309400000.0,17706768000.0,19.0,18.351,148900000.0,0.508,1.0,473200000.0,1.0,222900000.0,-5000000.0,469400000.0,,0.0,94500000.0,94500000.0,0.0,1147800000.0,578900000.0,568900000.0,18143468000.0,-250700000.0,-26300000.0,-340900000.0,-400000.0,-15900000.0,-357500000.0,-51300000.0,-12300000.0,161600000.0,-3500000.0,150100000.0,150100000.0,150100000.0,0.0,0.0,0.317,230800000.0,242400000.0,279800000.0,0.108,58.641,32.353,32.67,55400000.0,0.0,61.42,10.478,10.559,421800000.0,1419200000.0,473200000.0,473200000.0,0.0,,,,,38700000.0,221700000.0,1.0,295400000.0,292900000,302000000.0,1.616,1234300000.0,0.0,93800000.0,0.0,4.214,472900000.0
63,MCO,MRQ,2005-09-30,2005-09-30,2005-09-30,2021-07-30,-1200000.0,1555100000.0,,1198000000.0,357100000.0,,1.661,-6900000.0,736700000.0,736700000.0,0.0,146600000.0,2.369,2.125,300000000.0,0.0,300000000.0,300000000.0,329400000.0,8800000.0,0.0,0.004,0.055,234600000.0,243400000.0,0.578,243400000.0,234600000.0,234600000.0,0.49,0.48,0.49,497600000.0,,497600000.0,14739172000.0,16.0,15.549,193800000.0,0.647,1.0,421100000.0,1.0,197500000.0,0.0,415100000.0,,0.0,81700000.0,81700000.0,0.0,1057500000.0,505800000.0,551700000.0,15369972000.0,-194100000.0,0.0,-295000000.0,-300000.0,-16600000.0,-313900000.0,-79600000.0,-72700000.0,200700000.0,-1300000.0,146600000.0,146600000.0,146600000.0,0.0,0.0,0.348,189200000.0,231900000.0,244500000.0,0.112,30.888,28.82,28.697,47200000.0,0.0,51.08,9.315,9.275,336800000.0,1305600000.0,421100000.0,421100000.0,0.0,,,,,23700000.0,180400000.0,1.0,300900000.0,299600000,307700000.0,1.406,1357600000.0,0.0,88000000.0,0.0,4.531,692200000.0
64,MCO,MRQ,2005-06-30,2005-06-30,2005-06-30,2021-07-30,2200000.0,1724300000.0,,1370700000.0,353600000.0,,2.137,-6200000.0,930800000.0,930800000.0,0.0,145400000.0,1.626,1.685,300000000.0,300000000.0,0.0,300000000.0,354100000.0,8700000.0,0.0,0.004,0.055,248900000.0,257600000.0,0.577,257600000.0,248900000.0,248900000.0,0.48,0.47,0.48,642100000.0,,642100000.0,13019992000.0,15.0,14.353,185900000.0,0.619,1.0,446800000.0,1.0,199100000.0,0.0,51200000.0,,0.0,0.0,0.0,0.0,1082200000.0,843200000.0,239000000.0,13496992000.0,153800000.0,-3900000.0,400000.0,-300000.0,-16600000.0,-16500000.0,-17000000.0,-6900000.0,192100000.0,-4800000.0,145400000.0,145400000.0,145400000.0,0.0,0.0,0.325,194000000.0,252800000.0,251700000.0,0.115,21.02,27.99,27.925,45700000.0,0.0,44.96,8.506,8.511,379400000.0,1175500000.0,446800000.0,446800000.0,0.0,,,,,24000000.0,185300000.0,1.0,300200000.0,300400000,307700000.0,1.487,1525200000.0,0.0,103500000.0,0.0,5.077,527500000.0
65,MCO,MRQ,2005-03-31,2005-03-31,2005-03-31,2021-07-30,8000000.0,1559000000.0,,1205300000.0,353700000.0,,1.655,-5500000.0,777000000.0,777000000.0,0.0,118700000.0,1.443,2.151,300000000.0,300000000.0,0.0,300000000.0,355000000.0,8600000.0,0.0,0.004,0.037,207300000.0,215900000.0,0.553,215900000.0,207300000.0,207300000.0,0.4,0.39,0.4,494800000.0,,494800000.0,11750126000.0,14.0,13.803,148000000.0,0.495,1.0,390500000.0,1.0,200900000.0,0.0,45800000.0,,0.0,0.0,0.0,0.0,1064200000.0,835300000.0,228900000.0,12056226000.0,170900000.0,0.0,32900000.0,-300000.0,-11200000.0,21400000.0,-2500000.0,3000000.0,153500000.0,-1500000.0,118700000.0,118700000.0,118700000.0,0.0,0.0,0.304,178000000.0,212500000.0,238000000.0,0.092,24.366,27.382,27.318,44800000.0,0.0,40.43,8.05,8.072,364600000.0,1046800000.0,390500000.0,390500000.0,0.0,,,,,38600000.0,169400000.0,1.0,298200000.0,299000000,306100000.0,1.306,1358100000.0,0.0,88600000.0,0.0,4.542,370000000.0
66,MCO,MRQ,2004-12-31,2004-12-31,2004-12-31,2021-07-30,9700000.0,1389300000.0,,1035900000.0,353400000.0,,1.069,-6800000.0,606100000.0,606100000.0,0.0,122600000.0,1.218,3.376,300000000.0,300000000.0,0.0,300000000.0,321100000.0,8800000.0,0.0,0.003,0.037,222200000.0,231000000.0,0.59,231000000.0,222200000.0,206000000.0,0.41,0.4,0.41,317500000.0,,317500000.0,12694415000.0,16.0,15.451,135600000.0,0.457,1.0,391600000.0,1.0,202400000.0,16200000.0,30300000.0,,0.0,7300000.0,7300000.0,0.0,1071800000.0,850500000.0,221300000.0,12845115000.0,155100000.0,0.0,28200000.0,-400000.0,-11300000.0,16500000.0,-7800000.0,-1000000.0,142400000.0,4000000.0,122600000.0,122600000.0,122600000.0,0.0,0.0,0.313,185400000.0,206200000.0,283800000.0,0.09,40.457,30.217,30.367,45200000.0,0.0,43.425,8.931,8.967,371700000.0,939300000.0,391600000.0,391600000.0,0.0,,,,,27900000.0,176600000.0,1.0,295800000.0,297000000,309500000.0,1.319,1186900000.0,0.0,83400000.0,0.0,3.996,185400000.0
67,MCO,MRQ,2004-09-30,2004-09-30,2004-09-30,2021-07-30,7100000.0,1134000000.0,,789500000.0,344500000.0,,0.5,-3100000.0,451000000.0,451000000.0,0.0,95500000.0,1.678,6.688,300300000.0,0.0,300300000.0,300300000.0,284200000.0,8300000.0,0.0,0.004,0.037,194300000.0,202600000.0,0.566,202600000.0,194300000.0,194300000.0,0.32,0.32,0.32,147500000.0,,147500000.0,10794050000.0,14.0,13.591,147500000.0,0.5,1.0,357900000.0,1.0,199900000.0,0.0,312800000.0,,0.0,0.0,0.0,0.0,986500000.0,470600000.0,515900000.0,10826350000.0,118700000.0,-400000.0,-15500000.0,-300000.0,-11000000.0,-26800000.0,-5300000.0,-1800000.0,150600000.0,200000.0,95500000.0,95500000.0,95500000.0,0.0,0.0,0.267,160100000.0,197800000.0,236600000.0,0.116,73.399,27.903,28.173,44200000.0,0.0,36.625,7.747,7.737,285500000.0,827900000.0,357900000.0,357900000.0,0.0,,,,,16300000.0,151800000.0,1.0,295600000.0,295200000,301300000.0,1.212,934100000.0,0.0,98800000.0,0.0,3.164,318900000.0
68,MCO,MRQ,2004-06-30,2004-06-30,2004-06-30,2021-07-30,7000000.0,1001300000.0,,654700000.0,346600000.0,,0.209,-4800000.0,332300000.0,332300000.0,0.0,103500000.0,1.523,15.124,300000000.0,0.0,300000000.0,300000000.0,295600000.0,8700000.0,0.0,0.004,0.037,193100000.0,201800000.0,0.564,201800000.0,193100000.0,193100000.0,0.35,0.34,0.35,62100000.0,,62100000.0,9611502000.0,13.0,12.756,122000000.0,0.41,1.0,357600000.0,1.0,201100000.0,0.0,338000000.0,,0.0,0.0,0.0,0.0,939200000.0,429900000.0,509300000.0,9679602000.0,-35800000.0,-300000.0,-141200000.0,-300000.0,-11200000.0,-152700000.0,-8800000.0,-3700000.0,126800000.0,-1100000.0,103500000.0,103500000.0,103500000.0,0.0,0.0,0.289,158100000.0,199500000.0,181900000.0,0.106,155.871,25.601,25.557,46300000.0,0.0,32.33,7.199,7.161,295800000.0,743500000.0,357600000.0,357600000.0,0.0,,,,,13300000.0,149400000.0,1.0,299400000.0,297800000,304300000.0,1.201,800200000.0,0.0,89600000.0,0.0,2.687,224800000.0
69,MCO,MRQ,2004-03-31,2004-03-31,2004-03-31,2021-07-30,8900000.0,1056500000.0,,680000000.0,376500000.0,,0.334,-6600000.0,368100000.0,368100000.0,0.0,103500000.0,1.655,9.607,300000000.0,0.0,300000000.0,300000000.0,295900000.0,8300000.0,0.0,0.003,0.037,177900000.0,186200000.0,0.562,186200000.0,177900000.0,177900000.0,0.345,0.34,0.345,99600000.0,,99600000.0,10551780000.0,15.0,14.413,99800000.0,0.335,1.0,331200000.0,1.0,203000000.0,0.0,374400000.0,,0.0,0.0,0.0,0.0,956900000.0,411000000.0,545900000.0,10520880000.0,99000000.0,-2800000.0,12200000.0,-300000.0,-11200000.0,700000.0,-9400000.0,0.0,106400000.0,1300000.0,103500000.0,103500000.0,103500000.0,0.0,0.0,0.312,148300000.0,182900000.0,158700000.0,0.107,105.631,28.018,28.207,48000000.0,0.0,35.4,8.095,8.123,281500000.0,651200000.0,331200000.0,331200000.0,0.0,,,,,26200000.0,140000000.0,1.0,297200000.0,298200000,306200000.0,1.111,853500000.0,0.0,74400000.0,0.0,2.862,269000000.0
70,MCO,MRQ,2003-12-31,2003-12-31,2003-12-31,2021-07-30,8100000.0,952300000.0,,579900000.0,372400000.0,,-0.108,-5200000.0,269100000.0,269100000.0,0.0,85500000.0,1.309,-30.667,300000000.0,0.0,300000000.0,300000000.0,255700000.0,8800000.0,0.0,0.003,0.022,194800000.0,203600000.0,0.581,203600000.0,194800000.0,173000000.0,0.285,0.275,0.285,-32100000.0,,-32100000.0,9129940000.0,13.0,12.845,129800000.0,0.435,1.0,350700000.0,1.0,203800000.0,21800000.0,336400000.0,,0.0,0.0,0.0,0.0,984400000.0,443000000.0,541400000.0,9009840000.0,89200000.0,-300000.0,-36500000.0,-200000.0,-6700000.0,-43400000.0,-4100000.0,1400000.0,135000000.0,1700000.0,85500000.0,85500000.0,85500000.0,0.0,0.0,0.244,174600000.0,176100000.0,228400000.0,0.077,-280.68,24.759,24.816,46800000.0,0.0,30.275,7.228,7.232,270300000.0,558900000.0,350700000.0,350700000.0,0.0,,,,,12900000.0,165800000.0,1.0,297600000.0,298400000,306400000.0,1.175,748500000.0,0.0,87500000.0,0.0,2.508,136900000.0
71,MCO,MRQ,2003-09-30,2003-09-30,2003-09-30,2021-07-30,5200000.0,787000000.0,,438100000.0,348900000.0,,-0.302,-3900000.0,179900000.0,179900000.0,0.0,85600000.0,1.217,-9.725,300000000.0,0.0,300000000.0,300000000.0,221900000.0,8100000.0,0.0,0.003,0.022,153800000.0,161900000.0,0.531,161900000.0,153800000.0,153800000.0,0.285,0.28,0.285,-90200000.0,,-90200000.0,8420324000.0,13.0,12.75,148400000.0,0.497,1.0,305000000.0,1.0,205600000.0,0.0,341500000.0,,0.0,0.0,0.0,0.0,877200000.0,360000000.0,517200000.0,8201524000.0,98700000.0,0.0,-43000000.0,-300000.0,-6800000.0,-50100000.0,-3900000.0,0.0,152300000.0,400000.0,85600000.0,85600000.0,85600000.0,0.0,0.0,0.281,143800000.0,161200000.0,175600000.0,0.077,-90.926,23.554,23.491,47100000.0,0.0,27.485,7.023,7.032,207800000.0,480100000.0,305000000.0,305000000.0,0.0,,,,,11700000.0,135700000.0,1.0,298400000.0,298800000,305800000.0,1.021,581400000.0,0.0,68200000.0,0.0,1.946,78100000.0
72,MCO,MRQ,2003-06-30,2003-06-30,2003-06-30,2021-07-30,3400000.0,720900000.0,,368700000.0,352200000.0,,-0.469,-4600000.0,81200000.0,81200000.0,0.0,100900000.0,1.054,-6.168,300000000.0,0.0,300000000.0,300000000.0,234700000.0,7900000.0,0.0,0.003,0.022,172500000.0,180400000.0,0.577,180400000.0,172500000.0,172500000.0,0.34,0.33,0.34,-139500000.0,,-139500000.0,8152193000.0,14.0,13.0,98000000.0,0.329,1.0,312700000.0,1.0,207200000.0,0.0,382600000.0,,0.0,0.0,0.0,0.0,860400000.0,349900000.0,510500000.0,7816893000.0,23400000.0,0.0,24000000.0,-93400000.0,-6600000.0,-76000000.0,-4600000.0,0.0,102600000.0,1400000.0,100900000.0,100900000.0,100900000.0,0.0,0.0,0.323,136000000.0,176700000.0,149800000.0,0.065,-56.035,23.659,23.851,48400000.0,0.0,26.355,7.035,7.059,237200000.0,401300000.0,312700000.0,312700000.0,0.0,,,,,12800000.0,128100000.0,1.0,296600000.0,297600000,304800000.0,1.051,513700000.0,0.0,71600000.0,0.0,1.726,18800000.0
73,MCO,MRQ,2003-03-31,2003-03-31,2003-03-31,2021-07-30,2100000.0,684900000.0,,331100000.0,353800000.0,,-0.918,-4200000.0,57800000.0,57800000.0,0.0,91900000.0,0.732,-3.519,393100000.0,93100000.0,300000000.0,393100000.0,234500000.0,7800000.0,0.0,0.004,0.022,157100000.0,164900000.0,0.593,164900000.0,157100000.0,157100000.0,0.31,0.305,0.31,-271900000.0,,-271900000.0,7204617000.0,13.0,12.131,72900000.0,0.246,1.0,278200000.0,1.0,208600000.0,0.0,359400000.0,,0.0,0.0,0.0,0.0,956800000.0,452200000.0,504600000.0,6837417000.0,17900000.0,1100000.0,-37200000.0,-14300000.0,-6700000.0,-58200000.0,-3100000.0,0.0,77100000.0,2100000.0,91900000.0,91900000.0,91900000.0,0.0,0.0,0.33,129100000.0,149100000.0,155800000.0,0.071,-25.147,22.185,22.662,49300000.0,0.0,23.115,6.391,6.399,223200000.0,307000000.0,278200000.0,278200000.0,0.0,,,,,6700000.0,121300000.0,1.0,295800000.0,296200000,303000000.0,0.939,476300000.0,0.0,65200000.0,0.0,1.608,-121100000.0
74,MCO,MRQ,2002-12-31,2002-12-31,2002-12-31,2021-07-30,1700000.0,630800000.0,,245800000.0,385000000.0,,-1.083,-4800000.0,39900000.0,39900000.0,0.0,69800000.0,0.532,-2.929,407100000.0,107100000.0,300000000.0,407100000.0,198500000.0,7200000.0,0.0,0.004,0.022,146000000.0,153200000.0,0.563,153200000.0,146000000.0,124800000.0,0.235,0.225,0.235,-327000000.0,,-327000000.0,6469019000.0,12.0,11.486,86800000.0,0.288,1.0,271900000.0,1.0,210700000.0,21200000.0,325300000.0,,0.0,0.0,0.0,0.0,957800000.0,462000000.0,495800000.0,6238919000.0,-30000000.0,-200000.0,-217500000.0,107100000.0,-6700000.0,-117100000.0,-4800000.0,0.0,91600000.0,300000.0,69800000.0,69800000.0,69800000.0,0.0,0.0,0.257,142900000.0,129000000.0,184900000.0,0.094,-19.079,21.595,21.963,50600000.0,0.0,20.645,6.097,6.21,178100000.0,221800000.0,271900000.0,271900000.0,0.0,,,,,6600000.0,135700000.0,1.0,302200000.0,301800000,307800000.0,0.901,420100000.0,0.0,55000000.0,0.0,1.392,-216200000.0
75,MCO,MRQ,2002-09-30,2002-09-30,2002-09-30,2021-07-30,400000.0,634400000.0,,281800000.0,352600000.0,,-0.582,-5600000.0,69900000.0,69900000.0,0.0,67800000.0,0.869,-4.515,300000000.0,0.0,300000000.0,300000000.0,183500000.0,7100000.0,0.0,0.004,0.022,121500000.0,128600000.0,0.518,128600000.0,121500000.0,121500000.0,0.22,0.215,0.22,-180500000.0,,-180500000.0,7758400000.0,15.0,14.45,100300000.0,0.323,1.0,248300000.0,1.0,212300000.0,0.0,328000000.0,,0.0,0.0,0.0,0.0,814900000.0,324200000.0,490700000.0,7536900000.0,-8600000.0,600000.0,-102300000.0,0.0,-7200000.0,-109500000.0,-5000000.0,0.0,105900000.0,0.0,67800000.0,67800000.0,67800000.0,0.0,0.0,0.273,120900000.0,127400000.0,165200000.0,0.1,-41.756,27.121,26.944,45700000.0,0.0,24.25,7.752,7.742,151700000.0,158700000.0,248300000.0,248300000.0,0.0,,,,,3300000.0,113800000.0,1.0,310800000.0,310400000,318800000.0,0.8,422100000.0,0.0,53700000.0,0.0,1.36,-42400000.0
76,MCO,MRQ,2002-06-30,2002-06-30,2002-06-30,2021-07-30,-100000.0,663600000.0,,311600000.0,352000000.0,,-0.46,-4800000.0,78500000.0,78500000.0,0.0,78700000.0,0.9,-5.65,300000000.0,0.0,300000000.0,300000000.0,196000000.0,6200000.0,0.0,0.004,0.022,141000000.0,147200000.0,0.542,147200000.0,141000000.0,141000000.0,0.255,0.245,0.255,-142700000.0,,-142700000.0,7798625000.0,16.0,15.52,89500000.0,0.289,1.0,271500000.0,1.0,213000000.0,0.0,325700000.0,,0.0,0.0,0.0,0.0,806300000.0,346400000.0,459900000.0,7676425000.0,-99300000.0,-206100000.0,21800000.0,0.0,-6900000.0,14900000.0,-210800000.0,0.0,94300000.0,2300000.0,78700000.0,78700000.0,78700000.0,0.0,0.0,0.29,124500000.0,147000000.0,173100000.0,0.086,-53.794,29.525,29.613,45700000.0,0.0,24.875,8.395,8.433,177600000.0,98000000.0,271500000.0,271500000.0,0.0,,,,,12100000.0,118300000.0,1.0,308600000.0,310000000,318600000.0,0.876,450600000.0,0.0,62300000.0,0.0,1.454,-34800000.0
77,MCO,MRQ,2002-03-31,2002-03-31,2002-03-31,2021-07-30,-3100000.0,530100000.0,,396700000.0,133400000.0,,-0.814,-2900000.0,177800000.0,177800000.0,0.0,72600000.0,1.222,-3.109,300000000.0,0.0,300000000.0,300000000.0,176100000.0,4100000.0,0.0,0.004,0.022,130100000.0,134200000.0,0.579,134200000.0,130100000.0,130100000.0,0.235,0.23,0.235,-251300000.0,,-251300000.0,6488276824.0,15.0,14.13,40100000.0,0.13,1.0,231600000.0,1.0,14700000.0,0.0,313000000.0,,0.0,0.0,0.0,0.0,781400000.0,324600000.0,456800000.0,6351476824.0,14600000.0,0.0,-17900000.0,0.0,-7000000.0,-24900000.0,-3000000.0,0.0,43000000.0,-500000.0,72600000.0,72600000.0,72600000.0,0.0,0.0,0.313,96900000.0,134700000.0,169700000.0,0.094,-25.274,26.822,27.039,43000000.0,0.0,20.55,7.489,7.482,158400000.0,26300000.0,231600000.0,231600000.0,0.0,,,,,5500000.0,92800000.0,1.0,309074298.0,308800000,316200000.0,0.75,515400000.0,0.0,57500000.0,0.0,1.669,72100000.0
78,MCO,MRQ,2001-12-31,2001-12-31,2001-12-31,2021-07-30,-2700000.0,505400000.0,,371200000.0,134200000.0,,-0.98,-4000000.0,163200000.0,163200000.0,0.0,58800000.0,1.033,-2.662,300000000.0,0.0,300000000.0,300000000.0,142200000.0,4500000.0,0.0,0.005,0.022,122400000.0,126900000.0,0.574,126900000.0,122400000.0,105900000.0,0.19,0.185,0.19,-304100000.0,,-304100000.0,6343460000.0,16.0,15.271,67600000.0,0.218,1.0,220900000.0,1.0,10300000.0,16500000.0,272600000.0,,0.0,0.0,0.0,0.0,809500000.0,359300000.0,450200000.0,6218160000.0,-11500000.0,-9800000.0,-63600000.0,0.0,-7000000.0,-70600000.0,-13800000.0,0.0,71600000.0,1300000.0,58800000.0,58800000.0,58800000.0,0.0,0.0,0.266,109900000.0,111000000.0,236900000.0,0.116,-20.448,29.303,29.526,42900000.0,0.0,19.93,7.805,7.885,148400000.0,-39300000.0,220900000.0,220900000.0,0.0,,,,,3600000.0,105400000.0,1.0,312000000.0,310400000,315000000.0,0.712,495100000.0,0.0,47100000.0,0.0,1.595,11900000.0
79,MCO,MRQ,2001-09-30,2001-09-30,2001-09-30,2021-07-30,-2400000.0,473500000.0,,346200000.0,127300000.0,,-0.934,-4200000.0,174700000.0,174700000.0,0.0,49900000.0,1.021,-2.602,300000000.0,0.0,300000000.0,300000000.0,135600000.0,4400000.0,0.0,0.005,0.022,89800000.0,94200000.0,0.495,94200000.0,89800000.0,89800000.0,0.16,0.155,0.16,-295600000.0,,-295600000.0,5992700000.0,17.0,16.271,112100000.0,0.354,1.0,190400000.0,1.0,11700000.0,0.0,248100000.0,,0.0,0.0,0.0,0.0,769100000.0,339000000.0,430100000.0,5857100000.0,10300000.0,-1300000.0,-94300000.0,0.0,-7100000.0,-101400000.0,-5500000.0,0.0,116300000.0,900000.0,49900000.0,49900000.0,49900000.0,0.0,0.0,0.262,96700000.0,93700000.0,203400000.0,0.138,-19.814,30.222,30.328,42700000.0,0.0,18.5,7.948,7.943,112400000.0,-91100000.0,190400000.0,190400000.0,0.0,,,,,11500000.0,92300000.0,1.0,316600000.0,316400000,323000000.0,0.602,461800000.0,0.0,39900000.0,0.0,1.46,7200000.0
80,MCO,MRQ,2001-06-30,2001-06-30,2001-06-30,2021-07-30,-3300000.0,462000000.0,,337900000.0,124100000.0,,-0.812,-3600000.0,164400000.0,164400000.0,0.0,55500000.0,1.175,-2.801,300000000.0,0.0,300000000.0,300000000.0,145500000.0,4000000.0,0.0,0.004,0.022,99900000.0,103900000.0,0.506,103900000.0,99900000.0,99900000.0,0.175,0.17,0.175,-256500000.0,,-256500000.0,5477250000.0,16.0,15.6,58100000.0,0.184,1.0,205200000.0,1.0,12400000.0,0.0,297600000.0,,0.0,0.0,0.0,0.0,718500000.0,287600000.0,430900000.0,5276250000.0,65400000.0,-4100000.0,19000000.0,0.0,-7100000.0,11900000.0,-7800000.0,0.0,61700000.0,-400000.0,55500000.0,55500000.0,55500000.0,0.0,0.0,0.27,101200000.0,104000000.0,142100000.0,0.126,-20.57,28.613,29.13,42000000.0,0.0,16.75,7.548,7.572,117500000.0,-133900000.0,205200000.0,205200000.0,0.0,,,,,0.0,97200000.0,1.0,315000000.0,316000000,322400000.0,0.649,449600000.0,0.0,44400000.0,0.0,1.423,50300000.0
81,MCO,MRQ,2001-03-31,2001-03-31,2001-03-31,2021-07-30,-3300000.0,399600000.0,,279800000.0,119800000.0,,-1.019,-3000000.0,99000000.0,99000000.0,0.0,48000000.0,0.953,-2.234,300000000.0,0.0,300000000.0,300000000.0,150400000.0,4100000.0,0.0,0.003,0.022,86300000.0,90400000.0,0.502,90400000.0,86300000.0,86300000.0,0.15,0.15,0.15,-323900000.0,,-323900000.0,4586732024.0,15.0,14.057,68800000.0,0.216,1.0,180200000.0,1.0,13100000.0,0.0,293900000.0,,0.0,0.0,0.0,0.0,723500000.0,293600000.0,429900000.0,4405832024.0,-20100000.0,0.0,-80900000.0,0.0,-7100000.0,-88000000.0,-2900000.0,0.0,71800000.0,-1000000.0,48000000.0,48000000.0,48000000.0,0.0,0.0,0.266,90400000.0,89800000.0,143200000.0,0.147,-13.602,25.826,26.0,42300000.0,0.0,13.78,6.85,6.813,123700000.0,-182300000.0,180200000.0,180200000.0,0.0,,,,,0.0,86300000.0,1.0,319726562.0,318000000,322200000.0,0.567,386500000.0,0.0,38300000.0,0.0,1.215,-13800000.0
82,MCO,MRQ,2000-12-31,2000-12-31,2000-12-31,2021-07-30,-1900000.0,398300000.0,,277600000.0,120700000.0,,-0.875,-4200000.0,119100000.0,119100000.0,0.0,40400000.0,1.172,-2.41,300000000.0,0.0,300000000.0,300000000.0,117700000.0,3800000.0,0.0,0.002,0.022,76000000.0,79800000.0,0.495,79800000.0,76000000.0,72400000.0,0.125,0.125,0.125,-282500000.0,,-282500000.0,4347525000.0,15.0,14.292,58400000.0,0.181,1.0,161100000.0,1.0,13700000.0,3600000.0,328700000.0,,0.0,0.0,0.0,0.0,680800000.0,236800000.0,444000000.0,4174625000.0,96500000.0,400000.0,-61700000.0,104500000.0,-7200000.0,38000000.0,-4800000.0,0.0,62600000.0,700000.0,40400000.0,40400000.0,40400000.0,0.0,0.0,0.251,84100000.0,77000000.0,135400000.0,0.176,-14.777,26.338,26.214,43400000.0,0.0,12.845,6.931,6.897,101000000.0,-223200000.0,161100000.0,161100000.0,0.0,,,,,2600000.0,80300000.0,1.0,325000000.0,322800000,325400000.0,0.499,384600000.0,0.0,32000000.0,0.0,1.191,40800000.0
83,MCO,MRQ,2000-09-30,2000-09-30,2000-09-30,2021-07-30,-4000000.0,297000000.0,,168300000.0,128700000.0,,-0.805,-3600000.0,22600000.0,22600000.0,0.0,40500000.0,0.765,-2.137,195500000.0,0.0,195500000.0,195500000.0,112700000.0,4500000.0,0.0,,0.0,72500000.0,77000000.0,0.505,77000000.0,72500000.0,72500000.0,0.125,0.125,0.125,-261100000.0,,-261100000.0,,,,73600000.0,0.227,1.0,152500000.0,1.0,14200000.0,0.0,235700000.0,,0.0,0.0,0.0,0.0,558100000.0,220000000.0,338100000.0,,8000000.0,0.0,0.0,195500000.0,0.0,-64500000.0,-4400000.0,0.0,77200000.0,-300000.0,40500000.0,40500000.0,40500000.0,0.0,0.0,0.266,79600000.0,72900000.0,107300000.0,0.0,,,,42900000.0,0.0,,,,87800000.0,-258700000.0,152500000.0,152500000.0,0.0,,,,,0.0,75100000.0,1.0,325000000.0,324400000,327800000.0,0.47,282800000.0,0.0,32000000.0,0.0,0.872,-51700000.0
84,MCO,MRQ,2000-06-30,2000-06-30,2000-06-30,2021-07-30,,,,,,,,-3600000.0,,,0.0,41700000.0,,,,,,,,4300000.0,,,0.0,74800000.0,79100000.0,0.529,79100000.0,74800000.0,74800000.0,0.13,0.13,0.13,,,,,,,-90900000.0,-0.281,1.0,149400000.0,1.0,,0.0,,,,,,,,,,,4300000.0,-400000.0,0.0,0.0,0.0,96300000.0,-4000000.0,0.0,-87300000.0,-700000.0,41700000.0,41700000.0,41700000.0,0.0,0.0,0.279,74600000.0,74800000.0,,0.0,,,,,0.0,,,,,,149400000.0,149400000.0,0.0,,,,,0.0,70300000.0,1.0,,323800000,326600000.0,0.461,,,33100000.0,,,
85,MCO,MRQ,2000-03-31,2000-03-31,2000-03-31,2021-07-30,,,,,,,,-3000000.0,,,0.0,35900000.0,,,,,,,,4000000.0,,,0.0,64300000.0,68300000.0,0.49,68300000.0,64300000.0,64300000.0,0.11,0.11,0.11,,,,,,,14700000.0,0.046,1.0,139300000.0,1.0,,0.0,,,,,,,,,,,6900000.0,-17400000.0,0.0,0.0,0.0,9200000.0,-20400000.0,0.0,17700000.0,400000.0,35900000.0,35900000.0,35900000.0,0.0,0.0,0.258,75500000.0,63800000.0,,0.0,,,,,0.0,,,,,,139300000.0,139300000.0,0.0,,,,,0.0,71500000.0,1.0,,322400000,325000000.0,0.432,,,28400000.0,,,
86,MCO,MRQ,1999-12-31,1999-12-31,1999-12-31,2021-07-30,-2400000.0,274800000.0,,172700000.0,102100000.0,,-0.692,-7200000.0,3400000.0,3400000.0,0.0,38200000.0,0.46,-2.232,0.0,0.0,0.0,0.0,100400000.0,3300000.0,0.0,,0.0,68600000.0,71900000.0,0.512,71900000.0,68600000.0,68600000.0,0.12,0.12,0.12,-223100000.0,,-223100000.0,,,,54500000.0,0.169,1.0,140400000.0,1.0,2200000.0,0.0,-106300000.0,,0.0,0.0,0.0,0.0,497900000.0,375500000.0,122400000.0,,-1400000.0,0.0,0.0,0.0,0.0,-55900000.0,-7200000.0,0.0,61700000.0,0.0,38200000.0,38200000.0,38200000.0,0.0,0.0,0.272,71500000.0,68900000.0,275100000.0,0.0,,,,43300000.0,0.0,,,,84400000.0,-222400000.0,140400000.0,140400000.0,0.0,,,,,0.0,68200000.0,1.0,,322200000,325000000.0,0.436,272600000.0,0.0,30400000.0,0.0,0.846,-202800000.0
87,MCO,MRQ,1999-09-30,1999-09-30,1999-09-30,2021-07-30,,,,,,,,,,,0.0,42200000.0,,,,,,,,,,,0.0,75600000.0,,,,75600000.0,75600000.0,0.13,0.13,0.13,,,,,,,,,1.0,139300000.0,1.0,,0.0,,,,,,,,,,,,,,,,,,,,,42200000.0,42200000.0,42200000.0,0.0,0.0,0.303,72700000.0,66600000.0,,0.0,,,,,0.0,,,,,,139300000.0,139300000.0,0.0,,,,,,69600000.0,1.0,,321800000,325400000.0,0.433,,,33400000.0,,,
0,MCO,MRT,2021-06-30,2021-06-30,2021-06-30,2021-07-30,-425000000.0,12552000000.0,12283250000.0,4734000000.0,7818000000.0,0.472,11.709,-85000000.0,2809000000.0,2809000000.0,0.0,2094000000.0,2.309,4.653,6833000000.0,92000000.0,6741000000.0,6833000000.0,1235000000.0,232000000.0,0.0,0.007,2.36,2780000000.0,3012000000.0,0.519,3012000000.0,2780000000.0,2619000000.0,11.19,11.1,11.19,2186000000.0,1820500000.0,2186000000.0,71906664000.0,26.0,23.873,2354000000.0,12.608,1.0,5799000000.0,1.0,6374000000.0,161000000.0,8152000000.0,8174750000.0,0.0,88000000.0,88000000.0,0.0,10172000000.0,2050000000.0,8122000000.0,67835664000.0,710000000.0,-337000000.0,-791000000.0,-26000000.0,-442000000.0,-1266000000.0,-505000000.0,-87000000.0,2439000000.0,42000000.0,2094000000.0,2094000000.0,2094000000.0,0.0,0.0,0.361,3059000000.0,2740000000.0,816000000.0,0.211,31.032,32.395,32.383,639000000.0,0.0,362.37,11.698,11.667,1458000000.0,12094000000.0,5799000000.0,5799000000.0,0.0,0.17,1.15,0.34,0.479,168000000.0,2772000000.0,1.0,187200000.0,186700000,187900000.0,31.061,6178000000.0,249000000.0,525000000.0,828000000.0,33.091,2684000000.0
1,MCO,MRT,2021-03-31,2021-03-31,2021-03-31,2021-07-30,-440000000.0,12500000000.0,11969750000.0,4695000000.0,7805000000.0,0.475,10.844,-96000000.0,2769000000.0,2769000000.0,0.0,2026000000.0,2.18,5.062,6840000000.0,94000000.0,6746000000.0,6840000000.0,1328000000.0,230000000.0,0.0,0.008,2.3,2699000000.0,2929000000.0,0.516,2929000000.0,2699000000.0,2527000000.0,10.81,10.72,10.81,2030000000.0,1534250000.0,2030000000.0,60215931000.0,22.0,20.559,2381000000.0,12.719,1.0,5681000000.0,1.0,6376000000.0,172000000.0,8041000000.0,8218750000.0,0.0,96000000.0,96000000.0,0.0,10275000000.0,2154000000.0,8121000000.0,55869931000.0,628000000.0,-339000000.0,-422000000.0,-529000000.0,-431000000.0,-1406000000.0,-499000000.0,-67000000.0,2477000000.0,56000000.0,2026000000.0,2026000000.0,2026000000.0,0.0,0.0,0.357,3032000000.0,2649000000.0,828000000.0,0.213,27.522,27.576,27.623,644000000.0,0.0,298.61,9.835,9.84,1497000000.0,11632000000.0,5681000000.0,5681000000.0,0.0,0.169,1.321,0.328,0.475,162000000.0,2749000000.0,1.0,187100000.0,187200000,188600000.0,30.347,6124000000.0,240000000.0,501000000.0,806000000.0,32.714,2541000000.0
2,MCO,MRT,2020-12-31,2020-12-31,2020-12-31,2021-07-30,-432000000.0,12409000000.0,11671250000.0,4509000000.0,7900000000.0,0.46,8.364,-103000000.0,2597000000.0,2597000000.0,0.0,1777000000.0,2.029,6.785,6943000000.0,94000000.0,6849000000.0,6943000000.0,1187000000.0,220000000.0,0.0,0.008,2.24,2435000000.0,2655000000.0,0.494,2655000000.0,2435000000.0,2230000000.0,9.48,9.39,9.48,1569000000.0,1172250000.0,1569000000.0,58908072000.0,24.0,22.188,2043000000.0,10.89,1.0,5371000000.0,1.0,6380000000.0,205000000.0,8153000000.0,8289250000.0,0.0,99000000.0,99000000.0,0.0,10646000000.0,2222000000.0,8424000000.0,54507072000.0,765000000.0,-897000000.0,-556000000.0,649000000.0,-420000000.0,-351000000.0,-1077000000.0,-79000000.0,2146000000.0,47000000.0,1778000000.0,1778000000.0,1778000000.0,0.0,-1000000.0,0.331,2983000000.0,2388000000.0,1039000000.0,0.236,34.74,30.656,30.616,671000000.0,0.0,290.24,10.148,10.138,1430000000.0,11011000000.0,5371000000.0,5371000000.0,0.0,0.152,1.517,0.294,0.453,154000000.0,2704000000.0,1.0,187800000.0,187600000,189300000.0,28.63,6029000000.0,334000000.0,452000000.0,887000000.0,32.138,2287000000.0
3,MCO,MRT,2020-09-30,2020-09-30,2020-09-30,2021-07-30,-504000000.0,11672000000.0,11135250000.0,4281000000.0,7391000000.0,0.477,7.971,-91000000.0,2492000000.0,2492000000.0,0.0,1825000000.0,2.488,6.666,6893000000.0,91000000.0,6802000000.0,6893000000.0,1020000000.0,213000000.0,0.0,0.008,2.18,2493000000.0,2706000000.0,0.509,2706000000.0,2493000000.0,2281000000.0,9.71,9.61,9.71,1497000000.0,933000000.0,1497000000.0,59179845000.0,24.0,21.87,1876000000.0,9.989,1.0,5314000000.0,1.0,5999000000.0,212000000.0,8353000000.0,8115000000.0,0.0,96000000.0,96000000.0,0.0,9979000000.0,1721000000.0,8258000000.0,54404845000.0,1314000000.0,-514000000.0,-569000000.0,955000000.0,-409000000.0,-43000000.0,-667000000.0,-72000000.0,1967000000.0,46000000.0,1824000000.0,1824000000.0,1824000000.0,0.0,1000000.0,0.343,2866000000.0,2448000000.0,712000000.0,0.225,36.343,29.827,29.851,692000000.0,0.0,289.85,10.238,10.243,1360000000.0,10804000000.0,5314000000.0,5314000000.0,0.0,0.164,1.955,0.307,0.469,143000000.0,2619000000.0,1.0,187700000.0,187800000,189300000.0,28.296,5673000000.0,232000000.0,457000000.0,856000000.0,30.208,2560000000.0
4,MCO,MRT,2020-06-30,2020-06-30,2020-06-30,2021-07-30,-542000000.0,11298000000.0,10586700000.0,3963000000.0,7335000000.0,0.491,5.546,-92000000.0,2099000000.0,2099000000.0,0.0,1741000000.0,2.101,9.665,6874000000.0,90000000.0,6784000000.0,6874000000.0,1105000000.0,205000000.0,0.0,0.008,2.12,2397000000.0,2602000000.0,0.501,2602000000.0,2397000000.0,2192000000.0,9.23,9.13,9.23,1041000000.0,676900000.0,1041000000.0,56710875000.0,24.0,21.795,1805000000.0,9.616,1.0,5198000000.0,1.0,5859000000.0,205000000.0,8328000000.0,7756800000.0,0.0,100000000.0,100000000.0,0.0,10061000000.0,1886000000.0,8175000000.0,51511875000.0,903000000.0,-597000000.0,-686000000.0,851000000.0,-399000000.0,-254000000.0,-734000000.0,-57000000.0,1897000000.0,-14000000.0,1737000000.0,1737000000.0,1737000000.0,0.0,4000000.0,0.334,2843000000.0,2355000000.0,795000000.0,0.23,49.483,29.656,29.765,727000000.0,0.0,274.73,9.91,9.921,1401000000.0,10442000000.0,5198000000.0,5198000000.0,0.0,0.164,2.566,0.309,0.461,138000000.0,2626000000.0,1.0,187500000.0,187700000,189000000.0,27.693,5439000000.0,188000000.0,455000000.0,869000000.0,28.977,2077000000.0
5,MCO,MRT,2020-03-31,2020-03-31,2020-03-31,2021-07-30,-554000000.0,11306000000.0,10160100000.0,3994000000.0,7312000000.0,0.49,3.104,-70000000.0,2141000000.0,2141000000.0,0.0,1543000000.0,1.699,18.043,7340000000.0,574000000.0,6766000000.0,7340000000.0,1222000000.0,199000000.0,0.0,0.01,2.06,2153000000.0,2352000000.0,0.473,2352000000.0,2153000000.0,1957000000.0,8.16,8.06,8.16,582000000.0,504850000.0,582000000.0,43958100000.0,20.0,18.69,1583000000.0,8.443,1.0,4977000000.0,1.0,5831000000.0,196000000.0,8323000000.0,7522825000.0,0.0,90000000.0,90000000.0,0.0,10501000000.0,2351000000.0,8150000000.0,39635100000.0,944000000.0,-632000000.0,-846000000.0,1164000000.0,-389000000.0,51000000.0,-729000000.0,-39000000.0,1653000000.0,-31000000.0,1538000000.0,1538000000.0,1538000000.0,0.0,5000000.0,0.309,2849000000.0,2128000000.0,664000000.0,0.252,68.102,25.771,25.919,722000000.0,0.0,211.5,7.964,7.968,1413000000.0,10041000000.0,4977000000.0,4977000000.0,0.0,0.151,3.046,0.286,0.433,137000000.0,2572000000.0,1.0,187400000.0,187500000,189600000.0,26.544,5475000000.0,165000000.0,419000000.0,872000000.0,29.2,1643000000.0
6,MCO,MRT,2019-12-31,2019-12-31,2019-12-31,2021-07-30,-439000000.0,10265000000.0,9713125000.0,3679000000.0,6586000000.0,0.497,3.233,-69000000.0,1832000000.0,1832000000.0,0.0,1429000000.0,1.924,15.405,6155000000.0,89000000.0,6066000000.0,6155000000.0,1162000000.0,200000000.0,0.0,0.008,2.0,2011000000.0,2211000000.0,0.458,2211000000.0,2011000000.0,1803000000.0,7.51,7.42,7.51,612000000.0,390150000.0,612000000.0,49467508000.0,25.0,22.373,1606000000.0,8.484,1.0,4829000000.0,1.0,5220000000.0,208000000.0,7456000000.0,7237400000.0,0.0,98000000.0,98000000.0,0.0,9428000000.0,1912000000.0,7516000000.0,44823008000.0,147000000.0,64000000.0,-1023000000.0,-147000000.0,-378000000.0,-1563000000.0,36000000.0,29000000.0,1675000000.0,-1000000.0,1422000000.0,1422000000.0,1422000000.0,0.0,7000000.0,0.294,2831000000.0,1998000000.0,773000000.0,0.266,73.24,31.521,31.613,748000000.0,0.0,237.41,9.282,9.307,1419000000.0,9656000000.0,4829000000.0,4829000000.0,0.0,0.146,3.645,0.278,0.416,136000000.0,2554000000.0,1.0,188800000.0,189300000,191600000.0,25.51,5045000000.0,229000000.0,381000000.0,834000000.0,26.651,1767000000.0
7,MCO,MRT,2019-09-30,2019-09-30,2019-09-30,2021-07-30,-537300000.0,9477800000.0,9528375000.0,3042300000.0,6435500000.0,0.489,2.501,-89100000.0,1178000000.0,1178000000.0,0.0,1321300000.0,1.423,18.567,5822500000.0,591000000.0,5231500000.0,5822500000.0,970700000.0,198400000.0,0.0,0.009,1.94,1875500000.0,2073900000.0,0.445,2073900000.0,1875500000.0,1672000000.0,6.92,6.83,6.92,472600000.0,351900000.0,472600000.0,43545136000.0,23.0,20.997,1483300000.0,7.848,1.0,4656400000.0,1.0,5064100000.0,203500000.0,6920200000.0,6891150000.0,0.0,95800000.0,95800000.0,0.0,8774700000.0,2138000000.0,6636700000.0,38753836000.0,142700000.0,-374700000.0,-818700000.0,250200000.0,-368100000.0,-948800000.0,-442200000.0,17600000.0,1572400000.0,-27700000.0,1313700000.0,1313700000.0,1313700000.0,0.0,7600000.0,0.282,2786000000.0,1870400000.0,607200000.0,0.28,82.001,29.5,29.6,756700000.0,0.0,204.83,8.323,8.314,1228400000.0,9391600000.0,4656400000.0,4656400000.0,0.0,0.138,3.733,0.272,0.403,133000000.0,2462700000.0,1.0,189200000.0,189000000,191100000.0,24.637,4413700000.0,189400000.0,358300000.0,797700000.0,23.353,904300000.0
8,MCO,MRT,2019-06-30,2019-06-30,2019-06-30,2021-07-30,-446100000.0,9591600000.0,9268700000.0,3154600000.0,6437000000.0,0.485,1.863,-92100000.0,1195900000.0,1195900000.0,0.0,1250300000.0,1.715,25.558,5987200000.0,219000000.0,5768200000.0,5987200000.0,1070800000.0,196500000.0,0.0,0.01,1.88,1786900000.0,1983400000.0,0.441,1983400000.0,1786900000.0,1573000000.0,6.53,6.43,6.53,352800000.0,333775000.0,352800000.0,41992476000.0,24.0,21.172,1346600000.0,7.11,1.0,4497200000.0,1.0,5150900000.0,213900000.0,7392100000.0,6500175000.0,0.0,119500000.0,119500000.0,0.0,9016900000.0,1839900000.0,7177000000.0,37030776000.0,-119000000.0,-325700000.0,-773400000.0,17100000.0,-357400000.0,-1130400000.0,-413700000.0,4100000.0,1438700000.0,-5600000.0,1243900000.0,1243900000.0,1243900000.0,0.0,6400000.0,0.277,2709000000.0,1788200000.0,588700000.0,0.288,104.963,29.77,29.91,777200000.0,0.0,195.31,8.234,8.225,1245300000.0,9107700000.0,4497200000.0,4497200000.0,0.0,0.134,3.727,0.275,0.397,130500000.0,2387300000.0,1.0,189600000.0,189400000,191300000.0,23.744,4440700000.0,191400000.0,329100000.0,798800000.0,23.446,1314700000.0
9,MCO,MRT,2019-03-31,2019-03-31,2019-03-31,2021-07-30,-455500000.0,9518100000.0,9058700000.0,2898400000.0,6619700000.0,0.492,0.647,-96000000.0,1196600000.0,1196600000.0,0.0,1317200000.0,1.445,74.619,6158300000.0,406200000.0,5752100000.0,6158300000.0,1183200000.0,192900000.0,0.0,0.01,1.82,1852100000.0,2045000000.0,0.459,2045000000.0,1852100000.0,1635800000.0,6.85,6.75,6.85,123200000.0,306300000.0,123200000.0,38579190000.0,21.0,18.865,1340500000.0,7.04,1.0,4458300000.0,1.0,5292900000.0,216300000.0,7181300000.0,6080425000.0,0.0,114000000.0,114000000.0,0.0,9193100000.0,2005600000.0,7187500000.0,34588190000.0,-80800000.0,-288700000.0,-646100000.0,55200000.0,-346900000.0,-1078700000.0,-394500000.0,-9800000.0,1436500000.0,-44100000.0,1310100000.0,1310100000.0,1310100000.0,0.0,7100000.0,0.294,2619100000.0,1839200000.0,537100000.0,0.266,280.748,26.401,26.436,826800000.0,0.0,181.09,7.758,7.734,1301200000.0,8893600000.0,4458300000.0,4458300000.0,0.0,0.145,4.277,0.305,0.415,130900000.0,2363000000.0,1.0,191000000.0,190400000,192800000.0,23.415,4225200000.0,178800000.0,325700000.0,827900000.0,22.191,892800000.0
10,MCO,MRT,2018-12-31,2018-12-31,2018-12-31,2021-07-30,-426000000.0,9526000000.0,8932675000.0,3387000000.0,6139000000.0,0.497,2.396,-91000000.0,1685000000.0,1685000000.0,0.0,1320000000.0,1.614,19.325,5676000000.0,450000000.0,5226000000.0,5676000000.0,1075000000.0,192000000.0,0.0,0.013,1.76,1877000000.0,2069000000.0,0.466,2069000000.0,1877000000.0,1662000000.0,6.84,6.74,6.84,459000000.0,325425000.0,459000000.0,30751364000.0,16.0,14.863,1370000000.0,7.15,1.0,4443000000.0,1.0,5347000000.0,215000000.0,6071000000.0,5747675000.0,0.0,133000000.0,133000000.0,0.0,8870000000.0,2099000000.0,6771000000.0,26831664000.0,613000000.0,-283000000.0,-218000000.0,148000000.0,-337000000.0,-412000000.0,-406000000.0,-32000000.0,1461000000.0,-30000000.0,1310000000.0,1310000000.0,1310000000.0,0.0,10000000.0,0.295,2575000000.0,1868000000.0,696000000.0,0.257,58.457,20.482,20.474,320000000.0,0.0,140.04,6.039,6.039,1287000000.0,8594000000.0,4443000000.0,4443000000.0,0.0,0.147,4.026,0.327,0.422,130000000.0,2326000000.0,1.0,191600000.0,191600000,194400000.0,23.189,4179000000.0,197000000.0,352000000.0,847000000.0,21.811,1288000000.0
11,MCO,MRT,2018-09-30,2018-09-30,2018-09-30,2021-07-30,-342000000.0,8439100000.0,8699725000.0,2516200000.0,5922900000.0,0.523,2.086,-84500000.0,1034800000.0,1034800000.0,0.0,1095500000.0,1.38,19.578,4954500000.0,470500000.0,4484000000.0,4954500000.0,895400000.0,193200000.0,0.0,0.01,1.7,1966300000.0,2159500000.0,0.475,2159500000.0,1966300000.0,1747000000.0,5.67,5.58,5.67,400100000.0,128750000.0,400100000.0,36095180000.0,18.0,16.715,1405300000.0,7.327,1.0,4548000000.0,1.0,5178900000.0,219300000.0,5356300000.0,5633700000.0,0.0,110700000.0,110700000.0,0.0,7833000000.0,1823600000.0,6009400000.0,32085680000.0,72000000.0,-29300000.0,-196700000.0,-739600000.0,-325100000.0,-1269800000.0,-126400000.0,-12400000.0,1489800000.0,-21600000.0,1085200000.0,1085200000.0,1085200000.0,0.0,10300000.0,0.239,2590700000.0,1957300000.0,581600000.0,0.3,80.194,29.567,29.489,311100000.0,0.0,167.2,7.055,7.051,1131800000.0,8429100000.0,4548000000.0,4548000000.0,0.0,0.125,8.429,0.349,0.432,134100000.0,2387100000.0,1.0,191900000.0,191800000,194500000.0,23.712,3260200000.0,189300000.0,661800000.0,826600000.0,16.998,692600000.0
12,MCO,MRT,2018-06-30,2018-06-30,2018-06-30,2021-07-30,-304800000.0,8751600000.0,8666175000.0,2839700000.0,5911900000.0,0.523,1.266,-86100000.0,1314500000.0,1314500000.0,0.0,1103200000.0,1.54,34.135,5324000000.0,389800000.0,4934200000.0,5324000000.0,986500000.0,190100000.0,0.0,0.01,1.64,2015400000.0,2205500000.0,0.487,2205500000.0,2015400000.0,1799400000.0,5.71,5.62,5.71,242900000.0,-63550000.0,242900000.0,36960764000.0,18.0,16.758,1486800000.0,7.748,1.0,4530100000.0,1.0,5204100000.0,216000000.0,5713100000.0,5726025000.0,0.0,101200000.0,101200000.0,0.0,8291500000.0,1843900000.0,6447600000.0,32730464000.0,-1966400000.0,-3500300000.0,-155300000.0,436900000.0,-313400000.0,-38100000.0,-3505200000.0,-30400000.0,1572900000.0,4000000.0,1092300000.0,1092300000.0,1092300000.0,0.0,10900000.0,0.241,2591100000.0,1939000000.0,593600000.0,0.287,134.749,29.965,29.87,312200000.0,0.0,170.56,7.225,7.225,1137100000.0,8204600000.0,4530100000.0,4530100000.0,0.0,0.126,-17.188,0.352,0.445,135400000.0,2381800000.0,1.0,191900000.0,191900000,194400000.0,23.607,3547500000.0,136600000.0,707100000.0,761500000.0,18.486,995800000.0
13,MCO,MRT,2018-03-31,2018-03-31,2018-03-31,2021-07-30,-51900000.0,9014000000.0,8112350000.0,2818800000.0,6195200000.0,0.537,1.043,-87300000.0,1277300000.0,1277300000.0,0.0,1038900000.0,1.467,43.035,5507600000.0,389600000.0,5118000000.0,5507600000.0,1126500000.0,174600000.0,0.0,0.01,1.58,1978500000.0,2153100000.0,0.494,2153100000.0,1978500000.0,1766200000.0,5.38,5.29,5.38,199700000.0,-294225000.0,199700000.0,35293430000.0,18.0,16.392,1571600000.0,8.211,1.0,4355500000.0,1.0,5473100000.0,212300000.0,5850300000.0,5688675000.0,0.0,100500000.0,100500000.0,0.0,8594000000.0,1920900000.0,6673100000.0,30824430000.0,-852300000.0,-3500300000.0,-169500000.0,1343000000.0,-301500000.0,864000000.0,-3457100000.0,17500000.0,1658900000.0,81900000.0,1028300000.0,1028300000.0,1028300000.0,0.0,10600000.0,0.236,2490400000.0,1865100000.0,532600000.0,0.294,154.354,29.976,29.981,321600000.0,0.0,161.3,7.077,7.088,1207400000.0,7913000000.0,4355500000.0,4355500000.0,0.0,0.127,-3.495,0.348,0.454,129700000.0,2292000000.0,1.0,191100000.0,191400000,194500000.0,22.756,3540900000.0,142500000.0,737900000.0,873100000.0,18.5,897900000.0
14,MCO,MRT,2017-12-31,2017-12-31,2017-12-31,2021-07-30,-172200000.0,8594200000.0,7217825000.0,2580600000.0,6013600000.0,0.582,-1.715,-91000000.0,1071500000.0,1071500000.0,0.0,1008000000.0,1.251,-26.576,5540500000.0,429400000.0,5111100000.0,5540500000.0,1023600000.0,158000000.0,0.0,0.01,1.52,1989000000.0,2147000000.0,0.511,2147000000.0,1989000000.0,1780000000.0,5.24,5.15,5.24,-327700000.0,-575925000.0,-327700000.0,32966871000.0,17.0,15.355,664000000.0,3.475,1.0,4204000000.0,1.0,5384800000.0,209000000.0,5615100000.0,5385800000.0,0.0,111800000.0,111800000.0,0.0,8709100000.0,2063300000.0,6645800000.0,28208271000.0,-980000000.0,-3511000000.0,-193000000.0,2095000000.0,-290000000.0,1600000000.0,-3420000000.0,69000000.0,755000000.0,85000000.0,1001000000.0,1001000000.0,1001000000.0,0.0,7000000.0,0.238,2383000000.0,1821000000.0,750300000.0,0.29,-86.08,28.18,28.17,325100000.0,0.0,147.61,6.71,6.71,1147200000.0,7465400000.0,4204000000.0,4204000000.0,0.0,0.139,-1.738,0.369,0.473,123000000.0,2202000000.0,1.0,191100000.0,191100000,194200000.0,21.999,3209400000.0,143800000.0,779000000.0,730700000.0,16.794,517300000.0
15,MCO,MRT,2017-09-30,2017-09-30,2017-09-30,2021-07-30,-257800000.0,8304900000.0,6401100000.0,2278900000.0,6026000000.0,0.622,-1.931,-99800000.0,962800000.0,962800000.0,0.0,553700000.0,1.149,-22.925,5721400000.0,614100000.0,5107300000.0,5721400000.0,926600000.0,141300000.0,0.0,0.011,1.51,1110100000.0,1251400000.0,0.314,1251400000.0,1110100000.0,906400000.0,2.88,2.83,2.88,-369100000.0,-800250000.0,-369100000.0,28195310000.0,25.0,22.531,620200000.0,3.245,1.0,3980700000.0,1.0,5355200000.0,203700000.0,5725600000.0,4704675000.0,0.0,108300000.0,108300000.0,0.0,8461700000.0,1982700000.0,6479000000.0,26589110000.0,-783300000.0,-3511200000.0,-217600000.0,2279300000.0,-288400000.0,1761700000.0,-3303000000.0,191000000.0,720000000.0,38000000.0,546500000.0,546500000.0,546500000.0,0.0,7200000.0,0.137,3086300000.0,894400000.0,577500000.0,0.524,-72.038,48.653,48.337,332100000.0,0.0,139.21,6.68,6.683,1007300000.0,7513400000.0,3980700000.0,3980700000.0,0.0,0.085,-0.683,0.236,0.279,114200000.0,2064500000.0,1.0,191000000.0,191100000,194100000.0,20.83,2949700000.0,170200000.0,359900000.0,788900000.0,15.435,296200000.0
16,MCO,MRT,2017-06-30,2017-06-30,2017-06-30,2021-07-30,-309700000.0,6536300000.0,5579700000.0,4559100000.0,1977200000.0,0.687,-3.559,-103700000.0,3280900000.0,3280900000.0,0.0,490600000.0,3.685,-10.303,4887100000.0,0.0,4887100000.0,4887100000.0,879000000.0,131000000.0,0.0,0.012,1.5,996700000.0,1127700000.0,0.294,1127700000.0,996700000.0,810700000.0,2.55,2.51,2.55,-679800000.0,-849100000.0,-679800000.0,25223484000.0,25.0,22.367,568500000.0,2.976,1.0,3834900000.0,1.0,1341600000.0,186000000.0,5563700000.0,4258325000.0,0.0,86300000.0,86300000.0,0.0,7003800000.0,1237200000.0,5766600000.0,23277384000.0,1606600000.0,-8400000.0,-356500000.0,1465900000.0,-286700000.0,768000000.0,149200000.0,256100000.0,672200000.0,17200000.0,484500000.0,484500000.0,484500000.0,0.0,6100000.0,0.126,2991500000.0,843400000.0,490400000.0,0.588,-34.242,48.044,47.718,329700000.0,0.0,121.68,6.07,6.06,916500000.0,7269600000.0,3834900000.0,3834900000.0,0.0,0.087,-0.571,0.234,0.26,106300000.0,1981700000.0,1.0,191300000.0,191000000,193800000.0,20.078,5194700000.0,135300000.0,326200000.0,321200000.0,27.197,3321900000.0
17,MCO,MRT,2017-03-31,2017-03-31,2017-03-31,2021-07-30,-357300000.0,5435900000.0,5206850000.0,3485500000.0,1950400000.0,0.723,-4.851,-107600000.0,2129600000.0,2129600000.0,0.0,435100000.0,2.448,-6.644,4075700000.0,213800000.0,3861900000.0,4075700000.0,949900000.0,129300000.0,0.0,0.013,1.49,897000000.0,1026300000.0,0.273,1026300000.0,897000000.0,726400000.0,2.24,2.2,2.24,-927100000.0,-829150000.0,-927100000.0,22688732000.0,25.0,22.107,385600000.0,2.018,1.0,3763300000.0,1.0,1319400000.0,170600000.0,4638800000.0,3936950000.0,0.0,132800000.0,132800000.0,0.0,6160100000.0,1423800000.0,4736300000.0,21377232000.0,553500000.0,-8400000.0,-505300000.0,711700000.0,-285600000.0,-133700000.0,229000000.0,343500000.0,493200000.0,-35000000.0,427800000.0,427800000.0,427800000.0,0.0,7300000.0,0.114,2969800000.0,793500000.0,392600000.0,0.665,-23.058,49.97,50.018,329100000.0,0.0,112.04,5.68,5.689,953500000.0,7031000000.0,3763300000.0,3763300000.0,0.0,0.082,-0.516,0.228,0.238,101100000.0,1968300000.0,1.0,190800000.0,191100000,194300000.0,19.693,4116500000.0,135100000.0,298600000.0,307700000.0,21.541,2061700000.0
18,MCO,MRT,2016-12-31,2016-12-31,2016-12-31,2021-07-30,-364900000.0,5327300000.0,5126600000.0,3253100000.0,2074200000.0,0.703,-6.357,-115200000.0,2051500000.0,2051500000.0,0.0,275800000.0,1.34,-5.187,3363000000.0,300000000.0,3063000000.0,3363000000.0,818000000.0,126700000.0,0.0,0.016,1.48,706100000.0,832800000.0,0.231,832800000.0,706100000.0,548800000.0,1.38,1.36,1.38,-1225000000.0,-742775000.0,-1225000000.0,19696424000.0,28.0,23.651,1144000000.0,5.937,1.0,3604200000.0,1.0,1320000000.0,157300000.0,2890600000.0,3886100000.0,0.0,173400000.0,173400000.0,0.0,6354600000.0,2428200000.0,3926400000.0,18024424000.0,294100000.0,-79300000.0,-705400000.0,-100000.0,-285100000.0,-1042900000.0,102000000.0,292700000.0,1259200000.0,-24200000.0,266600000.0,266600000.0,266600000.0,0.0,9200000.0,0.074,2953300000.0,650900000.0,1444300000.0,1.072,-14.714,67.608,68.312,325900000.0,0.0,94.27,5.001,5.04,887400000.0,6688900000.0,3604200000.0,3604200000.0,0.0,0.052,-0.359,0.182,0.196,98100000.0,1950800000.0,1.0,191200000.0,192700000,195400000.0,18.704,4007300000.0,316100000.0,282200000.0,304100000.0,20.796,824900000.0
19,MCO,MRT,2016-09-30,2016-09-30,2016-09-30,2021-07-30,-305700000.0,5019300000.0,5070525000.0,3016900000.0,2002400000.0,0.696,-2.945,-107900000.0,1746100000.0,1746100000.0,0.0,921700000.0,2.151,-9.526,3418100000.0,299900000.0,3118200000.0,3418100000.0,787300000.0,122500000.0,0.0,0.013,1.45,1459100000.0,1581600000.0,0.448,1581600000.0,1459100000.0,1327200000.0,4.7,4.63,4.7,-564500000.0,-577775000.0,-564500000.0,22568344000.0,15.0,14.269,1085700000.0,5.664,1.0,3528000000.0,1.0,1348600000.0,131900000.0,3940200000.0,4221525000.0,0.0,311800000.0,311800000.0,0.0,5377200000.0,1402500000.0,3974700000.0,20822244000.0,275000000.0,-82100000.0,-826000000.0,300000000.0,-281600000.0,-908000000.0,-12900000.0,137400000.0,1193600000.0,2300000.0,913100000.0,913100000.0,913100000.0,0.0,8600000.0,0.259,2083100000.0,1444900000.0,450300000.0,0.309,-36.886,22.804,23.038,329600000.0,0.0,108.28,5.902,5.884,831400000.0,7261200000.0,3528000000.0,3528000000.0,0.0,0.18,-1.58,0.346,0.414,138000000.0,1952200000.0,1.0,192300000.0,191700000,194300000.0,18.404,3670700000.0,169600000.0,414100000.0,308600000.0,19.148,1614400000.0
20,MCO,MRT,2016-06-30,2016-06-30,2016-06-30,2021-07-30,-316800000.0,5044900000.0,5008925000.0,3030100000.0,2014800000.0,0.688,-3.102,-102600000.0,1674300000.0,1674300000.0,0.0,898900000.0,2.643,-9.024,3420400000.0,0.0,3420400000.0,3420400000.0,826700000.0,118100000.0,0.0,0.015,1.42,1423200000.0,1541300000.0,0.447,1541300000.0,1423200000.0,1300900000.0,4.53,4.46,4.53,-600000000.0,-554125000.0,-600000000.0,20060353000.0,14.0,13.015,1047500000.0,5.416,1.0,3445800000.0,1.0,1366400000.0,122300000.0,4278200000.0,4255800000.0,0.0,352500000.0,352500000.0,0.0,5414400000.0,1146400000.0,4268000000.0,18207853000.0,135700000.0,-78900000.0,-955800000.0,300000000.0,-278500000.0,-988300000.0,-7500000.0,134300000.0,1150100000.0,-18600000.0,889400000.0,889400000.0,889400000.0,0.0,9500000.0,0.258,2048700000.0,1397100000.0,453800000.0,0.313,-30.346,20.472,20.687,323000000.0,0.0,93.71,5.284,5.26,843700000.0,7077800000.0,3445800000.0,3445800000.0,0.0,0.178,-1.605,0.334,0.413,132800000.0,1930600000.0,1.0,194300000.0,193400000,195800000.0,17.817,3678500000.0,167200000.0,411500000.0,309500000.0,19.02,1883700000.0
21,MCO,MRT,2016-03-31,2016-03-31,2016-03-31,2021-07-30,-301500000.0,5114900000.0,4997575000.0,3085300000.0,2029600000.0,0.687,-2.983,-96300000.0,1576100000.0,1576100000.0,0.0,904900000.0,2.678,-9.399,3428600000.0,0.0,3428600000.0,3428600000.0,895500000.0,114800000.0,0.0,0.014,1.39,1421300000.0,1536100000.0,0.447,1536100000.0,1421300000.0,1301400000.0,4.51,4.44,4.51,-581600000.0,-486925000.0,-581600000.0,20463144000.0,14.0,13.321,1093600000.0,5.608,1.0,3435000000.0,1.0,1380100000.0,119900000.0,4435400000.0,4214450000.0,0.0,490600000.0,490600000.0,0.0,5466400000.0,1151900000.0,4314500000.0,18819544000.0,66200000.0,-83500000.0,-959200000.0,300000000.0,-275500000.0,-984900000.0,-151100000.0,-13300000.0,1189900000.0,12300000.0,895600000.0,895600000.0,895600000.0,0.0,9300000.0,0.261,2028800000.0,1406200000.0,391500000.0,0.308,-32.358,21.013,21.41,310500000.0,0.0,96.56,5.479,5.482,852100000.0,6895100000.0,3435000000.0,3435000000.0,0.0,0.179,-1.839,0.337,0.414,127300000.0,1914000000.0,1.0,194900000.0,195000000,197900000.0,17.615,3734800000.0,176200000.0,405800000.0,328500000.0,19.153,1933400000.0
22,MCO,MRT,2015-12-31,2015-12-31,2015-12-31,2021-07-30,-339500000.0,5103000000.0,4962850000.0,3243100000.0,1859900000.0,0.702,-2.824,-89000000.0,1757400000.0,1757400000.0,0.0,949600000.0,2.662,-9.621,3380600000.0,0.0,3380600000.0,3380600000.0,767700000.0,113500000.0,0.0,0.014,1.36,1486400000.0,1599900000.0,0.459,1599900000.0,1486400000.0,1371300000.0,4.7,4.63,4.7,-565000000.0,-434950000.0,-565000000.0,21490618000.0,14.0,13.432,1109100000.0,5.543,1.0,3484500000.0,1.0,1275400000.0,115100000.0,4232300000.0,4132350000.0,0.0,474800000.0,474800000.0,0.0,5436000000.0,1218500000.0,4217500000.0,19837218000.0,537900000.0,-7600000.0,-1068400000.0,852800000.0,-272100000.0,-505500000.0,-92000000.0,-35100000.0,1198100000.0,-62700000.0,941300000.0,941300000.0,941300000.0,0.0,8300000.0,0.27,2011100000.0,1473400000.0,566600000.0,0.289,-35.11,21.074,21.349,306400000.0,0.0,100.34,5.693,5.762,802000000.0,6709000000.0,3484500000.0,3484500000.0,0.0,0.19,-2.164,0.36,0.427,87200000.0,1897600000.0,1.0,197700000.0,200100000,203400000.0,17.414,3827600000.0,167000000.0,430000000.0,303900000.0,19.128,2024600000.0
23,MCO,MRT,2015-09-30,2015-09-30,2015-09-30,2021-07-30,-320300000.0,4772900000.0,4854350000.0,2862100000.0,1910800000.0,0.72,-2.357,-83700000.0,1471100000.0,1471100000.0,0.0,970600000.0,2.725,-10.668,3124500000.0,0.0,3124500000.0,3124500000.0,753900000.0,111800000.0,0.0,0.013,1.3,1508500000.0,1620300000.0,0.463,1620300000.0,1508500000.0,1392200000.0,4.74,4.66,4.74,-469900000.0,-340650000.0,-469900000.0,21236960000.0,14.0,13.107,1118600000.0,5.61,1.0,3496100000.0,1.0,1298800000.0,116300000.0,4077300000.0,3931900000.0,0.0,470200000.0,470200000.0,0.0,5013100000.0,1050200000.0,3962900000.0,19669460000.0,-469700000.0,-33800000.0,-1318400000.0,552800000.0,-262800000.0,-1183600000.0,-401800000.0,-306000000.0,1202300000.0,-86600000.0,959700000.0,959700000.0,959700000.0,0.0,10900000.0,0.275,2011100000.0,1485000000.0,409200000.0,0.274,-41.859,20.495,20.717,306100000.0,0.0,98.2,5.626,5.601,720500000.0,6631700000.0,3496100000.0,3496100000.0,0.0,0.198,-2.817,0.384,0.431,38300000.0,1899300000.0,1.0,200300000.0,199400000,202500000.0,17.533,3474100000.0,169300000.0,432500000.0,308200000.0,17.423,1811900000.0
24,MCO,MRT,2015-06-30,2015-06-30,2015-06-30,2021-07-30,-280800000.0,4999500000.0,4909550000.0,3064000000.0,1935500000.0,0.708,-1.645,-76500000.0,1538600000.0,1538600000.0,0.0,955300000.0,2.724,-15.407,3106100000.0,0.0,3106100000.0,3106100000.0,817500000.0,106700000.0,0.0,0.011,1.24,1504100000.0,1610800000.0,0.463,1610800000.0,1504100000.0,1375900000.0,4.6,4.52,4.6,-331200000.0,-160500000.0,-331200000.0,23414712000.0,16.0,14.536,1078500000.0,5.358,1.0,3477300000.0,1.0,1329400000.0,128200000.0,4112800000.0,3711975000.0,0.0,508900000.0,508900000.0,0.0,5102900000.0,1124800000.0,3978100000.0,21829512000.0,-238700000.0,-163800000.0,-1307800000.0,1000500000.0,-254000000.0,-720900000.0,-543300000.0,-324700000.0,1155000000.0,-129500000.0,943300000.0,943300000.0,943300000.0,0.0,12000000.0,0.271,1992300000.0,1485000000.0,422100000.0,0.27,-65.91,23.142,23.47,304600000.0,0.0,107.96,6.278,6.25,801300000.0,6468400000.0,3477300000.0,3477300000.0,0.0,0.192,-5.877,0.405,0.433,29600000.0,1885600000.0,1.0,202200000.0,201300000,204400000.0,17.274,3670100000.0,185300000.0,432600000.0,315900000.0,18.232,1939200000.0
25,MCO,MRT,2015-03-31,2015-03-31,2015-03-31,2021-07-30,-322400000.0,4976000000.0,4856325000.0,3039300000.0,1936700000.0,0.707,-1.844,-74500000.0,1509900000.0,1509900000.0,0.0,1015600000.0,2.67,-13.707,3095100000.0,0.0,3095100000.0,3095100000.0,870000000.0,101100000.0,0.0,0.011,1.18,1601400000.0,1702500000.0,0.496,1702500000.0,1601400000.0,1479100000.0,4.81,4.72,4.81,-373700000.0,33650000.0,-373700000.0,22368060000.0,14.0,13.138,1028700000.0,5.075,1.0,3432700000.0,1.0,1316000000.0,122300000.0,4107000000.0,3372450000.0,0.0,485500000.0,485500000.0,0.0,5122200000.0,1138200000.0,3984000000.0,21040260000.0,-282300000.0,-167100000.0,-1316600000.0,1000500000.0,-244800000.0,-718500000.0,-532000000.0,-312100000.0,1103200000.0,-135000000.0,1000800000.0,1000800000.0,1000800000.0,0.0,14800000.0,0.292,1955300000.0,1477400000.0,379200000.0,0.245,-56.303,21.023,21.58,299300000.0,0.0,103.8,6.129,6.129,842700000.0,6276400000.0,3432700000.0,3432700000.0,0.0,0.206,29.741,0.475,0.467,25500000.0,1854200000.0,1.0,202700000.0,202700000,206500000.0,16.935,3660000000.0,191500000.0,478300000.0,333800000.0,18.056,1901100000.0
26,MCO,MRT,2014-12-31,2014-12-31,2014-12-31,2021-07-30,-235200000.0,4669000000.0,4700675000.0,2686400000.0,1982600000.0,0.709,-0.891,-74600000.0,1219500000.0,1219500000.0,0.0,1006000000.0,2.239,-24.633,2547300000.0,0.0,2547300000.0,2547300000.0,756800000.0,95600000.0,0.0,0.012,1.12,1560500000.0,1656100000.0,0.497,1656100000.0,1560500000.0,1443700000.0,4.69,4.61,4.69,-187800000.0,223400000.0,-187800000.0,20581666000.0,13.0,12.428,944000000.0,4.48,1.0,3334300000.0,1.0,1366600000.0,116800000.0,3430500000.0,3017350000.0,0.0,458100000.0,458100000.0,0.0,4626100000.0,1199700000.0,3426400000.0,19985966000.0,-700000000.0,-239700000.0,-1122500000.0,447700000.0,-236000000.0,-1064500000.0,-564900000.0,-272300000.0,1018600000.0,-89200000.0,988700000.0,988700000.0,988700000.0,0.0,17300000.0,0.297,1895200000.0,1439100000.0,557600000.0,0.239,-106.422,20.214,20.429,302300000.0,0.0,95.81,5.994,6.054,792400000.0,6044300000.0,3334300000.0,3334300000.0,0.0,0.21,4.426,0.517,0.468,21700000.0,1799600000.0,1.0,208600000.0,210700000,214700000.0,15.825,3302400000.0,211700000.0,455000000.0,333500000.0,15.673,1486700000.0
27,MCO,MRT,2014-09-30,2014-09-30,2014-09-30,2021-07-30,-133600000.0,4993700000.0,4632200000.0,3061900000.0,1931800000.0,0.699,1.192,-68100000.0,1940800000.0,1940800000.0,0.0,974200000.0,2.939,17.454,2536500000.0,0.0,2536500000.0,2536500000.0,736400000.0,91900000.0,0.0,0.012,1.09,1523100000.0,1615000000.0,0.499,1615000000.0,1523100000.0,1411900000.0,4.52,4.42,4.52,250700000.0,354600000.0,250700000.0,20285600000.0,13.0,12.561,915000000.0,4.349,1.0,3236000000.0,1.0,1350100000.0,111200000.0,3197600000.0,2797050000.0,0.0,164800000.0,164800000.0,0.0,4375800000.0,1041700000.0,3334100000.0,19958400000.0,105700000.0,-261200000.0,-803000000.0,447700000.0,-231800000.0,-549000000.0,-283700000.0,45600000.0,983100000.0,-44700000.0,959100000.0,959100000.0,959100000.0,0.0,15100000.0,0.296,1829700000.0,1406300000.0,420200000.0,0.241,79.611,20.81,20.907,303500000.0,0.0,94.5,6.168,6.144,712200000.0,5936200000.0,3236000000.0,3236000000.0,0.0,0.207,2.705,0.545,0.471,16800000.0,1737800000.0,1.0,211200000.0,210400000,214200000.0,15.38,3643600000.0,182900000.0,452800000.0,334700000.0,17.317,2020200000.0
28,MCO,MRT,2014-06-30,2014-06-30,2014-06-30,2021-07-30,-47300000.0,4786600000.0,4422400000.0,2944300000.0,1842300000.0,0.707,2.101,-63000000.0,1777300000.0,1777300000.0,0.0,942500000.0,2.693,8.958,2104500000.0,0.0,2104500000.0,2104500000.0,781800000.0,92100000.0,0.0,0.012,1.06,1445300000.0,1537400000.0,0.492,1537400000.0,1445300000.0,1347400000.0,4.34,4.25,4.34,445400000.0,362300000.0,445400000.0,18962842000.0,13.0,12.334,952700000.0,4.494,1.0,3125400000.0,1.0,1265700000.0,97900000.0,2754700000.0,2670600000.0,0.0,182000000.0,182000000.0,0.0,3990100000.0,1093400000.0,2896700000.0,18732942000.0,144300000.0,-131200000.0,-887000000.0,497200000.0,-227400000.0,-573800000.0,-356300000.0,-162100000.0,1015700000.0,58700000.0,927800000.0,927800000.0,927800000.0,0.0,14700000.0,0.297,1777300000.0,1348100000.0,430800000.0,0.244,42.059,20.191,20.198,298300000.0,0.0,87.66,5.994,5.946,758300000.0,5780700000.0,3125400000.0,3125400000.0,0.0,0.21,2.561,0.541,0.462,17400000.0,1685200000.0,1.0,213700000.0,212000000,215700000.0,14.742,3520900000.0,180600000.0,419600000.0,318300000.0,16.608,1850900000.0
29,MCO,MRT,2014-03-31,2014-03-31,2014-03-31,2021-07-30,-61300000.0,4353400000.0,4174325000.0,2945800000.0,1407600000.0,0.721,1.8,-52800000.0,1867600000.0,1867600000.0,0.0,846500000.0,2.868,10.002,2097500000.0,0.0,2097500000.0,2097500000.0,823100000.0,92900000.0,0.0,0.012,0.98,1294900000.0,1387800000.0,0.461,1387800000.0,1294900000.0,1201300000.0,3.84,3.77,3.84,385300000.0,362850000.0,385300000.0,17132984000.0,13.0,12.345,848600000.0,3.965,1.0,3007900000.0,1.0,869400000.0,93600000.0,2686600000.0,2493775000.0,0.0,177300000.0,177300000.0,0.0,3853600000.0,1027300000.0,2826300000.0,16950684000.0,34200000.0,-123300000.0,-863100000.0,465300000.0,-212700000.0,-564900000.0,-341300000.0,-165200000.0,901400000.0,39000000.0,834100000.0,834100000.0,834100000.0,0.0,12400000.0,0.277,1720700000.0,1287200000.0,312400000.0,0.255,43.993,20.322,20.656,282300000.0,0.0,79.32,5.635,5.643,737900000.0,5521900000.0,3007900000.0,3007900000.0,0.0,0.2,2.299,0.519,0.43,8700000.0,1627800000.0,1.0,213700000.0,214000000,218500000.0,14.056,3484000000.0,192700000.0,367200000.0,265600000.0,16.28,1918500000.0
30,MCO,MRT,2013-12-31,2013-12-31,2013-12-31,2021-07-30,-54600000.0,4395100000.0,4063775000.0,2968800000.0,1426300000.0,0.731,1.536,-42300000.0,1919500000.0,1919500000.0,0.0,815900000.0,2.601,11.772,2101800000.0,0.0,2101800000.0,2101800000.0,707600000.0,93400000.0,0.0,0.011,0.9,1249700000.0,1343100000.0,0.452,1343100000.0,1249700000.0,1157900000.0,3.67,3.6,3.67,337000000.0,380800000.0,337000000.0,17142397000.0,14.0,12.763,884500000.0,4.031,1.0,2972500000.0,1.0,886800000.0,91800000.0,2549300000.0,2308475000.0,0.0,186800000.0,186800000.0,0.0,3967200000.0,1141300000.0,2825900000.0,16878897000.0,164100000.0,-50700000.0,-757100000.0,433400000.0,-197300000.0,-498800000.0,-261900000.0,-168900000.0,926800000.0,-2000000.0,804500000.0,804500000.0,804500000.0,0.0,11400000.0,0.271,1737900000.0,1234600000.0,538900000.0,0.245,50.086,20.981,21.381,278700000.0,0.0,78.47,5.678,5.792,694200000.0,5302100000.0,2972500000.0,2972500000.0,0.0,0.198,2.113,0.541,0.42,28300000.0,1644500000.0,1.0,215100000.0,219400000,223500000.0,13.548,3508300000.0,202600000.0,353400000.0,258700000.0,15.99,1827500000.0
31,MCO,MRT,2013-09-30,2013-09-30,2013-09-30,2021-07-30,-100200000.0,4154500000.0,3955225000.0,2782200000.0,1372300000.0,0.745,1.292,-40800000.0,1835100000.0,1835100000.0,0.0,768300000.0,3.101,13.432,2098600000.0,0.0,2098600000.0,2098600000.0,664500000.0,93900000.0,0.0,0.012,0.81,1183200000.0,1277100000.0,0.433,1277100000.0,1183200000.0,1093500000.0,3.41,3.37,3.41,281500000.0,392850000.0,281500000.0,15472732000.0,13.0,12.116,939800000.0,4.315,1.0,2947500000.0,1.0,829000000.0,89700000.0,2691800000.0,2133200000.0,0.0,209600000.0,209600000.0,0.0,3781100000.0,897200000.0,2883900000.0,15500732000.0,316600000.0,0.0,-677600000.0,401500000.0,-179400000.0,-435000000.0,-226900000.0,-186100000.0,980600000.0,-2100000.0,757900000.0,757900000.0,757900000.0,0.0,10400000.0,0.257,1764600000.0,1182900000.0,337900000.0,0.238,55.065,20.452,20.625,284300000.0,0.0,70.33,5.259,5.197,592000000.0,5210600000.0,2947500000.0,2947500000.0,0.0,0.192,1.929,0.555,0.401,31200000.0,1658500000.0,1.0,220400000.0,217800000,222000000.0,13.533,3325500000.0,211800000.0,335600000.0,253700000.0,15.269,1885000000.0
32,MCO,MRT,2013-06-30,2013-06-30,2013-06-30,2021-07-30,-149900000.0,3794300000.0,3832175000.0,2442700000.0,1351600000.0,0.765,2.013,-41200000.0,1633000000.0,1633000000.0,0.0,768000000.0,2.723,7.281,1605000000.0,0.0,1605000000.0,1605000000.0,689100000.0,94600000.0,0.0,0.012,0.72,1175300000.0,1269900000.0,0.433,1269900000.0,1175300000.0,1094700000.0,3.4,3.35,3.4,447600000.0,400375000.0,447600000.0,13465397000.0,11.0,10.604,915500000.0,4.118,1.0,2930500000.0,1.0,821800000.0,80600000.0,2047400000.0,1957450000.0,0.0,17900000.0,17900000.0,0.0,3258800000.0,897100000.0,2361700000.0,13581297000.0,808900000.0,0.0,-304300000.0,368500000.0,-160500000.0,-81100000.0,-43300000.0,-2100000.0,956700000.0,-23400000.0,757900000.0,757900000.0,757900000.0,0.0,10100000.0,0.259,1769400000.0,1161100000.0,312800000.0,0.212,30.342,17.92,17.921,287400000.0,0.0,60.93,4.634,4.622,607700000.0,5082100000.0,2930500000.0,2930500000.0,0.0,0.198,1.893,0.6,0.401,34400000.0,1662600000.0,1.0,222900000.0,222300000,226200000.0,13.183,2972500000.0,189000000.0,336800000.0,239000000.0,13.372,1545600000.0
33,MCO,MRT,2013-03-31,2013-03-31,2013-03-31,2021-07-30,-138800000.0,3911200000.0,3624575000.0,2520300000.0,1390900000.0,0.777,2.047,-38300000.0,1758000000.0,1758000000.0,0.0,715300000.0,2.487,7.375,1642100000.0,31900000.0,1610200000.0,1642100000.0,729200000.0,93600000.0,0.0,0.013,0.68,1097700000.0,1191300000.0,0.423,1191300000.0,1097700000.0,1022200000.0,3.16,3.11,3.16,457100000.0,313250000.0,457100000.0,11838152000.0,11.0,9.937,925400000.0,4.144,1.0,2815300000.0,1.0,836500000.0,75500000.0,1945400000.0,1822300000.0,0.0,11600000.0,11600000.0,0.0,3371000000.0,1013400000.0,2357600000.0,11922352000.0,943300000.0,-3500000.0,-197000000.0,396700000.0,-151800000.0,53600000.0,-39400000.0,2400000.0,963700000.0,-34600000.0,704900000.0,704900000.0,704900000.0,0.0,10400000.0,0.25,1726500000.0,1088800000.0,355100000.0,0.215,26.083,16.914,16.873,296100000.0,0.0,53.32,4.235,4.229,637200000.0,4902200000.0,2815300000.0,2815300000.0,0.0,0.194,2.25,0.602,0.39,43500000.0,1620700000.0,1.0,223600000.0,223300000,227200000.0,12.608,3074700000.0,190300000.0,317300000.0,223100000.0,13.769,1506900000.0
34,MCO,MRT,2012-12-31,2012-12-31,2012-12-31,2021-07-30,-82100000.0,3960900000.0,3395375000.0,2525700000.0,1435200000.0,0.804,1.726,-45000000.0,1755400000.0,1755400000.0,0.0,699700000.0,2.168,9.065,1671200000.0,63800000.0,1607400000.0,1671200000.0,640700000.0,93500000.0,0.0,0.013,0.64,1078100000.0,1171600000.0,0.429,1171600000.0,1078100000.0,1014300000.0,3.09,3.05,3.09,385200000.0,219650000.0,385200000.0,11405328000.0,11.0,9.735,778100000.0,3.486,1.0,2730300000.0,1.0,863600000.0,63800000.0,1848200000.0,1710800000.0,0.0,17900000.0,17900000.0,0.0,3492000000.0,1164900000.0,2327100000.0,11216328000.0,995400000.0,-3500000.0,-79800000.0,424800000.0,-143000000.0,202600000.0,-50200000.0,-1700000.0,823100000.0,19900000.0,690000000.0,690000000.0,690000000.0,0.0,9700000.0,0.253,1652900000.0,1077400000.0,555300000.0,0.207,29.118,16.256,16.285,307100000.0,0.0,50.32,4.108,4.114,621800000.0,4713300000.0,2730300000.0,2730300000.0,0.0,0.203,3.141,0.63,0.395,48800000.0,1547200000.0,1.0,222900000.0,223200000,226600000.0,12.233,3097300000.0,207200000.0,324300000.0,214700000.0,13.877,1360800000.0
35,MCO,MRT,2012-09-30,2012-09-30,2012-09-30,2021-07-30,-85800000.0,3662300000.0,3124175000.0,2205800000.0,1456500000.0,0.814,1.4,-49300000.0,1518500000.0,1518500000.0,0.0,635800000.0,2.244,10.497,1707500000.0,95600000.0,1611900000.0,1707500000.0,617400000.0,90400000.0,0.0,0.014,0.62,992600000.0,1083000000.0,0.426,1083000000.0,992600000.0,933500000.0,2.81,2.76,2.81,311600000.0,81100000.0,311600000.0,10233191000.0,10.0,9.449,583700000.0,2.623,1.0,2543200000.0,1.0,879600000.0,59100000.0,1988800000.0,1581100000.0,0.0,22700000.0,22700000.0,0.0,3271000000.0,982900000.0,2288100000.0,9818991000.0,664300000.0,-190900000.0,-44400000.0,452900000.0,-138400000.0,269100000.0,-248400000.0,-8200000.0,633000000.0,10600000.0,626100000.0,626100000.0,626100000.0,0.0,9700000.0,0.246,1553900000.0,989300000.0,362800000.0,0.221,31.512,15.683,15.719,315600000.0,0.0,44.17,3.861,3.864,549600000.0,4634100000.0,2543200000.0,2543200000.0,0.0,0.2,7.72,0.628,0.39,46600000.0,1463600000.0,1.0,222300000.0,222500000,226100000.0,11.43,2782700000.0,202900000.0,307400000.0,197100000.0,12.507,1222900000.0
36,MCO,MRT,2012-06-30,2012-06-30,2012-06-30,2021-07-30,-120800000.0,2963900000.0,2838925000.0,1519400000.0,1444500000.0,0.84,0.443,-54000000.0,824100000.0,824100000.0,0.0,581400000.0,1.527,28.104,1238300000.0,127500000.0,1110800000.0,1238300000.0,662200000.0,85300000.0,0.0,0.016,0.6,911800000.0,997100000.0,0.418,997100000.0,911800000.0,855100000.0,2.56,2.52,2.56,99100000.0,-42800000.0,99100000.0,8634885000.0,9.0,8.66,538900000.0,2.407,1.0,2386000000.0,1.0,876100000.0,56700000.0,1506800000.0,1451925000.0,0.0,15400000.0,15400000.0,0.0,2785100000.0,995200000.0,1789900000.0,8212785000.0,-114400000.0,-193900000.0,-260000000.0,-15000000.0,-134400000.0,-407100000.0,-253100000.0,-5200000.0,592900000.0,-47100000.0,572900000.0,572900000.0,572900000.0,0.0,8500000.0,0.24,1470300000.0,915700000.0,300100000.0,0.234,82.874,14.335,14.277,317400000.0,0.0,36.55,3.442,3.43,530500000.0,4486300000.0,2386000000.0,2386000000.0,0.0,0.202,-13.386,0.628,0.382,45600000.0,1384900000.0,1.0,224700000.0,223900000,227200000.0,10.657,2087800000.0,190500000.0,282200000.0,189100000.0,9.325,524200000.0
37,MCO,MRT,2012-03-31,2012-03-31,2012-03-31,2021-07-30,-78700000.0,2994400000.0,2784100000.0,1526600000.0,1467800000.0,0.844,0.37,-63400000.0,814700000.0,814700000.0,0.0,596400000.0,1.509,34.266,1236800000.0,99400000.0,1137400000.0,1236800000.0,705200000.0,85000000.0,0.0,0.014,0.58,910400000.0,995400000.0,0.424,995400000.0,910400000.0,856200000.0,2.62,2.58,2.62,82700000.0,-74100000.0,82700000.0,9867890000.0,11.0,9.913,601000000.0,2.69,1.0,2350400000.0,1.0,905600000.0,54200000.0,1499400000.0,1465200000.0,0.0,13300000.0,13300000.0,0.0,2833800000.0,1011500000.0,1822300000.0,9384090000.0,95200000.0,-197500000.0,-144100000.0,-13200000.0,-130400000.0,-279600000.0,-267900000.0,-7000000.0,664400000.0,-21700000.0,589400000.0,589400000.0,589400000.0,0.0,7000000.0,0.251,1443100000.0,907300000.0,302800000.0,0.221,113.471,15.921,16.069,324800000.0,0.0,42.1,3.993,4.002,589200000.0,4350000000.0,2350400000.0,2350400000.0,0.0,0.212,-7.954,0.621,0.387,42500000.0,1358100000.0,1.0,222900000.0,223400000,227400000.0,10.521,2088800000.0,188700000.0,266800000.0,183200000.0,9.35,515100000.0
38,MCO,MRT,2011-12-31,2011-12-31,2011-12-31,2021-07-30,-107500000.0,2876100000.0,2666600000.0,1424400000.0,1451700000.0,0.855,-0.747,-67700000.0,760000000.0,760000000.0,0.0,578000000.0,1.256,-17.598,1243800000.0,71300000.0,1172500000.0,1243800000.0,618100000.0,79200000.0,0.0,0.016,0.535,895300000.0,974500000.0,0.427,974500000.0,895300000.0,833200000.0,2.52,2.49,2.52,-169000000.0,-152750000.0,-169000000.0,7866760000.0,9.0,8.073,735600000.0,3.251,1.0,2280700000.0,1.0,896500000.0,62100000.0,1329400000.0,1482125000.0,0.0,14800000.0,14800000.0,0.0,2974000000.0,1134000000.0,1840000000.0,7476960000.0,100400000.0,-197500000.0,-287400000.0,-11300000.0,-121000000.0,-417700000.0,-267600000.0,-2400000.0,803300000.0,-17600000.0,571400000.0,571400000.0,571400000.0,0.0,6600000.0,0.251,1392300000.0,888400000.0,452300000.0,0.212,-44.242,13.085,13.365,326800000.0,0.0,33.68,3.278,3.342,489800000.0,4176100000.0,2280700000.0,2280700000.0,0.0,0.214,-3.741,0.604,0.393,49300000.0,1313100000.0,1.0,222000000.0,226300000,229400000.0,10.078,1979600000.0,228600000.0,261800000.0,255000000.0,8.748,290400000.0
39,MCO,MRT,2011-09-30,2011-09-30,2011-09-30,2021-07-30,-70500000.0,2521300000.0,2582650000.0,1360000000.0,1161300000.0,0.882,-0.814,-78000000.0,854200000.0,854200000.0,0.0,618800000.0,1.629,-14.649,1244000000.0,43100000.0,1200900000.0,1244000000.0,577000000.0,75700000.0,0.0,0.016,0.5,913200000.0,988900000.0,0.434,988900000.0,913200000.0,850600000.0,2.68,2.65,2.68,-184000000.0,-187900000.0,-184000000.0,7268415000.0,8.0,7.35,766900000.0,3.393,1.0,2277900000.0,1.0,604100000.0,62600000.0,1472100000.0,1537825000.0,0.0,13300000.0,13300000.0,0.0,2695500000.0,834900000.0,1860600000.0,6963915000.0,60500000.0,-158700000.0,-391500000.0,-24500000.0,-114400000.0,-529000000.0,-239100000.0,-2400000.0,844900000.0,-16300000.0,612600000.0,612600000.0,612600000.0,0.0,6200000.0,0.269,1365000000.0,912900000.0,311200000.0,0.187,-37.847,11.368,11.362,323700000.0,0.0,30.45,3.057,3.021,400500000.0,4147400000.0,2277900000.0,2277900000.0,0.0,0.237,-3.26,0.594,0.401,51600000.0,1289100000.0,1.0,228700000.0,226000000,229000000.0,10.079,1917200000.0,214300000.0,238000000.0,205700000.0,8.483,525100000.0
40,MCO,MRT,2011-06-30,2011-06-30,2011-06-30,2021-07-30,1500000.0,2744600000.0,2539375000.0,1543100000.0,1201500000.0,0.89,-0.114,-79300000.0,938500000.0,938500000.0,0.0,623900000.0,1.811,-105.793,1243000000.0,15000000.0,1228000000.0,1243000000.0,630900000.0,74800000.0,0.0,0.012,0.465,909900000.0,984700000.0,0.436,984700000.0,909900000.0,847400000.0,2.68,2.66,2.68,-26100000.0,-218825000.0,-26100000.0,9250830000.0,10.0,9.395,715900000.0,3.137,1.0,2259900000.0,1.0,637200000.0,62500000.0,1559900000.0,1563150000.0,0.0,11000000.0,11000000.0,0.0,2761200000.0,852000000.0,1909200000.0,8736130000.0,452600000.0,-155700000.0,-195800000.0,132400000.0,-107300000.0,-170600000.0,-235900000.0,-900000.0,795200000.0,63900000.0,617900000.0,617900000.0,617900000.0,0.0,6000000.0,0.273,1354200000.0,905700000.0,302100000.0,0.174,-334.718,14.138,14.31,325200000.0,0.0,38.35,3.866,3.873,492600000.0,4048800000.0,2259900000.0,2259900000.0,0.0,0.243,-2.824,0.582,0.403,49600000.0,1279000000.0,1.0,227800000.0,228200000,231500000.0,9.903,2107400000.0,225400000.0,229500000.0,222200000.0,9.235,691100000.0
41,MCO,MRT,2011-03-31,2011-03-31,2011-03-31,2021-07-30,-9400000.0,2524400000.0,2342650000.0,1339600000.0,1184800000.0,0.91,-1.013,-82400000.0,719500000.0,719500000.0,0.0,555800000.0,1.593,-11.848,1234200000.0,13100000.0,1221100000.0,1234200000.0,649300000.0,68200000.0,0.0,0.013,0.43,818600000.0,886800000.0,0.416,886800000.0,818600000.0,761200000.0,2.36,2.35,2.36,-231900000.0,-337325000.0,-231900000.0,8358954000.0,10.0,9.426,607700000.0,2.655,1.0,2132500000.0,1.0,631000000.0,57400000.0,1567100000.0,1434625000.0,0.0,6700000.0,6700000.0,0.0,2747600000.0,841000000.0,1906600000.0,7778954000.0,223100000.0,-148600000.0,-287200000.0,118400000.0,-100000000.0,-274500000.0,-228500000.0,2500000.0,690100000.0,36000000.0,549900000.0,549900000.0,549900000.0,0.0,5900000.0,0.258,1306400000.0,826100000.0,273900000.0,0.182,-33.544,14.146,14.369,324600000.0,0.0,33.91,3.648,3.64,503400000.0,3892100000.0,2132500000.0,2132500000.0,0.0,0.235,-1.63,0.571,0.384,51000000.0,1237400000.0,1.0,229400000.0,228900000,231400000.0,9.316,1893400000.0,218700000.0,211300000.0,228000000.0,8.272,498600000.0
42,MCO,MRT,2010-12-31,2010-12-31,2010-12-31,2021-07-30,-33400000.0,2540300000.0,2212375000.0,1343000000.0,1197300000.0,0.918,-1.317,-79000000.0,659600000.0,659600000.0,0.0,513400000.0,1.438,-9.169,1239600000.0,11300000.0,1228300000.0,1239600000.0,604700000.0,66300000.0,0.0,0.016,0.42,761300000.0,827600000.0,0.407,827600000.0,761300000.0,708800000.0,2.16,2.15,2.16,-309600000.0,-414750000.0,-309600000.0,6681968000.0,9.0,8.074,574300000.0,2.444,1.0,2032000000.0,1.0,634300000.0,52500000.0,1552200000.0,1301475000.0,0.0,12700000.0,12700000.0,0.0,2838700000.0,933800000.0,1904900000.0,6215668000.0,185700000.0,-148600000.0,-188900000.0,48300000.0,-98600000.0,-241300000.0,-228800000.0,-1200000.0,653300000.0,2500000.0,507800000.0,507800000.0,507800000.0,0.0,5600000.0,0.25,1259200000.0,772800000.0,414400000.0,0.194,-20.076,12.24,12.287,319300000.0,0.0,26.54,3.059,3.069,497500000.0,3736200000.0,2032000000.0,2032000000.0,0.0,0.23,-1.224,0.585,0.375,49600000.0,1192800000.0,1.0,234200000.0,235000000,236600000.0,8.647,1906000000.0,233200000.0,201000000.0,217700000.0,8.111,409200000.0
43,MCO,MRT,2010-09-30,2010-09-30,2010-09-30,2021-07-30,-24600000.0,2348200000.0,2078125000.0,1301400000.0,1046800000.0,0.94,-1.313,-81000000.0,793700000.0,793700000.0,0.0,477800000.0,1.642,-8.599,1260000000.0,24400000.0,1235600000.0,1260000000.0,544100000.0,65700000.0,0.0,0.017,0.415,751200000.0,816900000.0,0.418,816900000.0,751200000.0,703600000.0,2.0,1.99,2.0,-307700000.0,-488900000.0,-307700000.0,6473314000.0,9.0,7.924,580900000.0,2.479,1.0,1953500000.0,1.0,448500000.0,47600000.0,1573400000.0,1171675000.0,0.0,10800000.0,10800000.0,0.0,2645800000.0,792600000.0,1853200000.0,5852814000.0,371000000.0,0.0,-88400000.0,-22400000.0,-97800000.0,-209900000.0,-84400000.0,-3400000.0,661900000.0,3400000.0,472300000.0,472300000.0,472300000.0,0.0,5500000.0,0.242,1198400000.0,755100000.0,321000000.0,0.207,-19.021,12.392,12.49,307500000.0,0.0,24.98,2.996,2.996,410600000.0,3650100000.0,1953500000.0,1953500000.0,0.0,0.227,-0.966,0.641,0.385,46400000.0,1133800000.0,1.0,234300000.0,234300000,235700000.0,8.338,1899700000.0,274900000.0,231300000.0,187100000.0,8.108,508800000.0
44,MCO,MRT,2010-06-30,2010-06-30,2010-06-30,2021-07-30,-83300000.0,1957700000.0,1959625000.0,960000000.0,997700000.0,0.965,-2.125,-91200000.0,485900000.0,485900000.0,0.0,442300000.0,0.877,-4.898,1106400000.0,363900000.0,742500000.0,1106400000.0,581100000.0,63800000.0,0.0,0.021,0.41,731300000.0,795100000.0,0.42,795100000.0,731300000.0,685000000.0,1.85,1.83,1.85,-500100000.0,-576200000.0,-500100000.0,5346540000.0,7.0,6.724,532100000.0,2.261,1.0,1892000000.0,1.0,438200000.0,46300000.0,1045800000.0,1047225000.0,0.0,7700000.0,7700000.0,0.0,2449600000.0,1094200000.0,1355400000.0,4721040000.0,93100000.0,0.0,-78200000.0,-225200000.0,-96800000.0,-399700000.0,-93500000.0,-2300000.0,623300000.0,-37000000.0,436900000.0,436900000.0,436900000.0,0.0,5400000.0,0.231,1153300000.0,738700000.0,248600000.0,0.222,-9.44,10.806,10.768,298300000.0,0.0,19.92,2.495,2.477,389100000.0,3538900000.0,1892000000.0,1892000000.0,0.0,0.223,-0.758,0.698,0.387,49100000.0,1087300000.0,1.0,237000000.0,235300000,236500000.0,8.041,1519500000.0,250700000.0,248100000.0,192100000.0,6.458,-134200000.0
45,MCO,MRT,2010-03-31,2010-03-31,2010-03-31,2021-07-30,-85700000.0,2003300000.0,1938650000.0,1008000000.0,995300000.0,0.962,-2.286,-94500000.0,496400000.0,496400000.0,0.0,430700000.0,0.879,-4.685,1121900000.0,377500000.0,744400000.0,1121900000.0,616400000.0,64300000.0,0.0,0.014,0.405,725000000.0,789300000.0,0.423,789300000.0,725000000.0,681600000.0,1.8,1.78,1.8,-541600000.0,-640500000.0,-541600000.0,7767575000.0,11.0,9.841,518400000.0,2.188,1.0,1864900000.0,1.0,447400000.0,43400000.0,1034500000.0,1049525000.0,0.0,7500000.0,7500000.0,0.0,2537300000.0,1146900000.0,1390400000.0,7047775000.0,154700000.0,0.0,1100000.0,-289800000.0,-95900000.0,-378400000.0,-93800000.0,700000.0,612900000.0,14000000.0,425200000.0,425200000.0,425200000.0,0.0,5500000.0,0.228,1129500000.0,735400000.0,253200000.0,0.225,-13.013,16.575,16.528,292700000.0,0.0,29.75,3.779,3.779,427000000.0,3442600000.0,1864900000.0,1864900000.0,0.0,0.219,-0.664,0.691,0.389,50100000.0,1060200000.0,1.0,236900000.0,236900000,239100000.0,7.872,1555900000.0,241700000.0,256400000.0,226100000.0,6.568,-138900000.0
46,MCO,MRT,2009-12-31,2009-12-31,2009-12-31,2021-07-30,-41200000.0,2003300000.0,1888350000.0,1012900000.0,990400000.0,0.952,-2.568,-90700000.0,473900000.0,473900000.0,0.0,407100000.0,0.819,-4.288,1193700000.0,447500000.0,746200000.0,1193700000.0,575100000.0,64100000.0,0.0,0.015,0.4,674500000.0,738600000.0,0.411,738600000.0,674500000.0,641100000.0,1.7,1.69,1.7,-606200000.0,-736325000.0,-606200000.0,7196500000.0,11.0,9.743,553100000.0,2.343,1.0,1797200000.0,1.0,454100000.0,33400000.0,1033000000.0,1063700000.0,0.0,10000000.0,10000000.0,0.0,2599400000.0,1236000000.0,1363400000.0,6338200000.0,228000000.0,-900000.0,19800000.0,-275400000.0,-94500000.0,-348800000.0,-93800000.0,-2200000.0,643800000.0,26800000.0,402000000.0,402000000.0,402000000.0,0.0,5100000.0,0.224,1109700000.0,687500000.0,317200000.0,0.235,-10.456,15.767,15.765,293000000.0,0.0,26.8,3.527,3.521,444900000.0,3329000000.0,1797200000.0,1797200000.0,0.0,0.213,-0.546,0.634,0.375,52400000.0,1028100000.0,1.0,236500000.0,236100000,237800000.0,7.612,1549200000.0,224900000.0,239100000.0,195600000.0,6.562,-223100000.0
47,MCO,MRT,2009-09-30,2009-09-30,2009-09-30,2021-07-30,-19200000.0,1874200000.0,1830875000.0,896500000.0,977700000.0,0.937,-2.779,-83300000.0,422700000.0,422700000.0,0.0,392800000.0,0.746,-3.839,1281000000.0,532900000.0,748100000.0,1281000000.0,534600000.0,78700000.0,0.0,0.02,0.4,636100000.0,714800000.0,0.417,714800000.0,636100000.0,599500000.0,1.65,1.64,1.65,-656900000.0,-833375000.0,-656900000.0,5772298000.0,9.0,8.075,507600000.0,2.147,1.0,1715100000.0,1.0,454600000.0,36600000.0,1075600000.0,1092975000.0,0.0,6800000.0,6800000.0,0.0,2521700000.0,1202300000.0,1319400000.0,4834698000.0,-15900000.0,-203100000.0,-104200000.0,-118900000.0,-94300000.0,-317000000.0,-284200000.0,2200000.0,590900000.0,-5600000.0,388800000.0,388800000.0,388800000.0,0.0,4000000.0,0.227,1081100000.0,634000000.0,241900000.0,0.242,-7.36,12.435,12.4,278600000.0,0.0,20.46,2.819,2.82,378900000.0,3275800000.0,1715100000.0,1715100000.0,0.0,0.212,-0.467,0.582,0.371,58000000.0,983600000.0,1.0,236300000.0,236400000,238200000.0,7.255,1419600000.0,221100000.0,210700000.0,181100000.0,6.005,-305800000.0
48,MCO,MRT,2009-06-30,2009-06-30,2009-06-30,2021-07-30,-30100000.0,1873800000.0,1785900000.0,900600000.0,973200000.0,0.95,-3.208,-75200000.0,392800000.0,392800000.0,0.0,404900000.0,0.69,-3.464,1330400000.0,580400000.0,750000000.0,1330400000.0,571100000.0,77100000.0,0.0,0.015,0.4,659500000.0,736600000.0,0.434,736600000.0,659500000.0,621800000.0,1.69,1.68,1.69,-757300000.0,-892600000.0,-757300000.0,7279495000.0,11.0,9.883,540300000.0,2.288,1.0,1696700000.0,1.0,451300000.0,37700000.0,1055000000.0,1108825000.0,0.0,4900000.0,4900000.0,0.0,2623300000.0,1305100000.0,1318200000.0,6210695000.0,12700000.0,-203700000.0,-245600000.0,52200000.0,-94800000.0,-289200000.0,-272000000.0,6900000.0,615500000.0,-41600000.0,401200000.0,401200000.0,401200000.0,0.0,3700000.0,0.236,1045400000.0,651300000.0,262000000.0,0.237,-8.201,15.48,15.592,267600000.0,0.0,26.35,3.66,3.667,407600000.0,3199000000.0,1696700000.0,1696700000.0,0.0,0.225,-0.449,0.595,0.389,59700000.0,955000000.0,1.0,235700000.0,236100000,238100000.0,7.186,1422500000.0,237800000.0,220600000.0,172600000.0,6.025,-404500000.0
49,MCO,MRT,2009-03-31,2009-03-31,2009-03-31,2021-07-30,-82600000.0,1802100000.0,1733550000.0,856100000.0,946000000.0,1.0,-3.929,-77700000.0,341700000.0,341700000.0,0.0,431500000.0,0.639,-2.942,1410500000.0,660500000.0,750000000.0,1410500000.0,590100000.0,78200000.0,0.0,0.017,0.4,714300000.0,792500000.0,0.457,792500000.0,714300000.0,670300000.0,1.78,1.76,1.78,-924900000.0,-908725000.0,-924900000.0,6612584000.0,9.0,8.344,472100000.0,2.006,1.0,1733600000.0,1.0,440900000.0,44000000.0,1091200000.0,1127425000.0,0.0,6800000.0,6800000.0,0.0,2721400000.0,1338800000.0,1382600000.0,5390784000.0,2000000.0,-203800000.0,-307300000.0,211300000.0,-95600000.0,-194000000.0,-280200000.0,1300000.0,549800000.0,-73600000.0,427100000.0,427100000.0,427100000.0,0.0,4400000.0,0.246,1035800000.0,697800000.0,198800000.0,0.225,-5.829,12.622,12.876,248400000.0,0.0,22.92,3.11,3.112,403600000.0,3113500000.0,1733600000.0,1733600000.0,0.0,0.246,-0.47,0.634,0.412,60300000.0,947600000.0,1.0,235200000.0,235400000,236500000.0,7.364,1361200000.0,244700000.0,243200000.0,215300000.0,5.782,-482700000.0
50,MCO,MRT,2008-12-31,2008-12-31,2008-12-31,2021-07-30,-52100000.0,1773400000.0,1679725000.0,809100000.0,964300000.0,1.045,-4.102,-84400000.0,245900000.0,245900000.0,0.0,461600000.0,0.581,-2.775,1467700000.0,717700000.0,750000000.0,1467700000.0,549800000.0,75100000.0,0.0,0.02,0.4,778000000.0,853100000.0,0.486,853100000.0,778000000.0,725800000.0,1.89,1.87,1.89,-994400000.0,-903250000.0,-994400000.0,5777582000.0,7.0,6.772,455300000.0,1.878,1.0,1755400000.0,1.0,452000000.0,52200000.0,1150100000.0,1068000000.0,0.0,7100000.0,7100000.0,0.0,2759500000.0,1393100000.0,1366400000.0,4817582000.0,-180400000.0,-241400000.0,-569400000.0,314600000.0,-96800000.0,-349800000.0,-319300000.0,5600000.0,539700000.0,-51000000.0,457600000.0,457600000.0,457600000.0,0.0,4000000.0,0.261,1007200000.0,748200000.0,240400000.0,0.212,-4.845,10.528,10.63,247700000.0,0.0,20.09,2.744,2.774,421800000.0,3023200000.0,1755400000.0,1755400000.0,0.0,0.272,-0.507,0.728,0.443,55700000.0,934600000.0,1.0,239800000.0,242400000,245300000.0,7.242,1321400000.0,246600000.0,268200000.0,204100000.0,5.451,-584000000.0
51,MCO,MRT,2008-09-30,2008-09-30,2008-09-30,2021-07-30,-11600000.0,1694300000.0,1665025000.0,917800000.0,776500000.0,1.115,-3.704,-101400000.0,438600000.0,438600000.0,0.0,505200000.0,0.735,-2.896,1398600000.0,648600000.0,750000000.0,1398600000.0,512900000.0,55800000.0,0.0,0.011,0.38,845600000.0,901400000.0,0.486,901400000.0,845600000.0,793800000.0,2.01,1.98,2.01,-893800000.0,-850550000.0,-893800000.0,9182700000.0,11.0,10.187,522600000.0,2.166,1.0,1856600000.0,1.0,266500000.0,51800000.0,1139000000.0,994025000.0,0.0,7200000.0,7200000.0,0.0,2588100000.0,1248800000.0,1339300000.0,8285800000.0,17500000.0,-39300000.0,-748900000.0,392800000.0,-93800000.0,-448900000.0,-145000000.0,-5200000.0,624000000.0,-12600000.0,496200000.0,496200000.0,496200000.0,0.0,9000000.0,0.267,1021700000.0,834900000.0,208100000.0,0.189,-9.27,16.699,16.915,242100000.0,0.0,34.0,4.463,4.419,348700000.0,2981700000.0,1856600000.0,1856600000.0,0.0,0.298,-0.583,0.851,0.455,53000000.0,918600000.0,1.0,243700000.0,241300000,244600000.0,7.694,1427800000.0,214600000.0,297600000.0,184600000.0,5.917,-331000000.0
52,MCO,MRT,2008-06-30,2008-06-30,2008-06-30,2021-07-30,27100000.0,1664400000.0,1629350000.0,912800000.0,751600000.0,1.196,-3.36,-132500000.0,380100000.0,380100000.0,0.0,528300000.0,0.786,-3.025,1277000000.0,527000000.0,750000000.0,1277000000.0,558200000.0,52800000.0,0.0,0.01,0.36,901800000.0,954600000.0,0.49,954600000.0,901800000.0,851400000.0,2.06,2.03,2.06,-821800000.0,-779475000.0,-821800000.0,9286468000.0,10.0,9.728,627900000.0,2.567,1.0,1948200000.0,1.0,271300000.0,50400000.0,1129400000.0,910625000.0,0.0,12700000.0,12700000.0,0.0,2486200000.0,1160600000.0,1325600000.0,8427468000.0,18500000.0,-37900000.0,-1082700000.0,560600000.0,-90500000.0,-606000000.0,-169200000.0,300000.0,760400000.0,33300000.0,520100000.0,520100000.0,520100000.0,0.0,8200000.0,0.267,1052600000.0,895600000.0,198900000.0,0.175,-10.255,16.204,16.718,235700000.0,0.0,34.44,4.326,4.324,415200000.0,2892900000.0,1948200000.0,1948200000.0,0.0,0.319,-0.667,0.99,0.463,56800000.0,950700000.0,1.0,244700000.0,244600000,248100000.0,7.965,1393100000.0,196800000.0,331300000.0,175400000.0,5.695,-247800000.0
53,MCO,MRT,2008-03-31,2008-03-31,2008-03-31,2021-07-30,27800000.0,1586800000.0,1601575000.0,852500000.0,734300000.0,1.315,-3.65,-167800000.0,339700000.0,339700000.0,0.0,652600000.0,0.647,-2.757,1198700000.0,598700000.0,600000000.0,1198700000.0,587200000.0,45100000.0,0.0,0.01,0.34,1040700000.0,1085800000.0,0.515,1085800000.0,1040700000.0,1011500000.0,2.48,2.44,2.48,-903000000.0,-640500000.0,-903000000.0,9356474000.0,9.0,8.617,820000000.0,3.314,1.0,2106700000.0,1.0,274100000.0,29200000.0,853500000.0,770675000.0,0.0,9900000.0,9900000.0,0.0,2489800000.0,1318200000.0,1171600000.0,8630874000.0,50200000.0,-39500000.0,-1512200000.0,811500000.0,-87600000.0,-769700000.0,-205800000.0,600000.0,987800000.0,37900000.0,646800000.0,646800000.0,646800000.0,0.0,5800000.0,0.307,1081100000.0,1025600000.0,256500000.0,0.137,-9.558,13.344,14.044,230200000.0,0.0,34.83,4.097,4.09,405400000.0,2782200000.0,2106700000.0,2106700000.0,0.0,0.404,-1.01,1.35,0.494,56000000.0,986700000.0,1.0,247800000.0,247400000,251000000.0,8.515,1312700000.0,174600000.0,364700000.0,165800000.0,5.306,-465700000.0
54,MCO,MRT,2007-12-31,2007-12-31,2007-12-31,2021-07-30,15600000.0,1714600000.0,1572350000.0,989100000.0,725500000.0,1.437,-2.941,-181800000.0,426300000.0,426300000.0,0.0,706800000.0,0.733,-3.188,1151900000.0,551900000.0,600000000.0,1151900000.0,547100000.0,42900000.0,0.0,0.009,0.32,1141000000.0,1183900000.0,0.524,1183900000.0,1141000000.0,1116700000.0,2.63,2.58,2.63,-783600000.0,-432275000.0,-783600000.0,9803780000.0,9.0,8.281,806400000.0,3.027,1.0,2259000000.0,1.0,236800000.0,24300000.0,854200000.0,693700000.0,0.0,14700000.0,14700000.0,0.0,2498200000.0,1349200000.0,1149000000.0,9224880000.0,18200000.0,-4400000.0,-1672500000.0,845400000.0,-85200000.0,-865700000.0,-124700000.0,61500000.0,988200000.0,20400000.0,701500000.0,701500000.0,701500000.0,0.0,5300000.0,0.311,1128000000.0,1131000000.0,371300000.0,0.122,-11.772,13.15,13.574,214600000.0,0.0,35.7,4.084,4.21,443600000.0,2661100000.0,2259000000.0,2259000000.0,0.0,0.446,-1.623,1.645,0.505,38000000.0,1035100000.0,1.0,258400000.0,266400000,272200000.0,8.48,1477800000.0,179400000.0,415200000.0,156100000.0,5.547,-360100000.0
55,MCO,MRT,2007-09-30,2007-09-30,2007-09-30,2021-07-30,1000000.0,1551600000.0,1518125000.0,870600000.0,681000000.0,1.544,-2.325,8200000.0,421100000.0,421100000.0,0.0,852800000.0,0.802,-3.546,1000000000.0,400000000.0,600000000.0,1000000000.0,488900000.0,42000000.0,0.0,0.006,0.31,1391500000.0,1433500000.0,0.612,1433500000.0,1391500000.0,1387700000.0,3.11,3.05,3.11,-609500000.0,-194525000.0,-609500000.0,13800160000.0,10.0,9.627,961100000.0,3.666,1.0,2344100000.0,1.0,239300000.0,3800000.0,805400000.0,592100000.0,0.0,4600000.0,4600000.0,0.0,2161100000.0,1085800000.0,1075300000.0,13451760000.0,139500000.0,-28800000.0,-1504500000.0,697800000.0,-84300000.0,-825800000.0,-11600000.0,9000000.0,952900000.0,24000000.0,852800000.0,852800000.0,852800000.0,0.0,0.0,0.364,961900000.0,1382200000.0,317400000.0,0.1,-22.07,15.774,16.206,218400000.0,0.0,50.4,5.739,5.638,393100000.0,2579500000.0,2344100000.0,2344100000.0,0.0,0.562,-4.384,2.35,0.594,28500000.0,1080500000.0,1.0,266900000.0,262200000,267600000.0,8.94,1312300000.0,0.0,534900000.0,0.0,5.005,-215200000.0
56,MCO,MRT,2007-06-30,2007-06-30,2007-06-30,2021-07-30,-3600000.0,1553300000.0,1419025000.0,918000000.0,635300000.0,1.631,-0.986,52400000.0,361600000.0,361600000.0,0.0,872900000.0,0.842,-6.842,710000000.0,410000000.0,300000000.0,710000000.0,512600000.0,40200000.0,0.0,0.005,0.3,1405600000.0,1445800000.0,0.625,1445800000.0,1405600000.0,1411900000.0,3.15,3.09,3.15,-265900000.0,-32475000.0,-265900000.0,17120860000.0,12.0,11.842,958800000.0,3.556,1.0,2314600000.0,1.0,241400000.0,-6300000.0,569600000.0,498300000.0,0.0,13400000.0,13400000.0,0.0,1819200000.0,1090700000.0,728500000.0,17030360000.0,138400000.0,-42300000.0,-1184200000.0,408500000.0,-83100000.0,-787100000.0,4300000.0,-5800000.0,906400000.0,14800000.0,872900000.0,872900000.0,872900000.0,0.0,0.0,0.377,914100000.0,1400500000.0,282400000.0,0.095,-64.048,19.51,19.746,162800000.0,0.0,62.2,7.358,7.245,484000000.0,2463700000.0,2314600000.0,2314600000.0,0.0,0.615,-26.879,2.821,0.607,18500000.0,1034500000.0,1.0,273800000.0,269600000,276000000.0,8.585,1311900000.0,0.0,539000000.0,0.0,4.866,-172700000.0
57,MCO,MRT,2007-03-31,2007-03-31,2007-03-31,2021-07-30,-7900000.0,1469900000.0,1313475000.0,879100000.0,590800000.0,1.66,-0.252,106400000.0,289500000.0,289500000.0,0.0,783100000.0,1.137,-21.969,380000000.0,80000000.0,300000000.0,380000000.0,517900000.0,40400000.0,0.0,0.005,0.29,1322700000.0,1363100000.0,0.625,1363100000.0,1322700000.0,1320200000.0,2.78,2.73,2.78,-70100000.0,39150000.0,-70100000.0,17175610000.0,13.0,12.6,904100000.0,3.256,1.0,2179900000.0,1.0,241800000.0,2500000.0,545600000.0,470950000.0,0.0,10300000.0,10300000.0,0.0,1540000000.0,773000000.0,767000000.0,17283710000.0,-206400000.0,-40600000.0,-1258700000.0,79000000.0,-81400000.0,-1189700000.0,166900000.0,101100000.0,797700000.0,18700000.0,783100000.0,783100000.0,783100000.0,0.0,0.0,0.359,854000000.0,1325900000.0,282900000.0,0.104,-246.558,22.071,22.324,118200000.0,0.0,62.06,7.929,7.906,499300000.0,2223400000.0,2179900000.0,2179900000.0,0.0,0.596,20.003,2.809,0.607,13000000.0,974200000.0,1.0,278500000.0,277700000,284900000.0,7.85,1228100000.0,0.0,537100000.0,0.0,4.422,106100000.0
58,MCO,MRT,2006-12-31,2006-12-31,2006-12-31,2021-07-30,-8400000.0,1497700000.0,1321600000.0,1001900000.0,495800000.0,1.541,0.589,132800000.0,408100000.0,408100000.0,0.0,753900000.0,1.431,7.947,300000000.0,0.0,300000000.0,300000000.0,462400000.0,39500000.0,0.0,0.004,0.28,1257500000.0,1297000000.0,0.637,1297000000.0,1257500000.0,1260500000.0,2.65,2.58,2.65,167400000.0,152225000.0,167400000.0,19341388000.0,15.0,14.912,885300000.0,3.115,1.0,2037100000.0,1.0,241800000.0,-3000000.0,447800000.0,467950000.0,0.0,75400000.0,75400000.0,0.0,1330300000.0,700000000.0,630300000.0,19322988000.0,-77900000.0,-39200000.0,-988300000.0,-600000.0,-79500000.0,-965200000.0,116100000.0,22500000.0,752500000.0,18700000.0,753900000.0,753900000.0,753900000.0,0.0,0.0,0.37,777600000.0,1259500000.0,339700000.0,0.106,115.43,25.631,26.06,62000000.0,0.0,69.06,9.486,9.635,475400000.0,2091400000.0,2037100000.0,2037100000.0,0.0,0.57,4.953,2.687,0.617,-26100000.0,898700000.0,1.0,279800000.0,284200000,291900000.0,7.168,1255900000.0,0.0,506600000.0,0.0,4.419,301900000.0
59,MCO,MRT,2006-09-30,2006-09-30,2006-09-30,2021-07-30,9800000.0,1155200000.0,1311475000.0,680200000.0,475000000.0,1.464,0.138,-33900000.0,281600000.0,281600000.0,0.0,625400000.0,1.295,28.85,300000000.0,0.0,300000000.0,300000000.0,396700000.0,37600000.0,0.0,0.004,0.265,1037200000.0,1074800000.0,0.56,1074800000.0,1037200000.0,1041100000.0,2.17,2.13,2.17,38700000.0,187725000.0,38700000.0,18507422000.0,18.0,17.219,696900000.0,2.483,1.0,1920300000.0,1.0,218100000.0,-3900000.0,430200000.0,473350000.0,0.0,13000000.0,13000000.0,0.0,1116500000.0,525300000.0,591200000.0,18430622000.0,-455100000.0,-41000000.0,-1198900000.0,-400000.0,-75800000.0,-1190100000.0,-2800000.0,72100000.0,730800000.0,7000000.0,625400000.0,625400000.0,625400000.0,0.0,0.0,0.326,881700000.0,1038600000.0,222800000.0,0.122,476.243,29.47,30.129,62800000.0,0.0,65.38,9.598,9.557,359600000.0,1854800000.0,1920300000.0,1920300000.0,0.0,0.477,3.331,2.191,0.54,8000000.0,844100000.0,1.0,281900000.0,280700000,287900000.0,6.841,937100000.0,0.0,415700000.0,0.0,3.338,154900000.0
60,MCO,MRT,2006-06-30,2006-06-30,2006-06-30,2021-07-30,7500000.0,1131100000.0,1411450000.0,679800000.0,451300000.0,1.308,0.072,-32500000.0,223200000.0,223200000.0,0.0,615000000.0,1.29,53.908,300000000.0,0.0,300000000.0,300000000.0,423800000.0,36600000.0,0.0,0.005,0.25,1005000000.0,1041600000.0,0.564,1041600000.0,1005000000.0,1010000000.0,2.1,2.06,2.1,20600000.0,302450000.0,20600000.0,15641068000.0,16.0,15.016,652400000.0,2.278,1.0,1845900000.0,1.0,220600000.0,-5000000.0,460200000.0,469575000.0,0.0,7100000.0,7100000.0,0.0,1110500000.0,527100000.0,583400000.0,15836968000.0,-707600000.0,-28300000.0,-1341200000.0,-700000.0,-72800000.0,-1342700000.0,-55500000.0,5300000.0,684900000.0,5700000.0,615000000.0,615000000.0,615000000.0,0.0,0.0,0.333,844200000.0,1001700000.0,192200000.0,0.119,768.785,25.751,25.933,60000000.0,0.0,54.46,8.58,8.45,424600000.0,1717500000.0,1845900000.0,1845900000.0,0.0,0.436,2.033,2.14,0.544,22700000.0,807600000.0,1.0,290800000.0,286400000,293700000.0,6.445,910500000.0,0.0,395000000.0,0.0,3.179,152700000.0
61,MCO,MRT,2006-03-31,2006-03-31,2006-03-31,2021-07-30,300000.0,1502400000.0,1559750000.0,1062800000.0,439600000.0,1.142,1.316,-32500000.0,495900000.0,495900000.0,0.0,588300000.0,1.932,2.931,300000000.0,0.0,300000000.0,300000000.0,425900000.0,36000000.0,0.0,0.003,0.235,964100000.0,1000100000.0,0.561,1000100000.0,964100000.0,969100000.0,1.98,1.94,1.98,382200000.0,457825000.0,382200000.0,20508816000.0,21.0,20.507,662000000.0,2.279,1.0,1781300000.0,1.0,222800000.0,-5000000.0,533600000.0,367325000.0,0.0,109100000.0,109100000.0,0.0,1120200000.0,550100000.0,570100000.0,20694816000.0,-281100000.0,-32200000.0,-786200000.0,-1000000.0,-69500000.0,-797500000.0,-170300000.0,-105600000.0,694500000.0,-7800000.0,588300000.0,588300000.0,588300000.0,0.0,0.0,0.33,815900000.0,965400000.0,205200000.0,0.119,54.147,35.177,36.091,58300000.0,0.0,71.46,11.618,11.654,422800000.0,1565400000.0,1781300000.0,1781300000.0,0.0,0.377,1.285,2.625,0.541,38800000.0,779900000.0,1.0,289600000.0,290500000,299500000.0,6.132,1279600000.0,0.0,380800000.0,0.0,4.405,512700000.0
62,MCO,MRT,2005-12-31,2005-12-31,2005-12-31,2021-07-30,-900000.0,1457200000.0,1573900000.0,1051800000.0,405400000.0,1.1,1.039,-31300000.0,486000000.0,486000000.0,0.0,560800000.0,1.817,3.71,300000000.0,0.0,300000000.0,300000000.0,374800000.0,35200000.0,0.0,0.003,0.203,929700000.0,964900000.0,0.557,964900000.0,929700000.0,934700000.0,1.88,1.84,1.88,309400000.0,485975000.0,309400000.0,17706768000.0,19.0,18.351,676600000.0,2.273,1.0,1731600000.0,1.0,222900000.0,-5000000.0,469400000.0,245375000.0,0.0,94500000.0,94500000.0,0.0,1147800000.0,578900000.0,568900000.0,18143468000.0,-120100000.0,-30200000.0,-602600000.0,-1300000.0,-60300000.0,-666500000.0,-150400000.0,-88900000.0,707900000.0,-11100000.0,560800000.0,560800000.0,560800000.0,0.0,0.0,0.324,792000000.0,939600000.0,279800000.0,0.108,58.641,32.353,32.67,55400000.0,0.0,61.42,10.478,10.559,421800000.0,1419200000.0,1731600000.0,1731600000.0,0.0,0.356,1.154,3.789,0.537,125000000.0,756800000.0,1.0,295400000.0,297700000,305600000.0,5.817,1234300000.0,0.0,373900000.0,0.0,4.146,472900000.0
63,MCO,MRT,2005-09-30,2005-09-30,2005-09-30,2021-07-30,-1200000.0,1555100000.0,1556925000.0,1198000000.0,357100000.0,1.06,1.661,-25400000.0,736700000.0,736700000.0,0.0,533300000.0,2.369,2.125,300000000.0,0.0,300000000.0,300000000.0,329400000.0,34900000.0,0.0,0.004,0.185,913000000.0,947900000.0,0.574,947900000.0,913000000.0,896800000.0,1.78,1.74,1.78,497600000.0,488000000.0,497600000.0,14739172000.0,16.0,15.549,663300000.0,2.214,1.0,1650000000.0,1.0,197500000.0,16200000.0,415100000.0,135600000.0,0.0,81700000.0,81700000.0,0.0,1057500000.0,505800000.0,551700000.0,15369972000.0,285700000.0,-3900000.0,-233500000.0,-1300000.0,-55700000.0,-292500000.0,-106900000.0,-77600000.0,688700000.0,-3600000.0,533300000.0,533300000.0,533300000.0,0.0,0.0,0.323,746600000.0,903400000.0,244500000.0,0.104,30.888,28.82,28.697,47200000.0,0.0,51.08,9.315,9.275,336800000.0,1305600000.0,1650000000.0,1650000000.0,0.0,0.343,1.093,6.733,0.553,114200000.0,711700000.0,1.0,300900000.0,299600000,307700000.0,5.507,1357600000.0,0.0,363500000.0,0.0,4.531,692200000.0
64,MCO,MRT,2005-06-30,2005-06-30,2005-06-30,2021-07-30,2200000.0,1724300000.0,1451650000.0,1370700000.0,353600000.0,1.093,2.137,-21600000.0,930800000.0,930800000.0,0.0,482200000.0,1.626,1.685,300000000.0,300000000.0,0.0,300000000.0,354100000.0,34400000.0,0.0,0.004,0.168,872700000.0,907100000.0,0.572,907100000.0,872700000.0,856500000.0,1.61,1.58,1.61,642100000.0,400475000.0,642100000.0,13019992000.0,15.0,14.353,617000000.0,2.054,1.0,1586800000.0,1.0,199100000.0,16200000.0,51200000.0,110025000.0,0.0,0.0,0.0,0.0,1082200000.0,843200000.0,239000000.0,13496992000.0,598500000.0,-4300000.0,46000000.0,-1300000.0,-50100000.0,-5400000.0,-32600000.0,-6700000.0,638600000.0,-2100000.0,482200000.0,482200000.0,482200000.0,0.0,0.0,0.304,717500000.0,869300000.0,251700000.0,0.104,21.02,27.99,27.925,45700000.0,0.0,44.96,8.506,8.511,379400000.0,1175500000.0,1586800000.0,1586800000.0,0.0,0.332,1.204,7.932,0.55,106800000.0,683100000.0,1.0,300200000.0,300400000,307700000.0,5.282,1525200000.0,0.0,374300000.0,0.0,5.077,527500000.0
65,MCO,MRT,2005-03-31,2005-03-31,2005-03-31,2021-07-30,8000000.0,1559000000.0,1270900000.0,1205300000.0,353700000.0,1.178,1.655,-20200000.0,777000000.0,777000000.0,0.0,440300000.0,1.443,2.151,300000000.0,300000000.0,0.0,300000000.0,355000000.0,34400000.0,0.0,0.004,0.15,816900000.0,851300000.0,0.568,851300000.0,816900000.0,800700000.0,1.48,1.45,1.48,494800000.0,255475000.0,494800000.0,11750126000.0,14.0,13.803,553100000.0,1.85,1.0,1497600000.0,1.0,200900000.0,16200000.0,45800000.0,181725000.0,0.0,0.0,0.0,0.0,1064200000.0,835300000.0,228900000.0,12056226000.0,408900000.0,-700000.0,-95600000.0,-1300000.0,-44700000.0,-141600000.0,-24400000.0,-3500000.0,573300000.0,1600000.0,440300000.0,440300000.0,440300000.0,0.0,0.0,0.294,681600000.0,816000000.0,238000000.0,0.101,24.366,27.382,27.318,44800000.0,0.0,40.43,8.05,8.072,364600000.0,1046800000.0,1497600000.0,1497600000.0,0.0,0.346,1.723,4.495,0.545,96100000.0,647200000.0,1.0,298200000.0,299000000,306100000.0,5.009,1358100000.0,0.0,360400000.0,0.0,4.542,370000000.0
66,MCO,MRT,2004-12-31,2004-12-31,2004-12-31,2021-07-30,9700000.0,1389300000.0,1145275000.0,1035900000.0,353400000.0,1.256,1.069,-21300000.0,606100000.0,606100000.0,0.0,425100000.0,1.218,3.376,300000000.0,300000000.0,0.0,300000000.0,321100000.0,34100000.0,0.0,0.003,0.15,787500000.0,821600000.0,0.571,821600000.0,787500000.0,771300000.0,1.43,1.4,1.43,317500000.0,156675000.0,317500000.0,12694415000.0,16.0,15.451,504900000.0,1.7,1.0,1438300000.0,1.0,202400000.0,16200000.0,30300000.0,263875000.0,0.0,7300000.0,7300000.0,0.0,1071800000.0,850500000.0,221300000.0,12845115000.0,337000000.0,-3500000.0,-116300000.0,-1300000.0,-44700000.0,-162300000.0,-31300000.0,-6500000.0,526200000.0,4400000.0,425100000.0,425100000.0,425100000.0,0.0,0.0,0.296,651900000.0,786400000.0,283800000.0,0.105,40.457,30.217,30.367,45200000.0,0.0,43.425,8.931,8.967,371700000.0,939300000.0,1438300000.0,1438300000.0,0.0,0.371,2.713,2.984,0.548,83700000.0,617800000.0,1.0,295800000.0,297000000,304700000.0,4.843,1186900000.0,0.0,346200000.0,0.0,3.996,185400000.0
67,MCO,MRT,2004-09-30,2004-09-30,2004-09-30,2021-07-30,7100000.0,1134000000.0,1036025000.0,789500000.0,344500000.0,1.349,0.5,-19700000.0,451000000.0,451000000.0,0.0,388000000.0,1.678,6.688,300300000.0,0.0,300300000.0,300300000.0,284200000.0,34100000.0,0.0,0.004,0.135,760100000.0,794200000.0,0.568,794200000.0,760100000.0,738300000.0,1.3,1.275,1.3,147500000.0,69275000.0,147500000.0,10794050000.0,14.0,13.591,499100000.0,1.691,1.0,1397400000.0,1.0,199900000.0,21800000.0,312800000.0,340400000.0,0.0,0.0,0.0,0.0,986500000.0,470600000.0,515900000.0,10826350000.0,271100000.0,-3800000.0,-181000000.0,-1100000.0,-40100000.0,-222200000.0,-27600000.0,-4100000.0,518800000.0,2100000.0,388000000.0,388000000.0,388000000.0,0.0,0.0,0.278,641100000.0,756300000.0,236600000.0,0.104,73.399,27.903,28.173,44200000.0,0.0,36.625,7.747,7.737,285500000.0,827900000.0,1397400000.0,1397400000.0,0.0,0.375,5.601,2.233,0.544,68700000.0,607000000.0,1.0,295600000.0,295200000,301300000.0,4.734,934100000.0,0.0,350300000.0,0.0,3.164,318900000.0
68,MCO,MRT,2004-06-30,2004-06-30,2004-06-30,2021-07-30,7000000.0,1001300000.0,949275000.0,654700000.0,346600000.0,1.416,0.209,-20500000.0,332300000.0,332300000.0,0.0,378100000.0,1.523,15.124,300000000.0,0.0,300000000.0,300000000.0,295600000.0,33900000.0,0.0,0.004,0.12,719600000.0,753500000.0,0.56,753500000.0,719600000.0,697800000.0,1.265,1.235,1.265,62100000.0,9850000.0,62100000.0,9611502000.0,13.0,12.756,500000000.0,1.679,1.0,1344500000.0,1.0,201100000.0,21800000.0,338000000.0,347575000.0,0.0,0.0,0.0,0.0,939200000.0,429900000.0,509300000.0,9679602000.0,251100000.0,-3400000.0,-208500000.0,-1100000.0,-35900000.0,-245500000.0,-26200000.0,-2300000.0,520500000.0,2300000.0,378100000.0,378100000.0,378100000.0,0.0,0.0,0.281,624800000.0,719700000.0,181900000.0,0.095,155.871,25.601,25.557,46300000.0,0.0,32.33,7.199,7.161,295800000.0,743500000.0,1344500000.0,1344500000.0,0.0,0.398,38.386,2.07,0.535,64100000.0,590900000.0,1.0,299400000.0,297800000,304300000.0,4.515,800200000.0,0.0,319700000.0,0.0,2.687,224800000.0
69,MCO,MRT,2004-03-31,2004-03-31,2004-03-31,2021-07-30,8900000.0,1056500000.0,879175000.0,680000000.0,376500000.0,1.478,0.334,-20300000.0,368100000.0,368100000.0,0.0,375500000.0,1.655,9.607,300000000.0,0.0,300000000.0,300000000.0,295900000.0,33100000.0,0.0,0.003,0.105,699000000.0,732100000.0,0.563,732100000.0,699000000.0,677200000.0,1.255,1.225,1.255,99600000.0,-40550000.0,99600000.0,10551780000.0,15.0,14.413,476000000.0,1.596,1.0,1299600000.0,1.0,203000000.0,21800000.0,374400000.0,358725000.0,0.0,0.0,0.0,0.0,956900000.0,411000000.0,545900000.0,10520880000.0,310300000.0,-3100000.0,-43300000.0,-94200000.0,-31300000.0,-168800000.0,-22000000.0,1400000.0,496300000.0,4800000.0,375500000.0,375500000.0,375500000.0,0.0,0.0,0.289,602700000.0,696900000.0,158700000.0,0.084,105.631,28.018,28.207,48000000.0,0.0,35.4,8.095,8.123,281500000.0,651200000.0,1299600000.0,1299600000.0,0.0,0.427,-9.26,1.949,0.538,63600000.0,569600000.0,1.0,297200000.0,298200000,306200000.0,4.358,853500000.0,0.0,301700000.0,0.0,2.862,269000000.0
70,MCO,MRT,2003-12-31,2003-12-31,2003-12-31,2021-07-30,8100000.0,952300000.0,786275000.0,579900000.0,372400000.0,1.585,-0.108,-17900000.0,269100000.0,269100000.0,0.0,363900000.0,1.309,-30.667,300000000.0,0.0,300000000.0,300000000.0,255700000.0,32600000.0,0.0,0.003,0.09,678200000.0,710800000.0,0.57,710800000.0,678200000.0,656400000.0,1.22,1.19,1.22,-32100000.0,-133425000.0,-32100000.0,9129940000.0,13.0,12.845,449100000.0,1.508,1.0,1246600000.0,1.0,203800000.0,21800000.0,336400000.0,354975000.0,0.0,0.0,0.0,0.0,984400000.0,443000000.0,541400000.0,9009840000.0,229200000.0,800000.0,-92700000.0,-108200000.0,-26800000.0,-227700000.0,-15700000.0,1400000.0,467000000.0,5600000.0,363900000.0,363900000.0,363900000.0,0.0,0.0,0.292,583500000.0,663100000.0,228400000.0,0.074,-280.68,24.759,24.816,46800000.0,0.0,30.275,7.228,7.232,270300000.0,558900000.0,1246600000.0,1246600000.0,0.0,0.463,-2.727,1.911,0.544,44100000.0,550900000.0,1.0,297600000.0,297800000,304600000.0,4.186,748500000.0,0.0,292500000.0,0.0,2.513,136900000.0
71,MCO,MRT,2003-09-30,2003-09-30,2003-09-30,2021-07-30,5200000.0,787000000.0,705900000.0,438100000.0,348900000.0,1.654,-0.302,-17500000.0,179900000.0,179900000.0,0.0,348200000.0,1.217,-9.725,300000000.0,0.0,300000000.0,300000000.0,221900000.0,31000000.0,0.0,0.003,0.09,629400000.0,660400000.0,0.566,660400000.0,629400000.0,608200000.0,1.17,1.14,1.17,-90200000.0,-207150000.0,-90200000.0,8420324000.0,13.0,12.75,406100000.0,1.359,1.0,1167800000.0,1.0,205600000.0,21200000.0,341500000.0,352200000.0,0.0,0.0,0.0,0.0,877200000.0,360000000.0,517200000.0,8201524000.0,110000000.0,900000.0,-273700000.0,-900000.0,-26800000.0,-301400000.0,-16400000.0,0.0,423600000.0,4200000.0,348200000.0,348200000.0,348200000.0,0.0,0.0,0.298,551800000.0,616000000.0,175600000.0,0.077,-90.926,23.554,23.491,47100000.0,0.0,27.485,7.023,7.032,207800000.0,480100000.0,1167800000.0,1167800000.0,0.0,0.493,-1.681,1.787,0.539,37800000.0,520800000.0,1.0,298400000.0,298800000,305800000.0,3.908,581400000.0,0.0,260000000.0,0.0,1.946,78100000.0
72,MCO,MRT,2003-06-30,2003-06-30,2003-06-30,2021-07-30,3400000.0,720900000.0,667750000.0,368700000.0,352200000.0,1.664,-0.469,-19200000.0,81200000.0,81200000.0,0.0,330400000.0,1.054,-6.168,300000000.0,0.0,300000000.0,300000000.0,234700000.0,30000000.0,0.0,0.003,0.09,597100000.0,627100000.0,0.564,627100000.0,597100000.0,575900000.0,1.105,1.075,1.105,-139500000.0,-229725000.0,-139500000.0,8152193000.0,14.0,13.0,358000000.0,1.203,1.0,1111100000.0,1.0,207200000.0,21200000.0,382600000.0,348825000.0,0.0,0.0,0.0,0.0,860400000.0,349900000.0,510500000.0,7816893000.0,2700000.0,1500000.0,-333000000.0,-600000.0,-27200000.0,-360800000.0,-17500000.0,0.0,377200000.0,3800000.0,330400000.0,330400000.0,330400000.0,0.0,0.0,0.297,528900000.0,582200000.0,149800000.0,0.081,-56.035,23.659,23.851,48400000.0,0.0,26.355,7.035,7.059,237200000.0,401300000.0,1111100000.0,1111100000.0,0.0,0.495,-1.438,1.712,0.537,29400000.0,498900000.0,1.0,296600000.0,297600000,304800000.0,3.734,513700000.0,0.0,245500000.0,0.0,1.726,18800000.0
73,MCO,MRT,2003-03-31,2003-03-31,2003-03-31,2021-07-30,2100000.0,684900000.0,653425000.0,331100000.0,353800000.0,1.637,-0.918,-19400000.0,57800000.0,57800000.0,0.0,308200000.0,0.732,-3.519,393100000.0,93100000.0,300000000.0,393100000.0,234500000.0,28300000.0,0.0,0.004,0.09,565600000.0,593900000.0,0.555,593900000.0,565600000.0,544400000.0,1.02,0.99,1.02,-271900000.0,-230525000.0,-271900000.0,7204617000.0,13.0,12.131,349500000.0,1.18,1.0,1069900000.0,1.0,208600000.0,21200000.0,359400000.0,334600000.0,0.0,0.0,0.0,0.0,956800000.0,452200000.0,504600000.0,6837417000.0,-120000000.0,-204600000.0,-335200000.0,92800000.0,-27500000.0,-269900000.0,-223700000.0,0.0,368900000.0,4700000.0,308200000.0,308200000.0,308200000.0,0.0,0.0,0.288,517400000.0,552500000.0,155800000.0,0.088,-25.147,22.185,22.662,49300000.0,0.0,23.115,6.391,6.399,223200000.0,307000000.0,1069900000.0,1069900000.0,0.0,0.472,-1.337,1.69,0.529,28700000.0,489100000.0,1.0,295800000.0,296200000,303000000.0,3.612,476300000.0,0.0,236200000.0,0.0,1.608,-121100000.0
74,MCO,MRT,2002-12-31,2002-12-31,2002-12-31,2021-07-30,1700000.0,630800000.0,614725000.0,245800000.0,385000000.0,1.665,-1.062,-18100000.0,39900000.0,39900000.0,0.0,288900000.0,0.532,-2.929,407100000.0,107100000.0,300000000.0,407100000.0,198500000.0,24600000.0,0.0,0.004,0.09,538600000.0,563200000.0,0.55,563200000.0,538600000.0,517400000.0,0.94,0.915,0.94,-327000000.0,-225375000.0,-327000000.0,6469019000.0,12.0,11.486,316700000.0,1.029,1.0,1023300000.0,1.0,210700000.0,21200000.0,325300000.0,323000000.0,0.0,0.0,0.0,0.0,957800000.0,462000000.0,495800000.0,6238919000.0,-123300000.0,-205700000.0,-315900000.0,107100000.0,-27800000.0,-236600000.0,-223600000.0,0.0,334800000.0,2100000.0,288900000.0,288900000.0,288900000.0,0.0,0.0,0.282,485200000.0,538100000.0,184900000.0,0.096,-19.079,21.595,21.963,50600000.0,0.0,20.645,6.097,6.21,178100000.0,221800000.0,1023300000.0,1023300000.0,0.0,0.47,-1.282,1.667,0.526,27500000.0,460600000.0,1.0,302200000.0,307800000,315000000.0,3.325,420100000.0,0.0,228500000.0,0.0,1.365,-216200000.0
75,MCO,MRT,2002-09-30,2002-09-30,2002-09-30,2021-07-30,400000.0,634400000.0,583375000.0,281800000.0,352600000.0,1.667,-0.582,-17300000.0,69900000.0,69900000.0,0.0,277900000.0,0.869,-4.515,300000000.0,0.0,300000000.0,300000000.0,183500000.0,21900000.0,0.0,0.004,0.09,515000000.0,536900000.0,0.552,536900000.0,515000000.0,498500000.0,0.9,0.875,0.9,-180500000.0,-219650000.0,-180500000.0,7758400000.0,15.0,14.45,297500000.0,0.958,1.0,972300000.0,1.0,212300000.0,16500000.0,328000000.0,309825000.0,0.0,0.0,0.0,0.0,814900000.0,324200000.0,490700000.0,7536900000.0,-104800000.0,-215300000.0,-162000000.0,0.0,-28100000.0,-190100000.0,-232600000.0,0.0,314800000.0,3100000.0,277900000.0,277900000.0,277900000.0,0.0,0.0,0.286,452200000.0,520100000.0,165200000.0,0.1,-41.756,27.121,26.944,45700000.0,0.0,24.25,7.752,7.742,151700000.0,158700000.0,972300000.0,972300000.0,0.0,0.476,-1.265,1.662,0.53,24500000.0,430300000.0,1.0,310800000.0,310400000,318800000.0,3.132,422100000.0,0.0,220600000.0,0.0,1.36,-42400000.0
76,MCO,MRT,2002-06-30,2002-06-30,2002-06-30,2021-07-30,-100000.0,663600000.0,543150000.0,311600000.0,352000000.0,1.684,-0.46,-15900000.0,78500000.0,78500000.0,0.0,260000000.0,0.9,-5.65,300000000.0,0.0,300000000.0,300000000.0,196000000.0,19200000.0,0.0,0.004,0.09,483300000.0,502500000.0,0.55,502500000.0,483300000.0,466800000.0,0.84,0.815,0.84,-142700000.0,-248425000.0,-142700000.0,7798625000.0,16.0,15.52,309300000.0,0.998,1.0,914400000.0,1.0,213000000.0,16500000.0,325700000.0,289850000.0,0.0,0.0,0.0,0.0,806300000.0,346400000.0,459900000.0,7676425000.0,-85900000.0,-217200000.0,-154000000.0,0.0,-28000000.0,-182000000.0,-233100000.0,0.0,325200000.0,4000000.0,260000000.0,260000000.0,260000000.0,0.0,0.0,0.284,428000000.0,486400000.0,173100000.0,0.107,-53.794,29.525,29.613,45700000.0,0.0,24.875,8.395,8.433,177600000.0,98000000.0,914400000.0,914400000.0,0.0,0.479,-1.047,1.667,0.529,32700000.0,408800000.0,1.0,308600000.0,310000000,318600000.0,2.95,450600000.0,0.0,206800000.0,0.0,1.454,-34800000.0
77,MCO,MRT,2002-03-31,2002-03-31,2002-03-31,2021-07-30,-3100000.0,530100000.0,492750000.0,396700000.0,133400000.0,1.721,-0.814,-14700000.0,177800000.0,177800000.0,0.0,236800000.0,1.222,-3.109,300000000.0,0.0,300000000.0,300000000.0,176100000.0,17000000.0,0.0,0.004,0.09,442200000.0,459200000.0,0.541,459200000.0,442200000.0,425700000.0,0.76,0.74,0.76,-251300000.0,-276875000.0,-251300000.0,6488276824.0,15.0,14.13,277900000.0,0.9,1.0,848100000.0,1.0,14700000.0,16500000.0,313000000.0,282825000.0,0.0,0.0,0.0,0.0,781400000.0,324600000.0,456800000.0,6351476824.0,78800000.0,-15200000.0,-156800000.0,0.0,-28200000.0,-185000000.0,-30100000.0,0.0,292600000.0,1300000.0,236800000.0,236800000.0,236800000.0,0.0,0.0,0.279,404700000.0,443400000.0,169700000.0,0.118,-25.274,26.822,27.039,43000000.0,0.0,20.55,7.489,7.482,158400000.0,26300000.0,848100000.0,848100000.0,0.0,0.481,-0.855,1.564,0.521,20600000.0,387700000.0,1.0,309074298.0,308800000,316200000.0,2.746,515400000.0,0.0,188900000.0,0.0,1.669,72100000.0
78,MCO,MRT,2001-12-31,2001-12-31,2001-12-31,2021-07-30,-2700000.0,505400000.0,460125000.0,371200000.0,134200000.0,1.731,-0.965,-14800000.0,163200000.0,163200000.0,0.0,212200000.0,1.033,-2.662,300000000.0,0.0,300000000.0,300000000.0,142200000.0,17000000.0,0.0,0.005,0.09,398400000.0,415400000.0,0.521,415400000.0,398400000.0,381900000.0,0.675,0.66,0.675,-304100000.0,-295025000.0,-304100000.0,6343460000.0,16.0,15.271,306600000.0,0.973,1.0,796700000.0,1.0,10300000.0,16500000.0,272600000.0,278050000.0,0.0,0.0,0.0,0.0,809500000.0,359300000.0,450200000.0,6218160000.0,44100000.0,-15200000.0,-219800000.0,0.0,-28300000.0,-248100000.0,-30000000.0,0.0,321400000.0,800000.0,212200000.0,212200000.0,212200000.0,0.0,0.0,0.266,398200000.0,398500000.0,236900000.0,0.133,-20.448,29.303,29.526,42900000.0,0.0,19.93,7.805,7.885,148400000.0,-39300000.0,796700000.0,796700000.0,0.0,0.461,-0.719,1.433,0.5,15100000.0,381200000.0,1.0,312000000.0,315200000,320400000.0,2.528,495100000.0,0.0,169700000.0,0.0,1.571,11900000.0
79,MCO,MRT,2001-09-30,2001-09-30,2001-09-30,2021-07-30,-2400000.0,473500000.0,433350000.0,346200000.0,127300000.0,1.7,-0.934,-15000000.0,174700000.0,174700000.0,0.0,193800000.0,1.021,-2.602,300000000.0,0.0,300000000.0,300000000.0,135600000.0,16300000.0,0.0,0.005,0.09,352000000.0,368300000.0,0.5,368300000.0,352000000.0,348400000.0,0.61,0.6,0.61,-295600000.0,-289625000.0,-295600000.0,5992700000.0,17.0,16.271,297400000.0,0.94,1.0,736900000.0,1.0,11700000.0,3600000.0,248100000.0,292075000.0,0.0,0.0,0.0,0.0,769100000.0,339000000.0,430100000.0,5857100000.0,152100000.0,-5000000.0,-217900000.0,104500000.0,-28500000.0,-139500000.0,-21000000.0,0.0,312400000.0,200000.0,193800000.0,193800000.0,193800000.0,0.0,0.0,0.263,372400000.0,364500000.0,203400000.0,0.148,-19.814,30.222,30.328,42700000.0,0.0,18.5,7.948,7.943,112400000.0,-91100000.0,736900000.0,736900000.0,0.0,0.447,-0.669,1.205,0.478,14100000.0,356100000.0,1.0,316600000.0,316400000,323000000.0,2.329,461800000.0,0.0,154600000.0,0.0,1.46,7200000.0
80,MCO,MRT,2001-06-30,2001-06-30,2001-06-30,2021-07-30,-3300000.0,462000000.0,389225000.0,337900000.0,124100000.0,1.796,-0.812,-14400000.0,164400000.0,164400000.0,0.0,184400000.0,1.175,-2.801,300000000.0,0.0,300000000.0,300000000.0,145500000.0,16400000.0,0.0,0.004,0.068,334700000.0,351100000.0,0.502,351100000.0,334700000.0,331100000.0,0.575,0.57,0.575,-256500000.0,-281000000.0,-256500000.0,5477250000.0,16.0,15.6,258900000.0,0.819,1.0,699000000.0,1.0,12400000.0,3600000.0,297600000.0,288975000.0,0.0,0.0,0.0,0.0,718500000.0,287600000.0,430900000.0,5276250000.0,149800000.0,-3700000.0,-123600000.0,300000000.0,-21400000.0,-102600000.0,-19900000.0,0.0,273300000.0,-1000000.0,184400000.0,184400000.0,184400000.0,0.0,0.0,0.264,355300000.0,343700000.0,142100000.0,0.118,-20.57,28.613,29.13,42000000.0,0.0,16.75,7.548,7.572,117500000.0,-133900000.0,699000000.0,699000000.0,0.0,0.474,-0.656,1.158,0.479,2600000.0,338900000.0,1.0,315000000.0,316000000,322400000.0,2.212,449600000.0,0.0,146700000.0,0.0,1.423,50300000.0
81,MCO,MRT,2001-03-31,2001-03-31,2001-03-31,2021-07-30,-3300000.0,399600000.0,,279800000.0,119800000.0,,-1.019,-14400000.0,99000000.0,99000000.0,0.0,170600000.0,0.953,-2.234,300000000.0,0.0,300000000.0,300000000.0,150400000.0,16700000.0,0.0,0.003,0.045,309600000.0,326300000.0,0.507,326300000.0,309600000.0,306000000.0,0.53,0.53,0.53,-323900000.0,,-323900000.0,4586732024.0,15.0,14.057,109900000.0,0.346,1.0,643200000.0,1.0,13100000.0,3600000.0,293900000.0,,0.0,0.0,0.0,0.0,723500000.0,293600000.0,429900000.0,4405832024.0,88700000.0,0.0,-142600000.0,300000000.0,-14300000.0,-18200000.0,-16100000.0,0.0,124300000.0,-1300000.0,170600000.0,170600000.0,170600000.0,0.0,0.0,0.265,328700000.0,314500000.0,143200000.0,0.085,-13.602,25.826,26.0,42300000.0,0.0,13.78,6.85,6.813,123700000.0,-182300000.0,643200000.0,643200000.0,0.0,,,,0.481,2600000.0,312000000.0,1.0,319726562.0,318000000,322200000.0,2.023,386500000.0,0.0,135400000.0,0.0,1.215,-13800000.0
82,MCO,MRT,2000-12-31,2000-12-31,2000-12-31,2021-07-30,-1900000.0,398300000.0,336550000.0,277600000.0,120700000.0,1.79,-0.874,-14400000.0,119100000.0,119100000.0,0.0,158500000.0,1.172,-2.41,300000000.0,0.0,300000000.0,300000000.0,117700000.0,16600000.0,0.0,0.002,0.022,287600000.0,304200000.0,0.505,304200000.0,287600000.0,284000000.0,0.49,0.485,0.49,-282500000.0,-252800000.0,-282500000.0,4347525000.0,15.0,14.292,55800000.0,0.173,1.0,602300000.0,1.0,13700000.0,3600000.0,328700000.0,111200000.0,0.0,0.0,0.0,0.0,680800000.0,236800000.0,444000000.0,4174625000.0,115700000.0,-17400000.0,-61700000.0,300000000.0,-7200000.0,79000000.0,-33600000.0,0.0,70200000.0,100000.0,158500000.0,158500000.0,158500000.0,0.0,0.0,0.263,313800000.0,288500000.0,135400000.0,0.045,-14.777,26.338,26.214,43400000.0,0.0,12.845,6.931,6.897,101000000.0,-223200000.0,602300000.0,602300000.0,0.0,0.471,-0.627,2.586,0.478,2600000.0,297200000.0,1.0,325000000.0,323400000,326000000.0,1.862,384600000.0,0.0,125500000.0,0.0,1.189,40800000.0
83,MCO,MRT,2000-09-30,2000-09-30,2000-09-30,2021-07-30,-4000000.0,297000000.0,,168300000.0,128700000.0,,-0.805,-17400000.0,22600000.0,22600000.0,0.0,156300000.0,0.765,-2.137,195500000.0,0.0,195500000.0,195500000.0,112700000.0,16100000.0,0.0,,0.0,280200000.0,296300000.0,0.509,296300000.0,280200000.0,280200000.0,0.485,0.485,0.485,-261100000.0,,-261100000.0,,,,51900000.0,0.16,1.0,581600000.0,1.0,14200000.0,0.0,235700000.0,,0.0,0.0,0.0,0.0,558100000.0,220000000.0,338100000.0,,17800000.0,-17800000.0,0.0,195500000.0,0.0,-14900000.0,-36000000.0,0.0,69300000.0,-600000.0,156300000.0,156300000.0,156300000.0,0.0,0.0,0.269,301200000.0,280400000.0,107300000.0,0.0,,,,42900000.0,0.0,,,,87800000.0,-258700000.0,581600000.0,581600000.0,0.0,,,,0.482,0.0,285100000.0,1.0,325000000.0,324400000,327800000.0,1.793,282800000.0,0.0,123900000.0,0.0,0.872,-51700000.0
84,MCO,MRT,2000-06-30,2000-06-30,2000-06-30,2021-07-30,,,,,,,,,,,0.0,158000000.0,,,,,,,,,,,0.0,283300000.0,,,,283300000.0,283300000.0,0.49,0.49,0.49,,,,,,,,,1.0,568400000.0,1.0,,0.0,,,,,,,,,,,,,,,,,,,,,158000000.0,158000000.0,158000000.0,0.0,0.0,0.278,294300000.0,274100000.0,,0.0,,,,,0.0,,,,,,568400000.0,568400000.0,0.0,,,,0.498,,279600000.0,1.0,,323800000,326600000.0,1.755,,,125300000.0,,,
85,MCO,MRT,2000-03-31,2000-03-31,2000-03-31,2021-07-30,,,,,,,,,,,,,,,,,,,,,,,0.0,,,,,,,,,,,,,,,,,,1.0,,,,,,,,,,,,,,,,,,,,,,,,,,,,,,,,,,,,,,,,,,,,,,,,,,,,,,1.0,,322400000,,,,,,,,
86,MCO,MRT,1999-12-31,1999-12-31,1999-12-31,2021-07-30,-2400000.0,274800000.0,,172700000.0,102100000.0,,-0.687,-12900000.0,3400000.0,3400000.0,0.0,155600000.0,0.46,-2.232,0.0,0.0,0.0,0.0,100400000.0,13000000.0,0.0,,0.0,278900000.0,291900000.0,0.517,291900000.0,278900000.0,278900000.0,0.48,0.475,0.48,-223100000.0,,-223100000.0,,,,184800000.0,0.569,1.0,564200000.0,1.0,2200000.0,0.0,-106300000.0,,0.0,0.0,0.0,0.0,497900000.0,375500000.0,122400000.0,,-600000.0,0.0,0.0,0.0,0.0,-186400000.0,-12000000.0,0.0,197700000.0,100000.0,155600000.0,155600000.0,155600000.0,0.0,0.0,0.276,293800000.0,270400000.0,275100000.0,0.0,,,,43300000.0,0.0,,,,84400000.0,-222400000.0,564200000.0,564200000.0,0.0,,,,0.494,0.0,280800000.0,1.0,,324600000,328600000.0,1.738,272600000.0,0.0,123300000.0,0.0,0.84,-202800000.0
87,MCO,MRT,1999-09-30,1999-09-30,1999-09-30,2021-07-30,,,,,,,,,,,,,,,,,,,,,,,0.0,,,,,,,,,,,,,,,,,,1.0,,,,,,,,,,,,,,,,,,,,,,,,,,,,,,,,,,,,,,,,,,,,,,,,,,,,,,1.0,,321800000,,,,,,,,
88,MCO,MRT,1998-12-31,1998-12-31,1998-12-31,2021-07-30,,,,,,,,-11300000.0,,,0.0,142000000.0,,,,,,,,15400000.0,,,0.0,237900000.0,253300000.0,0.493,253300000.0,237900000.0,237900000.0,0.42,0.415,0.42,,,,,,,156300000.0,0.461,1.0,513900000.0,1.0,,0.0,,,,,,,,,,,-1200000.0,25000000.0,0.0,0.0,0.0,-182000000.0,13100000.0,0.0,167600000.0,100000.0,142000000.0,142000000.0,142000000.0,0.0,0.0,0.276,288400000.0,225500000.0,,0.0,,,,,0.0,,,,,,513900000.0,513900000.0,0.0,,,,0.463,0.0,273000000.0,1.0,,339000000,343400000.0,1.516,,,95900000.0,,,
