None,ticker,dimension,calendardate,datekey,reportperiod,lastupdated,accoci,assets,assetsavg,assetsc,assetsnc,assetturnover,bvps,capex,cashneq,cashnequsd,cor,consolinc,currentratio,de,debt,debtc,debtnc,debtusd,deferredrev,depamor,deposits,divyield,dps,ebit,ebitda,ebitdamargin,ebitdausd,ebitusd,ebt,eps,epsdil,epsusd,equity,equityavg,equityusd,ev,evebit,evebitda,fcf,fcfps,fxusd,gp,grossmargin,intangibles,intexp,invcap,invcapavg,inventory,investments,investmentsc,investmentsnc,liabilities,liabilitiesc,liabilitiesnc,marketcap,ncf,ncfbus,ncfcommon,ncfdebt,ncfdiv,ncff,ncfi,ncfinv,ncfo,ncfx,netinc,netinccmn,netinccmnusd,netincdis,netincnci,netmargin,opex,opinc,payables,payoutratio,pb,pe,pe1,ppnenet,prefdivis,price,ps,ps1,receivables,retearn,revenue,revenueusd,rnd,roa,roe,roic,ros,sbcomp,sgna,sharefactor,sharesbas,shareswa,shareswadil,sps,tangibles,taxassets,taxexp,taxliabilities,tbvps,workingcapital
0,MEE,MRY,2010-12-31,2010-12-31,2010-12-31,2019-05-23,-122268000.0,4610982000.0,4597688000.0,1117064000.0,3493918000.0,0.661,18.253,-434855000.0,327179000.0,327179000.0,3035135000.0,-166587000.0,1.685,1.59,1316179000.0,12327000.0,1303852000.0,1316179000.0,0.0,321477000.0,0.0,0.004,0.24,-131354000.0,190123000.0,0.063,190123000.0,-131354000.0,-233597000.0,-1.71,-1.71,-1.71,1780462000.0,1843607000.0,1780462000.0,6313291841.0,-48.0,33.206,-166946000.0,-1.711,1.0,3839000.0,0.001,157630000.0,102243000.0,4779287000.0,4587278500.0,289027000.0,0.0,0.0,0.0,2830520000.0,663065000.0,2167455000.0,5478970841.0,-338583000.0,-629977000.0,453233000.0,-23530000.0,-23477000.0,422703000.0,-1029195000.0,15526000.0,267909000.0,0.0,-166587000.0,-166587000.0,-166587000.0,0.0,0.0,-0.055,163226000.0,-159387000.0,245312000.0,-0.14,3.077,-32.89,-31.374,3217685000.0,0.0,53.65,1.803,1.722,296770000.0,526025000.0,3038974000.0,3038974000.0,0.0,-0.036,-0.09,-0.029,-0.043,11099000.0,155154000.0,1.0,102124340.0,97545000.0,97545000.0,31.155,4453352000.0,10912000.0,-67010000.0,163383000.0,45.654,453999000.0
1,MEE,MRY,2009-12-31,2009-12-31,2009-12-31,2019-05-23,-82669000.0,3799671000.0,3727048000.0,1314565000.0,2485106000.0,0.722,14.781,-274552000.0,665762000.0,665762000.0,2393686000.0,104433000.0,2.955,2.025,1319086000.0,23531000.0,1295555000.0,1319086000.0,0.0,270177000.0,0.0,0.006,0.24,239559000.0,509736000.0,0.189,509736000.0,239559000.0,137265000.0,1.23,1.22,1.23,1256283000.0,1207969750.0,1256283000.0,4278073206.0,18.0,8.393,14357000.0,0.169,1.0,297473000.0,0.111,0.0,102294000.0,4008060000.0,3993841000.0,269826000.0,10864000.0,10864000.0,0.0,2543388000.0,444935000.0,2098453000.0,3593746206.0,58765000.0,0.0,11306000.0,-12636000.0,-20421000.0,-18516000.0,-211628000.0,28519000.0,288909000.0,0.0,104433000.0,104433000.0,104433000.0,0.0,0.0,0.039,107946000.0,189527000.0,164979000.0,0.195,2.861,34.412,34.154,2344770000.0,0.0,42.01,1.335,1.327,121577000.0,716089000.0,2691159000.0,2691159000.0,0.0,0.028,0.086,0.06,0.089,12747000.0,99241000.0,1.0,85545018.0,84992000.0,85598000.0,31.664,3799671000.0,10546000.0,32832000.0,209230000.0,44.706,869630000.0
2,MEE,MRY,2008-12-31,2008-12-31,2008-12-31,2019-05-23,-101362000.0,3672378000.0,3427508250.0,1235496000.0,2436882000.0,0.872,13.77,-736529000.0,606997000.0,606997000.0,2499604000.0,47829000.0,2.451,2.26,1312157000.0,1976000.0,1310181000.0,1312157000.0,0.0,257327000.0,0.0,0.015,0.21,145793000.0,403120000.0,0.135,403120000.0,145793000.0,48927000.0,0.58,0.58,0.58,1126612000.0,944936250.0,1126612000.0,1992585368.0,14.0,4.943,-351448000.0,-4.296,1.0,490185000.0,0.164,0.0,96866000.0,3873385000.0,3590852000.0,233168000.0,39383000.0,39383000.0,0.0,2545766000.0,504153000.0,2041613000.0,1174010368.0,241777000.0,0.0,274707000.0,339636000.0,-21310000.0,633187000.0,-776491000.0,-45920000.0,385081000.0,0.0,47829000.0,47829000.0,47829000.0,0.0,0.0,0.016,333873000.0,156312000.0,244201000.0,0.362,1.042,24.546,23.776,2297696000.0,0.0,13.79,0.393,0.377,233266000.0,632077000.0,2989789000.0,2989789000.0,0.0,0.014,0.051,0.041,0.049,13856000.0,80605000.0,1.0,85134907.0,81816000.0,82895000.0,36.543,3672378000.0,6621000.0,1098000.0,177294000.0,44.886,731343000.0
3,MEE,MRY,2007-12-31,2007-12-31,2007-12-31,2019-05-23,-27024000.0,2860671000.0,2841621750.0,887394000.0,1973277000.0,0.849,9.785,-270461000.0,365220000.0,365220000.0,2147411000.0,94098000.0,2.412,2.649,1104547000.0,1875000.0,1102672000.0,1104547000.0,0.0,246035000.0,0.0,0.005,0.17,203648000.0,449683000.0,0.186,449683000.0,203648000.0,129503000.0,1.17,1.17,1.17,784004000.0,763485500.0,784004000.0,3614384802.0,18.0,8.038,125537000.0,1.567,1.0,266112000.0,0.11,0.0,74145000.0,3232136000.0,3240540500.0,183360000.0,0.0,0.0,0.0,2076667000.0,367862000.0,1708805000.0,2846645802.0,125975000.0,0.0,-25990000.0,-2409000.0,-12837000.0,-27680000.0,-242343000.0,0.0,395998000.0,0.0,94098000.0,94098000.0,94098000.0,0.0,0.0,0.039,86433000.0,179679000.0,148206000.0,0.145,3.631,30.252,30.556,1793920000.0,0.0,35.75,1.179,1.187,156572000.0,601587000.0,2413523000.0,2413523000.0,0.0,0.033,0.123,0.063,0.084,17095000.0,79125000.0,1.0,79626456.0,80123000.0,80654000.0,30.123,2860671000.0,16302000.0,35405000.0,154705000.0,35.703,519532000.0
4,MEE,MRY,2006-12-31,2006-12-31,2006-12-31,2019-05-23,-40716000.0,2740696000.0,2790523250.0,799728000.0,1940968000.0,0.795,8.625,-298132000.0,239245000.0,239245000.0,2045515000.0,40977000.0,2.256,2.93,1104907000.0,2583000.0,1102324000.0,1104907000.0,0.0,230538000.0,0.0,0.007,0.16,130461000.0,360999000.0,0.163,360999000.0,130461000.0,44385000.0,0.5,0.5,0.5,697291000.0,720969750.0,697291000.0,2716731293.0,21.0,7.526,-83629000.0,-1.034,1.0,174339000.0,0.079,0.0,86076000.0,3251821000.0,3284690750.0,191056000.0,0.0,0.0,0.0,2043405000.0,354537000.0,1688868000.0,1867847293.0,-80173000.0,0.0,-47853000.0,-10214000.0,-12814000.0,-48011000.0,-246665000.0,0.0,214503000.0,0.0,40977000.0,40977000.0,40977000.0,0.0,0.0,0.018,63333000.0,111006000.0,117157000.0,0.32,2.679,45.583,46.46,1776781000.0,0.0,23.23,0.841,0.846,197105000.0,515894000.0,2219854000.0,2219854000.0,0.0,0.015,0.057,0.04,0.059,7350000.0,57093000.0,1.0,80406685.0,80847000.0,81386000.0,27.457,2740696000.0,0.0,3408000.0,136102000.0,33.9,445191000.0
5,MEE,MRY,2005-12-31,2005-12-31,2005-12-31,2019-05-23,-469000.0,2986522000.0,2829946500.0,1044557000.0,1941965000.0,0.779,11.009,-346578000.0,319418000.0,319418000.0,1932537000.0,-101638000.0,2.795,2.551,1113262000.0,10680000.0,1102582000.0,1113262000.0,0.0,234565000.0,0.0,0.004,0.16,-8346000.0,226219000.0,0.103,226219000.0,-8346000.0,-75410000.0,-1.33,-1.33,-1.33,840984000.0,857574500.0,840984000.0,3653521195.0,-438.0,16.15,-76432000.0,-1.001,1.0,271721000.0,0.123,0.0,67064000.0,3406636000.0,3219038000.0,345654000.0,0.0,0.0,0.0,2145538000.0,373730000.0,1771808000.0,2912636195.0,196887000.0,0.0,7231000.0,703587000.0,-12208000.0,199777000.0,-273036000.0,0.0,270146000.0,0.0,-101638000.0,-101638000.0,-101638000.0,0.0,0.0,-0.046,80292000.0,191429000.0,162789000.0,-0.12,3.463,-28.657,-28.474,1715936000.0,0.0,37.87,1.321,1.312,152564000.0,581621000.0,2204258000.0,2204258000.0,0.0,-0.036,-0.119,-0.003,-0.004,0.0,72274000.0,1.0,76911439.0,76390000.0,76390000.0,28.855,2986522000.0,23236000.0,26228000.0,218801000.0,39.096,670827000.0
6,MEE,MRY,2004-12-31,2004-12-31,2004-12-31,2019-05-23,-151000.0,2650905000.0,2578686750.0,790698000.0,1860207000.0,0.685,10.322,-347152000.0,122531000.0,122531000.0,1648939000.0,13852000.0,2.379,2.412,920528000.0,20333000.0,900195000.0,920528000.0,0.0,224617000.0,0.0,0.005,0.16,55017000.0,279634000.0,0.158,279634000.0,55017000.0,-5643000.0,0.18,0.18,0.18,776873000.0,769635750.0,776873000.0,3396617252.0,62.0,12.147,-120492000.0,-1.601,1.0,117705000.0,0.067,0.0,60660000.0,3116600000.0,2994120500.0,259785000.0,0.0,0.0,0.0,1874032000.0,332302000.0,1541730000.0,2657743252.0,33778000.0,0.0,11857000.0,81706000.0,-12024000.0,96539000.0,-289421000.0,0.0,226660000.0,0.0,13852000.0,13852000.0,13852000.0,0.0,0.0,0.008,71516000.0,46189000.0,134969000.0,0.889,3.421,191.867,194.167,1640203000.0,0.0,34.95,1.504,1.489,168873000.0,695492000.0,1766644000.0,1766644000.0,0.0,0.005,0.018,0.018,0.031,0.0,62007000.0,1.0,76044156.0,75262000.0,76450000.0,23.473,2650905000.0,39961000.0,-19495000.0,216460000.0,35.222,458396000.0
7,MEE,MRY,2003-12-31,2003-12-31,2003-12-31,2019-05-23,0.0,2376738000.0,2259483250.0,702522000.0,1674216000.0,0.695,10.175,-164372000.0,88753000.0,88753000.0,1534853000.0,-40213000.0,2.71,2.132,788041000.0,3714000.0,784327000.0,788041000.0,0.0,196495000.0,0.0,0.008,0.16,-20272000.0,176223000.0,0.112,176223000.0,-20272000.0,-68531000.0,-0.54,-0.54,-0.54,758956000.0,777133500.0,758956000.0,2182060421.0,-108.0,12.382,-148964000.0,-1.997,1.0,36506000.0,0.023,0.0,48259000.0,2816752000.0,2553956000.0,206616000.0,0.0,0.0,0.0,1617782000.0,259274000.0,1358508000.0,1567173421.0,86028000.0,0.0,798000.0,208997000.0,-11931000.0,214574000.0,-143954000.0,0.0,15408000.0,0.0,-40213000.0,-40213000.0,-40213000.0,0.0,0.0,-0.026,54048000.0,-17542000.0,109418000.0,-0.296,2.065,-38.972,-38.519,1480187000.0,0.0,20.8,0.997,0.987,152607000.0,693712000.0,1571359000.0,1571359000.0,0.0,-0.018,-0.052,-0.008,-0.013,0.0,44216000.0,1.0,75344876.0,74592000.0,74592000.0,21.066,2376738000.0,28498000.0,-28318000.0,227105000.0,31.863,443248000.0
8,MEE,MRY,2002-12-31,2002-12-31,2002-12-31,2019-05-23,0.0,2241432000.0,2275983250.0,509841000.0,1731591000.0,0.716,10.857,-135099000.0,2725000.0,2725000.0,1601659000.0,-32574000.0,0.895,1.773,550045000.0,264045000.0,286000000.0,550045000.0,0.0,207730000.0,0.0,0.016,0.16,-22218000.0,185512000.0,0.114,185512000.0,-22218000.0,-57520000.0,-0.44,-0.44,-0.44,808212000.0,824841500.0,808212000.0,1291984365.0,-58.0,6.964,-12624000.0,-0.17,1.0,28436000.0,0.017,0.0,35302000.0,2219220000.0,2276325000.0,193669000.0,0.0,0.0,0.0,1433220000.0,569532000.0,863688000.0,732088365.0,-2819000.0,0.0,1408000.0,-9766000.0,-11919000.0,-3322000.0,-121972000.0,0.0,122475000.0,0.0,-32574000.0,-32574000.0,-32574000.0,0.0,0.0,-0.02,55124000.0,-26688000.0,124933000.0,-0.364,0.906,-22.475,-22.091,1534488000.0,0.0,9.72,0.449,0.444,175795000.0,745886000.0,1630095000.0,1630095000.0,0.0,-0.014,-0.039,-0.01,-0.014,0.0,43920000.0,1.0,75317733.0,74442000.0,74442000.0,21.898,2241432000.0,20326000.0,-24946000.0,244676000.0,30.11,-59691000.0
9,MEE,MRY,2001-12-31,2001-10-31,2001-10-31,2019-05-23,0.0,2271080000.0,2227445500.0,457518000.0,1813562000.0,0.643,11.652,-247517000.0,5664000.0,5664000.0,1379021000.0,-5420000.0,0.844,1.639,548231000.0,248231000.0,300000000.0,548231000.0,0.0,181269000.0,0.0,1.421,29.138,18293000.0,199562000.0,0.139,199562000.0,18293000.0,-15921000.0,-0.07,-0.07,-0.07,860605000.0,1116542500.0,860605000.0,2013401743.0,110.0,10.089,-74725000.0,-1.012,1.0,52840000.0,0.037,0.0,34214000.0,2271412000.0,2090255500.0,141483000.0,0.0,0.0,0.0,1410475000.0,542235000.0,868240000.0,1525201743.0,-1265000.0,0.0,9369000.0,-29998000.0,-11811000.0,38590000.0,-212647000.0,0.0,172792000.0,0.0,-5420000.0,-5420000.0,-5420000.0,0.0,0.0,-0.004,43294000.0,9546000.0,185903000.0,-416.257,1.772,-281.403,-292.857,1613133000.0,0.0,20.5,1.065,1.057,198885000.0,805180000.0,1431861000.0,1431861000.0,0.0,-0.002,-0.005,0.009,0.013,0.0,35587000.0,1.0,74400085.0,73858000.0,73858000.0,19.387,2271080000.0,15452000.0,-10501000.0,250444000.0,30.749,-84717000.0
10,MEE,MRY,2000-12-31,2000-10-31,2000-10-31,2019-05-23,-763000.0,2183811000.0,4204783500.0,432627000.0,1751184000.0,0.312,18.681,-204835000.0,6929000.0,6929000.0,1179013000.0,78531000.0,1.616,0.591,0.0,0.0,0.0,0.0,0.0,171336000.0,0.0,0.029,1.0,122113000.0,293449000.0,0.224,293449000.0,122113000.0,121766000.0,1.07,1.07,1.07,1372480000.0,1569805000.0,1372480000.0,3285843360.0,27.0,11.197,-51148000.0,-0.696,1.0,133685000.0,0.102,0.0,347000.0,1909099000.0,3018374500.0,104132000.0,0.0,0.0,0.0,811331000.0,267783000.0,543548000.0,2648383360.0,-1122000.0,0.0,0.0,0.0,0.0,17954000.0,-172763000.0,0.0,153687000.0,0.0,78531000.0,78531000.0,78531000.0,0.0,0.0,0.06,37233000.0,96452000.0,153457000.0,0.935,1.93,33.724,32.71,1559426000.0,0.0,35.0,2.018,1.959,-63490000.0,,1312698000.0,1312698000.0,0.0,0.019,0.05,0.04,0.093,0.0,37233000.0,1.0,75668096.0,73469000.0,73472000.0,17.867,2183811000.0,8398000.0,43235000.0,257779000.0,29.724,164844000.0
11,MEE,MRY,1999-12-31,1999-10-31,1999-10-31,2019-05-23,0.0,1979997000.0,4227392500.0,286644000.0,1693353000.0,0.299,17.387,-230001000.0,8051000.0,8051000.0,1090629000.0,102543000.0,1.181,0.55,50360000.0,50360000.0,0.0,50360000.0,0.0,167558000.0,0.0,0.02,0.8,152335000.0,319893000.0,0.253,319893000.0,152335000.0,151532000.0,1.4,1.4,1.4,1277393000.0,1459506000.0,1277393000.0,3370040110.0,22.0,10.535,5723000.0,0.078,1.0,172407000.0,0.137,0.0,803000.0,1779587000.0,2659587250.0,91723000.0,0.0,0.0,0.0,702604000.0,242719000.0,459885000.0,3029074110.0,4400000.0,0.0,0.0,0.0,0.0,-8520000.0,-222804000.0,0.0,235724000.0,0.0,102543000.0,102543000.0,102543000.0,0.0,0.0,0.081,34498000.0,137909000.0,109826000.0,0.571,2.371,29.54,28.482,1508728000.0,0.0,39.875,2.398,2.319,-138936000.0,1375338000.0,1263036000.0,1263036000.0,0.0,0.024,0.07,0.057,0.121,0.0,34498000.0,1.0,75964241.0,73469000.0,73476000.0,17.191,1979997000.0,8666000.0,48989000.0,236087000.0,26.95,43925000.0
12,MEE,MRY,1998-12-31,1998-10-31,1998-10-31,2019-05-23,-29911000.0,5019208000.0,4794241250.0,2277151000.0,2742057000.0,0.241,20.646,-307898000.0,340544000.0,340544000.0,805771000.0,128296000.0,0.912,2.29,729062000.0,428634000.0,300428000.0,729062000.0,546816000.0,150459000.0,0.0,0.021,0.8,186213000.0,336672000.0,0.292,336672000.0,186213000.0,185699000.0,1.74,1.74,1.74,1525609000.0,1594993000.0,1525609000.0,3256341848.0,17.0,9.672,-22389000.0,-0.303,1.0,348183000.0,0.302,139091000.0,514000.0,2773081000.0,2771715000.0,198645000.0,137562000.0,0.0,137562000.0,3493599000.0,2495554000.0,998045000.0,2940681848.0,68000.0,0.0,0.0,0.0,0.0,-3092000.0,-282349000.0,0.0,285509000.0,0.0,128296000.0,128296000.0,128296000.0,0.0,0.0,0.111,178043000.0,170140000.0,972096000.0,0.46,1.928,22.921,22.306,2147308000.0,0.0,38.813,2.548,2.485,959416000.0,1331843000.0,1153954000.0,1153954000.0,0.0,0.027,0.08,0.067,0.161,0.0,27584000.0,1.0,75766360.0,73893000.0,73900000.0,15.617,4880117000.0,81155000.0,57403000.0,105515000.0,66.043,-218403000.0
13,MEE,MRY,1997-12-31,1997-10-31,1997-10-31,2019-05-23,-7204000.0,4685340000.0,4318533000.0,2213386000.0,2471954000.0,3.311,20.954,-415206000.0,299324000.0,299324000.0,14022570000.0,146187000.0,1.119,1.691,382510000.0,82002000.0,300508000.0,382510000.0,525518000.0,248353000.0,0.0,0.018,0.76,286027000.0,534380000.0,0.037,534380000.0,286027000.0,255269000.0,1.76,1.75,1.76,1741050000.0,1705388000.0,1741050000.0,,,,-86582000.0,-1.042,1.0,275971000.0,0.019,158399000.0,30758000.0,2631943000.0,2319727500.0,175448000.0,106638000.0,10089000.0,96549000.0,2944290000.0,1978184000.0,966106000.0,3418115314.0,52360000.0,-169208000.0,-17917000.0,317411000.0,-63750000.0,235707000.0,-511971000.0,127510000.0,328624000.0,0.0,146187000.0,146187000.0,146187000.0,0.0,0.0,0.01,13230000.0,262741000.0,858187000.0,0.432,1.963,23.382,23.366,1938790000.0,0.0,41.125,0.239,0.239,917604000.0,1159996000.0,14298541000.0,14298541000.0,0.0,0.034,0.086,0.123,0.02,0.0,13230000.0,1.0,83115266.0,83091000.0,83478000.0,172.083,4526941000.0,58039000.0,109082000.0,66739000.0,54.482,235202000.0
14,MEE,MRY,1996-12-31,1996-10-31,1996-10-31,2019-05-23,-701000.0,3951726000.0,,1796823000.0,2154903000.0,,20.177,-362950000.0,246964000.0,246964000.0,10565449000.0,268084000.0,1.092,1.367,33090000.0,30123000.0,2967000.0,33090000.0,445807000.0,194129000.0,0.0,0.01,0.68,429269000.0,623398000.0,0.057,623398000.0,429269000.0,413218000.0,3.24,3.21,3.24,1669726000.0,,1669726000.0,,,,43909000.0,0.531,1.0,449743000.0,0.041,84772000.0,16051000.0,2007512000.0,,73927000.0,177485000.0,69378000.0,108107000.0,2282000000.0,1645568000.0,636432000.0,,-45970000.0,-92095000.0,17351000.0,-16347000.0,-56830000.0,-56503000.0,-396326000.0,82490000.0,406859000.0,0.0,268084000.0,268084000.0,268084000.0,0.0,0.0,0.024,48120000.0,401623000.0,704186000.0,0.21,,,20.216,1677662000.0,0.0,65.5,,0.492,742547000.0,1077559000.0,11015192000.0,11015192000.0,0.0,,,,0.039,0.0,48120000.0,1.0,,82755000.0,83398000.0,133.106,3866954000.0,50157000.0,145134000.0,42632000.0,46.728,151255000.0
15,MEE,MRY,1995-12-31,1995-10-31,1995-10-31,2019-05-23,,,,,,,,-301536000.0,,,8910076000.0,231768000.0,,,,,,,,146957000.0,,0.011,0.6,375599000.0,522556000.0,0.056,522556000.0,375599000.0,362214000.0,2.78,,2.78,,,,,,,64815000.0,0.777,1.0,391308000.0,0.042,,13385000.0,,,,,,,,,,,-81534000.0,-16230000.0,9757000.0,-25624000.0,-49712000.0,-66850000.0,-381035000.0,-27070000.0,366351000.0,0.0,231768000.0,231768000.0,231768000.0,0.0,0.0,0.025,48636000.0,342672000.0,,0.216,,,20.324,,0.0,56.5,,0.507,,,9301384000.0,9301384000.0,0.0,,,,0.04,0.0,48636000.0,,,83428000.0,,111.49,,,130446000.0,,,
0,MEE,MRQ,2011-03-31,2011-03-31,2011-03-31,2019-05-23,-119240000.0,4664111000.0,,1173174000.0,3490937000.0,,17.477,-100804000.0,280696000.0,280696000.0,876612000.0,-7674000.0,1.691,1.608,1318923000.0,9672000.0,1309251000.0,1318923000.0,0.0,97272000.0,0.0,0.004,0.06,15736000.0,113008000.0,0.119,113008000.0,15736000.0,-10015000.0,-0.07,-0.07,-0.07,1788350000.0,,1788350000.0,8061171222.0,-43.0,48.379,-60697000.0,-0.593,1.0,73144000.0,0.077,143325000.0,25751000.0,4865088000.0,,304491000.0,0.0,0.0,0.0,2875761000.0,693925000.0,2181836000.0,7072171222.0,-46483000.0,0.0,16209000.0,-2655000.0,-6156000.0,7398000.0,-93988000.0,0.0,40107000.0,0.0,-7674000.0,-7674000.0,-7674000.0,0.0,0.0,-0.008,39344000.0,33800000.0,255517000.0,-0.857,3.955,-34.019,-33.024,3236065000.0,0.0,68.36,2.143,2.12,366114000.0,512195000.0,949756000.0,949756000.0,0.0,,,,,2481000.0,38544000.0,1.0,103454816.0,102326000.0,102326000.0,9.282,4520786000.0,12957000.0,-2341000.0,165172000.0,44.18,479249000.0
1,MEE,MRQ,2010-12-31,2010-12-31,2010-12-31,2019-05-23,-122268000.0,4610982000.0,,1117064000.0,3493918000.0,,17.49,-156332000.0,327179000.0,327179000.0,744990000.0,-70075000.0,1.685,1.59,1316179000.0,12327000.0,1303852000.0,1316179000.0,0.0,79124000.0,0.0,0.004,0.06,-63595000.0,15529000.0,0.021,15529000.0,-63595000.0,-89613000.0,-0.71,-0.71,-0.71,1780462000.0,,1780462000.0,6313291841.0,-48.0,33.206,-156485000.0,-1.537,1.0,-14967000.0,-0.021,157630000.0,26018000.0,4779287000.0,,289027000.0,0.0,0.0,0.0,2830520000.0,663065000.0,2167455000.0,5478970841.0,-149775000.0,0.0,6388000.0,-397000.0,-6121000.0,-755000.0,-148867000.0,0.0,-153000.0,0.0,-70075000.0,-70075000.0,-70075000.0,0.0,0.0,-0.096,48158000.0,-63125000.0,245312000.0,-0.085,3.077,-32.89,-31.374,3217685000.0,0.0,53.65,1.803,1.722,296770000.0,526025000.0,730023000.0,730023000.0,0.0,,,,,3728000.0,47397000.0,1.0,102124340.0,101799000.0,101799000.0,7.171,4453352000.0,10912000.0,-19538000.0,163383000.0,43.747,453999000.0
2,MEE,MRQ,2010-09-30,2010-09-30,2010-09-30,2019-05-23,-78399000.0,4701229000.0,,1220363000.0,3480866000.0,,18.616,-113647000.0,476954000.0,476954000.0,798816000.0,-41424000.0,2.058,1.486,1311275000.0,3077000.0,1308198000.0,1311275000.0,0.0,91194000.0,0.0,0.008,0.06,-29277000.0,61917000.0,0.076,61917000.0,-29277000.0,-55056000.0,-0.41,-0.41,-0.41,1891036000.0,,1891036000.0,3977545246.0,-516.0,13.335,-30676000.0,-0.302,1.0,11348000.0,0.014,167144000.0,25779000.0,4775482000.0,,265686000.0,0.0,0.0,0.0,2810193000.0,592924000.0,2217269000.0,3167214246.0,-19204000.0,0.0,255000.0,-416000.0,-6095000.0,10221000.0,-112396000.0,882000.0,82971000.0,0.0,-41424000.0,-41424000.0,-41424000.0,0.0,0.0,-0.051,39596000.0,-28248000.0,227978000.0,-0.146,1.675,-43.895,-50.852,3181312000.0,0.0,31.02,1.095,1.089,289527000.0,602221000.0,810164000.0,810164000.0,0.0,,,,,2594000.0,38878000.0,1.0,102102329.0,101581000.0,101581000.0,7.976,4534085000.0,14286000.0,-13632000.0,258605000.0,44.635,627439000.0
3,MEE,MRQ,2010-06-30,2010-06-30,2010-06-30,2019-05-23,-80201000.0,4741712000.0,,1266632000.0,3475080000.0,,19.211,-108730000.0,496158000.0,496158000.0,862274000.0,-88714000.0,2.15,1.452,1306489000.0,3469000.0,1303020000.0,1306489000.0,0.0,86690000.0,0.0,0.009,0.06,-110520000.0,-23830000.0,-0.029,-23830000.0,-110520000.0,-135750000.0,-0.88,-0.88,-0.88,1933904000.0,,1933904000.0,2954884749.0,43.0,8.467,-796000.0,-0.008,1.0,-52126000.0,-0.064,186517000.0,25230000.0,4776282000.0,,299997000.0,0.0,0.0,0.0,2807808000.0,589244000.0,2218564000.0,2816053749.0,-666779000.0,-629977000.0,-31659000.0,-386000.0,-6094000.0,-38139000.0,-736574000.0,0.0,107934000.0,0.0,-88714000.0,-88714000.0,-88714000.0,0.0,0.0,-0.11,46230000.0,-98356000.0,198377000.0,-0.068,1.456,-197.299,-2735.0,3158282000.0,0.0,27.35,1.034,1.011,292585000.0,649740000.0,810148000.0,810148000.0,0.0,,,,,2068000.0,40508000.0,1.0,102963574.0,100664000.0,100664000.0,8.048,4555195000.0,0.0,-47036000.0,259646000.0,45.251,677388000.0
4,MEE,MRQ,2010-03-31,2010-03-31,2010-03-31,2019-05-23,-79968000.0,4336829000.0,,1831344000.0,2505485000.0,,20.537,-56146000.0,1162937000.0,1162937000.0,629055000.0,33626000.0,4.002,1.452,1301768000.0,3855000.0,1297913000.0,1301768000.0,0.0,64469000.0,0.0,0.005,0.06,72038000.0,136507000.0,0.198,136507000.0,72038000.0,46822000.0,0.39,0.39,0.39,1769026000.0,,1769026000.0,5178763985.0,23.0,10.526,21011000.0,0.244,1.0,59584000.0,0.087,0.0,25216000.0,4018063000.0,,273682000.0,0.0,0.0,0.0,2567803000.0,457597000.0,2110206000.0,4525439985.0,497175000.0,0.0,478249000.0,-22331000.0,-5167000.0,451376000.0,-31358000.0,14644000.0,77157000.0,0.0,33626000.0,33626000.0,33626000.0,0.0,0.0,0.049,29242000.0,30342000.0,185069000.0,0.154,2.558,47.821,47.108,2342499000.0,0.0,52.29,1.733,1.725,212005000.0,744548000.0,688639000.0,688639000.0,0.0,,,,,2709000.0,28371000.0,1.0,86545037.0,86137000.0,87393000.0,7.995,4336829000.0,2815000.0,13196000.0,215783000.0,50.348,1373747000.0
5,MEE,MRQ,2009-12-31,2009-12-31,2009-12-31,2019-05-23,-82669000.0,3799671000.0,,1314565000.0,2485106000.0,,14.727,-51582000.0,665762000.0,665762000.0,516585000.0,24357000.0,2.955,2.025,1319086000.0,23531000.0,1295555000.0,1319086000.0,0.0,63628000.0,0.0,0.006,0.06,60047000.0,123675000.0,0.212,123675000.0,60047000.0,33935000.0,0.29,0.28,0.29,1256283000.0,,1256283000.0,4278073206.0,18.0,8.393,5217000.0,0.061,1.0,67299000.0,0.115,0.0,26112000.0,4008060000.0,,269826000.0,10864000.0,10864000.0,0.0,2543388000.0,444935000.0,2098453000.0,3593746206.0,25770000.0,0.0,10116000.0,-10391000.0,-5138000.0,-2405000.0,-28624000.0,4257000.0,56799000.0,0.0,24357000.0,24357000.0,24357000.0,0.0,0.0,0.042,40531000.0,26768000.0,164979000.0,0.207,2.861,34.412,34.154,2344770000.0,0.0,42.01,1.335,1.327,121577000.0,716089000.0,583884000.0,583884000.0,0.0,,,,,3096000.0,33796000.0,1.0,85545018.0,85307000.0,86279000.0,6.845,3799671000.0,10546000.0,9578000.0,209230000.0,44.541,869630000.0
6,MEE,MRQ,2009-09-30,2009-09-30,2009-09-30,2019-05-23,-94686000.0,3751082000.0,,1276119000.0,2474963000.0,,14.263,-43839000.0,639992000.0,639992000.0,568691000.0,16458000.0,2.979,2.097,1324319000.0,1593000.0,1322726000.0,1324319000.0,0.0,66269000.0,0.0,0.009,0.06,46373000.0,112642000.0,0.176,112642000.0,46373000.0,20880000.0,0.19,0.19,0.19,1211348000.0,,1211348000.0,3093981343.0,12.0,5.724,33888000.0,0.399,1.0,72869000.0,0.114,0.0,25493000.0,4007071000.0,,229829000.0,15121000.0,15121000.0,0.0,2539734000.0,428338000.0,2111396000.0,2383748343.0,30435000.0,0.0,1190000.0,-363000.0,-5098000.0,-4044000.0,-43248000.0,0.0,77727000.0,0.0,16458000.0,16458000.0,16458000.0,0.0,0.0,0.026,22321000.0,50548000.0,168656000.0,0.316,1.968,18.659,18.349,2339623000.0,0.0,27.89,0.833,0.828,197433000.0,696870000.0,641560000.0,641560000.0,0.0,,,,,3177000.0,21713000.0,1.0,85469643.0,84930000.0,85662000.0,7.554,3751082000.0,0.0,4422000.0,190750000.0,44.167,847781000.0
7,MEE,MRQ,2009-06-30,2009-06-30,2009-06-30,2019-05-23,-96911000.0,3655030000.0,,1189476000.0,2465554000.0,,14.057,-75427000.0,609557000.0,609557000.0,627879000.0,20192000.0,3.077,2.064,1319790000.0,1546000.0,1318244000.0,1319790000.0,0.0,67641000.0,0.0,0.012,0.06,51512000.0,119153000.0,0.171,119153000.0,51512000.0,26059000.0,0.24,0.24,0.24,1193057000.0,,1193057000.0,2420008936.0,8.0,4.138,38074000.0,0.449,1.0,69748000.0,0.1,0.0,25453000.0,3978649000.0,,225262000.0,15121000.0,15121000.0,0.0,2461973000.0,386614000.0,2075359000.0,1670326936.0,42840000.0,0.0,0.0,-1411000.0,-5093000.0,-6504000.0,-64157000.0,9792000.0,113501000.0,0.0,20192000.0,20192000.0,20192000.0,0.0,0.0,0.029,21420000.0,48328000.0,163722000.0,0.25,1.4,10.257,10.021,2337855000.0,0.0,19.54,0.56,0.556,240403000.0,685510000.0,697627000.0,697627000.0,0.0,,,,,3184000.0,20841000.0,1.0,85482443.0,84872000.0,85270000.0,8.22,3655030000.0,0.0,5867000.0,185264000.0,43.065,802862000.0
8,MEE,MRQ,2009-03-31,2009-03-31,2009-03-31,2019-05-23,-99149000.0,3702409000.0,,1247808000.0,2454601000.0,,13.802,-103704000.0,566717000.0,566717000.0,680531000.0,43426000.0,2.652,2.161,1316399000.0,2048000.0,1314351000.0,1316399000.0,0.0,72639000.0,0.0,0.022,0.06,81627000.0,154266000.0,0.201,154266000.0,81627000.0,56391000.0,0.51,0.51,0.51,1171191000.0,,1171191000.0,1723810027.0,11.0,4.076,-62822000.0,-0.74,1.0,87557000.0,0.114,0.0,25236000.0,3981584000.0,,256061000.0,24913000.0,24913000.0,0.0,2531218000.0,470507000.0,2060711000.0,865188027.0,-40280000.0,0.0,0.0,-471000.0,-5092000.0,-5563000.0,-75599000.0,14470000.0,40882000.0,0.0,43426000.0,43426000.0,43426000.0,0.0,0.0,0.057,23674000.0,63883000.0,202245000.0,0.118,0.739,17.542,18.4,2326653000.0,0.0,10.12,0.278,0.276,295213000.0,670411000.0,768088000.0,768088000.0,0.0,,,,,3290000.0,22891000.0,1.0,85492888.0,84859000.0,85182000.0,9.051,3702409000.0,0.0,12965000.0,184309000.0,43.63,777301000.0
9,MEE,MRQ,2008-12-31,2008-12-31,2008-12-31,2019-05-23,-101362000.0,3672378000.0,,1235496000.0,2436882000.0,,13.299,-204509000.0,606997000.0,606997000.0,646776000.0,47675000.0,2.451,2.26,1312157000.0,1976000.0,1310181000.0,1312157000.0,0.0,69558000.0,0.0,0.015,0.06,84890000.0,154448000.0,0.205,154448000.0,84890000.0,59630000.0,0.58,0.58,0.58,1126612000.0,,1126612000.0,1992585368.0,14.0,4.943,-245461000.0,-2.898,1.0,108254000.0,0.143,0.0,25260000.0,3873385000.0,,233168000.0,39383000.0,39383000.0,0.0,2545766000.0,504153000.0,2041613000.0,1174010368.0,-59335000.0,0.0,-150000.0,-333041000.0,-9324000.0,14971000.0,-33354000.0,171980000.0,-40952000.0,0.0,47675000.0,47675000.0,47675000.0,0.0,0.0,0.063,14921000.0,93333000.0,244201000.0,0.103,1.042,24.546,23.776,2297696000.0,0.0,13.79,0.393,0.377,233266000.0,632077000.0,755030000.0,755030000.0,0.0,,,,,5266000.0,15221000.0,1.0,85134907.0,84711000.0,85370000.0,8.913,3672378000.0,6621000.0,11955000.0,177294000.0,43.352,731343000.0
10,MEE,MRQ,2008-09-30,2008-09-30,2008-09-30,2019-05-23,-28215000.0,3886382000.0,,1523543000.0,2362839000.0,,12.855,-230262000.0,666332000.0,666332000.0,650197000.0,51558000.0,2.097,2.659,1484907000.0,1931000.0,1482976000.0,1484907000.0,0.0,65210000.0,0.0,0.006,0.05,91695000.0,156905000.0,0.206,156905000.0,91695000.0,61852000.0,0.62,0.61,0.62,1062113000.0,,1062113000.0,3633035306.0,38.0,10.522,-78884000.0,-0.955,1.0,113099000.0,0.148,0.0,29843000.0,3978347000.0,,201895000.0,211363000.0,211363000.0,0.0,2824269000.0,726610000.0,2097659000.0,2880911306.0,314428000.0,0.0,258390000.0,673617000.0,-4014000.0,605869000.0,-442819000.0,-217900000.0,151378000.0,0.0,51558000.0,51558000.0,51558000.0,0.0,0.0,0.068,10521000.0,102578000.0,201660000.0,0.081,2.712,543.671,713.4,2175729000.0,0.0,35.67,1.022,1.045,279797000.0,591973000.0,763296000.0,763296000.0,0.0,,,,,2961000.0,3637000.0,1.0,80765666.0,82623000.0,83959000.0,9.238,3886382000.0,1323000.0,10294000.0,137801000.0,47.038,796933000.0
11,MEE,MRQ,2008-06-30,2008-06-30,2008-06-30,2019-05-23,-27667000.0,3166044000.0,,988468000.0,2177576000.0,,9.375,-178211000.0,351904000.0,351904000.0,650150000.0,-93338000.0,1.451,3.213,1104028000.0,1925000.0,1102103000.0,1104028000.0,0.0,62307000.0,0.0,0.002,0.05,-104988000.0,-42681000.0,-0.052,-42681000.0,-104988000.0,-125794000.0,-1.16,-1.16,-1.16,751503000.0,,751503000.0,8259675625.0,184.0,28.37,-40987000.0,-0.511,1.0,176688000.0,0.214,0.0,20806000.0,3237153000.0,,188589000.0,0.0,0.0,0.0,2414541000.0,681015000.0,1733526000.0,7546091625.0,-39143000.0,0.0,4601000.0,-488000.0,-4001000.0,1761000.0,-178128000.0,0.0,137224000.0,0.0,-93338000.0,-93338000.0,-93338000.0,0.0,0.0,-0.113,285262000.0,-108574000.0,186745000.0,-0.043,10.041,-303.653,-312.5,2001019000.0,0.0,93.75,2.837,2.825,256553000.0,542181000.0,826838000.0,826838000.0,0.0,,,,,2785000.0,39364000.0,1.0,80491644.0,80162000.0,80162000.0,10.315,3166044000.0,29726000.0,-32456000.0,152735000.0,39.496,307453000.0
12,MEE,MRQ,2008-03-31,2008-03-31,2008-03-31,2019-05-23,-27310000.0,2985229000.0,,935353000.0,2049876000.0,,10.524,-123547000.0,391047000.0,391047000.0,552481000.0,41934000.0,2.205,2.556,1104631000.0,1899000.0,1102732000.0,1104631000.0,0.0,60252000.0,0.0,0.005,0.05,74196000.0,134448000.0,0.209,134448000.0,74196000.0,53239000.0,0.53,0.52,0.53,839517000.0,,839517000.0,3677272006.0,17.0,7.976,13884000.0,0.174,1.0,92144000.0,0.143,0.0,20957000.0,3274523000.0,,189693000.0,0.0,0.0,0.0,2145712000.0,424290000.0,1721422000.0,2937945006.0,25827000.0,0.0,11866000.0,-452000.0,-3971000.0,10586000.0,-122190000.0,0.0,137431000.0,0.0,41934000.0,41934000.0,41934000.0,0.0,0.0,0.065,23169000.0,68975000.0,164629000.0,0.094,3.5,28.407,28.295,1870471000.0,0.0,36.5,1.199,1.188,197690000.0,639533000.0,644625000.0,644625000.0,0.0,,,,,2844000.0,22383000.0,1.0,80491644.0,79768000.0,80597000.0,8.081,2985229000.0,319000.0,11305000.0,157691000.0,37.424,511063000.0
13,MEE,MRQ,2007-12-31,2007-12-31,2007-12-31,2019-05-23,-27024000.0,2860671000.0,,887394000.0,1973277000.0,,9.887,-73774000.0,365220000.0,365220000.0,528980000.0,5145000.0,2.412,2.649,1104547000.0,1875000.0,1102672000.0,1104547000.0,0.0,62809000.0,0.0,0.005,0.05,33806000.0,96615000.0,0.165,96615000.0,33806000.0,24178000.0,0.06,0.07,0.06,784004000.0,,784004000.0,3614384802.0,18.0,8.038,14811000.0,0.187,1.0,55979000.0,0.096,0.0,9628000.0,3232136000.0,,183360000.0,0.0,0.0,0.0,2076667000.0,367862000.0,1708805000.0,2846645802.0,28557000.0,0.0,2664000.0,-381000.0,-3165000.0,12148000.0,-72176000.0,0.0,88585000.0,0.0,5145000.0,5145000.0,5145000.0,0.0,0.0,0.009,27328000.0,28651000.0,148206000.0,0.833,3.631,30.252,30.556,1793920000.0,0.0,35.75,1.179,1.187,156572000.0,601587000.0,584959000.0,584959000.0,0.0,,,,,8676000.0,25949000.0,1.0,79626456.0,79295000.0,80006000.0,7.377,2860671000.0,16302000.0,19033000.0,154705000.0,36.076,519532000.0
14,MEE,MRQ,2007-09-30,2007-09-30,2007-09-30,2019-05-23,-40006000.0,2845125000.0,,884511000.0,1960614000.0,,9.536,-60081000.0,336663000.0,336663000.0,553033000.0,21408000.0,2.263,2.73,1104402000.0,1844000.0,1102558000.0,1104402000.0,0.0,60830000.0,0.0,0.007,0.04,41928000.0,102758000.0,0.17,102758000.0,41928000.0,20478000.0,0.27,0.27,0.27,762812000.0,,762812000.0,2553278082.0,13.0,5.846,38607000.0,0.483,1.0,50408000.0,0.084,0.0,21450000.0,3221922000.0,,186730000.0,0.0,0.0,0.0,2082313000.0,390942000.0,1691371000.0,1770932082.0,14794000.0,0.0,-29798000.0,-330000.0,-3223000.0,-33309000.0,-50585000.0,0.0,98688000.0,0.0,21408000.0,21408000.0,21408000.0,0.0,0.0,0.035,15065000.0,35343000.0,152194000.0,0.148,2.322,18.269,18.336,1796375000.0,0.0,21.82,0.745,0.734,205159000.0,600414000.0,603441000.0,603441000.0,0.0,,,,,2552000.0,13218000.0,1.0,81160957.0,79997000.0,80478000.0,7.543,2845125000.0,1635000.0,-930000.0,111020000.0,35.565,493569000.0
15,MEE,MRQ,2007-06-30,2007-06-30,2007-06-30,2019-05-23,-40182000.0,2852402000.0,,897720000.0,1954682000.0,,9.569,-76753000.0,321869000.0,321869000.0,535532000.0,34938000.0,2.293,2.697,1104215000.0,1797000.0,1102418000.0,1104215000.0,0.0,60247000.0,0.0,0.006,0.04,66946000.0,127193000.0,0.206,127193000.0,66946000.0,45316000.0,0.43,0.43,0.43,771597000.0,,771597000.0,2994131094.0,15.0,6.755,37963000.0,0.471,1.0,82270000.0,0.133,0.0,21630000.0,3243201000.0,,207407000.0,0.0,0.0,0.0,2080805000.0,391547000.0,1689258000.0,2161293094.0,50566000.0,0.0,917000.0,-436000.0,-3227000.0,-2330000.0,-61820000.0,0.0,114716000.0,0.0,34938000.0,34938000.0,34938000.0,0.0,0.0,0.057,22143000.0,60127000.0,148402000.0,0.093,2.801,21.681,21.844,1797352000.0,0.0,26.65,0.928,0.923,201318000.0,582171000.0,617802000.0,617802000.0,0.0,,,,,2724000.0,20457000.0,1.0,81099178.0,80638000.0,81672000.0,7.661,2852402000.0,0.0,10378000.0,138536000.0,35.373,506173000.0
16,MEE,MRQ,2007-03-31,2007-03-31,2007-03-31,2019-05-23,-40484000.0,2808289000.0,,869897000.0,1938392000.0,,9.13,-59853000.0,271303000.0,271303000.0,529866000.0,32607000.0,2.312,2.818,1104141000.0,1773000.0,1102368000.0,1104141000.0,0.0,62149000.0,0.0,0.007,0.04,60967000.0,123116000.0,0.203,123116000.0,60967000.0,39531000.0,0.4,0.4,0.4,735529000.0,,735529000.0,2810502272.0,17.0,7.047,34156000.0,0.424,1.0,77454000.0,0.128,0.0,21436000.0,3264903000.0,,194231000.0,0.0,0.0,0.0,2072760000.0,376224000.0,1696536000.0,1944840272.0,32058000.0,0.0,227000.0,-1262000.0,-3222000.0,-4189000.0,-57762000.0,0.0,94009000.0,0.0,32607000.0,32607000.0,32607000.0,0.0,0.0,0.054,21897000.0,55557000.0,129092000.0,0.1,2.644,28.612,28.904,1772716000.0,0.0,23.99,0.858,0.852,240317000.0,550462000.0,607320000.0,607320000.0,0.0,,,,,3143000.0,19501000.0,1.0,81068790.0,80563000.0,81048000.0,7.538,2808289000.0,3720000.0,6924000.0,134327000.0,34.858,493673000.0
17,MEE,MRQ,2006-12-31,2006-12-31,2006-12-31,2019-05-23,-40716000.0,2740696000.0,,799728000.0,1940968000.0,,8.667,-59632000.0,239245000.0,239245000.0,508674000.0,7986000.0,2.256,2.93,1104907000.0,2583000.0,1102324000.0,1104907000.0,0.0,58997000.0,0.0,0.007,0.04,24704000.0,83701000.0,0.153,83701000.0,24704000.0,3329000.0,0.09,0.1,0.09,697291000.0,,697291000.0,2716731293.0,21.0,7.526,-29195000.0,-0.363,1.0,39698000.0,0.072,0.0,21375000.0,3251821000.0,,191056000.0,0.0,0.0,0.0,2043405000.0,354537000.0,1688868000.0,1867847293.0,-18049000.0,0.0,1125000.0,-1761000.0,-3224000.0,18246000.0,-66732000.0,0.0,30437000.0,0.0,7986000.0,7986000.0,7986000.0,0.0,0.0,0.015,19931000.0,19767000.0,117157000.0,0.444,2.679,45.583,46.46,1776781000.0,0.0,23.23,0.841,0.846,197105000.0,515894000.0,548372000.0,548372000.0,0.0,,,,,3624000.0,18588000.0,1.0,80406685.0,80454000.0,80768000.0,6.816,2740696000.0,0.0,-4657000.0,136102000.0,34.065,445191000.0
18,MEE,MRQ,2006-09-30,2006-09-30,2006-09-30,2019-05-23,-469000.0,2808726000.0,,807381000.0,2001345000.0,,9.065,-76934000.0,257294000.0,257294000.0,501814000.0,24156000.0,2.216,2.858,1106178000.0,3898000.0,1102280000.0,1106178000.0,0.0,57596000.0,0.0,0.008,0.04,51656000.0,109252000.0,0.197,109252000.0,51656000.0,30197000.0,0.3,0.3,0.3,728080000.0,,728080000.0,2555105746.0,-33.0,16.67,-20742000.0,-0.258,1.0,54083000.0,0.097,0.0,21459000.0,3293230000.0,,190384000.0,0.0,0.0,0.0,2080646000.0,364380000.0,1716266000.0,1681501746.0,23343000.0,0.0,221000.0,-1809000.0,-3262000.0,-4690000.0,-28159000.0,0.0,56192000.0,0.0,24156000.0,24156000.0,24156000.0,0.0,0.0,0.043,7469000.0,46614000.0,137860000.0,0.133,2.31,-9.404,-8.873,1781195000.0,0.0,20.94,0.768,0.768,190623000.0,511133000.0,555897000.0,555897000.0,0.0,,,,,763000.0,6122000.0,1.0,80300943.0,80319000.0,81057000.0,6.921,2808726000.0,1652000.0,6041000.0,175786000.0,34.97,443001000.0
19,MEE,MRQ,2006-06-30,2006-06-30,2006-06-30,2019-05-23,-469000.0,2770836000.0,,782134000.0,1988702000.0,,8.699,-85261000.0,233951000.0,233951000.0,520125000.0,3225000.0,2.258,2.929,1107555000.0,5267000.0,1102288000.0,1107555000.0,0.0,57252000.0,0.0,0.004,0.04,25513000.0,82765000.0,0.149,82765000.0,25513000.0,3882000.0,0.04,0.04,0.04,705268000.0,,705268000.0,3778193508.0,-46.0,25.78,4514000.0,0.056,1.0,35991000.0,0.065,0.0,21631000.0,3297989000.0,,190335000.0,0.0,0.0,0.0,2065568000.0,346451000.0,1719117000.0,2951285508.0,-48002000.0,0.0,-49556000.0,-1344000.0,-3264000.0,-53826000.0,-83951000.0,0.0,89775000.0,0.0,3225000.0,3225000.0,3225000.0,0.0,0.0,0.006,15654000.0,20337000.0,155699000.0,1.0,4.185,-16.356,-15.19,1771128000.0,0.0,36.0,1.362,1.347,179646000.0,490188000.0,556116000.0,556116000.0,0.0,,,,,868000.0,14078000.0,1.0,81980153.0,81076000.0,81856000.0,6.859,2770836000.0,2862000.0,657000.0,171143000.0,34.176,435683000.0
20,MEE,MRQ,2006-03-31,2006-03-31,2006-03-31,2019-05-23,-469000.0,2841835000.0,,873030000.0,1968805000.0,,9.238,-76305000.0,281953000.0,281953000.0,514899000.0,5611000.0,2.34,2.773,1108861000.0,7239000.0,1101622000.0,1108861000.0,0.0,56693000.0,0.0,0.004,0.04,28590000.0,85283000.0,0.152,85283000.0,28590000.0,6978000.0,0.07,0.07,0.07,753240000.0,,753240000.0,3750726941.0,-71.0,20.843,-38206000.0,-0.469,1.0,44570000.0,0.08,0.0,21612000.0,3295723000.0,,193167000.0,0.0,0.0,0.0,2088595000.0,373020000.0,1715575000.0,2956882941.0,-37465000.0,0.0,357000.0,-5300000.0,-3064000.0,-7741000.0,-67823000.0,0.0,38099000.0,0.0,5611000.0,5611000.0,5611000.0,0.0,0.0,0.01,20280000.0,24290000.0,155220000.0,0.571,3.926,-20.162,-18.689,1744036000.0,0.0,36.07,1.348,1.341,195791000.0,490175000.0,559469000.0,559469000.0,0.0,,,,,2095000.0,18306000.0,1.0,81976239.0,81541000.0,82192000.0,6.861,2841835000.0,6333000.0,1367000.0,174321000.0,34.852,500010000.0
21,MEE,MRQ,2005-12-31,2005-12-31,2005-12-31,2019-05-23,-469000.0,2986522000.0,,1044557000.0,1941965000.0,,10.964,-64300000.0,319418000.0,319418000.0,475725000.0,-211798000.0,2.795,2.551,1113262000.0,10680000.0,1102582000.0,1113262000.0,0.0,58194000.0,0.0,0.004,0.04,-182220000.0,-124026000.0,-0.239,-124026000.0,-182220000.0,-205441000.0,-2.77,-2.64,-2.77,840984000.0,,840984000.0,3653521195.0,-438.0,16.15,-64621000.0,-0.842,1.0,42230000.0,0.082,0.0,23221000.0,3406636000.0,,345654000.0,0.0,0.0,0.0,2145538000.0,373730000.0,1771808000.0,2912636195.0,178751000.0,0.0,227000.0,739932000.0,-3059000.0,211540000.0,-32468000.0,0.0,-321000.0,0.0,-211798000.0,-211798000.0,-211798000.0,0.0,0.0,-0.409,16013000.0,26217000.0,162789000.0,-0.014,3.463,-28.657,-28.474,1715936000.0,0.0,37.87,1.321,1.312,152564000.0,581621000.0,517955000.0,517955000.0,0.0,,,,,0.0,13355000.0,1.0,76911439.0,76702000.0,76390000.0,6.753,2986522000.0,23236000.0,6357000.0,218801000.0,38.937,670827000.0
22,MEE,MRQ,2005-09-30,2005-09-30,2005-09-30,2019-05-23,-151000.0,2826472000.0,,833570000.0,1992902000.0,,11.642,-84466000.0,140667000.0,140667000.0,465839000.0,22523000.0,2.205,2.177,881552000.0,11672000.0,869880000.0,881552000.0,0.0,57448000.0,0.0,0.003,0.04,45088000.0,102536000.0,0.192,102536000.0,45088000.0,30289000.0,0.29,0.28,0.29,889554000.0,,889554000.0,4670161990.0,25.0,11.08,-30052000.0,-0.393,1.0,67904000.0,0.127,0.0,14799000.0,3189352000.0,,322633000.0,0.0,0.0,0.0,1936918000.0,378005000.0,1558913000.0,3925475990.0,-4283000.0,0.0,784000.0,-3765000.0,-3057000.0,20689000.0,-79386000.0,0.0,54414000.0,0.0,22523000.0,22523000.0,22523000.0,0.0,0.0,0.042,25993000.0,41911000.0,153667000.0,0.138,4.413,35.173,35.221,1750641000.0,0.0,51.07,1.835,1.825,157910000.0,796483000.0,533743000.0,533743000.0,0.0,,,,,0.0,24711000.0,1.0,76864617.0,76409000.0,89546000.0,6.985,2826472000.0,20402000.0,7766000.0,229001000.0,36.991,455565000.0
23,MEE,MRQ,2005-06-30,2005-06-30,2005-06-30,2019-05-23,-151000.0,2775137000.0,,828784000.0,1946353000.0,,11.375,-111786000.0,144950000.0,144950000.0,515287000.0,37010000.0,2.265,2.197,889636000.0,13484000.0,876152000.0,889636000.0,0.0,60466000.0,0.0,0.004,0.04,55694000.0,116160000.0,0.199,116160000.0,55694000.0,41211000.0,0.48,0.44,0.48,868166000.0,,868166000.0,3668331217.0,25.0,9.438,28948000.0,0.379,1.0,67248000.0,0.115,0.0,14483000.0,3153988000.0,,301976000.0,0.0,0.0,0.0,1906971000.0,365835000.0,1541136000.0,2895302217.0,7903000.0,0.0,1314000.0,-27265000.0,-3053000.0,-29004000.0,-103827000.0,0.0,140734000.0,0.0,37010000.0,37010000.0,37010000.0,0.0,0.0,0.064,15722000.0,51526000.0,145950000.0,0.083,3.335,31.791,31.697,1709748000.0,0.0,37.72,1.418,1.41,183411000.0,777019000.0,582535000.0,582535000.0,0.0,,,,,0.0,14101000.0,1.0,76757747.0,76322000.0,89377000.0,7.633,2775137000.0,15491000.0,4201000.0,220484000.0,36.361,462949000.0
24,MEE,MRQ,2005-03-31,2005-03-31,2005-03-31,2019-05-23,-151000.0,2731655000.0,,836914000.0,1894741000.0,,10.924,-86026000.0,137047000.0,137047000.0,475686000.0,50627000.0,2.211,2.285,910076000.0,38025000.0,872051000.0,910076000.0,0.0,58457000.0,0.0,0.004,0.04,73092000.0,131549000.0,0.231,131549000.0,73092000.0,58531000.0,0.67,0.59,0.67,831594000.0,,831594000.0,3871256189.0,31.0,10.891,-10707000.0,-0.141,1.0,94339000.0,0.165,0.0,14561000.0,3126176000.0,,294083000.0,0.0,0.0,0.0,1900061000.0,378508000.0,1521553000.0,3073259189.0,14516000.0,0.0,4906000.0,-5315000.0,-3039000.0,-3448000.0,-57355000.0,0.0,75319000.0,0.0,50627000.0,50627000.0,50627000.0,0.0,0.0,0.089,22564000.0,71775000.0,140244000.0,0.06,3.696,46.102,45.5,1653776000.0,0.0,40.04,1.596,1.583,191841000.0,743066000.0,570025000.0,570025000.0,0.0,,,,,0.0,20107000.0,1.0,76754725.0,76127000.0,89305000.0,7.488,2731655000.0,33138000.0,7904000.0,214880000.0,35.883,458406000.0
25,MEE,MRQ,2004-12-31,2004-12-31,2004-12-31,2019-05-23,-151000.0,2650905000.0,,790698000.0,1860207000.0,,10.267,-94930000.0,122531000.0,122531000.0,429145000.0,1446000.0,2.379,2.412,920528000.0,20333000.0,900195000.0,920528000.0,0.0,60819000.0,0.0,0.005,0.04,10433000.0,71252000.0,0.158,71252000.0,10433000.0,-3895000.0,0.01,0.02,0.01,776873000.0,,776873000.0,3396617252.0,62.0,12.147,-71335000.0,-0.943,1.0,23221000.0,0.051,0.0,14328000.0,3116600000.0,,259785000.0,0.0,0.0,0.0,1874032000.0,332302000.0,1541730000.0,2657743252.0,-65586000.0,0.0,5228000.0,-5363000.0,-2991000.0,-3126000.0,-86055000.0,0.0,23595000.0,0.0,1446000.0,1446000.0,1446000.0,0.0,0.0,0.003,15363000.0,7858000.0,134969000.0,4.0,3.421,191.867,194.167,1640203000.0,0.0,34.95,1.504,1.489,168873000.0,695492000.0,452366000.0,452366000.0,0.0,,,,,0.0,13189000.0,1.0,76044156.0,75670000.0,76855000.0,5.978,2650905000.0,39961000.0,-5341000.0,216460000.0,35.032,458396000.0
26,MEE,MRQ,2004-09-30,2004-09-30,2004-09-30,2019-05-23,0.0,2631032000.0,,817577000.0,1813455000.0,,10.263,-81101000.0,188117000.0,188117000.0,411557000.0,1990000.0,2.593,2.406,926991000.0,22617000.0,904374000.0,926991000.0,0.0,60405000.0,0.0,0.006,0.04,9321000.0,69726000.0,0.16,69726000.0,9321000.0,-4711000.0,0.03,0.03,0.03,772459000.0,,772459000.0,2903307423.0,88.0,11.595,-53020000.0,-0.704,1.0,25176000.0,0.058,0.0,14032000.0,3054609000.0,,243985000.0,0.0,0.0,0.0,1858573000.0,315297000.0,1543276000.0,2195415423.0,-36282000.0,0.0,1894000.0,-13245000.0,-3016000.0,-14367000.0,-49996000.0,0.0,28081000.0,0.0,1990000.0,1990000.0,1990000.0,0.0,0.0,0.005,18990000.0,6186000.0,112781000.0,1.333,2.842,-513.187,-578.6,1599636000.0,0.0,28.93,1.271,1.261,152109000.0,697085000.0,436733000.0,436733000.0,0.0,,,,,0.0,17394000.0,1.0,75887156.0,75268000.0,76527000.0,5.802,2631032000.0,42535000.0,-6701000.0,224786000.0,34.956,502280000.0
27,MEE,MRQ,2004-06-30,2004-06-30,2004-06-30,2019-05-23,0.0,2592277000.0,,809135000.0,1783142000.0,,10.251,-89800000.0,224399000.0,224399000.0,415835000.0,12599000.0,2.518,2.364,932291000.0,24048000.0,908243000.0,932291000.0,0.0,52482000.0,0.0,0.006,0.04,30447000.0,82929000.0,0.178,82929000.0,30447000.0,10723000.0,0.17,0.16,0.17,770485000.0,,770485000.0,2827735883.0,104.0,12.164,-19199000.0,-0.255,1.0,50853000.0,0.109,0.0,19724000.0,2978786000.0,,227152000.0,0.0,0.0,0.0,1821792000.0,321383000.0,1500409000.0,2140563883.0,92840000.0,0.0,1297000.0,102163000.0,-3009000.0,100451000.0,-78212000.0,0.0,70601000.0,0.0,12599000.0,12599000.0,12599000.0,0.0,0.0,0.027,22036000.0,28817000.0,118357000.0,0.235,2.778,-211.476,-217.0,1574535000.0,0.0,28.21,1.273,1.261,148334000.0,698111000.0,466688000.0,466688000.0,0.0,,,,,0.0,18727000.0,1.0,75879613.0,75164000.0,87711000.0,6.209,2592277000.0,33809000.0,-1876000.0,223296000.0,34.488,487752000.0
28,MEE,MRQ,2004-03-31,2004-03-31,2004-03-31,2019-05-23,0.0,2440533000.0,,722181000.0,1718352000.0,,10.124,-81321000.0,131559000.0,131559000.0,392402000.0,-2183000.0,2.398,2.217,818731000.0,14405000.0,804326000.0,818731000.0,0.0,50911000.0,0.0,0.007,0.04,4816000.0,55727000.0,0.136,55727000.0,4816000.0,-7760000.0,-0.03,-0.03,-0.03,758726000.0,,758726000.0,2371736688.0,2499.0,11.782,23062000.0,0.308,1.0,18455000.0,0.045,0.0,12576000.0,2826487000.0,,212777000.0,0.0,0.0,0.0,1681807000.0,301218000.0,1380589000.0,1672448688.0,42806000.0,0.0,3438000.0,-1849000.0,-3008000.0,13581000.0,-75158000.0,0.0,104383000.0,0.0,-2183000.0,-2183000.0,-2183000.0,0.0,0.0,-0.005,15127000.0,3328000.0,128885000.0,-1.333,2.204,-67.118,-66.879,1520271000.0,0.0,22.07,1.04,1.029,157318000.0,688520000.0,410857000.0,410857000.0,0.0,,,,,0.0,12697000.0,1.0,75779279.0,74946000.0,74946000.0,5.482,2440533000.0,33482000.0,-5577000.0,225470000.0,32.564,420963000.0
29,MEE,MRQ,2003-12-31,2003-12-31,2003-12-31,2019-05-23,0.0,2376738000.0,,702522000.0,1674216000.0,,10.158,-78512000.0,88753000.0,88753000.0,409540000.0,-16684000.0,2.71,2.132,788041000.0,3714000.0,784327000.0,788041000.0,0.0,53544000.0,0.0,0.008,0.04,-11523000.0,42021000.0,0.102,42021000.0,-11523000.0,-29910000.0,-0.22,-0.22,-0.22,758956000.0,,758956000.0,2182060421.0,-108.0,12.382,-72527000.0,-0.971,1.0,3034000.0,0.007,0.0,18387000.0,2816752000.0,,206616000.0,0.0,0.0,0.0,1617782000.0,259274000.0,1358508000.0,1567173421.0,39265000.0,0.0,442000.0,103870000.0,-2980000.0,100082000.0,-66802000.0,0.0,5985000.0,0.0,-16684000.0,-16684000.0,-16684000.0,0.0,0.0,-0.04,16319000.0,-13285000.0,109418000.0,-0.182,2.065,-38.972,-38.519,1480187000.0,0.0,20.8,0.997,0.987,152607000.0,693712000.0,412574000.0,412574000.0,0.0,,,,,0.0,14018000.0,1.0,75344876.0,74712000.0,74712000.0,5.522,2376738000.0,28498000.0,-13226000.0,227105000.0,31.812,443248000.0
30,MEE,MRQ,2003-09-30,2003-09-30,2003-09-30,2019-05-23,0.0,2266539000.0,,635622000.0,1630917000.0,,10.426,-34275000.0,49488000.0,49488000.0,376471000.0,-3854000.0,2.384,1.915,664375000.0,2500000.0,661875000.0,664375000.0,0.0,48388000.0,0.0,0.012,0.04,3395000.0,51783000.0,0.133,51783000.0,3395000.0,-7392000.0,-0.05,-0.05,-0.05,777519000.0,,777519000.0,1580013303.0,-81.0,9.283,-27682000.0,-0.371,1.0,14344000.0,0.037,0.0,10787000.0,2614861000.0,,198305000.0,0.0,0.0,0.0,1489020000.0,266565000.0,1222455000.0,1001619303.0,24559000.0,0.0,32000.0,113017000.0,-2985000.0,52241000.0,-34275000.0,0.0,6593000.0,0.0,-3854000.0,-3854000.0,-3854000.0,0.0,0.0,-0.01,12145000.0,2199000.0,116361000.0,-0.8,1.288,-29.359,-28.913,1435360000.0,0.0,13.3,0.638,0.632,157245000.0,713386000.0,390815000.0,390815000.0,0.0,,,,,0.0,10178000.0,1.0,75309722.0,74574000.0,74574000.0,5.241,2266539000.0,43904000.0,-3538000.0,246818000.0,30.393,369057000.0
31,MEE,MRQ,2003-06-30,2003-06-30,2003-06-30,2019-05-23,0.0,2212682000.0,,565831000.0,1646851000.0,,10.514,-34293000.0,24929000.0,24929000.0,378576000.0,-2197000.0,2.196,1.823,603323000.0,0.0,603323000.0,603323000.0,0.0,47505000.0,0.0,0.012,0.04,4261000.0,51766000.0,0.132,51766000.0,4261000.0,-5586000.0,-0.03,-0.03,-0.03,783818000.0,,783818000.0,1574980332.0,-105.0,8.272,1396000.0,0.019,1.0,14827000.0,0.038,0.0,9847000.0,2533460000.0,,192965000.0,0.0,0.0,0.0,1428864000.0,257616000.0,1171248000.0,990453332.0,20563000.0,0.0,324000.0,-5178000.0,-2984000.0,14705000.0,-29831000.0,0.0,35689000.0,0.0,-2197000.0,-2197000.0,-2197000.0,0.0,0.0,-0.006,11516000.0,3311000.0,114320000.0,-1.333,1.264,-31.363,-30.581,1447974000.0,0.0,13.15,0.618,0.612,163794000.0,720227000.0,393403000.0,393403000.0,0.0,,,,,0.0,9183000.0,1.0,75319645.0,74550000.0,74550000.0,5.277,2212682000.0,41065000.0,-3389000.0,249106000.0,29.681,308215000.0
32,MEE,MRQ,2003-03-31,2003-03-31,2003-03-31,2019-05-23,0.0,2181974000.0,,525863000.0,1656111000.0,,10.576,-17292000.0,4366000.0,4366000.0,370266000.0,-17478000.0,1.02,1.768,588893000.0,263718000.0,325175000.0,588893000.0,0.0,47058000.0,0.0,0.017,0.04,-16405000.0,30653000.0,0.082,30653000.0,-16405000.0,-25643000.0,-0.24,-0.24,-0.24,788241000.0,,788241000.0,1255347693.0,-35.0,7.3,-50151000.0,-0.673,1.0,4301000.0,0.011,0.0,9238000.0,2250751000.0,,187408000.0,0.0,0.0,0.0,1393733000.0,515750000.0,877983000.0,708027693.0,1641000.0,0.0,0.0,-2712000.0,-2982000.0,47546000.0,-13046000.0,0.0,-32859000.0,0.0,-17478000.0,-17478000.0,-17478000.0,0.0,0.0,-0.047,14068000.0,-9767000.0,116277000.0,-0.167,0.898,-15.446,-15.161,1464852000.0,0.0,9.4,0.439,0.435,183795000.0,725433000.0,374567000.0,374567000.0,0.0,,,,,0.0,10837000.0,1.0,75322095.0,74531000.0,74531000.0,5.026,2181974000.0,26076000.0,-8165000.0,237496000.0,29.276,10113000.0
33,MEE,MRQ,2002-12-31,2002-12-31,2002-12-31,2019-05-23,0.0,2241432000.0,,509841000.0,1731591000.0,,10.848,-13128000.0,2725000.0,2725000.0,406619000.0,-10587000.0,0.895,1.773,550045000.0,264045000.0,286000000.0,550045000.0,0.0,46747000.0,0.0,0.016,0.04,-10743000.0,36004000.0,0.088,36004000.0,-10743000.0,-19689000.0,-0.14,-0.14,-0.14,808212000.0,,808212000.0,1291984365.0,-58.0,6.964,-10906000.0,-0.146,1.0,3977000.0,0.01,0.0,8946000.0,2219220000.0,,193669000.0,0.0,0.0,0.0,1433220000.0,569532000.0,863688000.0,732088365.0,-12820000.0,0.0,0.0,-22106000.0,-2982000.0,-8133000.0,-6909000.0,0.0,2222000.0,0.0,-10587000.0,-10587000.0,-10587000.0,0.0,0.0,-0.026,16286000.0,-12309000.0,124933000.0,-0.286,0.906,-22.475,-22.091,1534488000.0,0.0,9.72,0.449,0.444,175795000.0,745886000.0,410596000.0,410596000.0,0.0,,,,,0.0,14017000.0,1.0,75317733.0,74505000.0,74505000.0,5.511,2241432000.0,20326000.0,-9102000.0,244676000.0,30.084,-59691000.0
34,MEE,MRQ,2002-09-30,2002-09-30,2002-09-30,2019-05-23,0.0,2271194000.0,,498639000.0,1772555000.0,,11.038,-28402000.0,15545000.0,15545000.0,405010000.0,-1318000.0,0.891,1.763,575441000.0,275441000.0,300000000.0,575441000.0,0.0,64103000.0,0.0,0.025,0.04,7882000.0,71985000.0,0.17,71985000.0,7882000.0,-2049000.0,-0.02,-0.02,-0.02,821974000.0,,821974000.0,1111003342.0,,,68534000.0,0.92,1.0,19431000.0,0.046,0.0,9931000.0,2271587000.0,,185565000.0,0.0,0.0,0.0,1449220000.0,559503000.0,889717000.0,482897342.0,13201000.0,0.0,16000.0,-55009000.0,-2981000.0,-57974000.0,-25761000.0,0.0,96936000.0,0.0,-1318000.0,-1318000.0,-1318000.0,0.0,0.0,-0.003,12789000.0,6642000.0,133815000.0,-2.0,0.587,,,1584002000.0,0.0,6.45,,,196920000.0,760109000.0,424441000.0,424441000.0,0.0,,,,,0.0,10039000.0,1.0,74867805.0,74468000.0,74468000.0,5.7,2271194000.0,13889000.0,-731000.0,246715000.0,30.499,-60864000.0
35,MEE,MRQ,2002-06-30,2002-06-30,2002-06-30,2019-05-23,0.0,2299384000.0,,487971000.0,1811413000.0,,11.091,-47455000.0,2344000.0,2344000.0,405860000.0,-16456000.0,0.808,1.785,630450000.0,330450000.0,300000000.0,630450000.0,0.0,50054000.0,0.0,0.013,0.04,-16722000.0,33332000.0,0.083,33332000.0,-16722000.0,-25341000.0,-0.22,-0.22,-0.22,825673000.0,,825673000.0,1533323778.0,,,-45800000.0,-0.615,1.0,-3353000.0,-0.008,0.0,8619000.0,2323473000.0,,180894000.0,0.0,0.0,0.0,1473711000.0,604017000.0,869694000.0,950696778.0,-15578000.0,0.0,891000.0,29901000.0,-2981000.0,27811000.0,-45044000.0,0.0,1655000.0,0.0,-16456000.0,-16456000.0,-16456000.0,0.0,0.0,-0.041,14045000.0,-17398000.0,148131000.0,-0.182,1.151,,,1616622000.0,0.0,12.7,,,202232000.0,764193000.0,402507000.0,402507000.0,0.0,,,,,0.0,10961000.0,1.0,74858014.0,74445000.0,74445000.0,5.407,2299384000.0,13889000.0,-8885000.0,232462000.0,30.887,-116046000.0
36,MEE,MRQ,2002-03-31,2002-03-31,2002-03-31,2019-05-23,0.0,2291923000.0,,486257000.0,1805666000.0,,11.345,-46114000.0,17922000.0,17922000.0,384170000.0,-4213000.0,0.833,1.717,600549000.0,300549000.0,300000000.0,600549000.0,0.0,46826000.0,0.0,0.009,0.04,-2635000.0,44191000.0,0.113,44191000.0,-2635000.0,-10441000.0,-0.06,-0.06,-0.06,843507000.0,,843507000.0,1821652681.0,,,-24452000.0,-0.329,1.0,8381000.0,0.021,0.0,7806000.0,2291020000.0,,172490000.0,0.0,0.0,0.0,1448416000.0,583530000.0,864886000.0,1264095681.0,12378000.0,0.0,501000.0,37448000.0,-2975000.0,34974000.0,-44258000.0,0.0,21662000.0,0.0,-4213000.0,-4213000.0,-4213000.0,0.0,0.0,-0.011,12004000.0,-3623000.0,181740000.0,-0.667,1.499,,,1618201000.0,0.0,16.9,,,190348000.0,783412000.0,392551000.0,392551000.0,0.0,,,,,0.0,8903000.0,1.0,74798561.0,74349000.0,74349000.0,5.28,2291923000.0,13622000.0,-6228000.0,237655000.0,30.827,-97273000.0
37,MEE,MRQ,2001-12-31,2001-12-31,2001-12-31,2019-05-23,0.0,2272009000.0,,463820000.0,1808189000.0,,11.419,,5544000.0,5544000.0,,,0.833,1.674,563101000.0,263101000.0,300000000.0,563101000.0,0.0,,0.0,,0.04,,,,,,,,,,849539000.0,,849539000.0,2030513762.0,,,,,1.0,,,0.0,,2272460000.0,,155793000.0,0.0,0.0,0.0,1422470000.0,557106000.0,865364000.0,1542313762.0,,,,,,,,,,,,,,,,,,,186810000.0,,1.815,,,1619698000.0,,20.73,,,187390000.0,790379000.0,,,,,,,,,,1.0,74400085.0,74400085.0,,,2272009000.0,15452000.0,,241056000.0,30.538,-93286000.0
38,MEE,MRQ,2001-09-30,2001-10-31,2001-10-31,2019-05-23,0.0,2271080000.0,,457518000.0,1813562000.0,,11.628,-82065000.0,5664000.0,5664000.0,633980000.0,3245000.0,0.844,1.639,548231000.0,248231000.0,300000000.0,548231000.0,0.0,46728000.0,0.0,1.421,0.04,4851000.0,51579000.0,0.099,51579000.0,4851000.0,-3332000.0,0.05,0.05,0.05,860605000.0,,860605000.0,2013401743.0,110.0,10.089,-83040000.0,-1.122,1.0,-111772000.0,-0.214,0.0,8183000.0,2271412000.0,,141483000.0,0.0,0.0,0.0,1410475000.0,542235000.0,868240000.0,1525201743.0,2660000.0,-3600000.0,530000.0,57027000.0,-3023000.0,54430000.0,-50795000.0,0.0,-975000.0,0.0,3245000.0,3245000.0,3245000.0,0.0,0.0,0.006,-115099000.0,3327000.0,185903000.0,0.8,1.772,-281.403,-292.857,1613133000.0,0.0,20.5,1.065,1.057,198885000.0,805180000.0,522208000.0,522208000.0,0.0,,,,,0.0,11735000.0,1.0,74400085.0,74014000.0,74014000.0,7.056,2271080000.0,15452000.0,-6577000.0,250444000.0,30.684,-84717000.0
39,MEE,MRQ,2001-06-30,2001-06-30,2001-06-30,2019-05-23,,,,,,,,-49966000.0,,,259293000.0,-2337000.0,,,,,,,,45046000.0,,1.485,0.04,5415000.0,50461000.0,0.16,50461000.0,5415000.0,-3596000.0,-0.03,-0.03,-0.03,,,,1975244042.0,,,52071000.0,0.704,1.0,55702000.0,0.177,,9011000.0,,,,,,,,,,1469579042.0,9410000.0,0.0,1092000.0,-41201000.0,-2957000.0,-43066000.0,-49561000.0,0.0,102037000.0,0.0,-2337000.0,-2337000.0,-2337000.0,0.0,0.0,-0.007,54437000.0,1265000.0,,-1.333,,,,,0.0,19.76,,,,,314995000.0,314995000.0,0.0,,,,,0.0,9391000.0,1.0,74371409.0,73927000.0,73927000.0,4.261,,,-1259000.0,,,
40,MEE,MRQ,2001-03-31,2001-03-31,2001-03-31,2019-05-23,,,,,,,,-64285000.0,,,257593000.0,1490000.0,,,,,,,,45149000.0,,1.236,0.04,12857000.0,58006000.0,0.179,58006000.0,12857000.0,2293000.0,0.02,0.02,0.02,,,,2357733709.0,,,-30518000.0,-0.416,1.0,66401000.0,0.205,,10564000.0,,,,,,,,,,1765990709.0,-3645000.0,0.0,7921000.0,16654000.0,-2870000.0,22705000.0,-60117000.0,0.0,33767000.0,0.0,1490000.0,1490000.0,1490000.0,0.0,0.0,0.005,54340000.0,12061000.0,,2.0,,,,,0.0,23.92,,,,,323994000.0,323994000.0,0.0,,,,,0.0,9191000.0,1.0,73829043.0,73434000.0,73964000.0,4.412,,,803000.0,,,
41,MEE,MRQ,2000-12-31,2001-01-31,2001-01-31,2019-05-23,0.0,2151299000.0,,404827000.0,1746472000.0,,11.714,-43010000.0,2189000.0,2189000.0,225044000.0,-1352000.0,0.857,1.485,593932000.0,293932000.0,300000000.0,593932000.0,0.0,42894000.0,0.0,1.712,29.018,6054000.0,48948000.0,0.175,48948000.0,6054000.0,-2216000.0,-0.02,-0.02,-0.02,865710000.0,,865710000.0,1303748769.0,14.0,4.904,-64690000.0,-0.875,1.0,55285000.0,0.197,0.0,8270000.0,2270408000.0,,98577000.0,0.0,0.0,0.0,1285589000.0,472634000.0,812955000.0,1278111769.0,-4740000.0,0.0,1452000.0,-9229000.0,-2870000.0,59950000.0,-43010000.0,0.0,-21680000.0,0.0,-1352000.0,-1352000.0,-1352000.0,0.0,0.0,-0.005,51695000.0,3590000.0,93279000.0,-1450.9,1.476,23.968,24.153,1557632000.0,0.0,17.39,0.968,0.973,200302000.0,821998000.0,280329000.0,280329000.0,0.0,,,,,0.0,8801000.0,1.0,73496939.0,73902000.0,74155000.0,3.793,2151299000.0,6963000.0,-864000.0,263154000.0,29.11,-67807000.0
42,MEE,MRQ,2000-09-30,2000-10-31,2000-10-31,2019-05-23,-763000.0,2183811000.0,,432627000.0,1751184000.0,,18.681,-87364000.0,6929000.0,6929000.0,578557000.0,1456000.0,1.616,0.591,0.0,0.0,0.0,0.0,0.0,45293000.0,0.0,0.029,0.25,6724000.0,52017000.0,0.111,52017000.0,6724000.0,6569000.0,0.02,0.02,0.02,1372480000.0,,1372480000.0,3285843360.0,27.0,11.197,-11503000.0,-0.157,1.0,-109923000.0,-0.235,0.0,155000.0,1909099000.0,,104132000.0,0.0,0.0,0.0,811331000.0,267783000.0,543548000.0,2648383360.0,1864000.0,0.0,0.0,0.0,0.0,-18705000.0,-55292000.0,0.0,75861000.0,0.0,1456000.0,1456000.0,1456000.0,0.0,0.0,0.003,-110754000.0,831000.0,153457000.0,12.5,1.93,33.724,32.71,1559426000.0,0.0,35.0,2.018,1.959,-63490000.0,,468634000.0,468634000.0,0.0,,,,,0.0,15289000.0,1.0,75668096.0,73469000.0,73472000.0,6.379,2183811000.0,8398000.0,5113000.0,257779000.0,29.724,164844000.0
43,MEE,MRQ,2000-06-30,2000-07-31,2000-07-31,2019-05-23,-40370000.0,4876583000.0,,1823170000.0,3053413000.0,,22.403,-34269000.0,105638000.0,105638000.0,210118000.0,32365000.0,0.87,1.963,743098000.0,425529000.0,317569000.0,743098000.0,443861000.0,40364000.0,0.0,0.032,0.25,48475000.0,88839000.0,0.303,88839000.0,48475000.0,48399000.0,0.44,0.44,0.44,1645929000.0,,1645929000.0,2977940293.0,21.0,14.733,66052000.0,0.899,1.0,83252000.0,0.284,0.0,76000.0,3419224000.0,,315240000.0,238454000.0,0.0,238454000.0,3230654000.0,2094819000.0,1135835000.0,2256028293.0,-3689000.0,0.0,0.0,0.0,0.0,-69741000.0,-34269000.0,0.0,100321000.0,0.0,32365000.0,32365000.0,32365000.0,0.0,0.0,0.11,45529000.0,37723000.0,709824000.0,0.568,1.371,14.913,14.472,2314773000.0,0.0,29.813,-0.303,-0.294,826664000.0,1454924000.0,293370000.0,293370000.0,0.0,,,,,0.0,5165000.0,1.0,75673905.0,73469000.0,73469000.0,3.993,4876583000.0,126142000.0,16034000.0,182263000.0,66.376,-271649000.0
44,MEE,MRQ,2000-03-31,2000-04-30,2000-04-30,2019-05-23,-36918000.0,4888951000.0,,1802054000.0,3086897000.0,,22.235,-36000000.0,120209000.0,120209000.0,198445000.0,20857000.0,0.846,1.993,842121000.0,524557000.0,317564000.0,842121000.0,473905000.0,43698000.0,0.0,0.027,0.25,32377000.0,76075000.0,0.273,76075000.0,32377000.0,32377000.0,0.28,0.28,0.28,1633606000.0,,1633606000.0,3081135473.0,17.0,10.912,-41609000.0,-0.566,1.0,79958000.0,0.287,0.0,0.0,3479541000.0,,327485000.0,291697000.0,0.0,291697000.0,3255345000.0,2131322000.0,1124023000.0,2563121473.0,-2103000.0,0.0,0.0,0.0,0.0,39506000.0,-36000000.0,0.0,-5609000.0,0.0,20857000.0,20857000.0,20857000.0,0.0,0.0,0.075,51779000.0,28179000.0,624467000.0,0.893,1.569,15.16,14.656,2317338000.0,0.0,33.563,-0.55,-0.529,891828000.0,1440504000.0,278403000.0,278403000.0,0.0,,,,,0.0,8081000.0,1.0,76368610.0,73469000.0,73469000.0,3.789,4888951000.0,110464000.0,11520000.0,173094000.0,66.544,-329268000.0
45,MEE,MRQ,1999-12-31,2000-01-31,2000-01-31,2019-05-23,-32887000.0,4869789000.0,,1833340000.0,3036449000.0,,22.148,-47202000.0,148130000.0,148130000.0,191893000.0,23853000.0,0.864,1.993,666144000.0,347994000.0,318150000.0,666144000.0,509978000.0,41981000.0,0.0,0.021,0.25,34421000.0,76402000.0,0.281,76402000.0,34421000.0,34421000.0,0.32,0.32,0.32,1627205000.0,,1627205000.0,3400621071.0,34.0,14.755,-64088000.0,-0.872,1.0,80398000.0,0.295,0.0,0.0,3265634000.0,,365726000.0,299287000.0,0.0,299287000.0,3242584000.0,2122169000.0,1120415000.0,3050055071.0,2806000.0,0.0,0.0,0.0,0.0,66894000.0,-47202000.0,0.0,-16886000.0,0.0,23853000.0,23853000.0,23853000.0,0.0,0.0,0.088,50679000.0,29719000.0,729508000.0,0.781,1.874,40.497,38.401,2271129000.0,0.0,39.938,-1.65,-1.587,818262000.0,1408570000.0,272291000.0,272291000.0,0.0,,,,,0.0,8698000.0,1.0,76370706.0,73469000.0,73476000.0,3.706,4869789000.0,107737000.0,10568000.0,168982000.0,66.284,-288829000.0
46,MEE,MRQ,1999-09-30,1999-10-31,1999-10-31,2019-05-23,0.0,1979997000.0,,286644000.0,1693353000.0,,17.387,40141000.0,8051000.0,8051000.0,-8169349000.0,74205000.0,1.181,0.55,50360000.0,50360000.0,0.0,50360000.0,0.0,-69154000.0,0.0,0.02,0.2,29971000.0,-39183000.0,0.005,-39183000.0,29971000.0,67619000.0,1.02,1.03,1.02,1277393000.0,,1277393000.0,3370040110.0,22.0,10.535,-28650000.0,-0.39,1.0,-112431000.0,0.014,0.0,-37648000.0,1779587000.0,,91723000.0,0.0,0.0,0.0,702604000.0,242719000.0,459885000.0,3029074110.0,125058000.0,-36300000.0,-4161000.0,117127000.0,45484000.0,152010000.0,41839000.0,13441000.0,-68791000.0,0.0,74205000.0,74205000.0,74205000.0,0.0,0.0,-0.009,-142506000.0,30075000.0,109826000.0,0.196,2.371,29.54,28.482,1508728000.0,0.0,39.875,2.398,2.319,-138936000.0,1375338000.0,-8281780000.0,-8281780000.0,0.0,,,,,0.0,-6006000.0,1.0,75964241.0,73469000.0,,-112.725,1979997000.0,8666000.0,-6586000.0,236087000.0,26.95,43925000.0
47,MEE,MRQ,1999-06-30,1999-07-31,1999-07-31,2019-05-23,-34453000.0,4897843000.0,,2033965000.0,2863878000.0,,19.975,-97048000.0,219886000.0,219886000.0,2967562000.0,50152000.0,0.883,2.235,560852000.0,243302000.0,317550000.0,560852000.0,575335000.0,83083000.0,0.0,0.02,0.2,85976000.0,169059000.0,0.055,169059000.0,85976000.0,73537000.0,0.67,0.66,0.67,1514250000.0,,1514250000.0,3503282426.0,265.0,18.273,149911000.0,1.977,1.0,101882000.0,0.033,0.0,12439000.0,2934460000.0,,334767000.0,294489000.0,0.0,294489000.0,3383593000.0,2304349000.0,1079244000.0,3037100426.0,12015000.0,0.0,2309000.0,-104689000.0,-15166000.0,-118163000.0,-116781000.0,-6578000.0,246959000.0,0.0,50152000.0,50152000.0,50152000.0,0.0,0.0,0.016,20724000.0,81158000.0,840216000.0,0.299,2.006,-203.764,-2003.125,2191252000.0,0.0,40.063,6.213,6.213,941838000.0,1314697000.0,3069444000.0,3069444000.0,0.0,,,,,0.0,20724000.0,1.0,75809059.0,75809059.0,,40.489,4897843000.0,95079000.0,23385000.0,130596000.0,64.608,-270384000.0
48,MEE,MRQ,1999-03-31,1999-04-30,1999-04-30,2019-05-23,-28215000.0,5013780000.0,,2221186000.0,2792594000.0,,19.702,-80309000.0,207871000.0,207871000.0,3001212000.0,-72895000.0,0.891,2.386,674053000.0,374051000.0,300002000.0,674053000.0,588938000.0,75712000.0,0.0,0.024,0.2,-51515000.0,24197000.0,0.008,24197000.0,-51515000.0,-64523000.0,-0.97,-0.97,-0.97,1480705000.0,,1480705000.0,2899472078.0,81.0,14.45,-72946000.0,-0.971,1.0,90095000.0,0.029,0.0,13008000.0,2986821000.0,,342454000.0,256590000.0,0.0,256590000.0,3533075000.0,2493141000.0,1039934000.0,2529540078.0,-100377000.0,0.0,-2000.0,-9803000.0,-15159000.0,-25494000.0,-82246000.0,-2361000.0,7363000.0,0.0,-72895000.0,-72895000.0,-72895000.0,0.0,0.0,-0.024,146722000.0,-56627000.0,893296000.0,-0.206,1.708,-965.473,278.125,2179076000.0,0.0,33.375,2.668,2.645,945363000.0,1279711000.0,3091307000.0,3091307000.0,0.0,,,,,0.0,10222000.0,1.0,75791463.0,75154000.0,75154000.0,41.133,5013780000.0,99941000.0,8372000.0,128754000.0,66.713,-271955000.0
49,MEE,MRQ,1998-12-31,1999-01-31,1999-01-31,2019-05-23,-29685000.0,5017950000.0,,2219095000.0,2798855000.0,,20.433,-92785000.0,308248000.0,308248000.0,3291204000.0,51081000.0,0.906,2.205,678180000.0,378180000.0,300000000.0,678180000.0,608446000.0,77917000.0,0.0,0.021,0.2,87903000.0,165820000.0,0.049,165820000.0,87903000.0,74899000.0,0.68,0.68,0.68,1565676000.0,,1565676000.0,3290696996.0,18.0,9.709,-42592000.0,-0.556,1.0,92861000.0,0.027,0.0,13004000.0,2937481000.0,,340947000.0,271024000.0,0.0,271024000.0,3452274000.0,2450401000.0,1001873000.0,2902178996.0,-32296000.0,36300000.0,1854000.0,-2635000.0,-15159000.0,-16873000.0,-65616000.0,-4502000.0,50193000.0,0.0,51081000.0,51081000.0,51081000.0,0.0,0.0,0.015,9558000.0,83303000.0,945558000.0,0.294,1.854,23.299,21.52,2175380000.0,0.0,37.875,2.548,2.548,871732000.0,1367765000.0,3384065000.0,3384065000.0,0.0,,,,,0.0,9558000.0,1.0,76625188.0,76625188.0,,44.164,5017950000.0,77746000.0,23818000.0,99379000.0,65.487,-231306000.0
50,MEE,MRQ,1998-09-30,1998-10-31,1998-10-31,2019-05-23,-29911000.0,5019208000.0,,2277151000.0,2742057000.0,,20.646,21493000.0,340544000.0,340544000.0,-9110375000.0,-43243000.0,0.912,2.29,729062000.0,428634000.0,300428000.0,729062000.0,546816000.0,-58196000.0,0.0,0.021,0.2,-109160000.0,-167356000.0,0.018,-167356000.0,-109160000.0,-78641000.0,-0.4,-0.4,-0.4,1525609000.0,,1525609000.0,3256341848.0,17.0,9.672,-185556000.0,-2.511,1.0,54379000.0,-0.006,139091000.0,-30519000.0,2773081000.0,,198645000.0,137562000.0,0.0,137562000.0,3493599000.0,2495554000.0,998045000.0,2940681848.0,-9335000.0,0.0,331506000.0,-242039000.0,48367000.0,138567000.0,59147000.0,1687000.0,-207049000.0,0.0,-43243000.0,-43243000.0,-43243000.0,0.0,0.0,0.005,163706000.0,-109327000.0,972096000.0,-0.5,1.928,22.921,22.306,2147308000.0,0.0,38.813,2.548,2.485,959416000.0,1331843000.0,-9055996000.0,-9055996000.0,0.0,,,,,0.0,13247000.0,1.0,75766360.0,73893000.0,,-122.556,4880117000.0,81155000.0,-35398000.0,105515000.0,66.043,-218403000.0
51,MEE,MRQ,1998-06-30,1998-07-31,1998-07-31,2019-05-23,-25994000.0,4856271000.0,,2159582000.0,2696689000.0,,19.519,-142250000.0,308727000.0,308727000.0,3421976000.0,62437000.0,0.922,2.198,624387000.0,323982000.0,300405000.0,624387000.0,593452000.0,69476000.0,0.0,0.019,0.2,108516000.0,177992000.0,0.05,177992000.0,108516000.0,96232000.0,0.81,0.81,0.81,1518533000.0,,1518533000.0,3403344049.0,8.0,4.755,-47101000.0,-0.605,1.0,106876000.0,0.03,0.0,12284000.0,2828674000.0,,228777000.0,269389000.0,0.0,269389000.0,3337738000.0,2343257000.0,994481000.0,3272326049.0,-10764000.0,0.0,-112309000.0,175009000.0,-15483000.0,45862000.0,-151775000.0,-7997000.0,95149000.0,0.0,62437000.0,62437000.0,62437000.0,0.0,0.0,0.018,3774000.0,103102000.0,864143000.0,0.247,2.155,12.606,13.145,2098245000.0,0.0,42.063,0.23,0.23,923270000.0,1283168000.0,3528852000.0,3528852000.0,0.0,,,,,0.0,3774000.0,1.0,77796756.0,77796756.0,,45.36,4856271000.0,86507000.0,33795000.0,81317000.0,62.423,-183675000.0
52,MEE,MRQ,1998-03-31,1998-04-30,1998-04-30,2019-05-23,-14623000.0,4758350000.0,,2182787000.0,2575563000.0,,19.815,-99427000.0,319491000.0,319491000.0,3184891000.0,54289000.0,1.004,1.983,450509000.0,149944000.0,300565000.0,450509000.0,537561000.0,69516000.0,0.0,0.017,0.2,92977000.0,162493000.0,0.05,162493000.0,92977000.0,83650000.0,0.67,0.67,0.67,1595266000.0,,1595266000.0,3923076422.0,9.0,5.502,137844000.0,1.712,1.0,97188000.0,0.03,0.0,9327000.0,2714365000.0,,252041000.0,280241000.0,0.0,280241000.0,3163084000.0,2175003000.0,988081000.0,3878061422.0,14078000.0,0.0,-184054000.0,78215000.0,-16190000.0,-123324000.0,-99869000.0,1675000.0,237271000.0,0.0,54289000.0,54289000.0,54289000.0,0.0,0.0,0.017,10115000.0,87073000.0,908636000.0,0.299,2.431,14.724,14.812,1985196000.0,0.0,47.25,0.27,0.265,956139000.0,1236214000.0,3282079000.0,3282079000.0,0.0,,,,,0.0,10115000.0,1.0,82075374.0,80506000.0,80865000.0,40.768,4758350000.0,90297000.0,29361000.0,74712000.0,59.106,7784000.0
53,MEE,MRQ,1997-12-31,1998-01-31,1998-01-31,2019-05-23,-14911000.0,4543136000.0,,2041666000.0,2501470000.0,,20.942,-87714000.0,305413000.0,305413000.0,3309279000.0,54813000.0,1.123,1.61,350428000.0,49989000.0,300439000.0,350428000.0,527043000.0,69663000.0,0.0,0.02,0.2,93880000.0,163543000.0,0.048,163543000.0,93880000.0,84458000.0,0.66,0.66,0.66,1740564000.0,,1740564000.0,3195592587.0,11.0,5.92,72424000.0,0.871,1.0,89740000.0,0.026,0.0,9422000.0,2770740000.0,,226775000.0,256711000.0,0.0,256711000.0,2802572000.0,1817411000.0,985161000.0,3132406587.0,6089000.0,0.0,-35143000.0,-11185000.0,-16694000.0,-64197000.0,-89852000.0,4635000.0,160138000.0,0.0,54813000.0,54813000.0,54813000.0,0.0,0.0,0.016,448000.0,89292000.0,706070000.0,0.303,1.8,22.541,22.567,1951083000.0,0.0,37.688,0.22,0.22,915909000.0,1198115000.0,3399019000.0,3399019000.0,0.0,,,,,0.0,448000.0,1.0,83115266.0,83115266.0,,40.895,4543136000.0,63905000.0,29645000.0,60917000.0,54.661,224255000.0
54,MEE,MRQ,1997-09-30,1997-10-31,1997-10-31,2019-05-23,-7204000.0,4685340000.0,,2213386000.0,2471954000.0,,20.954,-97126000.0,299324000.0,299324000.0,3868300000.0,88044000.0,1.119,1.691,382510000.0,82002000.0,300508000.0,382510000.0,525518000.0,64990000.0,0.0,0.018,0.19,146721000.0,211711000.0,0.053,211711000.0,146721000.0,136007000.0,1.06,1.05,1.06,1741050000.0,,1741050000.0,,,,136837000.0,1.647,1.0,134442000.0,0.034,158399000.0,10714000.0,2631943000.0,,175448000.0,106638000.0,10089000.0,96549000.0,2944290000.0,1978184000.0,966106000.0,3418115314.0,101005000.0,-27490000.0,-14043000.0,-40467000.0,-15971000.0,-68099000.0,-64859000.0,90299000.0,233963000.0,0.0,88044000.0,88044000.0,88044000.0,0.0,0.0,0.022,-5491000.0,139933000.0,858187000.0,0.179,1.963,23.382,23.366,1938790000.0,0.0,41.125,0.239,0.239,917604000.0,1159996000.0,4002742000.0,4002742000.0,0.0,,,,,0.0,-5491000.0,1.0,83115266.0,83091000.0,,48.173,4526941000.0,58039000.0,47963000.0,66739000.0,54.482,235202000.0
55,MEE,MRQ,1997-06-30,1997-07-31,1997-07-31,2019-05-23,,,,,,,,-76022000.0,,,3567314000.0,66242000.0,,,,,,,,65720000.0,,0.012,0.19,109564000.0,175284000.0,0.048,175284000.0,109564000.0,102044000.0,0.8,0.8,0.8,,,,,,,-28937000.0,,1.0,108591000.0,0.03,,7520000.0,,,,,,,,,,,-35677000.0,-108729000.0,-3069000.0,119371000.0,-15884000.0,96704000.0,-179466000.0,14795000.0,47085000.0,0.0,66242000.0,66242000.0,66242000.0,0.0,0.0,0.018,4654000.0,103937000.0,,0.237,,,,,0.0,61.5,,,,,3675905000.0,3675905000.0,0.0,,,,,0.0,4654000.0,1.0,,,,,,,35802000.0,,,
56,MEE,MRQ,1997-03-31,1997-04-30,1997-04-30,2019-05-23,,,,,,,,-111013000.0,,,3259669000.0,-70134000.0,,,,,,,,60656000.0,,0.013,0.19,-71425000.0,-10769000.0,-0.003,-10769000.0,-71425000.0,-78407000.0,-0.85,-0.84,-0.85,,,,,,,3299000.0,,1.0,-73836000.0,-0.023,,6982000.0,,,,,,,,,,,109422000.0,-2386000.0,-9420000.0,109963000.0,-15954000.0,87450000.0,-92340000.0,6628000.0,114312000.0,0.0,-70134000.0,-70134000.0,-70134000.0,0.0,0.0,-0.022,3197000.0,-77033000.0,,-0.224,,,,,0.0,55.0,,,,,3185833000.0,3185833000.0,0.0,,,,,0.0,3197000.0,1.0,,,,,,,-8273000.0,,,
57,MEE,MRQ,1996-12-31,1997-01-31,1997-01-31,2019-05-23,,,,,,,,-131045000.0,,,3327287000.0,62035000.0,,,,,,,,56987000.0,,0.01,0.19,101167000.0,158154000.0,0.046,158154000.0,101167000.0,95625000.0,0.75,0.74,0.75,,,,,,,-197781000.0,,1.0,106774000.0,0.031,,5542000.0,,,,,,,,,,,-122390000.0,-30603000.0,8615000.0,128544000.0,-15941000.0,119652000.0,-175306000.0,15788000.0,-66736000.0,0.0,62035000.0,62035000.0,62035000.0,0.0,0.0,0.018,10870000.0,95904000.0,,0.253,,,,,0.0,71.125,,,,,3434061000.0,3434061000.0,0.0,,,,,0.0,10870000.0,1.0,,,,,,,33590000.0,,,
58,MEE,MRQ,1996-09-30,1996-10-31,1996-10-31,2019-05-23,-701000.0,3951726000.0,,1796823000.0,2154903000.0,,20.177,,246964000.0,246964000.0,,,1.092,1.367,33090000.0,30123000.0,2967000.0,33090000.0,445807000.0,,0.0,0.01,0.17,,,,,,,,,,1669726000.0,,1669726000.0,,,,,,1.0,,,84772000.0,,2007512000.0,,73927000.0,177485000.0,69378000.0,108107000.0,2282000000.0,1645568000.0,636432000.0,,,,,,,,,,,,,,,,,,,,704186000.0,,,,20.216,1677662000.0,,65.5,,0.492,742547000.0,1077559000.0,,,,,,,,,,1.0,,82755000.0,,,3866954000.0,50157000.0,,42632000.0,46.728,151255000.0
0,MEE,MRT,2011-03-31,2011-03-31,2011-03-31,2019-05-23,-119240000.0,4664111000.0,4679508500.0,1173174000.0,3490937000.0,0.705,17.477,-479513000.0,280696000.0,280696000.0,3282692000.0,-207887000.0,1.691,1.608,1318923000.0,9672000.0,1309251000.0,1318923000.0,0.0,354280000.0,0.0,0.004,0.24,-187656000.0,166624000.0,0.05,166624000.0,-187656000.0,-290434000.0,-2.07,-2.07,-2.07,1788350000.0,1848438000.0,1788350000.0,8061171222.0,-43.0,48.379,-248654000.0,-2.43,1.0,17399000.0,0.005,143325000.0,102778000.0,4865088000.0,4799034750.0,304491000.0,0.0,0.0,0.0,2875761000.0,693925000.0,2181836000.0,7072171222.0,-882241000.0,-629977000.0,-8807000.0,-3854000.0,-24466000.0,-21275000.0,-1091825000.0,882000.0,230859000.0,0.0,-207887000.0,-207887000.0,-207887000.0,0.0,0.0,-0.063,173328000.0,-155929000.0,255517000.0,-0.116,3.955,-34.019,-33.024,3236065000.0,0.0,68.36,2.143,2.12,366114000.0,512195000.0,3300091000.0,3300091000.0,0.0,-0.044,-0.112,-0.039,-0.057,10871000.0,165327000.0,1.0,103454816.0,102326000.0,102326000.0,32.251,4520786000.0,12957000.0,-82547000.0,165172000.0,44.18,479249000.0
1,MEE,MRT,2010-12-31,2010-12-31,2010-12-31,2019-05-23,-122268000.0,4610982000.0,4597688000.0,1117064000.0,3493918000.0,0.661,18.253,-434855000.0,327179000.0,327179000.0,3035135000.0,-166587000.0,1.685,1.59,1316179000.0,12327000.0,1303852000.0,1316179000.0,0.0,321477000.0,0.0,0.004,0.24,-131354000.0,190123000.0,0.063,190123000.0,-131354000.0,-233597000.0,-1.71,-1.71,-1.71,1780462000.0,1843607000.0,1780462000.0,6313291841.0,-48.0,33.206,-166946000.0,-1.711,1.0,3839000.0,0.001,157630000.0,102243000.0,4779287000.0,4587278500.0,289027000.0,0.0,0.0,0.0,2830520000.0,663065000.0,2167455000.0,5478970841.0,-338583000.0,-629977000.0,453233000.0,-23530000.0,-23477000.0,422703000.0,-1029195000.0,15526000.0,267909000.0,0.0,-166587000.0,-166587000.0,-166587000.0,0.0,0.0,-0.055,163226000.0,-159387000.0,245312000.0,-0.14,3.077,-32.89,-31.374,3217685000.0,0.0,53.65,1.803,1.722,296770000.0,526025000.0,3038974000.0,3038974000.0,0.0,-0.036,-0.09,-0.029,-0.043,11099000.0,155154000.0,1.0,102124340.0,97545000.0,97545000.0,31.155,4453352000.0,10912000.0,-67010000.0,163383000.0,45.654,453999000.0
2,MEE,MRT,2010-09-30,2010-09-30,2010-09-30,2019-05-23,-78399000.0,4701229000.0,4394860250.0,1220363000.0,3480866000.0,0.658,18.616,-330105000.0,476954000.0,476954000.0,2806730000.0,-72155000.0,2.058,1.486,1311275000.0,3077000.0,1308198000.0,1311275000.0,0.0,305981000.0,0.0,0.008,0.24,-7712000.0,298269000.0,0.103,298269000.0,-7712000.0,-110049000.0,-0.61,-0.62,-0.61,1891036000.0,1712562250.0,1891036000.0,3977545246.0,-516.0,13.335,-5244000.0,-0.052,1.0,86105000.0,0.03,167144000.0,102337000.0,4775482000.0,4394471750.0,265686000.0,0.0,0.0,0.0,2810193000.0,592924000.0,2217269000.0,3167214246.0,-163038000.0,-629977000.0,456961000.0,-33524000.0,-22494000.0,421053000.0,-908952000.0,19783000.0,324861000.0,0.0,-72155000.0,-72155000.0,-72155000.0,0.0,0.0,-0.025,155599000.0,-69494000.0,227978000.0,-0.393,1.675,-43.895,-50.852,3181312000.0,0.0,31.02,1.095,1.089,289527000.0,602221000.0,2892835000.0,2892835000.0,0.0,-0.016,-0.042,-0.002,-0.003,10467000.0,141553000.0,1.0,102102329.0,101581000.0,101581000.0,28.478,4534085000.0,14286000.0,-37894000.0,258605000.0,44.635,627439000.0
3,MEE,MRT,2010-06-30,2010-06-30,2010-06-30,2019-05-23,-80201000.0,4741712000.0,4157323500.0,1266632000.0,3475080000.0,0.655,19.211,-260297000.0,496158000.0,496158000.0,2576605000.0,-14273000.0,2.15,1.452,1306489000.0,3469000.0,1303020000.0,1306489000.0,0.0,281056000.0,0.0,0.009,0.24,67938000.0,348994000.0,0.128,348994000.0,67938000.0,-34113000.0,-0.01,-0.02,-0.01,1933904000.0,1542640250.0,1933904000.0,2954884749.0,43.0,8.467,59320000.0,0.589,1.0,147626000.0,0.054,186517000.0,102051000.0,4776282000.0,4202369000.0,299997000.0,0.0,0.0,0.0,2807808000.0,589244000.0,2218564000.0,2816053749.0,-113399000.0,-629977000.0,457896000.0,-33471000.0,-21497000.0,406788000.0,-839804000.0,18901000.0,319617000.0,0.0,-14273000.0,-14273000.0,-14273000.0,0.0,0.0,-0.005,138324000.0,9302000.0,198377000.0,-24.0,1.456,-197.299,-2735.0,3158282000.0,0.0,27.35,1.034,1.011,292585000.0,649740000.0,2724231000.0,2724231000.0,0.0,-0.003,-0.009,0.016,0.025,11050000.0,124388000.0,1.0,102963574.0,100664000.0,100664000.0,27.063,4555195000.0,0.0,-19840000.0,259646000.0,45.251,677388000.0
4,MEE,MRT,2010-03-31,2010-03-31,2010-03-31,2019-05-23,-79968000.0,4336829000.0,3885653000.0,1831344000.0,2505485000.0,0.672,20.537,-226994000.0,1162937000.0,1162937000.0,2342210000.0,94633000.0,4.002,1.452,1301768000.0,3855000.0,1297913000.0,1301768000.0,0.0,262007000.0,0.0,0.005,0.24,229970000.0,491977000.0,0.188,491977000.0,229970000.0,127696000.0,1.11,1.1,1.11,1769026000.0,1357428500.0,1769026000.0,5178763985.0,23.0,10.526,98190000.0,1.14,1.0,269500000.0,0.103,0.0,102274000.0,4018063000.0,4002960750.0,273682000.0,0.0,0.0,0.0,2567803000.0,457597000.0,2110206000.0,4525439985.0,596220000.0,0.0,489555000.0,-34496000.0,-20496000.0,438423000.0,-167387000.0,28693000.0,325184000.0,0.0,94633000.0,94633000.0,94633000.0,0.0,0.0,0.036,113514000.0,155986000.0,185069000.0,0.216,2.558,47.821,47.108,2342499000.0,0.0,52.29,1.733,1.725,212005000.0,744548000.0,2611710000.0,2611710000.0,0.0,0.024,0.07,0.057,0.088,12166000.0,104721000.0,1.0,86545037.0,86137000.0,87393000.0,30.32,4336829000.0,2815000.0,33063000.0,215783000.0,50.348,1373747000.0
5,MEE,MRT,2009-12-31,2009-12-31,2009-12-31,2019-05-23,-82669000.0,3799671000.0,3727048000.0,1314565000.0,2485106000.0,0.722,14.781,-274552000.0,665762000.0,665762000.0,2393686000.0,104433000.0,2.955,2.025,1319086000.0,23531000.0,1295555000.0,1319086000.0,0.0,270177000.0,0.0,0.006,0.24,239559000.0,509736000.0,0.189,509736000.0,239559000.0,137265000.0,1.23,1.22,1.23,1256283000.0,1207969750.0,1256283000.0,4278073206.0,18.0,8.393,14357000.0,0.169,1.0,297473000.0,0.111,0.0,102294000.0,4008060000.0,3993841000.0,269826000.0,10864000.0,10864000.0,0.0,2543388000.0,444935000.0,2098453000.0,3593746206.0,58765000.0,0.0,11306000.0,-12636000.0,-20421000.0,-18516000.0,-211628000.0,28519000.0,288909000.0,0.0,104433000.0,104433000.0,104433000.0,0.0,0.0,0.039,107946000.0,189527000.0,164979000.0,0.195,2.861,34.412,34.154,2344770000.0,0.0,42.01,1.335,1.327,121577000.0,716089000.0,2691159000.0,2691159000.0,0.0,0.028,0.086,0.06,0.089,12747000.0,99241000.0,1.0,85545018.0,84992000.0,85598000.0,31.664,3799671000.0,10546000.0,32832000.0,209230000.0,44.706,869630000.0
6,MEE,MRT,2009-09-30,2009-09-30,2009-09-30,2019-05-23,-94686000.0,3751082000.0,3695224750.0,1276119000.0,2474963000.0,0.775,14.263,-427479000.0,639992000.0,639992000.0,2523877000.0,127751000.0,2.979,2.097,1324319000.0,1593000.0,1322726000.0,1324319000.0,0.0,276107000.0,0.0,0.009,0.24,264402000.0,540509000.0,0.189,540509000.0,264402000.0,162960000.0,1.52,1.52,1.52,1211348000.0,1175552000.0,1211348000.0,3093981343.0,12.0,5.724,-236321000.0,-2.783,1.0,338428000.0,0.118,0.0,101442000.0,4007071000.0,3960172250.0,229829000.0,15121000.0,15121000.0,0.0,2539734000.0,428338000.0,2111396000.0,2383748343.0,-26340000.0,0.0,1040000.0,-335286000.0,-24607000.0,-1140000.0,-216358000.0,196242000.0,191158000.0,0.0,127751000.0,127751000.0,127751000.0,0.0,0.0,0.045,82336000.0,256092000.0,168656000.0,0.158,1.968,18.659,18.349,2339623000.0,0.0,27.89,0.833,0.828,197433000.0,696870000.0,2862305000.0,2862305000.0,0.0,0.035,0.109,0.067,0.092,14917000.0,80666000.0,1.0,85469643.0,84930000.0,85662000.0,33.702,3751082000.0,0.0,35209000.0,190750000.0,44.167,847781000.0
7,MEE,MRT,2009-06-30,2009-06-30,2009-06-30,2019-05-23,-96911000.0,3655030000.0,3729049750.0,1189476000.0,2465554000.0,0.8,14.057,-613902000.0,609557000.0,609557000.0,2605383000.0,162851000.0,3.077,2.064,1319790000.0,1546000.0,1318244000.0,1319790000.0,0.0,275048000.0,0.0,0.012,0.23,309724000.0,584772000.0,0.196,584772000.0,309724000.0,203932000.0,1.95,1.94,1.95,1193057000.0,1138243250.0,1193057000.0,2420008936.0,8.0,4.138,-349093000.0,-4.113,1.0,378658000.0,0.127,0.0,105792000.0,3978649000.0,3952991250.0,225262000.0,15121000.0,15121000.0,0.0,2461973000.0,386614000.0,2075359000.0,1670326936.0,257653000.0,0.0,258240000.0,338694000.0,-23523000.0,608773000.0,-615929000.0,-21658000.0,264809000.0,0.0,162851000.0,162851000.0,162851000.0,0.0,0.0,0.055,70536000.0,308122000.0,163722000.0,0.118,1.4,10.257,10.021,2337855000.0,0.0,19.54,0.56,0.556,240403000.0,685510000.0,2984041000.0,2984041000.0,0.0,0.044,0.143,0.078,0.104,14701000.0,62590000.0,1.0,85482443.0,84872000.0,85270000.0,35.159,3655030000.0,0.0,41081000.0,185264000.0,43.065,802862000.0
8,MEE,MRT,2009-03-31,2009-03-31,2009-03-31,2019-05-23,-99149000.0,3702409000.0,3606803250.0,1247808000.0,2454601000.0,0.863,13.802,-716686000.0,566717000.0,566717000.0,2627654000.0,49321000.0,2.652,2.161,1316399000.0,2048000.0,1314351000.0,1316399000.0,0.0,269714000.0,0.0,0.022,0.22,153224000.0,422938000.0,0.136,422938000.0,153224000.0,52079000.0,0.55,0.54,0.55,1171191000.0,1027854750.0,1171191000.0,1723810027.0,11.0,4.076,-428154000.0,-5.045,1.0,485598000.0,0.156,0.0,101145000.0,3981584000.0,3767617250.0,256061000.0,24913000.0,24913000.0,0.0,2531218000.0,470507000.0,2060711000.0,865188027.0,175670000.0,0.0,262841000.0,339617000.0,-22431000.0,617038000.0,-729900000.0,-31450000.0,288532000.0,0.0,49321000.0,49321000.0,49321000.0,0.0,0.0,0.016,334378000.0,151220000.0,202245000.0,0.4,0.739,17.542,18.4,2326653000.0,0.0,10.12,0.278,0.276,295213000.0,670411000.0,3113252000.0,3113252000.0,0.0,0.014,0.048,0.041,0.049,14302000.0,81113000.0,1.0,85492888.0,84859000.0,85182000.0,36.687,3702409000.0,0.0,2758000.0,184309000.0,43.63,777301000.0
9,MEE,MRT,2008-12-31,2008-12-31,2008-12-31,2019-05-23,-101362000.0,3672378000.0,3427508250.0,1235496000.0,2436882000.0,0.872,13.77,-736529000.0,606997000.0,606997000.0,2499604000.0,47829000.0,2.451,2.26,1312157000.0,1976000.0,1310181000.0,1312157000.0,0.0,257327000.0,0.0,0.015,0.21,145793000.0,403120000.0,0.135,403120000.0,145793000.0,48927000.0,0.58,0.58,0.58,1126612000.0,944936250.0,1126612000.0,1992585368.0,14.0,4.943,-351448000.0,-4.296,1.0,490185000.0,0.164,0.0,96866000.0,3873385000.0,3590852000.0,233168000.0,39383000.0,39383000.0,0.0,2545766000.0,504153000.0,2041613000.0,1174010368.0,241777000.0,0.0,274707000.0,339636000.0,-21310000.0,633187000.0,-776491000.0,-45920000.0,385081000.0,0.0,47829000.0,47829000.0,47829000.0,0.0,0.0,0.016,333873000.0,156312000.0,244201000.0,0.362,1.042,24.546,23.776,2297696000.0,0.0,13.79,0.393,0.377,233266000.0,632077000.0,2989789000.0,2989789000.0,0.0,0.014,0.051,0.041,0.049,13856000.0,80605000.0,1.0,85134907.0,81816000.0,82895000.0,36.543,3672378000.0,6621000.0,1098000.0,177294000.0,44.886,731343000.0
10,MEE,MRT,2008-09-30,2008-09-30,2008-09-30,2019-05-23,-28215000.0,3886382000.0,3224581500.0,1523543000.0,2362839000.0,0.874,12.855,-605794000.0,666332000.0,666332000.0,2381808000.0,5299000.0,2.097,2.659,1484907000.0,1931000.0,1482976000.0,1484907000.0,0.0,250578000.0,0.0,0.006,0.2,94709000.0,345287000.0,0.122,345287000.0,94709000.0,13475000.0,0.05,0.04,0.05,1062113000.0,859284250.0,1062113000.0,3633035306.0,38.0,10.522,-91176000.0,-1.104,1.0,437910000.0,0.155,0.0,81234000.0,3978347000.0,3430539750.0,201895000.0,211363000.0,211363000.0,0.0,2824269000.0,726610000.0,2097659000.0,2880911306.0,329669000.0,0.0,277521000.0,672296000.0,-15151000.0,630364000.0,-815313000.0,-217900000.0,514618000.0,0.0,5299000.0,5299000.0,5299000.0,0.0,0.0,0.002,346280000.0,91630000.0,201660000.0,4.0,2.712,543.671,713.4,2175729000.0,0.0,35.67,1.022,1.045,279797000.0,591973000.0,2819718000.0,2819718000.0,0.0,0.002,0.006,0.028,0.034,17266000.0,91333000.0,1.0,80765666.0,82623000.0,83959000.0,34.128,3886382000.0,1323000.0,8176000.0,137801000.0,47.038,796933000.0
11,MEE,MRT,2008-06-30,2008-06-30,2008-06-30,2019-05-23,-27667000.0,3166044000.0,2964267250.0,988468000.0,2177576000.0,0.897,9.375,-435613000.0,351904000.0,351904000.0,2284644000.0,-24851000.0,1.451,3.213,1104028000.0,1925000.0,1102103000.0,1104028000.0,0.0,246198000.0,0.0,0.002,0.19,44942000.0,291140000.0,0.109,291140000.0,44942000.0,-27899000.0,-0.3,-0.3,-0.3,751503000.0,784459000.0,751503000.0,8259675625.0,184.0,28.37,26315000.0,0.328,1.0,375219000.0,0.141,0.0,72841000.0,3237153000.0,3241433500.0,188589000.0,0.0,0.0,0.0,2414541000.0,681015000.0,1733526000.0,7546091625.0,30035000.0,0.0,-10667000.0,-1651000.0,-14360000.0,-8814000.0,-423079000.0,0.0,461928000.0,0.0,-24851000.0,-24851000.0,-24851000.0,0.0,0.0,-0.009,350824000.0,24395000.0,186745000.0,-0.633,10.041,-303.653,-312.5,2001019000.0,0.0,93.75,2.837,2.825,256553000.0,542181000.0,2659863000.0,2659863000.0,0.0,-0.008,-0.032,0.014,0.017,16857000.0,100914000.0,1.0,80491644.0,80162000.0,80162000.0,33.181,3166044000.0,29726000.0,-3048000.0,152735000.0,39.496,307453000.0
12,MEE,MRT,2008-03-31,2008-03-31,2008-03-31,2019-05-23,-27310000.0,2985229000.0,2885856750.0,935353000.0,2049876000.0,0.849,10.524,-334155000.0,391047000.0,391047000.0,2170026000.0,103425000.0,2.205,2.556,1104631000.0,1899000.0,1102732000.0,1104631000.0,0.0,244138000.0,0.0,0.005,0.18,216876000.0,461014000.0,0.188,461014000.0,216876000.0,143211000.0,1.29,1.29,1.29,839517000.0,789482500.0,839517000.0,3677272006.0,17.0,7.976,105265000.0,1.32,1.0,280801000.0,0.115,0.0,73665000.0,3274523000.0,3242945500.0,189693000.0,0.0,0.0,0.0,2145712000.0,424290000.0,1721422000.0,2937945006.0,119744000.0,0.0,-14351000.0,-1599000.0,-13586000.0,-12905000.0,-306771000.0,0.0,439420000.0,0.0,103425000.0,103425000.0,103425000.0,0.0,0.0,0.042,87705000.0,193096000.0,164629000.0,0.14,3.5,28.407,28.295,1870471000.0,0.0,36.5,1.199,1.188,197690000.0,639533000.0,2450827000.0,2450827000.0,0.0,0.036,0.131,0.067,0.088,16796000.0,82007000.0,1.0,80491644.0,79768000.0,80597000.0,30.724,2985229000.0,319000.0,39786000.0,157691000.0,37.424,511063000.0
13,MEE,MRT,2007-12-31,2007-12-31,2007-12-31,2019-05-23,-27024000.0,2860671000.0,2841621750.0,887394000.0,1973277000.0,0.849,9.785,-270461000.0,365220000.0,365220000.0,2147411000.0,94098000.0,2.412,2.649,1104547000.0,1875000.0,1102672000.0,1104547000.0,0.0,246035000.0,0.0,0.005,0.17,203648000.0,449683000.0,0.186,449683000.0,203648000.0,129503000.0,1.17,1.17,1.17,784004000.0,763485500.0,784004000.0,3614384802.0,18.0,8.038,125537000.0,1.567,1.0,266112000.0,0.11,0.0,74145000.0,3232136000.0,3240540500.0,183360000.0,0.0,0.0,0.0,2076667000.0,367862000.0,1708805000.0,2846645802.0,125975000.0,0.0,-25990000.0,-2409000.0,-12837000.0,-27680000.0,-242343000.0,0.0,395998000.0,0.0,94098000.0,94098000.0,94098000.0,0.0,0.0,0.039,86433000.0,179679000.0,148206000.0,0.145,3.631,30.252,30.556,1793920000.0,0.0,35.75,1.179,1.187,156572000.0,601587000.0,2413523000.0,2413523000.0,0.0,0.033,0.123,0.063,0.084,17095000.0,79125000.0,1.0,79626456.0,80123000.0,80654000.0,30.123,2860671000.0,16302000.0,35405000.0,154705000.0,35.703,519532000.0
14,MEE,MRT,2007-09-30,2007-09-30,2007-09-30,2019-05-23,-40006000.0,2845125000.0,2811628000.0,884511000.0,1960614000.0,0.845,9.536,-256319000.0,336663000.0,336663000.0,2127105000.0,96939000.0,2.263,2.73,1104402000.0,1844000.0,1102558000.0,1104402000.0,0.0,242223000.0,0.0,0.007,0.16,194545000.0,436768000.0,0.184,436768000.0,194545000.0,108654000.0,1.19,1.2,1.19,762812000.0,741807250.0,762812000.0,2553278082.0,13.0,5.846,81531000.0,1.019,1.0,249830000.0,0.105,0.0,85891000.0,3221922000.0,3245461750.0,186730000.0,0.0,0.0,0.0,2082313000.0,390942000.0,1691371000.0,1770932082.0,79369000.0,0.0,-27529000.0,-3789000.0,-12896000.0,-21582000.0,-236899000.0,0.0,337850000.0,0.0,96939000.0,96939000.0,96939000.0,0.0,0.0,0.041,79036000.0,170794000.0,152194000.0,0.134,2.322,18.269,18.336,1796375000.0,0.0,21.82,0.745,0.734,205159000.0,600414000.0,2376935000.0,2376935000.0,0.0,0.034,0.131,0.06,0.082,12043000.0,71764000.0,1.0,81160957.0,79997000.0,80478000.0,29.713,2845125000.0,1635000.0,11715000.0,111020000.0,35.565,493569000.0
15,MEE,MRT,2007-06-30,2007-06-30,2007-06-30,2019-05-23,-40182000.0,2852402000.0,2802528250.0,897720000.0,1954682000.0,0.831,9.569,-273172000.0,321869000.0,321869000.0,2075886000.0,99687000.0,2.293,2.697,1104215000.0,1797000.0,1102418000.0,1104215000.0,0.0,238989000.0,0.0,0.006,0.16,204273000.0,443262000.0,0.19,443262000.0,204273000.0,118373000.0,1.22,1.23,1.22,771597000.0,733124250.0,771597000.0,2994131094.0,15.0,6.755,22182000.0,0.275,1.0,253505000.0,0.109,0.0,85900000.0,3243201000.0,3263288750.0,207407000.0,0.0,0.0,0.0,2080805000.0,391547000.0,1689258000.0,2161293094.0,87918000.0,0.0,2490000.0,-5268000.0,-12935000.0,7037000.0,-214473000.0,0.0,295354000.0,0.0,99687000.0,99687000.0,99687000.0,0.0,0.0,0.043,71440000.0,182065000.0,148402000.0,0.131,2.801,21.681,21.844,1797352000.0,0.0,26.65,0.928,0.923,201318000.0,582171000.0,2329391000.0,2329391000.0,0.0,0.036,0.136,0.063,0.088,10254000.0,64668000.0,1.0,81099178.0,80638000.0,81672000.0,28.887,2852402000.0,0.0,18686000.0,138536000.0,35.373,506173000.0
16,MEE,MRT,2007-03-31,2007-03-31,2007-03-31,2019-05-23,-40484000.0,2808289000.0,2782136750.0,869897000.0,1938392000.0,0.815,9.13,-281680000.0,271303000.0,271303000.0,2060479000.0,67974000.0,2.312,2.818,1104141000.0,1773000.0,1102368000.0,1104141000.0,0.0,235994000.0,0.0,0.007,0.16,162840000.0,398834000.0,0.176,398834000.0,162840000.0,76939000.0,0.83,0.84,0.83,735529000.0,716542000.0,735529000.0,2810502272.0,17.0,7.047,-11267000.0,-0.14,1.0,207226000.0,0.091,0.0,85901000.0,3264903000.0,3276985750.0,194231000.0,0.0,0.0,0.0,2072760000.0,376224000.0,1696536000.0,1944840272.0,-10650000.0,0.0,-47983000.0,-6176000.0,-12972000.0,-44459000.0,-236604000.0,0.0,270413000.0,0.0,67974000.0,67974000.0,67974000.0,0.0,0.0,0.03,64951000.0,142275000.0,129092000.0,0.193,2.644,28.612,28.904,1772716000.0,0.0,23.99,0.858,0.852,240317000.0,550462000.0,2267705000.0,2267705000.0,0.0,0.024,0.095,0.05,0.072,8398000.0,58289000.0,1.0,81068790.0,80563000.0,81048000.0,28.148,2808289000.0,3720000.0,8965000.0,134327000.0,34.858,493673000.0
17,MEE,MRT,2006-12-31,2006-12-31,2006-12-31,2019-05-23,-40716000.0,2740696000.0,2790523250.0,799728000.0,1940968000.0,0.795,8.625,-298132000.0,239245000.0,239245000.0,2045515000.0,40977000.0,2.256,2.93,1104907000.0,2583000.0,1102324000.0,1104907000.0,0.0,230538000.0,0.0,0.007,0.16,130461000.0,360999000.0,0.163,360999000.0,130461000.0,44385000.0,0.5,0.5,0.5,697291000.0,720969750.0,697291000.0,2716731293.0,21.0,7.526,-83629000.0,-1.034,1.0,174339000.0,0.079,0.0,86076000.0,3251821000.0,3284690750.0,191056000.0,0.0,0.0,0.0,2043405000.0,354537000.0,1688868000.0,1867847293.0,-80173000.0,0.0,-47853000.0,-10214000.0,-12814000.0,-48011000.0,-246665000.0,0.0,214503000.0,0.0,40977000.0,40977000.0,40977000.0,0.0,0.0,0.018,63333000.0,111006000.0,117157000.0,0.32,2.679,45.583,46.46,1776781000.0,0.0,23.23,0.841,0.846,197105000.0,515894000.0,2219854000.0,2219854000.0,0.0,0.015,0.057,0.04,0.059,7350000.0,57093000.0,1.0,80406685.0,80847000.0,81386000.0,27.457,2740696000.0,0.0,3408000.0,136102000.0,33.9,445191000.0
18,MEE,MRT,2006-09-30,2006-09-30,2006-09-30,2019-05-23,-469000.0,2808726000.0,2851979750.0,807381000.0,2001345000.0,0.768,9.065,-302800000.0,257294000.0,257294000.0,2012563000.0,-178806000.0,2.216,2.858,1106178000.0,3898000.0,1102280000.0,1106178000.0,0.0,229735000.0,0.0,0.008,0.16,-76461000.0,153274000.0,0.07,153274000.0,-76461000.0,-164384000.0,-2.36,-2.23,-2.36,728080000.0,756893000.0,728080000.0,2555105746.0,-33.0,16.67,-119055000.0,-1.482,1.0,176874000.0,0.081,0.0,87923000.0,3293230000.0,3323394500.0,190384000.0,0.0,0.0,0.0,2080646000.0,364380000.0,1716266000.0,1681501746.0,116627000.0,0.0,-48751000.0,731479000.0,-12649000.0,145283000.0,-212401000.0,0.0,183745000.0,0.0,-178806000.0,-178806000.0,-178806000.0,0.0,0.0,-0.082,59416000.0,117458000.0,137860000.0,-0.068,2.31,-9.404,-8.873,1781195000.0,0.0,20.94,0.768,0.768,190623000.0,511133000.0,2189437000.0,2189437000.0,0.0,-0.063,-0.236,-0.023,-0.035,3726000.0,51861000.0,1.0,80300943.0,80319000.0,81057000.0,27.259,2808726000.0,1652000.0,14422000.0,175786000.0,34.97,443001000.0
19,MEE,MRT,2006-06-30,2006-06-30,2006-06-30,2019-05-23,-469000.0,2770836000.0,2856416250.0,782134000.0,1988702000.0,0.759,8.699,-310332000.0,233951000.0,233951000.0,1976588000.0,-180439000.0,2.258,2.929,1107555000.0,5267000.0,1102288000.0,1107555000.0,0.0,229587000.0,0.0,0.004,0.16,-83029000.0,146558000.0,0.068,146558000.0,-83029000.0,-164292000.0,-2.37,-2.25,-2.37,705268000.0,797261500.0,705268000.0,3778193508.0,-46.0,25.78,-128365000.0,-1.583,1.0,190695000.0,0.088,0.0,81263000.0,3297989000.0,3297425000.0,190335000.0,0.0,0.0,0.0,2065568000.0,346451000.0,1719117000.0,2951285508.0,89001000.0,0.0,-48188000.0,729523000.0,-12444000.0,170662000.0,-263628000.0,0.0,181967000.0,0.0,-180439000.0,-180439000.0,-180439000.0,0.0,0.0,-0.083,77940000.0,112755000.0,155699000.0,-0.068,4.185,-16.356,-15.19,1771128000.0,0.0,36.0,1.362,1.347,179646000.0,490188000.0,2167283000.0,2167283000.0,0.0,-0.063,-0.226,-0.025,-0.038,2963000.0,70450000.0,1.0,81980153.0,81076000.0,81856000.0,26.731,2770836000.0,2862000.0,16147000.0,171143000.0,34.176,435683000.0
20,MEE,MRT,2006-03-31,2006-03-31,2006-03-31,2019-05-23,-469000.0,2841835000.0,2857491500.0,873030000.0,1968805000.0,0.768,9.238,-336857000.0,281953000.0,281953000.0,1971750000.0,-146654000.0,2.34,2.773,1108861000.0,7239000.0,1101622000.0,1108861000.0,0.0,232801000.0,0.0,0.004,0.16,-52848000.0,179953000.0,0.082,179953000.0,-52848000.0,-126963000.0,-1.93,-1.85,-1.93,753240000.0,837986000.0,753240000.0,3750726941.0,-71.0,20.843,-103931000.0,-1.275,1.0,221952000.0,0.101,0.0,74115000.0,3295723000.0,3261424750.0,193167000.0,0.0,0.0,0.0,2088595000.0,373020000.0,1715575000.0,2956882941.0,144906000.0,0.0,2682000.0,703602000.0,-12233000.0,195484000.0,-283504000.0,0.0,232926000.0,0.0,-146654000.0,-146654000.0,-146654000.0,0.0,0.0,-0.067,78008000.0,143944000.0,155220000.0,-0.083,3.926,-20.162,-18.689,1744036000.0,0.0,36.07,1.348,1.341,195791000.0,490175000.0,2193702000.0,2193702000.0,0.0,-0.051,-0.175,-0.016,-0.024,2095000.0,70473000.0,1.0,81976239.0,81541000.0,82192000.0,26.903,2841835000.0,6333000.0,19691000.0,174321000.0,34.852,500010000.0
21,MEE,MRT,2005-12-31,2005-12-31,2005-12-31,2019-05-23,-469000.0,2986522000.0,2829946500.0,1044557000.0,1941965000.0,0.779,11.009,-346578000.0,319418000.0,319418000.0,1932537000.0,-101638000.0,2.795,2.551,1113262000.0,10680000.0,1102582000.0,1113262000.0,0.0,234565000.0,0.0,0.004,0.16,-8346000.0,226219000.0,0.103,226219000.0,-8346000.0,-75410000.0,-1.33,-1.33,-1.33,840984000.0,857574500.0,840984000.0,3653521195.0,-438.0,16.15,-76432000.0,-1.001,1.0,271721000.0,0.123,0.0,67064000.0,3406636000.0,3219038000.0,345654000.0,0.0,0.0,0.0,2145538000.0,373730000.0,1771808000.0,2912636195.0,196887000.0,0.0,7231000.0,703587000.0,-12208000.0,199777000.0,-273036000.0,0.0,270146000.0,0.0,-101638000.0,-101638000.0,-101638000.0,0.0,0.0,-0.046,80292000.0,191429000.0,162789000.0,-0.12,3.463,-28.657,-28.474,1715936000.0,0.0,37.87,1.321,1.312,152564000.0,581621000.0,2204258000.0,2204258000.0,0.0,-0.036,-0.119,-0.003,-0.004,0.0,72274000.0,1.0,76911439.0,76390000.0,76390000.0,28.855,2986522000.0,23236000.0,26228000.0,218801000.0,39.096,670827000.0
22,MEE,MRT,2005-09-30,2005-09-30,2005-09-30,2019-05-23,-151000.0,2826472000.0,2746042250.0,833570000.0,1992902000.0,0.779,11.642,-377208000.0,140667000.0,140667000.0,1885957000.0,111606000.0,2.205,2.177,881552000.0,11672000.0,869880000.0,881552000.0,0.0,237190000.0,0.0,0.003,0.16,184307000.0,421497000.0,0.197,421497000.0,184307000.0,126136000.0,1.45,1.33,1.45,889554000.0,841546750.0,889554000.0,4670161990.0,25.0,11.08,-83146000.0,-1.088,1.0,252712000.0,0.118,0.0,58171000.0,3189352000.0,3146529000.0,322633000.0,0.0,0.0,0.0,1936918000.0,378005000.0,1558913000.0,3925475990.0,-47450000.0,0.0,12232000.0,-41708000.0,-12140000.0,-14889000.0,-326623000.0,0.0,294062000.0,0.0,111606000.0,111606000.0,111606000.0,0.0,0.0,0.052,79642000.0,173070000.0,153667000.0,0.11,4.413,35.173,35.221,1750641000.0,0.0,51.07,1.835,1.825,157910000.0,796483000.0,2138669000.0,2138669000.0,0.0,0.041,0.133,0.059,0.086,0.0,72108000.0,1.0,76864617.0,76409000.0,89546000.0,27.99,2826472000.0,20402000.0,14530000.0,229001000.0,36.991,455565000.0
23,MEE,MRT,2005-06-30,2005-06-30,2005-06-30,2019-05-23,-151000.0,2775137000.0,2697182250.0,828784000.0,1946353000.0,0.757,11.375,-373843000.0,144950000.0,144950000.0,1831675000.0,91073000.0,2.265,2.197,889636000.0,13484000.0,876152000.0,889636000.0,0.0,240147000.0,0.0,0.004,0.16,148540000.0,388687000.0,0.19,388687000.0,148540000.0,91136000.0,1.19,1.08,1.19,868166000.0,812273000.0,868166000.0,3668331217.0,25.0,9.438,-106114000.0,-1.39,1.0,209984000.0,0.103,0.0,57404000.0,3153988000.0,3112843250.0,301976000.0,0.0,0.0,0.0,1906971000.0,365835000.0,1541136000.0,2895302217.0,-79449000.0,0.0,13342000.0,-51188000.0,-12099000.0,-49945000.0,-297233000.0,0.0,267729000.0,0.0,91073000.0,91073000.0,91073000.0,0.0,0.0,0.045,72639000.0,137345000.0,145950000.0,0.134,3.335,31.791,31.697,1709748000.0,0.0,37.72,1.418,1.41,183411000.0,777019000.0,2041659000.0,2041659000.0,0.0,0.034,0.112,0.048,0.073,0.0,64791000.0,1.0,76757747.0,76322000.0,89377000.0,26.751,2775137000.0,15491000.0,63000.0,220484000.0,36.361,462949000.0
24,MEE,MRT,2005-03-31,2005-03-31,2005-03-31,2019-05-23,-151000.0,2731655000.0,2651467250.0,836914000.0,1894741000.0,0.726,10.924,-351857000.0,137047000.0,137047000.0,1732223000.0,66662000.0,2.211,2.285,910076000.0,38025000.0,872051000.0,910076000.0,0.0,232163000.0,0.0,0.004,0.16,123293000.0,355456000.0,0.185,355456000.0,123293000.0,60648000.0,0.88,0.8,0.88,831594000.0,787852750.0,831594000.0,3871256189.0,31.0,10.891,-154261000.0,-2.026,1.0,193589000.0,0.101,0.0,62645000.0,3126176000.0,3069042750.0,294083000.0,0.0,0.0,0.0,1900061000.0,378508000.0,1521553000.0,3073259189.0,5488000.0,0.0,13325000.0,78240000.0,-12055000.0,79510000.0,-271618000.0,0.0,197596000.0,0.0,66662000.0,66662000.0,66662000.0,0.0,0.0,0.035,78953000.0,114636000.0,140244000.0,0.182,3.696,46.102,45.5,1653776000.0,0.0,40.04,1.596,1.583,191841000.0,743066000.0,1925812000.0,1925812000.0,0.0,0.025,0.085,0.04,0.064,0.0,69417000.0,1.0,76754725.0,76127000.0,89305000.0,25.297,2731655000.0,33138000.0,-6014000.0,214880000.0,35.883,458406000.0
25,MEE,MRT,2004-12-31,2004-12-31,2004-12-31,2019-05-23,-151000.0,2650905000.0,2578686750.0,790698000.0,1860207000.0,0.685,10.322,-347152000.0,122531000.0,122531000.0,1648939000.0,13852000.0,2.379,2.412,920528000.0,20333000.0,900195000.0,920528000.0,0.0,224617000.0,0.0,0.005,0.16,55017000.0,279634000.0,0.158,279634000.0,55017000.0,-5643000.0,0.18,0.18,0.18,776873000.0,769635750.0,776873000.0,3396617252.0,62.0,12.147,-120492000.0,-1.601,1.0,117705000.0,0.067,0.0,60660000.0,3116600000.0,2994120500.0,259785000.0,0.0,0.0,0.0,1874032000.0,332302000.0,1541730000.0,2657743252.0,33778000.0,0.0,11857000.0,81706000.0,-12024000.0,96539000.0,-289421000.0,0.0,226660000.0,0.0,13852000.0,13852000.0,13852000.0,0.0,0.0,0.008,71516000.0,46189000.0,134969000.0,0.889,3.421,191.867,194.167,1640203000.0,0.0,34.95,1.504,1.489,168873000.0,695492000.0,1766644000.0,1766644000.0,0.0,0.005,0.018,0.018,0.031,0.0,62007000.0,1.0,76044156.0,75262000.0,76450000.0,23.473,2650905000.0,39961000.0,-19495000.0,216460000.0,35.222,458396000.0
26,MEE,MRT,2004-09-30,2004-09-30,2004-09-30,2019-05-23,0.0,2631032000.0,2510145000.0,817577000.0,1813455000.0,0.688,10.263,-330734000.0,188117000.0,188117000.0,1629334000.0,-4278000.0,2.593,2.406,926991000.0,22617000.0,904374000.0,926991000.0,0.0,217342000.0,0.0,0.006,0.16,33061000.0,250403000.0,0.145,250403000.0,33061000.0,-31658000.0,-0.05,-0.06,-0.05,772459000.0,765156500.0,772459000.0,2903307423.0,88.0,11.595,-121684000.0,-1.617,1.0,97518000.0,0.056,0.0,64719000.0,3054609000.0,2919158500.0,243985000.0,0.0,0.0,0.0,1858573000.0,315297000.0,1543276000.0,2195415423.0,138629000.0,0.0,7071000.0,190939000.0,-12013000.0,199747000.0,-270168000.0,0.0,209050000.0,0.0,-4278000.0,-4278000.0,-4278000.0,0.0,0.0,-0.002,72472000.0,25046000.0,112781000.0,-3.2,2.842,-513.187,-578.6,1599636000.0,0.0,28.93,1.271,1.261,152109000.0,697085000.0,1726852000.0,1726852000.0,0.0,-0.002,-0.006,0.011,0.019,0.0,62836000.0,1.0,75887156.0,75268000.0,76527000.0,22.943,2631032000.0,42535000.0,-27380000.0,224786000.0,34.956,502280000.0
27,MEE,MRT,2004-06-30,2004-06-30,2004-06-30,2019-05-23,0.0,2592277000.0,2419021750.0,809135000.0,1783142000.0,0.695,10.251,-283908000.0,224399000.0,224399000.0,1594248000.0,-10122000.0,2.518,2.364,932291000.0,24048000.0,908243000.0,932291000.0,0.0,205325000.0,0.0,0.006,0.16,27135000.0,232460000.0,0.138,232460000.0,27135000.0,-34339000.0,-0.13,-0.14,-0.13,770485000.0,766421500.0,770485000.0,2827735883.0,104.0,12.164,-96346000.0,-1.282,1.0,86686000.0,0.052,0.0,61474000.0,2978786000.0,2809221500.0,227152000.0,0.0,0.0,0.0,1821792000.0,321383000.0,1500409000.0,2140563883.0,199470000.0,0.0,5209000.0,317201000.0,-11982000.0,266355000.0,-254447000.0,0.0,187562000.0,0.0,-10122000.0,-10122000.0,-10122000.0,0.0,0.0,-0.006,65627000.0,21059000.0,118357000.0,-1.231,2.778,-211.476,-217.0,1574535000.0,0.0,28.21,1.273,1.261,148334000.0,698111000.0,1680934000.0,1680934000.0,0.0,-0.004,-0.013,0.01,0.016,0.0,55620000.0,1.0,75879613.0,75164000.0,87711000.0,22.364,2592277000.0,33809000.0,-24217000.0,223296000.0,34.488,487752000.0
28,MEE,MRT,2004-03-31,2004-03-31,2004-03-31,2019-05-23,0.0,2440533000.0,2324123000.0,722181000.0,1718352000.0,0.692,10.124,-228401000.0,131559000.0,131559000.0,1556989000.0,-24918000.0,2.398,2.217,818731000.0,14405000.0,804326000.0,818731000.0,0.0,200348000.0,0.0,0.007,0.16,949000.0,201297000.0,0.125,201297000.0,949000.0,-50648000.0,-0.33,-0.33,-0.33,758726000.0,769754750.0,758726000.0,2371736688.0,2499.0,11.782,-75751000.0,-1.011,1.0,50660000.0,0.032,0.0,51597000.0,2826487000.0,2697890000.0,212777000.0,0.0,0.0,0.0,1681807000.0,301218000.0,1380589000.0,1672448688.0,127193000.0,0.0,4236000.0,209860000.0,-11957000.0,180609000.0,-206066000.0,0.0,152650000.0,0.0,-24918000.0,-24918000.0,-24918000.0,0.0,0.0,-0.015,55107000.0,-4447000.0,128885000.0,-0.485,2.204,-67.118,-66.879,1520271000.0,0.0,22.07,1.04,1.029,157318000.0,688520000.0,1607649000.0,1607649000.0,0.0,-0.011,-0.032,0.0,0.001,0.0,46076000.0,1.0,75779279.0,74946000.0,74946000.0,21.451,2440533000.0,33482000.0,-25730000.0,225470000.0,32.564,420963000.0
29,MEE,MRT,2003-12-31,2003-12-31,2003-12-31,2019-05-23,0.0,2376738000.0,2259483250.0,702522000.0,1674216000.0,0.695,10.175,-164372000.0,88753000.0,88753000.0,1534853000.0,-40213000.0,2.71,2.132,788041000.0,3714000.0,784327000.0,788041000.0,0.0,196495000.0,0.0,0.008,0.16,-20272000.0,176223000.0,0.112,176223000.0,-20272000.0,-68531000.0,-0.54,-0.54,-0.54,758956000.0,777133500.0,758956000.0,2182060421.0,-108.0,12.382,-148964000.0,-1.997,1.0,36506000.0,0.023,0.0,48259000.0,2816752000.0,2553956000.0,206616000.0,0.0,0.0,0.0,1617782000.0,259274000.0,1358508000.0,1567173421.0,86028000.0,0.0,798000.0,208997000.0,-11931000.0,214574000.0,-143954000.0,0.0,15408000.0,0.0,-40213000.0,-40213000.0,-40213000.0,0.0,0.0,-0.026,54048000.0,-17542000.0,109418000.0,-0.296,2.065,-38.972,-38.519,1480187000.0,0.0,20.8,0.997,0.987,152607000.0,693712000.0,1571359000.0,1571359000.0,0.0,-0.018,-0.052,-0.008,-0.013,0.0,44216000.0,1.0,75344876.0,74592000.0,74592000.0,21.066,2376738000.0,28498000.0,-28318000.0,227105000.0,31.863,443248000.0
30,MEE,MRT,2003-09-30,2003-09-30,2003-09-30,2019-05-23,0.0,2266539000.0,2225656750.0,635622000.0,1630917000.0,0.705,10.426,-98988000.0,49488000.0,49488000.0,1531932000.0,-34116000.0,2.384,1.915,664375000.0,2500000.0,661875000.0,664375000.0,0.0,189698000.0,0.0,0.012,0.16,-19492000.0,170206000.0,0.108,170206000.0,-19492000.0,-58310000.0,-0.46,-0.46,-0.46,777519000.0,789447500.0,777519000.0,1580013303.0,-81.0,9.283,-87343000.0,-1.171,1.0,37449000.0,0.024,0.0,38818000.0,2614861000.0,2404573000.0,198305000.0,0.0,0.0,0.0,1489020000.0,266565000.0,1222455000.0,1001619303.0,33943000.0,0.0,356000.0,83021000.0,-11933000.0,106359000.0,-84061000.0,0.0,11645000.0,0.0,-34116000.0,-34116000.0,-34116000.0,0.0,0.0,-0.022,54015000.0,-16566000.0,116361000.0,-0.348,1.288,-29.359,-28.913,1435360000.0,0.0,13.3,0.638,0.632,157245000.0,713386000.0,1569381000.0,1569381000.0,0.0,-0.015,-0.043,-0.008,-0.012,0.0,44215000.0,1.0,75309722.0,74574000.0,74574000.0,21.045,2266539000.0,43904000.0,-24194000.0,246818000.0,30.393,369057000.0
31,MEE,MRT,2003-06-30,2003-06-30,2003-06-30,2019-05-23,0.0,2212682000.0,2226820500.0,565831000.0,1646851000.0,0.72,10.514,-93115000.0,24929000.0,24929000.0,1560471000.0,-31580000.0,2.196,1.823,603323000.0,0.0,603323000.0,603323000.0,0.0,205413000.0,0.0,0.012,0.16,-15005000.0,190408000.0,0.119,190408000.0,-15005000.0,-52967000.0,-0.43,-0.43,-0.43,783818000.0,800561250.0,783818000.0,1574980332.0,-105.0,8.272,8873000.0,0.119,1.0,42536000.0,0.027,0.0,37962000.0,2533460000.0,2318754500.0,192965000.0,0.0,0.0,0.0,1428864000.0,257616000.0,1171248000.0,990453332.0,22585000.0,0.0,340000.0,-85005000.0,-11929000.0,-3856000.0,-75547000.0,0.0,101988000.0,0.0,-31580000.0,-31580000.0,-31580000.0,0.0,0.0,-0.02,54659000.0,-12123000.0,114320000.0,-0.372,1.264,-31.363,-30.581,1447974000.0,0.0,13.15,0.618,0.612,163794000.0,720227000.0,1603007000.0,1603007000.0,0.0,-0.014,-0.039,-0.006,-0.009,0.0,44076000.0,1.0,75319645.0,74550000.0,74550000.0,21.502,2212682000.0,41065000.0,-21387000.0,249106000.0,29.681,308215000.0
32,MEE,MRT,2003-03-31,2003-03-31,2003-03-31,2019-05-23,0.0,2181974000.0,2248496000.0,525863000.0,1656111000.0,0.717,10.576,-106277000.0,4366000.0,4366000.0,1587755000.0,-45839000.0,1.02,1.768,588893000.0,263718000.0,325175000.0,588893000.0,0.0,207962000.0,0.0,0.017,0.16,-35988000.0,171974000.0,0.107,171974000.0,-35988000.0,-72722000.0,-0.62,-0.62,-0.62,788241000.0,811025000.0,788241000.0,1255347693.0,-35.0,7.3,-38323000.0,-0.514,1.0,24356000.0,0.015,0.0,36734000.0,2250751000.0,2266257750.0,187408000.0,0.0,0.0,0.0,1393733000.0,515750000.0,877983000.0,708027693.0,-13556000.0,0.0,907000.0,-49926000.0,-11926000.0,9250000.0,-90760000.0,0.0,67954000.0,0.0,-45839000.0,-45839000.0,-45839000.0,0.0,0.0,-0.028,57188000.0,-32832000.0,116277000.0,-0.258,0.898,-15.446,-15.161,1464852000.0,0.0,9.4,0.439,0.435,183795000.0,725433000.0,1612111000.0,1612111000.0,0.0,-0.02,-0.057,-0.016,-0.022,0.0,45854000.0,1.0,75322095.0,74531000.0,74531000.0,21.63,2181974000.0,26076000.0,-26883000.0,237496000.0,29.276,10113000.0
33,MEE,MRT,2002-12-31,2002-12-31,2002-12-31,2019-05-23,0.0,2241432000.0,2275983250.0,509841000.0,1731591000.0,0.716,10.857,-135099000.0,2725000.0,2725000.0,1601659000.0,-32574000.0,0.895,1.773,550045000.0,264045000.0,286000000.0,550045000.0,0.0,207730000.0,0.0,0.016,0.16,-22218000.0,185512000.0,0.114,185512000.0,-22218000.0,-57520000.0,-0.44,-0.44,-0.44,808212000.0,824841500.0,808212000.0,1291984365.0,-58.0,6.964,-12624000.0,-0.17,1.0,28436000.0,0.017,0.0,35302000.0,2219220000.0,2276325000.0,193669000.0,0.0,0.0,0.0,1433220000.0,569532000.0,863688000.0,732088365.0,-2819000.0,0.0,1408000.0,-9766000.0,-11919000.0,-3322000.0,-121972000.0,0.0,122475000.0,0.0,-32574000.0,-32574000.0,-32574000.0,0.0,0.0,-0.02,55124000.0,-26688000.0,124933000.0,-0.364,0.906,-22.475,-22.091,1534488000.0,0.0,9.72,0.449,0.444,175795000.0,745886000.0,1630095000.0,1630095000.0,0.0,-0.014,-0.039,-0.01,-0.014,0.0,43920000.0,1.0,75317733.0,74442000.0,74442000.0,21.898,2241432000.0,20326000.0,-24946000.0,244676000.0,30.11,-59691000.0
34,MEE,MRT,2002-09-30,2002-09-30,2002-09-30,2019-05-23,0.0,2271194000.0,2283627500.0,498639000.0,1772555000.0,,11.038,,15545000.0,15545000.0,,,0.891,1.763,575441000.0,275441000.0,300000000.0,575441000.0,0.0,,0.0,0.025,0.16,,,,,,,,,,821974000.0,835173250.0,821974000.0,1111003342.0,,,,,1.0,,,0.0,,2271587000.0,2289635000.0,185565000.0,0.0,0.0,0.0,1449220000.0,559503000.0,889717000.0,482897342.0,,,,,,,,,,,,,,,,,,,133815000.0,,0.587,,,1584002000.0,,6.45,,,196920000.0,760109000.0,,,,,,,,,,1.0,74867805.0,74468000.0,,,2271194000.0,13889000.0,,246715000.0,30.499,-60864000.0
35,MEE,MRT,2002-06-30,2002-06-30,2002-06-30,2019-05-23,0.0,2299384000.0,,487971000.0,1811413000.0,,11.091,,2344000.0,2344000.0,,,0.808,1.785,630450000.0,330450000.0,300000000.0,630450000.0,0.0,,0.0,0.013,0.16,,,,,,,,,,825673000.0,,825673000.0,1533323778.0,,,,,1.0,,,0.0,,2323473000.0,,180894000.0,0.0,0.0,0.0,1473711000.0,604017000.0,869694000.0,950696778.0,,,,,,,,,,,,,,,,,,,148131000.0,,1.151,,,1616622000.0,,12.7,,,202232000.0,764193000.0,,,,,,,,,,1.0,74858014.0,74445000.0,,,2299384000.0,13889000.0,,232462000.0,30.887,-116046000.0
36,MEE,MRT,2002-03-31,2002-03-31,2002-03-31,2019-05-23,0.0,2291923000.0,,486257000.0,1805666000.0,,11.345,,17922000.0,17922000.0,,,0.833,1.717,600549000.0,300549000.0,300000000.0,600549000.0,0.0,,0.0,0.009,0.16,,,,,,,,,,843507000.0,,843507000.0,1821652681.0,,,,,1.0,,,0.0,,2291020000.0,,172490000.0,0.0,0.0,0.0,1448416000.0,583530000.0,864886000.0,1264095681.0,,,,,,,,,,,,,,,,,,,181740000.0,,1.499,,,1618201000.0,,16.9,,,190348000.0,783412000.0,,,,,,,,,,1.0,74798561.0,74349000.0,,,2291923000.0,13622000.0,,237655000.0,30.827,-97273000.0
37,MEE,MRT,2001-09-30,2001-10-31,2001-10-31,2019-05-23,0.0,2271080000.0,2227445500.0,457518000.0,1813562000.0,0.643,11.652,-247517000.0,5664000.0,5664000.0,1379021000.0,-5420000.0,0.844,1.639,548231000.0,248231000.0,300000000.0,548231000.0,0.0,181269000.0,0.0,1.421,29.138,18293000.0,199562000.0,0.139,199562000.0,18293000.0,-15921000.0,-0.07,-0.07,-0.07,860605000.0,1116542500.0,860605000.0,2013401743.0,110.0,10.089,-74725000.0,-1.012,1.0,52840000.0,0.037,0.0,34214000.0,2271412000.0,2090255500.0,141483000.0,0.0,0.0,0.0,1410475000.0,542235000.0,868240000.0,1525201743.0,-1265000.0,0.0,9369000.0,-29998000.0,-11811000.0,38590000.0,-212647000.0,0.0,172792000.0,0.0,-5420000.0,-5420000.0,-5420000.0,0.0,0.0,-0.004,43294000.0,9546000.0,185903000.0,-416.257,1.772,-281.403,-292.857,1613133000.0,0.0,20.5,1.065,1.057,198885000.0,805180000.0,1431861000.0,1431861000.0,0.0,-0.002,-0.005,0.009,0.013,0.0,35587000.0,1.0,74400085.0,73858000.0,73858000.0,19.387,2271080000.0,15452000.0,-10501000.0,250444000.0,30.749,-84717000.0
38,MEE,MRT,2001-06-30,2001-06-30,2001-06-30,2019-05-23,,,,,,,,,,,,,,,,,,,,,,1.485,29.348,,,,,,,,,,,,,1975244042.0,,,,,1.0,,,,,,,,,,,,,,1469579042.0,,,,,,,,,,,,,,,,,,,,,,,,,,19.76,,,,,,,,,,,,,,1.0,74371409.0,73927000.0,,,,,,,,
39,MEE,MRT,2001-03-31,2001-03-31,2001-03-31,2019-05-23,,,,,,,,,,,,,,,,,,,,,,1.236,29.558,,,,,,,,,,,,,2357733709.0,,,,,1.0,,,,,,,,,,,,,,1765990709.0,,,,,,,,,,,,,,,,,,,,,,,,,,23.92,,,,,,,,,,,,,,1.0,73829043.0,73434000.0,,,,,,,,
40,MEE,MRT,2000-12-31,2001-01-31,2001-01-31,2019-05-23,0.0,2151299000.0,3525161000.0,404827000.0,1746472000.0,0.375,11.714,-200643000.0,2189000.0,2189000.0,1212164000.0,53326000.0,0.857,1.485,593932000.0,293932000.0,300000000.0,593932000.0,0.0,172249000.0,0.0,1.712,29.768,93630000.0,265879000.0,0.201,265879000.0,93630000.0,85129000.0,0.72,0.72,0.72,865710000.0,1379431250.0,865710000.0,1303748769.0,14.0,4.904,-51750000.0,-0.7,1.0,108572000.0,0.082,0.0,8501000.0,2270408000.0,2769568000.0,98577000.0,0.0,0.0,0.0,1285589000.0,472634000.0,812955000.0,1278111769.0,-8668000.0,0.0,1452000.0,-9229000.0,-2870000.0,11010000.0,-168571000.0,0.0,148893000.0,0.0,53326000.0,53326000.0,53326000.0,0.0,0.0,0.04,38249000.0,70323000.0,93279000.0,41.344,1.476,23.968,24.153,1557632000.0,0.0,17.39,0.968,0.973,200302000.0,821998000.0,1320736000.0,1320736000.0,0.0,0.015,0.039,0.034,0.071,0.0,37336000.0,1.0,73496939.0,73902000.0,74155000.0,17.871,2151299000.0,6963000.0,31803000.0,263154000.0,29.11,-67807000.0
41,MEE,MRT,2000-09-30,2000-10-31,2000-10-31,2019-05-23,-763000.0,2183811000.0,4204783500.0,432627000.0,1751184000.0,0.312,18.681,-204835000.0,6929000.0,6929000.0,1179013000.0,78531000.0,1.616,0.591,0.0,0.0,0.0,0.0,0.0,171336000.0,0.0,0.029,1.0,122113000.0,293449000.0,0.224,293449000.0,122113000.0,121766000.0,1.07,1.07,1.07,1372480000.0,1569805000.0,1372480000.0,3285843360.0,27.0,11.197,-51148000.0,-0.696,1.0,133685000.0,0.102,0.0,347000.0,1909099000.0,3018374500.0,104132000.0,0.0,0.0,0.0,811331000.0,267783000.0,543548000.0,2648383360.0,-1122000.0,0.0,0.0,0.0,0.0,17954000.0,-172763000.0,0.0,153687000.0,0.0,78531000.0,78531000.0,78531000.0,0.0,0.0,0.06,37233000.0,96452000.0,153457000.0,0.935,1.93,33.724,32.71,1559426000.0,0.0,35.0,2.018,1.959,-63490000.0,,1312698000.0,1312698000.0,0.0,0.019,0.05,0.04,0.093,0.0,37233000.0,1.0,75668096.0,73469000.0,73472000.0,17.867,2183811000.0,8398000.0,43235000.0,257779000.0,29.724,164844000.0
42,MEE,MRT,2000-06-30,2000-07-31,2000-07-31,2019-05-23,-40370000.0,4876583000.0,4153830000.0,1823170000.0,3053413000.0,-1.791,22.403,-77330000.0,105638000.0,105638000.0,-7568893000.0,151280000.0,0.87,1.963,743098000.0,425529000.0,317569000.0,743098000.0,443861000.0,56889000.0,0.0,0.032,0.95,145244000.0,202133000.0,-0.027,202133000.0,145244000.0,182816000.0,2.06,2.07,2.06,1645929000.0,1546033250.0,1645929000.0,2977940293.0,21.0,14.733,-68295000.0,-0.93,1.0,131177000.0,-0.018,0.0,-37572000.0,3419224000.0,2985996500.0,315240000.0,238454000.0,0.0,238454000.0,3230654000.0,2094819000.0,1135835000.0,2256028293.0,122072000.0,-36300000.0,-4161000.0,117127000.0,45484000.0,188669000.0,-75632000.0,13441000.0,9035000.0,0.0,151280000.0,151280000.0,151280000.0,0.0,0.0,-0.02,5481000.0,125696000.0,709824000.0,0.461,1.371,14.913,14.472,2314773000.0,0.0,29.813,-0.303,-0.294,826664000.0,1454924000.0,-7437716000.0,-7437716000.0,0.0,0.036,0.098,0.049,-0.02,0.0,15938000.0,1.0,75673905.0,73469000.0,,-101.236,4876583000.0,126142000.0,31536000.0,182263000.0,66.376,-271649000.0
43,MEE,MRT,2000-03-31,2000-04-30,2000-04-30,2019-05-23,-36918000.0,4888951000.0,4159145000.0,1802054000.0,3086897000.0,-1.121,22.235,-140109000.0,120209000.0,120209000.0,-4811449000.0,169067000.0,0.846,1.993,842121000.0,524557000.0,317564000.0,842121000.0,473905000.0,99608000.0,0.0,0.027,0.9,182745000.0,282353000.0,-0.061,282353000.0,182745000.0,207954000.0,2.29,2.29,2.29,1633606000.0,1513113500.0,1633606000.0,3081135473.0,17.0,10.912,15564000.0,0.212,1.0,149807000.0,-0.032,0.0,-25209000.0,3479541000.0,2864805500.0,327485000.0,291697000.0,0.0,291697000.0,3255345000.0,2131322000.0,1124023000.0,2563121473.0,137776000.0,-36300000.0,-1852000.0,12438000.0,30318000.0,140247000.0,-158144000.0,6863000.0,155673000.0,0.0,169067000.0,169067000.0,169067000.0,0.0,0.0,-0.036,-19324000.0,169131000.0,624467000.0,0.393,1.569,15.16,14.656,2317338000.0,0.0,33.563,-0.55,-0.529,891828000.0,1440504000.0,-4661642000.0,-4661642000.0,0.0,0.041,0.112,0.064,-0.039,0.0,31497000.0,1.0,76368610.0,73469000.0,,-63.45,4888951000.0,110464000.0,38887000.0,173094000.0,66.544,-329268000.0
44,MEE,MRT,1999-12-31,2000-01-31,2000-01-31,2019-05-23,-32887000.0,4869789000.0,4190352250.0,1833340000.0,3036449000.0,-0.441,22.148,-184418000.0,148130000.0,148130000.0,-2008682000.0,75315000.0,0.864,1.993,666144000.0,347994000.0,318150000.0,666144000.0,509978000.0,131622000.0,0.0,0.021,0.85,98853000.0,230475000.0,-0.125,230475000.0,98853000.0,111054000.0,1.04,1.04,1.04,1627205000.0,1474888250.0,1627205000.0,3400621071.0,34.0,14.755,-15773000.0,-0.215,1.0,159944000.0,-0.087,0.0,-12201000.0,3265634000.0,2741625500.0,365726000.0,299287000.0,0.0,299287000.0,3242584000.0,2122169000.0,1120415000.0,3050055071.0,39502000.0,-36300000.0,-1854000.0,2635000.0,15159000.0,75247000.0,-204390000.0,4502000.0,168645000.0,0.0,75315000.0,75315000.0,75315000.0,0.0,0.0,-0.041,75619000.0,84325000.0,729508000.0,0.817,1.874,40.497,38.401,2271129000.0,0.0,39.938,-1.65,-1.587,818262000.0,1408570000.0,-1848738000.0,-1848738000.0,0.0,0.018,0.051,0.036,-0.053,0.0,33638000.0,1.0,76370706.0,73469000.0,,-25.164,4869789000.0,107737000.0,35739000.0,168982000.0,66.284,-288829000.0
45,MEE,MRT,1999-09-30,1999-10-31,1999-10-31,2019-05-23,0.0,1979997000.0,4227392500.0,286644000.0,1693353000.0,0.299,17.387,-230001000.0,8051000.0,8051000.0,1090629000.0,102543000.0,1.181,0.55,50360000.0,50360000.0,0.0,50360000.0,0.0,167558000.0,0.0,0.02,0.8,152335000.0,319893000.0,0.253,319893000.0,152335000.0,151532000.0,1.4,1.4,1.4,1277393000.0,1459506000.0,1277393000.0,3370040110.0,22.0,10.535,5723000.0,0.078,1.0,172407000.0,0.137,0.0,803000.0,1779587000.0,2659587250.0,91723000.0,0.0,0.0,0.0,702604000.0,242719000.0,459885000.0,3029074110.0,4400000.0,0.0,0.0,0.0,0.0,-8520000.0,-222804000.0,0.0,235724000.0,0.0,102543000.0,102543000.0,102543000.0,0.0,0.0,0.081,34498000.0,137909000.0,109826000.0,0.571,2.371,29.54,28.482,1508728000.0,0.0,39.875,2.398,2.319,-138936000.0,1375338000.0,1263036000.0,1263036000.0,0.0,0.024,0.07,0.057,0.121,0.0,34498000.0,1.0,75964241.0,73469000.0,73476000.0,17.191,1979997000.0,8666000.0,48989000.0,236087000.0,26.95,43925000.0
46,MEE,MRT,1999-06-30,1999-07-31,1999-07-31,2019-05-23,-34453000.0,4897843000.0,4987195250.0,2033965000.0,2863878000.0,0.098,19.975,-248649000.0,219886000.0,219886000.0,149603000.0,-14905000.0,0.883,2.235,560852000.0,243302000.0,317550000.0,560852000.0,575335000.0,178516000.0,0.0,0.02,0.8,13204000.0,191720000.0,0.392,191720000.0,13204000.0,5272000.0,-0.02,-0.03,-0.02,1514250000.0,1521560000.0,1514250000.0,3503282426.0,265.0,18.273,-151183000.0,-1.994,1.0,339217000.0,0.694,0.0,7932000.0,2934460000.0,2907960750.0,334767000.0,294489000.0,0.0,294489000.0,3383593000.0,2304349000.0,1079244000.0,3037100426.0,-129993000.0,36300000.0,335667000.0,-359166000.0,2883000.0,-21963000.0,-205496000.0,-11754000.0,97466000.0,0.0,-14905000.0,-14905000.0,-14905000.0,0.0,0.0,-0.03,340710000.0,-1493000.0,840216000.0,-40.0,2.006,-203.764,-2003.125,2191252000.0,0.0,40.063,6.213,6.213,941838000.0,1314697000.0,488820000.0,488820000.0,0.0,-0.003,-0.01,0.005,0.027,0.0,53751000.0,1.0,75809059.0,75809059.0,,6.448,4897843000.0,95079000.0,20177000.0,130596000.0,64.608,-270384000.0
47,MEE,MRT,1999-03-31,1999-04-30,1999-04-30,2019-05-23,-28215000.0,5013780000.0,4976802250.0,2221186000.0,2792594000.0,0.191,19.702,-293851000.0,207871000.0,207871000.0,604017000.0,-2620000.0,0.891,2.386,674053000.0,374051000.0,300002000.0,674053000.0,588938000.0,164909000.0,0.0,0.024,0.8,35744000.0,200653000.0,0.212,200653000.0,35744000.0,27967000.0,0.12,0.12,0.12,1480705000.0,1522630750.0,1480705000.0,2899472078.0,81.0,14.45,-348195000.0,-4.633,1.0,344211000.0,0.363,0.0,7777000.0,2986821000.0,2881514250.0,342454000.0,256590000.0,0.0,256590000.0,3533075000.0,2493141000.0,1039934000.0,2529540078.0,-152772000.0,36300000.0,221049000.0,-79468000.0,2566000.0,142062000.0,-240490000.0,-13173000.0,-54344000.0,0.0,-2620000.0,-2620000.0,-2620000.0,0.0,0.0,-0.003,323760000.0,20451000.0,893296000.0,6.667,1.708,-965.473,278.125,2179076000.0,0.0,33.375,2.668,2.645,945363000.0,1279711000.0,948228000.0,948228000.0,0.0,-0.001,-0.002,0.012,0.038,0.0,36801000.0,1.0,75791463.0,75154000.0,,12.617,5013780000.0,99941000.0,30587000.0,128754000.0,66.713,-271955000.0
48,MEE,MRT,1998-12-31,1999-01-31,1999-01-31,2019-05-23,-29685000.0,5017950000.0,4912944750.0,2219095000.0,2798855000.0,0.232,20.433,-312969000.0,308248000.0,308248000.0,787696000.0,124564000.0,0.906,2.205,678180000.0,378180000.0,300000000.0,678180000.0,608446000.0,158713000.0,0.0,0.021,0.8,180236000.0,338949000.0,0.298,338949000.0,180236000.0,176140000.0,1.76,1.76,1.76,1565676000.0,1551271000.0,1565676000.0,3290696996.0,18.0,9.709,-137405000.0,-1.793,1.0,351304000.0,0.308,0.0,4096000.0,2937481000.0,2813400250.0,340947000.0,271024000.0,0.0,271024000.0,3452274000.0,2450401000.0,1001873000.0,2902178996.0,-38317000.0,36300000.0,36997000.0,8550000.0,1535000.0,44232000.0,-258113000.0,-9137000.0,175564000.0,0.0,124564000.0,124564000.0,124564000.0,0.0,0.0,0.109,187153000.0,164151000.0,945558000.0,0.455,1.854,23.299,21.52,2175380000.0,0.0,37.875,2.548,2.548,871732000.0,1367765000.0,1139000000.0,1139000000.0,0.0,0.025,0.08,0.064,0.158,0.0,36694000.0,1.0,76625188.0,76625188.0,,14.865,5017950000.0,77746000.0,51576000.0,99379000.0,65.487,-231306000.0
49,MEE,MRT,1998-09-30,1998-10-31,1998-10-31,2019-05-23,-29911000.0,5019208000.0,4794241250.0,2277151000.0,2742057000.0,0.241,20.646,-307898000.0,340544000.0,340544000.0,805771000.0,128296000.0,0.912,2.29,729062000.0,428634000.0,300428000.0,729062000.0,546816000.0,150459000.0,0.0,0.021,0.8,186213000.0,336672000.0,0.292,336672000.0,186213000.0,185699000.0,1.74,1.74,1.74,1525609000.0,1594993000.0,1525609000.0,3256341848.0,17.0,9.672,-22389000.0,-0.303,1.0,348183000.0,0.302,139091000.0,514000.0,2773081000.0,2771715000.0,198645000.0,137562000.0,0.0,137562000.0,3493599000.0,2495554000.0,998045000.0,2940681848.0,68000.0,0.0,0.0,0.0,0.0,-3092000.0,-282349000.0,0.0,285509000.0,0.0,128296000.0,128296000.0,128296000.0,0.0,0.0,0.111,178043000.0,170140000.0,972096000.0,0.46,1.928,22.921,22.306,2147308000.0,0.0,38.813,2.548,2.485,959416000.0,1331843000.0,1153954000.0,1153954000.0,0.0,0.027,0.08,0.067,0.161,0.0,27584000.0,1.0,75766360.0,73893000.0,73900000.0,15.617,4880117000.0,81155000.0,57403000.0,105515000.0,66.043,-218403000.0
50,MEE,MRT,1998-06-30,1998-07-31,1998-07-31,2019-05-23,-25994000.0,4856271000.0,4710774250.0,2159582000.0,2696689000.0,3.017,19.519,-426517000.0,308727000.0,308727000.0,13784446000.0,259583000.0,0.922,2.198,624387000.0,323982000.0,300405000.0,624387000.0,593452000.0,273645000.0,0.0,0.019,0.79,442094000.0,715739000.0,0.05,715739000.0,442094000.0,400347000.0,3.2,3.19,3.2,1518533000.0,1648853250.0,1518533000.0,3403344049.0,8.0,4.755,300004000.0,3.856,1.0,428246000.0,0.03,0.0,41747000.0,2828674000.0,2736430500.0,228777000.0,269389000.0,0.0,269389000.0,3337738000.0,2343257000.0,994481000.0,3272326049.0,110408000.0,-27490000.0,-345549000.0,201572000.0,-64338000.0,-209758000.0,-406355000.0,88612000.0,726521000.0,0.0,259583000.0,259583000.0,259583000.0,0.0,0.0,0.018,8846000.0,419400000.0,864143000.0,0.247,2.155,12.606,13.145,2098245000.0,0.0,42.063,0.23,0.23,923270000.0,1283168000.0,14212692000.0,14212692000.0,0.0,0.055,0.157,0.162,0.031,0.0,8846000.0,1.0,77796756.0,77796756.0,,182.69,4856271000.0,86507000.0,140764000.0,81317000.0,62.423,-183675000.0
51,MEE,MRT,1998-03-31,1998-04-30,1998-04-30,2019-05-23,-14623000.0,4758350000.0,,2182787000.0,2575563000.0,,19.815,-360289000.0,319491000.0,319491000.0,13929784000.0,263388000.0,1.004,1.983,450509000.0,149944000.0,300565000.0,450509000.0,537561000.0,269889000.0,0.0,0.017,0.78,443142000.0,713031000.0,0.05,713031000.0,443142000.0,406159000.0,3.19,3.18,3.19,1595266000.0,,1595266000.0,3923076422.0,9.0,5.502,318168000.0,3.952,1.0,429961000.0,0.03,0.0,36983000.0,2714365000.0,,252041000.0,280241000.0,0.0,280241000.0,3163084000.0,2175003000.0,988081000.0,3878061422.0,85495000.0,-136219000.0,-236309000.0,145934000.0,-64739000.0,-158916000.0,-434046000.0,111404000.0,678457000.0,0.0,263388000.0,263388000.0,263388000.0,0.0,0.0,0.018,9726000.0,420235000.0,908636000.0,0.245,2.431,14.724,14.812,1985196000.0,0.0,47.25,0.27,0.265,956139000.0,1236214000.0,14359745000.0,14359745000.0,0.0,,,,0.031,0.0,9726000.0,1.0,82075374.0,80506000.0,,178.369,4758350000.0,90297000.0,142771000.0,74712000.0,59.106,7784000.0
52,MEE,MRT,1997-12-31,1998-01-31,1998-01-31,2019-05-23,-14911000.0,4543136000.0,,2041666000.0,2501470000.0,,20.942,-371875000.0,305413000.0,305413000.0,14004562000.0,138965000.0,1.123,1.61,350428000.0,49989000.0,300439000.0,350428000.0,527043000.0,261029000.0,0.0,0.02,0.77,278740000.0,539769000.0,0.038,539769000.0,278740000.0,244102000.0,1.67,1.67,1.67,1740564000.0,,1740564000.0,3195592587.0,11.0,5.92,183623000.0,2.209,1.0,258937000.0,0.018,0.0,34638000.0,2770740000.0,,226775000.0,256711000.0,0.0,256711000.0,2802572000.0,1817411000.0,985161000.0,3132406587.0,180839000.0,-138605000.0,-61675000.0,177682000.0,-64503000.0,51858000.0,-426517000.0,116357000.0,555498000.0,0.0,138965000.0,138965000.0,138965000.0,0.0,0.0,0.01,2808000.0,256129000.0,706070000.0,0.461,1.8,22.541,22.567,1951083000.0,0.0,37.688,0.22,0.22,915909000.0,1198115000.0,14263499000.0,14263499000.0,0.0,,,,0.02,0.0,2808000.0,1.0,83115266.0,83115266.0,,171.611,4543136000.0,63905000.0,105137000.0,60917000.0,54.661,224255000.0
53,MEE,MRT,1997-09-30,1997-10-31,1997-10-31,2019-05-23,-7204000.0,4685340000.0,4318533000.0,2213386000.0,2471954000.0,3.311,20.954,-415206000.0,299324000.0,299324000.0,14022570000.0,146187000.0,1.119,1.691,382510000.0,82002000.0,300508000.0,382510000.0,525518000.0,248353000.0,0.0,0.018,0.76,286027000.0,534380000.0,0.037,534380000.0,286027000.0,255269000.0,1.76,1.75,1.76,1741050000.0,1705388000.0,1741050000.0,,,,-86582000.0,-1.042,1.0,275971000.0,0.019,158399000.0,30758000.0,2631943000.0,2319727500.0,175448000.0,106638000.0,10089000.0,96549000.0,2944290000.0,1978184000.0,966106000.0,3418115314.0,52360000.0,-169208000.0,-17917000.0,317411000.0,-63750000.0,235707000.0,-511971000.0,127510000.0,328624000.0,0.0,146187000.0,146187000.0,146187000.0,0.0,0.0,0.01,13230000.0,262741000.0,858187000.0,0.432,1.963,23.382,23.366,1938790000.0,0.0,41.125,0.239,0.239,917604000.0,1159996000.0,14298541000.0,14298541000.0,0.0,0.034,0.086,0.123,0.02,0.0,13230000.0,1.0,83115266.0,83091000.0,83478000.0,172.083,4526941000.0,58039000.0,109082000.0,66739000.0,54.482,235202000.0
54,MEE,MRT,1997-06-30,1997-07-31,1997-07-31,2019-05-23,,,,,,,,,,,,,,,,,,,,,,0.012,0.74,,,,,,,,,,,,,,,,,,1.0,,,,,,,,,,,,,,,,,,,,,,,,,,,,,,,,,,,,,,,,61.5,,,,,,,,,,,,,,1.0,,,,,,,,,,
55,MEE,MRT,1997-03-31,1997-04-30,1997-04-30,2019-05-23,,,,,,,,,,,,,,,,,,,,,,0.013,0.72,,,,,,,,,,,,,,,,,,1.0,,,,,,,,,,,,,,,,,,,,,,,,,,,,,,,,,,,,,,,,55.0,,,,,,,,,,,,,,1.0,,,,,,,,,,
56,MEE,MRT,1996-12-31,1997-01-31,1997-01-31,2019-05-23,,,,,,,,,,,,,,,,,,,,,,0.01,0.7,,,,,,,,,,,,,,,,,,1.0,,,,,,,,,,,,,,,,,,,,,,,,,,,,,,,,,,,,,,,,71.125,,,,,,,,,,,,,,1.0,,,,,,,,,,
57,MEE,MRT,1996-09-30,1996-10-31,1996-10-31,2019-05-23,-701000.0,3951726000.0,,1796823000.0,2154903000.0,,20.177,-362950000.0,246964000.0,246964000.0,10565449000.0,268084000.0,1.092,1.367,33090000.0,30123000.0,2967000.0,33090000.0,445807000.0,194129000.0,0.0,0.01,0.68,429269000.0,623398000.0,0.057,623398000.0,429269000.0,413218000.0,3.24,3.21,3.24,1669726000.0,,1669726000.0,,,,43909000.0,0.531,1.0,449743000.0,0.041,84772000.0,16051000.0,2007512000.0,,73927000.0,177485000.0,69378000.0,108107000.0,2282000000.0,1645568000.0,636432000.0,,-45970000.0,-92095000.0,17351000.0,-16347000.0,-56830000.0,-56503000.0,-396326000.0,82490000.0,406859000.0,0.0,268084000.0,268084000.0,268084000.0,0.0,0.0,0.024,48120000.0,401623000.0,704186000.0,0.21,,,20.216,1677662000.0,0.0,65.5,,0.492,742547000.0,1077559000.0,11015192000.0,11015192000.0,0.0,,,,0.039,0.0,48120000.0,1.0,,82755000.0,83398000.0,133.106,3866954000.0,50157000.0,145134000.0,42632000.0,46.728,151255000.0
58,MEE,MRT,1995-09-30,1995-10-31,1995-10-31,2019-05-23,,,,,,,,-301536000.0,,,8910076000.0,231768000.0,,,,,,,,146957000.0,,0.011,0.6,375599000.0,522556000.0,0.056,522556000.0,375599000.0,362214000.0,2.78,,2.78,,,,,,,64815000.0,0.777,1.0,391308000.0,0.042,,13385000.0,,,,,,,,,,,-81534000.0,-16230000.0,9757000.0,-25624000.0,-49712000.0,-66850000.0,-381035000.0,-27070000.0,366351000.0,0.0,231768000.0,231768000.0,231768000.0,0.0,0.0,0.025,48636000.0,342672000.0,,0.216,,,20.324,,0.0,56.5,,0.507,,,9301384000.0,9301384000.0,0.0,,,,0.04,0.0,48636000.0,,,83428000.0,,111.49,,,130446000.0,,,
