None,ticker,dimension,calendardate,datekey,reportperiod,lastupdated,accoci,assets,assetsavg,assetsc,assetsnc,assetturnover,bvps,capex,cashneq,cashnequsd,cor,consolinc,currentratio,de,debt,debtc,debtnc,debtusd,deferredrev,depamor,deposits,divyield,dps,ebit,ebitda,ebitdamargin,ebitdausd,ebitusd,ebt,eps,epsdil,epsusd,equity,equityavg,equityusd,ev,evebit,evebitda,fcf,fcfps,fxusd,gp,grossmargin,intangibles,intexp,invcap,invcapavg,inventory,investments,investmentsc,investmentsnc,liabilities,liabilitiesc,liabilitiesnc,marketcap,ncf,ncfbus,ncfcommon,ncfdebt,ncfdiv,ncff,ncfi,ncfinv,ncfo,ncfx,netinc,netinccmn,netinccmnusd,netincdis,netincnci,netmargin,opex,opinc,payables,payoutratio,pb,pe,pe1,ppnenet,prefdivis,price,ps,ps1,receivables,retearn,revenue,revenueusd,rnd,roa,roe,roic,ros,sbcomp,sgna,sharefactor,sharesbas,shareswa,shareswadil,sps,tangibles,taxassets,taxexp,taxliabilities,tbvps,workingcapital
0,APH,MRY,2020-12-31,2020-12-31,2020-12-31,2021-08-02,-278100000.0,12327300000.0,11840700000.0,5490800000.0,6836500000.0,0.726,9.035,-264100000.0,1738100000.0,1738100000.0,5934800000.0,1213300000.0,2.383,1.277,3866500000.0,230300000.0,3636200000.0,3866500000.0,0.0,308100000.0,0.0,0.008,0.52,1632100000.0,1940200000.0,0.226,1940200000.0,1632100000.0,1516700000.0,2.02,1.955,2.02,5384900000.0,4887375000.0,5384900000.0,41479466788.0,25.0,21.379,1327900000.0,2.228,1.0,2664100000.0,0.31,5429600000.0,115400000.0,6721800000.0,6796375000.0,1462200000.0,0.0,0.0,0.0,6875400000.0,2304300000.0,4571100000.0,39120466788.0,810800000.0,-50400000.0,-255600000.0,142700000.0,-297600000.0,-516600000.0,-333500000.0,-18400000.0,1592000000.0,68900000.0,1203400000.0,1203400000.0,1203400000.0,0.0,9900000.0,0.14,1025700000.0,1638400000.0,1120700000.0,0.257,7.265,32.508,32.369,1054600000.0,0.0,65.385,4.549,4.532,1951600000.0,3705400000.0,8598900000.0,8598900000.0,0.0,0.102,0.246,0.24,0.19,70500000.0,1014200000.0,1.0,598309502.0,596000000,615000000.0,14.428,6897700000.0,0.0,313300000.0,411700000.0,11.573,3186500000.0
1,APH,MRY,2019-12-31,2019-12-31,2019-12-31,2021-08-02,-430900000.0,10815500000.0,10585300000.0,4211200000.0,6604300000.0,0.777,7.614,-287600000.0,908600000.0,908600000.0,5609400000.0,1164000000.0,1.975,1.373,3606700000.0,403300000.0,3203400000.0,3606700000.0,0.0,312100000.0,0.0,0.009,0.48,1604500000.0,1916600000.0,0.233,1916600000.0,1604500000.0,1486900000.0,1.94,1.875,1.94,4530300000.0,4239250000.0,4530300000.0,35051697449.0,22.0,18.288,1214700000.0,2.042,1.0,2616000000.0,0.318,5309100000.0,117600000.0,6071800000.0,6051725000.0,1310100000.0,0.0,0.0,0.0,6219300000.0,2132700000.0,4086600000.0,32089297449.0,-388100000.0,-937400000.0,-355600000.0,30000000.0,-279500000.0,-648400000.0,-1228800000.0,-3800000.0,1502300000.0,-13200000.0,1155000000.0,1155000000.0,1155000000.0,0.0,9000000.0,0.14,996800000.0,1619200000.0,866800000.0,0.247,7.083,27.783,27.894,999000000.0,0.0,54.115,3.901,3.915,1736400000.0,3348400000.0,8225400000.0,8225400000.0,0.0,0.109,0.272,0.265,0.195,63000000.0,971400000.0,1.0,592983414.0,595000000,615800000.0,13.824,5506400000.0,0.0,331900000.0,388300000.0,9.254,2078500000.0
2,APH,MRY,2018-12-31,2018-12-31,2018-12-31,2021-08-02,-390200000.0,10044900000.0,9675375000.0,4571600000.0,5473300000.0,0.848,6.668,-305600000.0,1291700000.0,1291700000.0,5547100000.0,1216900000.0,1.865,1.489,3570700000.0,764300000.0,2806400000.0,3570700000.0,0.0,299700000.0,0.0,0.011,0.44,1678200000.0,1977900000.0,0.241,1977900000.0,1678200000.0,1576500000.0,2.0,1.925,2.0,4017000000.0,3925225000.0,4017000000.0,26652224721.0,16.0,13.475,807100000.0,1.34,1.0,2654900000.0,0.324,4501100000.0,101700000.0,5371500000.0,5013975000.0,1233800000.0,0.0,0.0,0.0,5980700000.0,2451300000.0,3529400000.0,24413524721.0,-439800000.0,-158900000.0,-804500000.0,6300000.0,-253700000.0,-1070100000.0,-441800000.0,22700000.0,1112700000.0,-40600000.0,1205000000.0,1205000000.0,1205000000.0,0.0,11900000.0,0.147,968000000.0,1686900000.0,890500000.0,0.22,6.078,20.26,20.255,875800000.0,0.0,40.51,2.977,2.975,1791800000.0,3028700000.0,8202000000.0,8202000000.0,0.0,0.125,0.307,0.335,0.205,55600000.0,959500000.0,1.0,602654276.0,602400000,625200000.0,13.616,5543800000.0,0.0,371500000.0,459100000.0,9.203,2120300000.0
3,APH,MRY,2017-12-31,2017-12-31,2017-12-31,2021-08-02,-201000000.0,10003900000.0,9373250000.0,4656000000.0,5347900000.0,0.748,6.526,-222500000.0,1753700000.0,1753700000.0,4701400000.0,660700000.0,2.948,1.494,3542600000.0,1100000.0,3541500000.0,3542600000.0,0.0,226800000.0,0.0,0.008,0.35,1434500000.0,1661300000.0,0.237,1661300000.0,1434500000.0,1342200000.0,1.065,1.03,1.065,3989800000.0,3909025000.0,3989800000.0,28879972629.0,20.0,17.384,921700000.0,1.508,1.0,2309900000.0,0.329,4531100000.0,92300000.0,5682300000.0,5342675000.0,1106900000.0,0.0,0.0,0.0,5960500000.0,1579400000.0,4381100000.0,26808772629.0,684500000.0,-265500000.0,-433900000.0,523200000.0,-205000000.0,-140100000.0,-380200000.0,107800000.0,1144200000.0,60600000.0,650500000.0,650500000.0,650500000.0,0.0,10200000.0,0.093,882300000.0,1427600000.0,875600000.0,0.329,6.719,41.213,41.221,816800000.0,0.0,43.9,3.824,3.828,1598600000.0,2941500000.0,7011300000.0,7011300000.0,0.0,0.069,0.166,0.268,0.205,49700000.0,878300000.0,1.0,610678192.0,611400000,633000000.0,11.468,5472800000.0,0.0,691700000.0,395400000.0,8.951,3076600000.0
4,APH,MRY,2016-12-31,2016-12-31,2016-12-31,2021-08-02,-469000000.0,8498700000.0,8196375000.0,3591200000.0,4907500000.0,0.767,5.96,-183700000.0,1173200000.0,1173200000.0,4246400000.0,832600000.0,2.196,1.3,3010700000.0,375200000.0,2635500000.0,3010700000.0,0.0,217000000.0,0.0,0.009,0.29,1204000000.0,1421000000.0,0.226,1421000000.0,1204000000.0,1131400000.0,1.335,1.305,1.335,3674900000.0,3575925000.0,3674900000.0,22685347808.0,19.0,15.964,893900000.0,1.45,1.0,2040000000.0,0.325,4196100000.0,72600000.0,4504900000.0,4649275000.0,928900000.0,0.0,0.0,0.0,4775600000.0,1635200000.0,3140400000.0,20729747808.0,-702600000.0,-1305100000.0,-178600000.0,180200000.0,-172700000.0,-133500000.0,-1612700000.0,-123900000.0,1077600000.0,-34000000.0,822900000.0,822900000.0,822900000.0,0.0,9700000.0,0.131,834800000.0,1205200000.0,678200000.0,0.217,5.641,25.191,25.169,711400000.0,0.0,33.6,3.298,3.296,1349300000.0,3122700000.0,6286400000.0,6286400000.0,0.0,0.1,0.23,0.259,0.192,3200000.0,798200000.0,1.0,616956780.0,616600000,630400000.0,10.195,4302600000.0,0.0,308500000.0,202800000.0,6.978,1956000000.0
5,APH,MRY,2015-12-31,2015-12-31,2015-12-31,2021-08-02,-349500000.0,7458400000.0,7299575000.0,3850000000.0,3608400000.0,0.763,5.239,-163400000.0,1760400000.0,1760400000.0,3789200000.0,772300000.0,3.818,1.291,2813500000.0,300000.0,2813200000.0,2813500000.0,0.0,171600000.0,0.0,0.01,0.265,1112300000.0,1283900000.0,0.231,1283900000.0,1112300000.0,1044000000.0,1.235,1.205,1.235,3238500000.0,3099200000.0,3238500000.0,17356185140.0,16.0,13.518,867100000.0,1.403,1.0,1779500000.0,0.32,2998900000.0,68300000.0,4504200000.0,4584525000.0,851800000.0,0.0,0.0,0.0,4180000000.0,1008400000.0,3171600000.0,16100485140.0,768300000.0,-199800000.0,-184500000.0,153600000.0,-159300000.0,-180100000.0,-27300000.0,335900000.0,1030500000.0,-54800000.0,763500000.0,763500000.0,763500000.0,0.0,8800000.0,0.137,674800000.0,1104700000.0,587800000.0,0.215,4.972,21.088,21.146,609500000.0,0.0,26.115,2.891,2.899,1104600000.0,2804400000.0,5568700000.0,5568700000.0,0.0,0.105,0.246,0.243,0.2,28000000.0,669100000.0,1.0,616522502.0,618200000,633000000.0,9.008,4459500000.0,0.0,280500000.0,81800000.0,7.214,2841600000.0
6,APH,MRY,2014-12-31,2014-12-31,2014-12-31,2021-08-02,-205800000.0,6985900000.0,6646293000.0,3452200000.0,3533700000.0,0.804,4.643,-203500000.0,1329600000.0,1329600000.0,3651700000.0,715200000.0,3.302,1.392,2656200000.0,1600000.0,2654600000.0,2656200000.0,0.0,168100000.0,0.0,0.008,0.225,1046800000.0,1214900000.0,0.227,1214900000.0,1046800000.0,966400000.0,1.13,1.105,1.13,2907400000.0,2934082250.0,2907400000.0,18031700295.0,17.0,14.842,677400000.0,1.082,1.0,1693800000.0,0.317,2943000000.0,80400000.0,4323900000.0,3606459250.0,865600000.0,0.0,0.0,0.0,4048000000.0,1045600000.0,3002400000.0,16652336295.0,82100000.0,-518200000.0,-441600000.0,528900000.0,-101900000.0,14100000.0,-781900000.0,-60200000.0,880900000.0,-31000000.0,709100000.0,709100000.0,709100000.0,0.0,6100000.0,0.133,659200000.0,1034600000.0,618400000.0,0.199,5.728,23.484,23.81,590700000.0,0.0,26.905,3.115,3.152,1123700000.0,2453500000.0,5345500000.0,5345500000.0,0.0,0.107,0.242,0.29,0.196,9100000.0,645100000.0,1.0,618930916.0,626200000,640800000.0,8.536,4042900000.0,0.0,257300000.0,90800000.0,6.456,2406600000.0
7,APH,MRY,2013-12-31,2013-12-31,2013-12-31,2021-08-02,-55000000.0,6168000000.0,5606735750.0,3157600000.0,3010400000.0,0.823,4.493,-154700000.0,1192200000.0,1192200000.0,3163900000.0,638700000.0,1.961,1.15,2132800000.0,701400000.0,1431400000.0,2132800000.0,0.0,136500000.0,0.0,0.007,0.152,907200000.0,1043700000.0,0.226,1043700000.0,907200000.0,843600000.0,1.0,0.98,1.0,2859500000.0,2651824000.0,2859500000.0,14701451001.0,16.0,14.086,614400000.0,0.965,1.0,1450800000.0,0.314,2478000000.0,63600000.0,3020700000.0,3200885500.0,792600000.0,0.0,0.0,0.0,3287900000.0,1609900000.0,1678000000.0,14115506001.0,196000000.0,-484900000.0,-229600000.0,418300000.0,-96800000.0,108500000.0,-693300000.0,-53700000.0,769100000.0,11700000.0,635700000.0,635700000.0,635700000.0,0.0,3000000.0,0.138,554000000.0,896800000.0,549900000.0,0.152,4.936,22.205,22.295,532400000.0,0.0,22.295,3.059,3.075,1001000000.0,2424400000.0,4614700000.0,4614700000.0,0.0,0.113,0.24,0.283,0.197,15100000.0,548000000.0,1.0,633124288.0,636400000,649000000.0,7.251,3690000000.0,0.0,207900000.0,96400000.0,5.798,1547700000.0
8,APH,MRY,2012-12-31,2012-12-31,2012-12-31,2021-08-02,-117004000.0,5215463000.0,4907661750.0,2706915000.0,2508548000.0,0.875,3.761,-124300000.0,942503000.0,942503000.0,2948900000.0,559500000.0,3.047,1.141,1706497000.0,100293000.0,1606204000.0,1706497000.0,0.0,121800000.0,0.0,0.006,0.105,834200000.0,956000000.0,0.223,956000000.0,834200000.0,774600000.0,0.86,0.845,0.86,2429959000.0,2339593500.0,2429959000.0,11086644904.0,13.0,11.597,550400000.0,0.852,1.0,1343200000.0,0.313,2091112000.0,59600000.0,2999831000.0,2924085250.0,733718000.0,0.0,0.0,0.0,2773281000.0,888514000.0,1884767000.0,10374145904.0,175700000.0,-251500000.0,-284600000.0,325200000.0,-70100000.0,-13100000.0,-493600000.0,-117800000.0,674700000.0,7700000.0,555300000.0,555300000.0,555300000.0,0.0,4200000.0,0.129,514900000.0,828300000.0,496525000.0,0.122,4.269,18.682,18.808,417436000.0,0.0,16.175,2.417,2.435,910711000.0,2210120000.0,4292100000.0,4292100000.0,0.0,0.113,0.237,0.285,0.194,9800000.0,512900000.0,1.0,641369144.0,646088320,655788444.0,6.643,3124351000.0,0.0,219300000.0,94341000.0,4.836,1818401000.0
9,APH,MRY,2011-12-31,2011-12-31,2011-12-31,2021-08-02,-120057000.0,4445225000.0,4325247250.0,2181237000.0,2263988000.0,0.911,3.201,-92104000.0,648934000.0,648934000.0,2696126000.0,528842000.0,3.395,1.041,1377129000.0,298000.0,1376831000.0,1377129000.0,0.0,119439000.0,0.0,0.001,0.015,755130000.0,874569000.0,0.222,874569000.0,755130000.0,712101000.0,0.772,0.762,0.772,2171769000.0,2247235250.0,2171769000.0,8007325558.0,11.0,9.156,473103000.0,0.697,1.0,1243660000.0,0.316,1746113000.0,43029000.0,2784892000.0,2544568250.0,649862000.0,0.0,0.0,0.0,2260439000.0,642415000.0,1618024000.0,7522904558.0,-10802000.0,-303273000.0,-646105000.0,571300000.0,-10282000.0,-151148000.0,-430884000.0,-35507000.0,565207000.0,6023000.0,524191000.0,524191000.0,524191000.0,0.0,4651000.0,0.133,491982000.0,751678000.0,377867000.0,0.019,3.464,14.351,14.699,380501000.0,0.0,11.348,1.909,1.954,767181000.0,2102497000.0,3939786000.0,3939786000.0,0.0,0.121,0.233,0.297,0.192,22684000.0,486316000.0,1.0,662957000.0,678560460,687302352.0,5.806,2699112000.0,0.0,187910000.0,87315000.0,3.978,1538822000.0
10,APH,MRY,2010-12-31,2010-12-31,2010-12-31,2021-08-02,-84757000.0,4015857000.0,3737978000.0,1992130000.0,2023727000.0,0.951,3.339,-107607000.0,624229000.0,624229000.0,2395873000.0,502413000.0,3.041,0.721,799992000.0,352000.0,799640000.0,799992000.0,0.0,102846000.0,0.0,0.001,0.015,698421000.0,801267000.0,0.225,801267000.0,698421000.0,657680000.0,0.715,0.705,0.715,2320855000.0,2067484000.0,2320855000.0,9532644620.0,14.0,11.897,317286000.0,0.456,1.0,1158228000.0,0.326,1533299000.0,40741000.0,2003331000.0,1953163000.0,549169000.0,0.0,0.0,0.0,1673142000.0,654990000.0,1018152000.0,9216001620.0,141275000.0,-180402000.0,46616000.0,45389000.0,-10413000.0,64721000.0,-348225000.0,-60216000.0,424893000.0,-114000.0,496405000.0,496405000.0,496405000.0,0.0,6008000.0,0.14,457871000.0,700357000.0,384963000.0,0.021,3.971,18.565,18.455,366996000.0,0.0,13.195,2.593,2.581,718545000.0,2260581000.0,3554101000.0,3554101000.0,0.0,0.133,0.24,0.358,0.197,10693000.0,457871000.0,1.0,698446504.0,695142600,705303972.0,5.113,2482558000.0,0.0,161275000.0,65311000.0,3.571,1337140000.0
11,APH,MRY,2009-12-31,2009-12-31,2009-12-31,2021-08-02,-100090000.0,3219184000.0,3079818250.0,1420395000.0,1798789000.0,0.916,2.544,-59834000.0,422383000.0,422383000.0,1933511000.0,327216000.0,2.823,0.834,753449000.0,399000.0,753050000.0,753449000.0,0.0,98524000.0,0.0,0.001,0.015,473731000.0,572255000.0,0.203,572255000.0,473731000.0,437145000.0,0.463,0.458,0.463,1746077000.0,1570447750.0,1746077000.0,8404660140.0,18.0,14.687,522463000.0,0.761,1.0,886554000.0,0.314,1368672000.0,36586000.0,1678419000.0,1782524250.0,461750000.0,0.0,0.0,0.0,1456366000.0,503159000.0,953207000.0,7919737140.0,169626000.0,-280014000.0,25481000.0,-33056000.0,-10279000.0,-34322000.0,-373190000.0,-33342000.0,582297000.0,-5159000.0,317834000.0,317834000.0,317834000.0,0.0,9382000.0,0.113,397641000.0,488913000.0,292122000.0,0.032,4.536,24.918,24.935,332875000.0,0.0,11.545,2.808,2.81,449591000.0,1774625000.0,2820065000.0,2820065000.0,0.0,0.103,0.202,0.266,0.168,4155000.0,397641000.0,1.0,685988492.0,686430572,695767008.0,4.108,1850512000.0,0.0,119311000.0,57272000.0,2.696,917236000.0
12,APH,MRY,2008-12-31,2008-12-31,2008-12-31,2021-08-02,-140591000.0,2994159000.0,2925250250.0,1335864000.0,1658295000.0,1.106,1.92,-107340000.0,214987000.0,214987000.0,2187318000.0,429577000.0,2.104,1.205,786459000.0,439000.0,786020000.0,786459000.0,0.0,91302000.0,0.0,0.003,0.015,621781000.0,713083000.0,0.22,713083000.0,621781000.0,582154000.0,0.598,0.585,0.598,1349425000.0,1348351750.0,1349425000.0,4755004208.0,8.0,6.668,374183000.0,0.533,1.0,1049153000.0,0.324,1232335000.0,39627000.0,1698464000.0,1780181500.0,512507000.0,0.0,0.0,0.0,1625590000.0,634832000.0,990758000.0,4215214208.0,31346000.0,-135807000.0,-266544000.0,61914000.0,-10617000.0,-193940000.0,-246085000.0,-2938000.0,481523000.0,-10152000.0,419151000.0,419151000.0,419151000.0,0.0,10426000.0,0.13,416914000.0,632239000.0,305950000.0,0.025,3.124,10.057,10.025,344515000.0,0.0,5.995,1.302,1.302,515999000.0,1467099000.0,3236471000.0,3236471000.0,0.0,0.143,0.311,0.349,0.192,-4991000.0,416914000.0,1.0,703121636.0,702655188,715252052.0,4.606,1761824000.0,0.0,163003000.0,65846000.0,2.507,701032000.0
13,APH,MRY,2007-12-31,2007-12-31,2007-12-31,2021-08-02,-43644000.0,2675733000.0,2435799000.0,1223808000.0,1451925000.0,1.17,1.772,-98418000.0,183641000.0,183641000.0,1920900000.0,363712000.0,2.351,1.115,722636000.0,1075000.0,721561000.0,722636000.0,0.0,82348000.0,0.0,0.001,0.015,537860000.0,620208000.0,0.218,620208000.0,537860000.0,500984000.0,0.495,0.485,0.495,1264914000.0,1108428250.0,1264914000.0,8818755664.0,16.0,14.219,289481000.0,0.406,1.0,930141000.0,0.326,1091828000.0,36876000.0,1602419000.0,1580668500.0,456882000.0,0.0,0.0,0.0,1410819000.0,520481000.0,890338000.0,8266388664.0,109506000.0,-138163000.0,-59044000.0,41622000.0,-10710000.0,-45578000.0,-237941000.0,-1360000.0,387899000.0,5126000.0,353194000.0,353194000.0,353194000.0,0.0,10518000.0,0.124,377283000.0,552858000.0,295391000.0,0.03,6.535,23.405,23.419,316194000.0,0.0,11.592,2.899,2.902,510411000.0,1431635000.0,2851041000.0,2851041000.0,0.0,0.145,0.319,0.34,0.189,-11247000.0,377283000.0,1.0,713080756.0,713812996,730015876.0,3.994,1583905000.0,0.0,147790000.0,39627000.0,2.219,703327000.0
14,APH,MRY,2006-12-31,2006-12-31,2006-12-31,2021-08-02,-81084000.0,2195397000.0,2094376500.0,934605000.0,1260792000.0,1.18,1.262,-76500000.0,74135000.0,74135000.0,1683250000.0,255691000.0,2.088,1.431,680414000.0,3241000.0,677173000.0,680414000.0,0.0,73124000.0,0.0,0.002,0.015,412071000.0,485195000.0,0.196,485195000.0,412071000.0,373272000.0,0.357,0.347,0.357,902994000.0,833862250.0,902994000.0,6049691214.0,15.0,12.469,213097000.0,0.298,1.0,788180000.0,0.319,926242000.0,38799000.0,1427775000.0,1423743500.0,416499000.0,0.0,0.0,0.0,1292403000.0,447659000.0,844744000.0,5423931214.0,35466000.0,-22473000.0,-50776000.0,-103701000.0,-10724000.0,-155158000.0,-98973000.0,0.0,289597000.0,0.0,255691000.0,255691000.0,255691000.0,0.0,0.0,0.103,363588000.0,424592000.0,234868000.0,0.042,6.007,21.213,21.737,274143000.0,0.0,7.76,2.195,2.247,383858000.0,1142536000.0,2471430000.0,2471430000.0,0.0,0.122,0.307,0.289,0.167,-325000.0,342841000.0,1.0,698960208.0,715710576,733389304.0,3.453,1269155000.0,0.0,117581000.0,63046000.0,1.773,486946000.0
15,APH,MRY,2005-12-31,2005-12-31,2005-12-31,2021-08-02,-77742000.0,1932540000.0,1562388250.0,709814000.0,1222726000.0,1.157,0.973,-57121000.0,38669000.0,38669000.0,1207693000.0,206339000.0,2.113,1.804,781000000.0,15030000.0,765970000.0,781000000.0,0.0,51642000.0,0.0,0.003,0.015,332058000.0,383700000.0,0.212,383700000.0,332058000.0,307968000.0,0.292,0.285,0.292,689235000.0,608014250.0,689235000.0,4336594862.0,13.0,11.302,172503000.0,0.244,1.0,600454000.0,0.332,886720000.0,24090000.0,1452221000.0,1085606250.0,325865000.0,0.0,0.0,0.0,1243305000.0,335930000.0,907375000.0,3933733862.0,8497000.0,-512307000.0,27746000.0,328589000.0,-8034000.0,348301000.0,-569428000.0,0.0,229624000.0,0.0,206339000.0,206339000.0,206339000.0,0.0,0.0,0.114,257127000.0,343327000.0,177266000.0,0.051,5.707,19.064,18.947,253889000.0,0.0,5.532,2.176,2.168,302867000.0,985317000.0,1808147000.0,1808147000.0,0.0,0.132,0.339,0.306,0.184,0.0,257127000.0,1.0,711022840.0,708413040,723773896.0,2.552,1045820000.0,0.0,101629000.0,45124000.0,1.476,373884000.0
16,APH,MRY,2004-12-31,2004-12-31,2004-12-31,2021-08-02,-55078000.0,1306711000.0,1244383500.0,529015000.0,777696000.0,1.23,0.684,-44341000.0,30172000.0,30172000.0,1034972000.0,163311000.0,1.906,1.713,449053000.0,16909000.0,432144000.0,449053000.0,0.0,38829000.0,0.0,0.0,0.0,269981000.0,308810000.0,0.202,308810000.0,269981000.0,247441000.0,0.233,0.228,0.233,481604000.0,417560250.0,481604000.0,3698295567.0,14.0,11.976,163910000.0,0.233,1.0,495474000.0,0.324,545411000.0,22540000.0,902609000.0,919777250.0,247303000.0,0.0,0.0,0.0,825107000.0,277572000.0,547535000.0,3250975567.0,6639000.0,-41661000.0,-15308000.0,-100302000.0,0.0,-115610000.0,-86002000.0,0.0,208251000.0,0.0,163311000.0,163311000.0,163311000.0,0.0,0.0,0.107,218830000.0,276644000.0,134856000.0,0.0,6.75,19.907,19.71,197753000.0,0.0,4.593,2.124,2.113,214158000.0,789741000.0,1530446000.0,1530446000.0,0.0,0.131,0.391,0.294,0.176,0.0,218830000.0,1.0,707887984.0,704184656,717893248.0,2.173,761300000.0,0.0,84130000.0,48025000.0,1.081,251443000.0
17,APH,MRY,2003-12-31,2003-12-31,2003-12-31,2021-08-02,-64944000.0,1181384000.0,1149653000.0,451349000.0,730035000.0,1.078,0.47,-30196000.0,23533000.0,23533000.0,820724000.0,103990000.0,2.074,2.653,542959000.0,10679000.0,532280000.0,542959000.0,0.0,37007000.0,0.0,0.0,0.0,187066000.0,224073000.0,0.181,224073000.0,187066000.0,157561000.0,0.151,0.147,0.151,323406000.0,252830000.0,323406000.0,3355140098.0,18.0,14.973,139808000.0,0.203,1.0,418780000.0,0.338,516335000.0,29505000.0,966833000.0,1010960500.0,221385000.0,0.0,0.0,0.0,857978000.0,217642000.0,640336000.0,2797020098.0,2874000.0,-51101000.0,35919000.0,-112032000.0,0.0,-85833000.0,-81297000.0,0.0,170004000.0,0.0,103990000.0,103990000.0,103990000.0,0.0,0.0,0.084,221347000.0,197433000.0,116835000.0,0.0,8.649,26.897,26.461,178266000.0,0.0,3.996,2.257,2.22,172488000.0,626430000.0,1239504000.0,1239504000.0,0.0,0.09,0.411,0.185,0.151,0.0,177353000.0,1.0,700020672.0,688805504,705053760.0,1.799,665049000.0,28420000.0,53571000.0,24314000.0,0.966,233707000.0
18,APH,MRY,2002-12-31,2002-12-31,2002-12-31,2021-08-02,-81219000.0,1078908000.0,1042013500.0,389164000.0,689744000.0,1.019,0.246,-18816000.0,20659000.0,20659000.0,700302000.0,80344000.0,1.65,5.461,644248000.0,78363000.0,565885000.0,644248000.0,0.0,34825000.0,0.0,0.0,0.0,168592000.0,203417000.0,0.192,203417000.0,168592000.0,122662000.0,0.119,0.116,0.119,166982000.0,156117000.0,166982000.0,2231752072.0,13.0,10.971,101747000.0,0.15,1.0,361700000.0,0.341,486841000.0,45930000.0,979742000.0,975067250.0,205643000.0,0.0,0.0,0.0,911926000.0,235914000.0,676012000.0,1616267072.0,-7316000.0,-33796000.0,0.0,-81044000.0,0.0,-75267000.0,-52612000.0,0.0,120563000.0,0.0,80344000.0,80344000.0,80344000.0,0.0,0.0,0.076,193108000.0,168592000.0,88533000.0,0.0,9.679,20.117,19.958,160690000.0,0.0,2.375,1.522,1.519,131252000.0,522440000.0,1062002000.0,1062002000.0,0.0,0.077,0.515,0.173,0.159,0.0,152928000.0,1.0,680533504.0,679133584,695129600.0,1.564,592067000.0,37831000.0,42318000.0,0.0,0.872,153250000.0
19,APH,MRY,2001-12-31,2001-12-31,2001-12-31,2021-08-02,-57981000.0,1026743000.0,1009690500.0,370257000.0,656486000.0,1.093,0.155,-38555000.0,27975000.0,27975000.0,704278000.0,83710000.0,1.82,8.879,720319000.0,59705000.0,660614000.0,720319000.0,0.0,46656000.0,0.0,0.0,0.0,191454000.0,238110000.0,0.216,238110000.0,191454000.0,135355000.0,0.125,0.122,0.125,103933000.0,80468000.0,103933000.0,2758341253.0,14.0,11.584,80295000.0,0.12,1.0,399493000.0,0.362,460442000.0,56099000.0,1055245000.0,1072364500.0,208316000.0,0.0,0.0,0.0,922810000.0,203400000.0,719410000.0,2032458253.0,3390000.0,-60518000.0,0.0,-5587000.0,0.0,-16387000.0,-99073000.0,0.0,118850000.0,0.0,83710000.0,83710000.0,83710000.0,0.0,0.0,0.076,208039000.0,191454000.0,80501000.0,0.0,19.555,24.28,24.025,164887000.0,0.0,3.003,1.841,1.825,113370000.0,442096000.0,1103771000.0,1103771000.0,0.0,0.083,1.04,0.179,0.173,0.0,155810000.0,1.0,676781104.0,670729856,687953936.0,1.646,566301000.0,25362000.0,51645000.0,23109000.0,0.844,166857000.0
20,APH,MRY,2000-12-31,2000-12-31,2000-12-31,2021-08-02,-23730000.0,1004322000.0,943565000.0,412670000.0,591652000.0,1.441,0.044,-53105000.0,24585000.0,24585000.0,886385000.0,107904000.0,1.701,33.355,728346000.0,28130000.0,700216000.0,728346000.0,0.0,42842000.0,0.0,0.0,0.0,234928000.0,277770000.0,0.204,277770000.0,234928000.0,173218000.0,0.162,0.158,0.162,29234000.0,-15858500.0,29234000.0,2358039709.0,10.0,8.489,101048000.0,0.152,1.0,473317000.0,0.348,411182000.0,61710000.0,1054362000.0,1050606500.0,197626000.0,0.0,0.0,0.0,975088000.0,242539000.0,732549000.0,1633230709.0,11687000.0,-67716000.0,0.0,-48560000.0,0.0,-21645000.0,-120821000.0,0.0,154153000.0,0.0,107904000.0,107904000.0,107904000.0,0.0,0.0,0.079,238389000.0,234928000.0,122010000.0,0.0,55.868,15.136,15.12,160985000.0,0.0,2.449,1.201,1.199,170222000.0,358386000.0,1359702000.0,1359702000.0,0.0,0.114,-6.804,0.224,0.173,0.0,186052000.0,1.0,666794880.0,665345104,686062752.0,2.044,593140000.0,0.0,65314000.0,32333000.0,0.891,170131000.0
21,APH,MRY,1999-12-31,1999-12-31,1999-12-31,2021-08-02,-13028000.0,836376000.0,833656000.0,335179000.0,501197000.0,1.212,-0.141,-23464000.0,12898000.0,12898000.0,663978000.0,35621000.0,2.297,-11.305,762487000.0,16829000.0,745658000.0,762487000.0,0.0,40044000.0,0.0,0.0,0.0,146793000.0,186837000.0,0.185,186837000.0,146793000.0,67496000.0,0.062,0.061,0.062,-81166000.0,-228865500.0,-81166000.0,2120079609.0,14.0,11.347,40631000.0,0.07,1.0,346625000.0,0.343,360999000.0,79297000.0,1079039000.0,1220383750.0,189433000.0,0.0,0.0,0.0,917542000.0,145927000.0,771615000.0,1189130609.0,9803000.0,-12274000.0,181754000.0,-200308000.0,0.0,-18554000.0,-35738000.0,0.0,64095000.0,0.0,35621000.0,35621000.0,35621000.0,0.0,0.0,0.035,191158000.0,155467000.0,71495000.0,0.0,-14.651,33.383,33.548,119950000.0,0.0,2.08,1.177,1.187,111711000.0,250482000.0,1010603000.0,1010603000.0,0.0,0.043,-0.156,0.12,0.145,0.0,145852000.0,1.0,571697408.0,576952896,586624256.0,1.752,475377000.0,0.0,31875000.0,25957000.0,0.824,189252000.0
22,APH,MRY,1998-12-31,1998-12-31,1998-12-31,2021-08-02,-7208000.0,807401000.0,782627000.0,287673000.0,519728000.0,1.174,-0.517,-26340000.0,3095000.0,3095000.0,601930000.0,36510000.0,2.317,-3.763,954124000.0,1655000.0,952469000.0,954124000.0,0.0,35254000.0,0.0,0.0,0.0,145182000.0,180436000.0,0.196,180436000.0,145182000.0,63983000.0,0.064,0.064,0.064,-292257000.0,-312946250.0,-292257000.0,1495915669.0,10.0,8.291,26888000.0,0.048,1.0,316947000.0,0.345,360265000.0,81199000.0,1274000000.0,1251136250.0,184424000.0,0.0,0.0,0.0,1099658000.0,124165000.0,975493000.0,539218669.0,-1618000.0,-32663000.0,0.0,4157000.0,0.0,4157000.0,-59003000.0,0.0,53228000.0,0.0,36510000.0,36510000.0,36510000.0,0.0,0.0,0.04,171765000.0,145182000.0,67885000.0,0.0,-1.845,14.769,14.741,126779000.0,0.0,0.943,0.587,0.58,83065000.0,214861000.0,918877000.0,918877000.0,0.0,0.047,-0.117,0.116,0.158,0.0,131966000.0,1.0,571546784.0,565222784,574156704.0,1.626,447136000.0,0.0,27473000.0,23024000.0,0.791,163508000.0
23,APH,MRY,1997-12-31,1997-12-31,1997-12-31,2021-08-02,-9912000.0,737154000.0,723908000.0,254780000.0,482374000.0,1.222,-0.386,-24059000.0,4713000.0,4713000.0,572092000.0,26717000.0,2.173,-3.148,937489000.0,212000.0,937277000.0,937489000.0,0.0,31744000.0,0.0,0.0,0.0,127340000.0,159084000.0,0.18,159084000.0,127340000.0,62627000.0,0.03,0.03,0.03,-343125000.0,8711500.0,-343125000.0,,,,62203000.0,0.07,1.0,312256000.0,0.353,339223000.0,64713000.0,1213453000.0,851936500.0,167010000.0,0.0,0.0,0.0,1080279000.0,117254000.0,963025000.0,976426581.0,729000.0,-4000000.0,-707449000.0,452060000.0,0.0,-64825000.0,-20708000.0,7351000.0,86262000.0,0.0,26717000.0,26717000.0,26717000.0,0.0,0.0,0.03,157869000.0,154387000.0,64255000.0,0.0,-2.846,36.547,58.01,111592000.0,0.0,1.74,1.104,1.751,70037000.0,178351000.0,884348000.0,884348000.0,0.0,0.037,3.067,0.149,0.144,0.0,125064000.0,1.0,561063936.0,889800320,896095264.0,0.994,397931000.0,0.0,35910000.0,25748000.0,0.447,137526000.0
24,APH,MRY,1996-12-31,1996-12-31,1996-12-31,2021-08-02,-3887000.0,710662000.0,,233782000.0,476880000.0,,0.242,-20374000.0,3984000.0,3984000.0,494689000.0,67578000.0,2.412,0.971,227243000.0,7759000.0,219484000.0,227243000.0,0.0,28808000.0,0.0,0.0,0.0,134282000.0,163090000.0,0.21,163090000.0,134282000.0,109665000.0,0.045,0.045,0.045,360548000.0,,360548000.0,,,,47833000.0,0.032,1.0,281532000.0,0.363,346583000.0,24617000.0,490420000.0,,153283000.0,0.0,0.0,0.0,350114000.0,96918000.0,253196000.0,,-8044000.0,-29461000.0,-52671000.0,26255000.0,0.0,-26416000.0,-49835000.0,0.0,68207000.0,0.0,67578000.0,67578000.0,67578000.0,0.0,0.0,0.087,147250000.0,134282000.0,49484000.0,0.0,,,15.451,102075000.0,0.0,0.695,,1.337,64904000.0,151634000.0,776221000.0,776221000.0,0.0,,,,0.173,0.0,114746000.0,1.0,,1492785312,1495068800.0,0.52,364079000.0,0.0,42087000.0,33712000.0,0.244,136864000.0
25,APH,MRY,1995-12-31,1995-12-31,1995-12-31,2021-08-02,,,,,,,,-20381000.0,,,506707000.0,62858000.0,,,,,,,,27795000.0,,0.0,0.0,130175000.0,157970000.0,0.202,157970000.0,130175000.0,104627000.0,0.042,0.042,0.042,,,,,,,58846000.0,0.039,1.0,276526000.0,0.353,,25548000.0,,,,,,,,,,,7446000.0,0.0,0.0,-50370000.0,0.0,-50370000.0,-21411000.0,0.0,79227000.0,0.0,62858000.0,62858000.0,62858000.0,0.0,0.0,0.08,146351000.0,130175000.0,,0.0,,,18.043,,0.0,0.758,,1.465,,,783233000.0,783233000.0,0.0,,,,0.166,0.0,114041000.0,1.0,,1513733760,1517184480.0,0.517,,,41769000.0,,,
0,APH,MRQ,2021-06-30,2021-06-30,2021-06-30,2021-08-02,-300300000.0,14559100000.0,,6491200000.0,8067900000.0,,9.567,-104200000.0,1242600000.0,1242600000.0,1810700000.0,369800000.0,2.166,1.536,5236300000.0,526100000.0,4710200000.0,5236300000.0,0.0,102600000.0,0.0,0.01,0.145,477000000.0,579600000.0,0.218,579600000.0,477000000.0,447900000.0,0.62,0.59,0.62,5715500000.0,,5715500000.0,43158391405.0,23.0,19.247,283500000.0,0.475,1.0,843200000.0,0.318,6512500000.0,29100000.0,9043800000.0,,1771400000.0,0.0,0.0,0.0,8780800000.0,2996500000.0,5784300000.0,40882891405.0,-1030700000.0,-1345400000.0,-85100000.0,203300000.0,-86600000.0,33800000.0,-1461500000.0,300000.0,387700000.0,9300000.0,369800000.0,369800000.0,369800000.0,-2600000.0,0.0,0.139,367000000.0,476200000.0,1204700000.0,0.234,7.153,29.14,29.111,1169300000.0,0.0,68.41,4.18,4.179,2072800000.0,3916400000.0,2653900000.0,2653900000.0,0.0,,,,,19900000.0,311600000.0,1.0,597615720.0,597400000,623800000.0,4.442,8046600000.0,0.0,78100000.0,531500000.0,13.469,3494700000.0
1,APH,MRQ,2021-03-31,2021-03-31,2021-03-31,2021-08-02,-335000000.0,13133500000.0,,6186700000.0,6946800000.0,,9.124,-77500000.0,2361200000.0,2361200000.0,1649600000.0,331800000.0,2.428,1.394,4636700000.0,526400000.0,4110300000.0,4636700000.0,0.0,76700000.0,0.0,0.01,0.29,462300000.0,539000000.0,0.227,539000000.0,462300000.0,433700000.0,0.55,0.53,0.55,5461000000.0,,5461000000.0,41654551249.0,23.0,19.929,243500000.0,0.407,1.0,727500000.0,0.306,5503300000.0,28600000.0,7357800000.0,,1565100000.0,0.0,0.0,0.0,7611800000.0,2547900000.0,5063900000.0,39526151249.0,625600000.0,-185600000.0,-131700000.0,812300000.0,-86800000.0,586200000.0,-263200000.0,2300000.0,321000000.0,-18400000.0,329600000.0,329600000.0,329600000.0,0.0,2200000.0,0.139,262700000.0,464800000.0,1070700000.0,0.527,7.238,30.619,30.542,1076200000.0,0.0,65.97,4.337,4.332,1931800000.0,3807100000.0,2377100000.0,2377100000.0,0.0,,,,,19100000.0,262700000.0,1.0,599153422.0,598500000,624100000.0,3.972,7630200000.0,0.0,104100000.0,444200000.0,12.749,3638800000.0
2,APH,MRQ,2020-12-31,2020-12-31,2020-12-31,2021-08-02,-278100000.0,12327300000.0,,5490800000.0,6836500000.0,,8.999,-70100000.0,1738100000.0,1738100000.0,1660400000.0,360200000.0,2.383,1.277,3866500000.0,230300000.0,3636200000.0,3866500000.0,0.0,90100000.0,0.0,0.008,0.145,485300000.0,575400000.0,0.237,575400000.0,485300000.0,457000000.0,0.6,0.575,0.6,5384900000.0,,5384900000.0,41479466788.0,25.0,21.379,370900000.0,0.62,1.0,765600000.0,0.316,5429600000.0,28300000.0,6721800000.0,,1462200000.0,0.0,0.0,0.0,6875400000.0,2304300000.0,4571100000.0,39120466788.0,281500000.0,-100000.0,-53000000.0,-1400000.0,-74600000.0,-132400000.0,-71000000.0,-200000.0,441000000.0,43900000.0,357000000.0,357000000.0,357000000.0,0.0,3200000.0,0.147,277300000.0,488300000.0,1120700000.0,0.242,7.265,32.508,32.369,1054600000.0,0.0,65.385,4.549,4.532,1951600000.0,3705400000.0,2426000000.0,2426000000.0,0.0,,,,,19500000.0,265800000.0,1.0,598309502.0,598400000,622800000.0,4.054,6897700000.0,0.0,100000000.0,411700000.0,11.527,3186500000.0
3,APH,MRQ,2020-09-30,2020-09-30,2020-09-30,2021-08-02,-388400000.0,11753900000.0,,5037000000.0,6716900000.0,,8.434,-67600000.0,1456200000.0,1456200000.0,1588500000.0,349500000.0,2.274,1.319,3815200000.0,229200000.0,3586000000.0,3815200000.0,0.0,74400000.0,0.0,0.009,0.125,473900000.0,548300000.0,0.236,548300000.0,473900000.0,445900000.0,0.58,0.56,0.58,5040200000.0,,5040200000.0,34757362957.0,22.0,18.586,331000000.0,0.554,1.0,734900000.0,0.316,5363700000.0,28000000.0,6534200000.0,,1391000000.0,0.0,0.0,0.0,6648700000.0,2215000000.0,4433700000.0,32305262957.0,132200000.0,-33800000.0,-97900000.0,-2300000.0,-74600000.0,-192800000.0,-110800000.0,-9400000.0,398600000.0,37200000.0,346600000.0,346600000.0,346600000.0,0.0,2900000.0,0.149,259100000.0,475800000.0,1075900000.0,0.216,6.41,27.727,27.691,1036900000.0,0.0,54.135,3.881,3.887,1880300000.0,3587100000.0,2323400000.0,2323400000.0,0.0,,,,,19000000.0,259100000.0,1.0,596753726.0,597600000,616400000.0,3.888,6390200000.0,0.0,99300000.0,370900000.0,10.693,2822000000.0
4,APH,MRQ,2020-06-30,2020-06-30,2020-06-30,2021-08-02,-494600000.0,11203900000.0,,4618000000.0,6585900000.0,,7.987,-66800000.0,1314000000.0,1314000000.0,1383700000.0,257700000.0,2.587,1.351,3766100000.0,2300000.0,3763800000.0,3766100000.0,0.0,71500000.0,0.0,0.01,0.125,355900000.0,427400000.0,0.215,427400000.0,355900000.0,325700000.0,0.43,0.42,0.43,4738600000.0,,4738600000.0,31058439494.0,21.0,17.297,301300000.0,0.508,1.0,603800000.0,0.304,5283200000.0,30200000.0,6587600000.0,,1361900000.0,0.0,0.0,0.0,6403600000.0,1785200000.0,4618400000.0,28349639494.0,-1084000000.0,0.0,122500000.0,-1350700000.0,-74000000.0,-1378800000.0,-81300000.0,-14500000.0,368100000.0,8000000.0,257700000.0,257700000.0,257700000.0,0.0,0.0,0.13,246400000.0,357400000.0,928000000.0,0.291,5.983,25.801,25.895,1001700000.0,0.0,47.905,3.499,3.508,1658300000.0,3419400000.0,1987500000.0,1987500000.0,0.0,,,,,16600000.0,246400000.0,1.0,591788738.0,593300000,608000000.0,3.35,5920700000.0,0.0,68000000.0,389800000.0,9.979,2832800000.0
5,APH,MRQ,2020-03-31,2020-03-31,2020-03-31,2021-08-02,-525100000.0,12077700000.0,,5517500000.0,6560200000.0,,7.372,-59600000.0,2383600000.0,2383600000.0,1302200000.0,243200000.0,2.542,1.74,5092400000.0,500900000.0,4591500000.0,5092400000.0,0.0,72100000.0,0.0,0.013,0.125,316900000.0,389000000.0,0.209,389000000.0,316900000.0,288100000.0,0.41,0.4,0.41,4385800000.0,,4385800000.0,24423712176.0,16.0,13.251,324700000.0,0.546,1.0,559800000.0,0.301,5274400000.0,28800000.0,7341900000.0,,1325000000.0,0.0,0.0,0.0,7632000000.0,2170200000.0,5461800000.0,21725612176.0,1481100000.0,-16500000.0,-227200000.0,1497100000.0,-74400000.0,1187400000.0,-70400000.0,5700000.0,384300000.0,-20200000.0,242100000.0,242100000.0,242100000.0,0.0,1100000.0,0.13,242900000.0,316900000.0,817200000.0,0.305,4.954,19.235,19.129,982400000.0,0.0,36.44,2.673,2.667,1540500000.0,3248500000.0,1862000000.0,1862000000.0,0.0,,,,,15400000.0,242900000.0,1.0,596202310.0,594900000,612900000.0,3.13,6803300000.0,0.0,46000000.0,390800000.0,11.436,3347300000.0
6,APH,MRQ,2019-12-31,2019-12-31,2019-12-31,2021-08-02,-430900000.0,10815500000.0,,4211200000.0,6604300000.0,,7.622,-71700000.0,908600000.0,908600000.0,1472300000.0,320800000.0,1.975,1.373,3606700000.0,403300000.0,3203400000.0,3606700000.0,0.0,76700000.0,0.0,0.009,0.125,428700000.0,505400000.0,0.235,505400000.0,428700000.0,400600000.0,0.535,0.515,0.535,4530300000.0,,4530300000.0,35051697449.0,22.0,18.288,352400000.0,0.593,1.0,678700000.0,0.316,5309100000.0,28100000.0,6071800000.0,,1310100000.0,0.0,0.0,0.0,6219300000.0,2132700000.0,4086600000.0,32089297449.0,-78100000.0,-46200000.0,56800000.0,-366500000.0,-74000000.0,-402000000.0,-117800000.0,100000.0,424100000.0,17600000.0,318700000.0,318700000.0,318700000.0,0.0,2100000.0,0.148,248900000.0,429800000.0,866800000.0,0.234,7.083,27.783,27.894,999000000.0,0.0,54.115,3.901,3.915,1736400000.0,3348400000.0,2151000000.0,2151000000.0,0.0,,,,,16600000.0,248900000.0,1.0,592983414.0,594400000,616400000.0,3.619,5506400000.0,0.0,81900000.0,388300000.0,9.264,2078500000.0
7,APH,MRQ,2019-09-30,2019-09-30,2019-09-30,2021-08-02,-493700000.0,10683600000.0,,4232200000.0,6451400000.0,,7.005,-71500000.0,986700000.0,986700000.0,1438700000.0,282300000.0,1.994,1.558,3949100000.0,403700000.0,3545400000.0,3949100000.0,0.0,72000000.0,0.0,0.01,0.125,401800000.0,473800000.0,0.226,473800000.0,401800000.0,372100000.0,0.475,0.46,0.475,4155300000.0,,4155300000.0,31678949177.0,19.0,16.068,340700000.0,0.574,1.0,661900000.0,0.315,5486200000.0,29700000.0,6037200000.0,,1273500000.0,0.0,0.0,0.0,6472500000.0,2122600000.0,4349900000.0,28703749177.0,-13000000.0,-135000000.0,-117200000.0,-5500000.0,-68300000.0,-191400000.0,-207900000.0,-1400000.0,412200000.0,-25900000.0,280300000.0,280300000.0,280300000.0,0.0,2000000.0,0.133,248300000.0,413600000.0,830700000.0,0.263,6.908,24.443,24.43,965200000.0,0.0,48.25,3.459,3.449,1689100000.0,3158700000.0,2100600000.0,2100600000.0,0.0,,,,,16600000.0,248300000.0,1.0,594896356.0,593200000,612400000.0,3.541,5197400000.0,0.0,91800000.0,400000000.0,8.762,2109600000.0
8,APH,MRQ,2019-06-30,2019-06-30,2019-06-30,2021-08-02,-396900000.0,10634000000.0,,4222100000.0,6411900000.0,,6.96,-74200000.0,997300000.0,997300000.0,1367700000.0,290900000.0,2.057,1.55,3972500000.0,403100000.0,3569400000.0,3972500000.0,0.0,77800000.0,0.0,0.01,0.115,397100000.0,474900000.0,0.236,474900000.0,397100000.0,367100000.0,0.485,0.465,0.485,4148300000.0,,4148300000.0,31233573120.0,19.0,15.528,248200000.0,0.416,1.0,647600000.0,0.321,5441900000.0,30000000.0,6114400000.0,,1275300000.0,0.0,0.0,0.0,6430800000.0,2052900000.0,4377900000.0,28660373120.0,12600000.0,-356900000.0,-182700000.0,399200000.0,-68500000.0,126600000.0,-428000000.0,3100000.0,322400000.0,-8400000.0,288400000.0,288400000.0,288400000.0,0.0,2500000.0,0.143,248100000.0,399500000.0,814600000.0,0.237,6.909,23.675,23.689,970000000.0,0.0,47.97,3.442,3.433,1685000000.0,3104600000.0,2015300000.0,2015300000.0,0.0,,,,,15400000.0,239200000.0,1.0,597464522.0,596000000,617400000.0,3.381,5192100000.0,0.0,78700000.0,392700000.0,8.712,2169200000.0
9,APH,MRQ,2019-03-31,2019-03-31,2019-03-31,2021-08-02,-384800000.0,10208100000.0,,4127500000.0,6080600000.0,,6.916,-70200000.0,987600000.0,987600000.0,1330700000.0,269900000.0,2.503,1.464,3560800000.0,6000000.0,3554800000.0,3560800000.0,0.0,85600000.0,0.0,0.01,0.115,376800000.0,462400000.0,0.236,462400000.0,376800000.0,347100000.0,0.45,0.435,0.45,4123100000.0,,4123100000.0,30430356112.0,18.0,15.189,273400000.0,0.459,1.0,627800000.0,0.321,5148600000.0,29700000.0,5983500000.0,,1224400000.0,0.0,0.0,0.0,6037700000.0,1649200000.0,4388500000.0,28151356112.0,-309600000.0,-399300000.0,-112500000.0,2800000.0,-68700000.0,-181600000.0,-475100000.0,-5600000.0,343600000.0,3500000.0,267500000.0,267500000.0,267500000.0,0.0,2400000.0,0.137,251600000.0,376200000.0,797100000.0,0.256,6.828,23.323,23.434,932000000.0,0.0,47.22,3.394,3.394,1661900000.0,3142100000.0,1958500000.0,1958500000.0,0.0,,,,,14400000.0,235100000.0,1.0,596174420.0,596200000,617200000.0,3.285,5059500000.0,0.0,79600000.0,433500000.0,8.486,2478300000.0
10,APH,MRQ,2018-12-31,2018-12-31,2018-12-31,2021-08-02,-390200000.0,10044900000.0,,4571600000.0,5473300000.0,,6.702,-101200000.0,1291700000.0,1291700000.0,1509700000.0,341200000.0,1.865,1.489,3570700000.0,764300000.0,2806400000.0,3570700000.0,0.0,105200000.0,0.0,0.011,0.115,455200000.0,560400000.0,0.252,560400000.0,455200000.0,428800000.0,0.565,0.545,0.565,4017000000.0,,4017000000.0,26652224721.0,16.0,13.475,277000000.0,0.462,1.0,715000000.0,0.321,4501100000.0,26400000.0,5371500000.0,,1233800000.0,0.0,0.0,0.0,5980700000.0,2451300000.0,3529400000.0,24413524721.0,281000000.0,0.0,-247300000.0,315400000.0,-69300000.0,-1500000.0,-91500000.0,9700000.0,378200000.0,-4200000.0,338100000.0,338100000.0,338100000.0,0.0,3100000.0,0.152,257400000.0,457600000.0,890500000.0,0.204,6.078,20.26,20.255,875800000.0,0.0,40.51,2.977,2.975,1791800000.0,3028700000.0,2224700000.0,2224700000.0,0.0,,,,,15200000.0,248900000.0,1.0,602654276.0,599400000,619200000.0,3.712,5543800000.0,0.0,90700000.0,459100000.0,9.249,2120300000.0
11,APH,MRQ,2018-09-30,2018-09-30,2018-09-30,2021-08-02,-337300000.0,9742600000.0,,4281500000.0,5461100000.0,,6.67,-71800000.0,1019800000.0,1019800000.0,1440800000.0,319600000.0,1.684,1.419,3258500000.0,790200000.0,2468300000.0,3258500000.0,0.0,72300000.0,0.0,0.009,0.115,441400000.0,513700000.0,0.241,513700000.0,441400000.0,416600000.0,0.525,0.505,0.525,4008900000.0,,4008900000.0,30684647879.0,19.0,16.351,267400000.0,0.445,1.0,688200000.0,0.323,4574700000.0,24800000.0,4863400000.0,,1245500000.0,0.0,0.0,0.0,5689300000.0,2543200000.0,3146100000.0,28239147879.0,33900000.0,-100000.0,37500000.0,-180500000.0,-68900000.0,-222700000.0,-67200000.0,4700000.0,339200000.0,-15400000.0,316600000.0,316600000.0,316600000.0,0.0,3000000.0,0.149,244000000.0,444200000.0,1014000000.0,0.219,7.044,36.982,37.162,886400000.0,0.0,47.01,3.565,3.567,1737600000.0,2935800000.0,2129000000.0,2129000000.0,0.0,,,,,14400000.0,244000000.0,1.0,600705124.0,601000000,624800000.0,3.542,5167900000.0,0.0,100000000.0,387900000.0,8.599,1738300000.0
12,APH,MRQ,2018-06-30,2018-06-30,2018-06-30,2021-08-02,-288700000.0,9510300000.0,,4021400000.0,5488900000.0,,6.252,-78500000.0,991100000.0,991100000.0,1336600000.0,287800000.0,1.718,1.515,3436600000.0,768400000.0,2668200000.0,3436600000.0,0.0,61700000.0,0.0,0.009,0.115,405300000.0,467000000.0,0.236,467000000.0,405300000.0,379300000.0,0.475,0.455,0.475,3761100000.0,,3761100000.0,28485131887.0,18.0,15.816,186600000.0,0.31,1.0,644800000.0,0.325,4600700000.0,26000000.0,5014300000.0,,1159800000.0,0.0,0.0,0.0,5697700000.0,2340800000.0,3356900000.0,26270131887.0,-35800000.0,-59300000.0,-233300000.0,176200000.0,-57400000.0,-117700000.0,-140800000.0,-3000000.0,265100000.0,-42400000.0,284800000.0,284800000.0,284800000.0,0.0,3000000.0,0.144,236600000.0,408200000.0,903100000.0,0.242,6.985,36.26,36.464,888200000.0,0.0,43.575,3.442,3.434,1627300000.0,2723300000.0,1981400000.0,1981400000.0,0.0,,,,,13300000.0,236600000.0,1.0,602871644.0,601600000,624600000.0,3.294,4909600000.0,0.0,94500000.0,360700000.0,8.161,1680600000.0
13,APH,MRQ,2018-03-31,2018-03-31,2018-03-31,2021-08-02,-139700000.0,9403700000.0,,3937100000.0,5466600000.0,,6.444,-54100000.0,1024300000.0,1024300000.0,1260000000.0,268300000.0,1.802,1.389,3239300000.0,749900000.0,2489400000.0,3239300000.0,0.0,60500000.0,0.0,0.008,0.095,376500000.0,437000000.0,0.234,437000000.0,376500000.0,352000000.0,0.435,0.42,0.435,3913900000.0,,3913900000.0,28100217971.0,19.0,16.252,76100000.0,0.125,1.0,606900000.0,0.325,4627300000.0,24500000.0,4806700000.0,,1166800000.0,0.0,0.0,0.0,5435800000.0,2184700000.0,3251100000.0,26311317971.0,-718900000.0,-99500000.0,-361400000.0,-304800000.0,-58100000.0,-728200000.0,-142300000.0,11300000.0,130200000.0,21400000.0,265600000.0,265600000.0,265600000.0,0.0,2700000.0,0.142,230000000.0,376900000.0,798200000.0,0.218,6.723,38.066,38.111,839300000.0,0.0,43.065,3.595,3.574,1515800000.0,2770900000.0,1866900000.0,1866900000.0,0.0,,,,,12700000.0,230000000.0,1.0,610967560.0,607400000,632000000.0,3.074,4776400000.0,0.0,86400000.0,409600000.0,7.864,1752400000.0
14,APH,MRQ,2017-12-31,2017-12-31,2017-12-31,2021-08-02,-201000000.0,10003900000.0,,4656000000.0,5347900000.0,,6.532,-68700000.0,1753700000.0,1753700000.0,1308600000.0,-100400000.0,2.948,1.494,3542600000.0,1100000.0,3541500000.0,3542600000.0,0.0,58300000.0,0.0,0.008,0.095,400600000.0,458900000.0,0.236,458900000.0,400600000.0,375600000.0,-0.17,-0.165,-0.17,3989800000.0,,3989800000.0,28879972629.0,20.0,17.384,359100000.0,0.588,1.0,635300000.0,0.327,4531100000.0,25000000.0,5682300000.0,,1106900000.0,0.0,0.0,0.0,5960500000.0,1579400000.0,4381100000.0,26808772629.0,266900000.0,-22000000.0,-12700000.0,-19500000.0,-57900000.0,-92400000.0,-87200000.0,3500000.0,427800000.0,18700000.0,-103400000.0,-103400000.0,-103400000.0,0.0,3000000.0,-0.053,235900000.0,399400000.0,875600000.0,-0.559,6.719,41.213,41.221,816800000.0,0.0,43.9,3.824,3.828,1598600000.0,2941500000.0,1943900000.0,1943900000.0,0.0,,,,,12600000.0,235900000.0,1.0,610678192.0,610800000,635400000.0,3.183,5472800000.0,0.0,479000000.0,395400000.0,8.96,3076600000.0
15,APH,MRQ,2017-09-30,2017-09-30,2017-09-30,2021-08-02,-286200000.0,9608800000.0,,4352900000.0,5255900000.0,,6.668,-54300000.0,1489600000.0,1489600000.0,1234700000.0,280300000.0,3.036,1.352,3560800000.0,1100000.0,3559700000.0,3560800000.0,0.0,57900000.0,0.0,0.008,0.095,380200000.0,438100000.0,0.238,438100000.0,380200000.0,355600000.0,0.455,0.44,0.455,4067200000.0,,4067200000.0,27889355490.0,20.0,17.479,143900000.0,0.236,1.0,606100000.0,0.329,4465800000.0,24600000.0,5780500000.0,,1098200000.0,0.0,0.0,0.0,5499500000.0,1433700000.0,4065800000.0,25852855490.0,135300000.0,-44500000.0,-94300000.0,162700000.0,-48900000.0,17000000.0,-92500000.0,6300000.0,198200000.0,12600000.0,277500000.0,277500000.0,277500000.0,0.0,2800000.0,0.151,228200000.0,377900000.0,826800000.0,0.209,6.356,26.132,26.286,790100000.0,0.0,42.32,3.848,3.842,1575500000.0,3165300000.0,1840800000.0,1840800000.0,0.0,,,,,12700000.0,228200000.0,1.0,610889780.0,610000000,631400000.0,3.018,5143000000.0,0.0,78100000.0,102000000.0,8.431,2919200000.0
16,APH,MRQ,2017-06-30,2017-06-30,2017-06-30,2021-08-02,-341000000.0,9172900000.0,,3992400000.0,5180500000.0,,6.336,-51100000.0,1360100000.0,1360100000.0,1113900000.0,253600000.0,2.329,1.357,3396600000.0,376000000.0,3020600000.0,3396600000.0,0.0,56500000.0,0.0,0.008,0.08,338500000.0,395000000.0,0.237,395000000.0,338500000.0,315100000.0,0.41,0.4,0.41,3874900000.0,,3874900000.0,24518041746.0,19.0,15.978,229300000.0,0.375,1.0,552600000.0,0.332,4411100000.0,23400000.0,5084400000.0,,1059200000.0,0.0,0.0,0.0,5257000000.0,1713900000.0,3543100000.0,22560541746.0,74000000.0,-152400000.0,-101400000.0,154700000.0,-48900000.0,-11000000.0,-209400000.0,-5900000.0,280400000.0,14000000.0,251500000.0,251500000.0,251500000.0,0.0,2100000.0,0.151,216400000.0,336200000.0,769900000.0,0.195,5.822,24.101,24.283,769400000.0,0.0,36.91,3.464,3.466,1407300000.0,3101400000.0,1666500000.0,1666500000.0,0.0,,,,,12300000.0,212400000.0,1.0,611231150.0,611600000,632200000.0,2.725,4761800000.0,0.0,63600000.0,85300000.0,7.786,2278500000.0
17,APH,MRQ,2017-03-31,2017-03-31,2017-03-31,2021-08-02,-402300000.0,8707400000.0,,3722400000.0,4985000000.0,,6.041,-48400000.0,1279700000.0,1279700000.0,1044200000.0,227300000.0,2.351,1.338,3237200000.0,375100000.0,2862100000.0,3237200000.0,0.0,54100000.0,0.0,0.008,0.08,315300000.0,369400000.0,0.237,369400000.0,315300000.0,296000000.0,0.365,0.355,0.365,3704200000.0,,3704200000.0,23733970224.0,19.0,15.931,189400000.0,0.309,1.0,515900000.0,0.331,4258100000.0,19300000.0,4823500000.0,,962300000.0,0.0,0.0,0.0,4956300000.0,1583300000.0,3373000000.0,21896470224.0,208300000.0,-46600000.0,-225500000.0,225300000.0,-49300000.0,-53700000.0,8900000.0,103900000.0,237800000.0,15300000.0,224900000.0,224900000.0,224900000.0,0.0,2400000.0,0.144,201800000.0,314100000.0,682400000.0,0.219,5.911,24.572,24.626,726900000.0,0.0,35.585,3.424,3.412,1318300000.0,3049500000.0,1560100000.0,1560100000.0,0.0,,,,,12100000.0,201800000.0,1.0,615328656.0,613200000,632800000.0,2.544,4449300000.0,0.0,71100000.0,117700000.0,7.256,2139100000.0
18,APH,MRQ,2016-12-31,2016-12-31,2016-12-31,2021-08-02,-469000000.0,8498700000.0,,3591200000.0,4907500000.0,,5.96,-51400000.0,1173200000.0,1173200000.0,1105100000.0,238300000.0,2.196,1.3,3010700000.0,375200000.0,2635500000.0,3010700000.0,0.0,53400000.0,0.0,0.009,0.08,339700000.0,393100000.0,0.238,393100000.0,339700000.0,321300000.0,0.38,0.375,0.38,3674900000.0,,3674900000.0,22685347808.0,19.0,15.964,297500000.0,0.482,1.0,546000000.0,0.331,4196100000.0,18400000.0,4504900000.0,,928900000.0,0.0,0.0,0.0,4775600000.0,1635200000.0,3140400000.0,20729747808.0,181000000.0,-32500000.0,-69800000.0,37400000.0,-43300000.0,-65500000.0,-67800000.0,16100000.0,348900000.0,-34600000.0,235400000.0,235400000.0,235400000.0,0.0,2900000.0,0.143,206900000.0,339100000.0,678200000.0,0.211,5.641,25.191,25.169,711400000.0,0.0,33.6,3.298,3.296,1349300000.0,3122700000.0,1651100000.0,1651100000.0,0.0,,,,,900000.0,206900000.0,1.0,616956780.0,616600000,631000000.0,2.678,4302600000.0,0.0,85900000.0,202800000.0,6.978,1956000000.0
19,APH,MRQ,2016-09-30,2016-09-30,2016-09-30,2021-08-02,-297300000.0,8369800000.0,,3405200000.0,4964600000.0,,6.002,-46600000.0,1016900000.0,1016900000.0,1098600000.0,227100000.0,2.25,1.245,2972500000.0,374500000.0,2598000000.0,2972500000.0,0.0,51200000.0,0.0,0.009,0.07,325800000.0,377000000.0,0.23,377000000.0,325800000.0,307700000.0,0.365,0.355,0.365,3708000000.0,,3708000000.0,22052597461.0,19.0,16.194,244300000.0,0.395,1.0,537300000.0,0.328,4247000000.0,18100000.0,4564900000.0,,926600000.0,0.0,0.0,0.0,4615100000.0,1513500000.0,3101600000.0,20042397461.0,59600000.0,-86800000.0,-68200000.0,127700000.0,-43100000.0,31400000.0,-265600000.0,-132200000.0,290900000.0,2900000.0,224300000.0,224300000.0,224300000.0,0.0,2800000.0,0.137,211000000.0,326300000.0,650700000.0,0.192,5.405,25.447,25.359,717600000.0,0.0,32.46,3.304,3.306,1319400000.0,3032800000.0,1635900000.0,1635900000.0,0.0,,,,,-4400000.0,204700000.0,1.0,617449090.0,617800000,631400000.0,2.648,4122800000.0,0.0,83400000.0,79500000.0,6.673,1891700000.0
20,APH,MRQ,2016-06-30,2016-06-30,2016-06-30,2021-08-02,-328800000.0,8027000000.0,,3158100000.0,4868900000.0,,5.734,-47400000.0,824700000.0,824700000.0,1050900000.0,208700000.0,2.871,1.26,2834900000.0,300000.0,2834600000.0,2834900000.0,0.0,50500000.0,0.0,0.01,0.07,299800000.0,350300000.0,0.226,350300000.0,299800000.0,281800000.0,0.335,0.325,0.335,3534600000.0,,3534600000.0,19806357834.0,18.0,14.941,196200000.0,0.318,1.0,497300000.0,0.321,4176100000.0,18000000.0,4761100000.0,,926600000.0,0.0,0.0,0.0,4453100000.0,1100000000.0,3353100000.0,17653457834.0,107000000.0,0.0,-6000000.0,-32700000.0,-43100000.0,-69600000.0,-52200000.0,-4800000.0,243600000.0,-14800000.0,206500000.0,206500000.0,206500000.0,0.0,2200000.0,0.133,197000000.0,300300000.0,645100000.0,0.209,4.994,22.992,23.024,692800000.0,0.0,28.665,2.997,3.0,1257300000.0,2972900000.0,1548200000.0,1548200000.0,0.0,,,,,-700000.0,197000000.0,1.0,615854102.0,616400000,630800000.0,2.512,3850900000.0,0.0,75300000.0,66800000.0,6.247,2058100000.0
21,APH,MRQ,2016-03-31,2016-03-31,2016-03-31,2021-08-02,-297400000.0,7890000000.0,,2989600000.0,4900400000.0,,5.504,-38300000.0,713600000.0,713600000.0,992000000.0,158400000.0,2.795,1.319,2866500000.0,300000.0,2866200000.0,2866500000.0,0.0,61900000.0,0.0,0.009,0.07,238600000.0,300500000.0,0.207,300500000.0,238600000.0,220500000.0,0.255,0.25,0.255,3386200000.0,,3386200000.0,18863861612.0,17.0,14.714,155900000.0,0.253,1.0,459200000.0,0.316,4207100000.0,18100000.0,4766200000.0,,933500000.0,0.0,0.0,0.0,4465800000.0,1069600000.0,3396200000.0,17810761612.0,-1050200000.0,-1185800000.0,-34600000.0,47800000.0,-43200000.0,-29800000.0,-1227100000.0,-3000000.0,194200000.0,12500000.0,156600000.0,156600000.0,156600000.0,0.0,1800000.0,0.108,219800000.0,239400000.0,615400000.0,0.275,5.26,24.059,24.092,693300000.0,0.0,28.91,3.129,3.124,1201900000.0,2868800000.0,1451200000.0,1451200000.0,0.0,,,,,7400000.0,189500000.0,1.0,616076154.0,615200000,628400000.0,2.359,3682900000.0,0.0,63900000.0,95800000.0,5.987,1920000000.0
22,APH,MRQ,2015-12-31,2015-12-31,2015-12-31,2021-08-02,-349500000.0,7458400000.0,,3850000000.0,3608400000.0,,5.249,-39300000.0,1760400000.0,1760400000.0,972100000.0,202600000.0,3.818,1.291,2813500000.0,300000.0,2813200000.0,2813500000.0,0.0,43500000.0,0.0,0.01,0.07,290500000.0,334000000.0,0.233,334000000.0,290500000.0,273300000.0,0.325,0.315,0.325,3238500000.0,,3238500000.0,17356185140.0,16.0,13.518,283000000.0,0.459,1.0,458400000.0,0.32,2998900000.0,17200000.0,4504200000.0,,851800000.0,0.0,0.0,0.0,4180000000.0,1008400000.0,3171600000.0,16100485140.0,161600000.0,0.0,-34700000.0,-26500000.0,-43200000.0,-97600000.0,-41000000.0,-1700000.0,322300000.0,-22100000.0,200200000.0,200200000.0,200200000.0,0.0,2400000.0,0.14,169400000.0,289000000.0,587800000.0,0.215,4.972,21.088,21.146,609500000.0,0.0,26.115,2.891,2.899,1104600000.0,2804400000.0,1430500000.0,1430500000.0,0.0,,,,,5300000.0,169400000.0,1.0,616522502.0,617000000,630600000.0,2.318,4459500000.0,0.0,73100000.0,81800000.0,7.228,2841600000.0
23,APH,MRQ,2015-09-30,2015-09-30,2015-09-30,2021-08-02,-303600000.0,7485600000.0,,3862300000.0,3623300000.0,,5.088,-41200000.0,1597700000.0,1597700000.0,995600000.0,207300000.0,3.572,1.369,2853400000.0,400000.0,2853000000.0,2853400000.0,0.0,44600000.0,0.0,0.01,0.07,296200000.0,340800000.0,0.233,340800000.0,296200000.0,279200000.0,0.33,0.325,0.33,3143300000.0,,3143300000.0,17116538662.0,15.0,13.343,244200000.0,0.395,1.0,464000000.0,0.318,3011600000.0,17000000.0,4648400000.0,,887700000.0,0.0,0.0,0.0,4304200000.0,1081300000.0,3222900000.0,15754138662.0,332800000.0,-28000000.0,-46400000.0,93600000.0,-38600000.0,7200000.0,62200000.0,131400000.0,285400000.0,-22000000.0,204500000.0,204500000.0,204500000.0,0.0,2800000.0,0.14,169200000.0,294800000.0,661500000.0,0.212,5.012,20.817,20.885,611700000.0,0.0,25.48,2.831,2.829,1163300000.0,2700700000.0,1459600000.0,1459600000.0,0.0,,,,,11600000.0,169200000.0,1.0,618294296.0,617800000,631800000.0,2.363,4474000000.0,0.0,74700000.0,97800000.0,7.242,2781000000.0
24,APH,MRQ,2015-06-30,2015-06-30,2015-06-30,2021-08-02,-256100000.0,7228700000.0,,3592800000.0,3635900000.0,,4.961,-43200000.0,1397200000.0,1397200000.0,919000000.0,180600000.0,3.649,1.346,2759600000.0,400000.0,2759200000.0,2759600000.0,0.0,43400000.0,0.0,0.009,0.062,263300000.0,306700000.0,0.227,306700000.0,263300000.0,246200000.0,0.29,0.28,0.29,3065100000.0,,3065100000.0,19315692688.0,18.0,15.416,191300000.0,0.31,1.0,432500000.0,0.32,3026000000.0,17100000.0,4580400000.0,,893000000.0,0.0,0.0,0.0,4125900000.0,984700000.0,3141200000.0,17908192688.0,272900000.0,-95700000.0,-57200000.0,900000.0,0.0,-52000000.0,87800000.0,226700000.0,234500000.0,2600000.0,179000000.0,179000000.0,179000000.0,0.0,1600000.0,0.132,171800000.0,260700000.0,559500000.0,0.214,5.843,24.381,24.564,609900000.0,0.0,28.985,3.278,3.277,1089500000.0,2591300000.0,1351500000.0,1351500000.0,0.0,,,,,4600000.0,166100000.0,1.0,617843460.0,617800000,633800000.0,2.188,4202700000.0,0.0,67200000.0,79000000.0,6.803,2608100000.0
25,APH,MRQ,2015-03-31,2015-03-31,2015-03-31,2021-08-02,-271500000.0,7025600000.0,,3533800000.0,3491800000.0,,4.758,-39700000.0,1351100000.0,1351100000.0,902500000.0,181800000.0,3.817,1.372,2758600000.0,1600000.0,2757000000.0,2758600000.0,0.0,40100000.0,0.0,0.008,0.062,262300000.0,302400000.0,0.228,302400000.0,262300000.0,245300000.0,0.29,0.285,0.29,2949900000.0,,2949900000.0,19624126708.0,18.0,15.793,148600000.0,0.24,1.0,424600000.0,0.32,2902300000.0,17000000.0,4605100000.0,,871400000.0,0.0,0.0,0.0,4046400000.0,925700000.0,3120700000.0,18279826708.0,1000000.0,-76100000.0,-46200000.0,85600000.0,-77500000.0,-37700000.0,-136300000.0,-20500000.0,188300000.0,-13300000.0,179800000.0,179800000.0,179800000.0,0.0,2000000.0,0.135,164400000.0,260200000.0,582900000.0,0.214,6.197,25.027,25.184,589500000.0,0.0,29.465,3.369,3.366,1091800000.0,2532300000.0,1327100000.0,1327100000.0,0.0,,,,,6500000.0,164400000.0,1.0,620391200.0,620000000,636000000.0,2.14,4123300000.0,0.0,65500000.0,98900000.0,6.65,2608100000.0
26,APH,MRQ,2014-12-31,2014-12-31,2014-12-31,2021-08-02,-205800000.0,6985900000.0,,3452200000.0,3533700000.0,,4.692,-43000000.0,1329600000.0,1329600000.0,970000000.0,194800000.0,3.302,1.392,2656200000.0,1600000.0,2654600000.0,2656200000.0,0.0,50100000.0,0.0,0.008,0.062,282800000.0,332900000.0,0.233,332900000.0,282800000.0,262600000.0,0.31,0.305,0.31,2907400000.0,,2907400000.0,18031700295.0,17.0,14.842,230500000.0,0.372,1.0,456500000.0,0.32,2943000000.0,20200000.0,4323900000.0,,865600000.0,0.0,0.0,0.0,4048000000.0,1045600000.0,3002400000.0,16652336295.0,95900000.0,-50200000.0,-129600000.0,48700000.0,0.0,-78200000.0,-85000000.0,8200000.0,273500000.0,-14400000.0,193500000.0,193500000.0,193500000.0,0.0,1300000.0,0.136,177700000.0,278800000.0,618400000.0,0.2,5.728,23.484,23.81,590700000.0,0.0,26.905,3.115,3.152,1123700000.0,2453500000.0,1426500000.0,1426500000.0,0.0,,,,,9300000.0,168200000.0,1.0,618930916.0,619697806,634091784.0,2.302,4042900000.0,0.0,69100000.0,90800000.0,6.524,2406600000.0
27,APH,MRQ,2014-09-30,2014-09-30,2014-09-30,2021-08-02,-97094000.0,6851769000.0,,3372572000.0,3479197000.0,,4.75,-56000000.0,1244617000.0,1244617000.0,927100000.0,184200000.0,2.168,1.295,2623981000.0,600803000.0,2023178000.0,2623981000.0,0.0,40400000.0,0.0,0.009,0.062,270600000.0,311000000.0,0.229,311000000.0,270600000.0,249500000.0,0.29,0.285,0.29,2976160000.0,,2976160000.0,16560291180.0,16.0,14.258,168100000.0,0.268,1.0,431600000.0,0.318,2893844000.0,21100000.0,3781892000.0,,848072000.0,0.0,0.0,0.0,3854109000.0,1555397000.0,2298712000.0,15660630180.0,-207100000.0,-448500000.0,-120100000.0,275600000.0,-70500000.0,94600000.0,-510300000.0,-5800000.0,224100000.0,-15500000.0,182200000.0,182200000.0,182200000.0,0.0,2000000.0,0.134,163800000.0,267800000.0,599754000.0,0.214,5.262,22.912,23.009,585353000.0,0.0,24.965,3.032,3.029,1092424000.0,2437281000.0,1358700000.0,1358700000.0,0.0,,,,,-1300000.0,161300000.0,1.0,627303432.0,626568484,641272810.0,2.168,3957925000.0,0.0,67300000.0,88451000.0,6.317,1817175000.0
28,APH,MRQ,2014-06-30,2014-06-30,2014-06-30,2021-08-02,-52105000.0,6517300000.0,,3462385000.0,3054915000.0,,4.737,-50800000.0,1443900000.0,1443900000.0,897400000.0,176400000.0,2.023,1.182,2343561000.0,800670000.0,1542891000.0,2343561000.0,0.0,37700000.0,0.0,0.008,0.05,258600000.0,296300000.0,0.225,296300000.0,258600000.0,238500000.0,0.28,0.27,0.28,2977321000.0,,2977321000.0,16062857729.0,17.0,14.435,129800000.0,0.207,1.0,416800000.0,0.317,2496263000.0,20100000.0,3208905000.0,,805452000.0,0.0,0.0,0.0,3518711000.0,1711793000.0,1806918000.0,15138695729.0,56800000.0,-10500000.0,-84500000.0,119800000.0,-31400000.0,18700000.0,-148200000.0,-86900000.0,180600000.0,5700000.0,174900000.0,174900000.0,174900000.0,0.0,1500000.0,0.133,161000000.0,255800000.0,534381000.0,0.179,5.085,22.864,22.938,558652000.0,0.0,24.085,3.053,3.052,1031071000.0,2444843000.0,1314200000.0,1314200000.0,0.0,,,,,-5500000.0,161000000.0,1.0,628552864.0,628458740,643164540.0,2.091,4021037000.0,0.0,63600000.0,66737000.0,6.398,1750592000.0
29,APH,MRQ,2014-03-31,2014-03-31,2014-03-31,2021-08-02,-69541000.0,6230203000.0,,3204467000.0,3025736000.0,,4.563,-53700000.0,1299453000.0,1299453000.0,857200000.0,159800000.0,2.059,1.16,2223615000.0,701045000.0,1522570000.0,2223615000.0,0.0,39900000.0,0.0,0.008,0.05,234900000.0,274800000.0,0.221,274800000.0,234900000.0,215800000.0,0.25,0.245,0.25,2875448000.0,,2875448000.0,15439697825.0,17.0,14.339,149000000.0,0.236,1.0,388900000.0,0.312,2487021000.0,19100000.0,3111140000.0,,772710000.0,0.0,0.0,0.0,3334341000.0,1556204000.0,1778137000.0,14498985825.0,136500000.0,-9000000.0,-107400000.0,84800000.0,0.0,-21000000.0,-38400000.0,24300000.0,202700000.0,-6800000.0,158500000.0,158500000.0,158500000.0,0.0,1300000.0,0.127,156800000.0,232100000.0,479786000.0,0.2,5.042,22.613,22.686,538715000.0,0.0,22.913,3.033,3.02,971576000.0,2430310000.0,1246100000.0,1246100000.0,0.0,,,,,6600000.0,154800000.0,1.0,632798072.0,630113928,644708624.0,1.978,3743182000.0,0.0,57300000.0,97223000.0,5.94,1648263000.0
30,APH,MRQ,2013-12-31,2013-12-31,2013-12-31,2021-08-02,-55000000.0,6168000000.0,,3157600000.0,3010400000.0,,4.516,-51044000.0,1192200000.0,1192200000.0,856494000.0,168830000.0,1.961,1.15,2132800000.0,701400000.0,1431400000.0,2132800000.0,0.0,34969000.0,0.0,0.007,0.05,244381000.0,279350000.0,0.224,279350000.0,244381000.0,227907000.0,0.265,0.26,0.265,2859500000.0,,2859500000.0,14701451001.0,16.0,14.086,160332000.0,0.253,1.0,389272000.0,0.312,2478000000.0,16474000.0,3020700000.0,,792600000.0,0.0,0.0,0.0,3287900000.0,1609900000.0,1678000000.0,14115506001.0,-2516000.0,-440864000.0,-12212000.0,254543000.0,-63328000.0,183831000.0,-403046000.0,88862000.0,211376000.0,5323000.0,167907000.0,167907000.0,167907000.0,0.0,923000.0,0.135,147925000.0,241347000.0,549900000.0,0.189,4.936,22.205,22.295,532400000.0,0.0,22.295,3.059,3.075,1001000000.0,2424400000.0,1245766000.0,1245766000.0,0.0,,,,,7369000.0,144462000.0,1.0,633124288.0,633212320,646275592.0,1.967,3690000000.0,0.0,60000000.0,96400000.0,5.827,1547700000.0
31,APH,MRQ,2013-09-30,2013-09-30,2013-09-30,2021-08-02,-120686000.0,5640681000.0,,3077535000.0,2563146000.0,,4.187,-39031000.0,1283581000.0,1283581000.0,789214000.0,161389000.0,3.446,1.119,1869526000.0,84987000.0,1784539000.0,1869526000.0,0.0,34769000.0,0.0,0.007,0.05,227517000.0,262286000.0,0.227,262286000.0,227517000.0,211469000.0,0.255,0.25,0.255,2657249000.0,,2657249000.0,12955677081.0,15.0,12.709,157887000.0,0.249,1.0,363848000.0,0.316,1972428000.0,16048000.0,3360997000.0,,732724000.0,0.0,0.0,0.0,2974161000.0,893201000.0,2080960000.0,12315679081.0,165707000.0,0.0,-100484000.0,87016000.0,-16716000.0,-32699000.0,-14353000.0,24678000.0,196918000.0,15841000.0,160798000.0,160798000.0,160798000.0,0.0,591000.0,0.139,139365000.0,224483000.0,481022000.0,0.196,4.635,20.251,20.257,441799000.0,0.0,19.345,2.728,2.719,926194000.0,2315841000.0,1153062000.0,1153062000.0,0.0,,,,,6579000.0,136828000.0,1.0,636633708.0,634662080,647171144.0,1.817,3668253000.0,0.0,50671000.0,83023000.0,5.78,2184334000.0
32,APH,MRQ,2013-06-30,2013-06-30,2013-06-30,2021-08-02,-151798000.0,5404301000.0,,2874470000.0,2529831000.0,,4.047,-35742000.0,1142552000.0,1142552000.0,776279000.0,154868000.0,3.525,1.086,1782550000.0,83599000.0,1698951000.0,1782550000.0,0.0,34170000.0,0.0,0.005,0.026,226166000.0,260336000.0,0.229,260336000.0,226166000.0,210545000.0,0.24,0.237,0.24,2585139000.0,,2585139000.0,13122826801.0,15.0,13.06,144810000.0,0.227,1.0,359788000.0,0.317,1952251000.0,15621000.0,3276489000.0,,703489000.0,0.0,0.0,0.0,2807041000.0,815559000.0,1991482000.0,12456488801.0,-11334000.0,-44237000.0,-62286000.0,94656000.0,-16756000.0,22428000.0,-211963000.0,-131984000.0,180552000.0,-2351000.0,153988000.0,153988000.0,153988000.0,0.0,880000.0,0.136,135775000.0,224013000.0,447159000.0,0.108,4.818,20.943,21.019,424844000.0,0.0,19.485,2.79,2.788,905823000.0,2302541000.0,1136067000.0,1136067000.0,0.0,,,,,1589000.0,135775000.0,1.0,639286056.0,638820084,651741712.0,1.778,3452050000.0,0.0,56557000.0,81946000.0,5.404,2058911000.0
33,APH,MRQ,2013-03-31,2013-03-31,2013-03-31,2021-08-02,-141760000.0,5213961000.0,,2725671000.0,2488290000.0,,3.921,-28883000.0,1021902000.0,1021902000.0,741913000.0,153613000.0,3.344,1.076,1688240000.0,92190000.0,1596050000.0,1688240000.0,0.0,32592000.0,0.0,0.006,0.026,209136000.0,241728000.0,0.224,241728000.0,209136000.0,193679000.0,0.24,0.235,0.24,2505408000.0,,2505408000.0,12685457016.0,15.0,12.919,151371000.0,0.237,1.0,337892000.0,0.313,1919929000.0,15457000.0,3145356000.0,,711581000.0,0.0,0.0,0.0,2696894000.0,815014000.0,1881880000.0,11921463016.0,44143000.0,201000.0,-54618000.0,-17915000.0,0.0,-65060000.0,-63938000.0,-35256000.0,180254000.0,-7113000.0,153007000.0,153007000.0,153007000.0,0.0,606000.0,0.142,130935000.0,206957000.0,445517000.0,0.108,4.758,20.493,20.622,415943000.0,0.0,18.663,2.715,2.716,861598000.0,2261073000.0,1079805000.0,1079805000.0,0.0,,,,,-437000.0,130935000.0,1.0,638792392.0,638952672,650852008.0,1.69,3294032000.0,0.0,40672000.0,82912000.0,5.155,1910657000.0
34,APH,MRQ,2012-12-31,2012-12-31,2012-12-31,2021-08-02,-117004000.0,5215463000.0,,2706915000.0,2508548000.0,,3.788,-31985000.0,942503000.0,942503000.0,790574000.0,141559000.0,3.047,1.141,1706497000.0,100293000.0,1606204000.0,1706497000.0,0.0,32461000.0,0.0,0.006,0.026,222604000.0,255065000.0,0.223,255065000.0,222604000.0,207018000.0,0.22,0.213,0.22,2429959000.0,,2429959000.0,11086644904.0,13.0,11.597,175112000.0,0.273,1.0,355439000.0,0.31,2091112000.0,15586000.0,2999831000.0,,733718000.0,0.0,0.0,0.0,2773281000.0,888514000.0,1884767000.0,10374145904.0,-34760000.0,-71903000.0,-128608000.0,96830000.0,-33715000.0,-57867000.0,-188191000.0,-84303000.0,207097000.0,4201000.0,140345000.0,140345000.0,140345000.0,0.0,1214000.0,0.122,134264000.0,221175000.0,496525000.0,0.118,4.269,18.682,18.808,417436000.0,0.0,16.175,2.417,2.435,910711000.0,2210120000.0,1146013000.0,1146013000.0,0.0,,,,,4438000.0,132264000.0,1.0,641369144.0,641486104,651150600.0,1.786,3124351000.0,0.0,66673000.0,94341000.0,4.87,1818401000.0
35,APH,MRQ,2012-09-30,2012-09-30,2012-09-30,2021-08-02,-112977000.0,5070965000.0,,2640981000.0,2429984000.0,,3.76,-31197000.0,892891000.0,892891000.0,759047000.0,148800000.0,3.055,1.085,1605390000.0,94093000.0,1511297000.0,1605390000.0,0.0,30748000.0,0.0,0.006,0.026,216956000.0,247704000.0,0.224,247704000.0,216956000.0,201790000.0,0.228,0.225,0.228,2426841000.0,,2426841000.0,10242280973.0,13.0,11.409,144801000.0,0.224,1.0,344329000.0,0.312,1876539000.0,15166000.0,3042337000.0,,712189000.0,0.0,0.0,0.0,2632747000.0,864588000.0,1768159000.0,9478915973.0,79532000.0,-97248000.0,9320000.0,61504000.0,-16885000.0,59004000.0,-161340000.0,-32895000.0,175998000.0,5870000.0,147450000.0,147450000.0,147450000.0,0.0,1350000.0,0.134,128659000.0,215670000.0,478100000.0,0.114,3.906,17.925,18.061,407587000.0,0.0,14.72,2.315,2.32,903344000.0,2237109000.0,1103376000.0,1103376000.0,0.0,,,,,-62000.0,128659000.0,1.0,643948096.0,645397972,655120684.0,1.71,3194426000.0,0.0,54340000.0,78956000.0,4.95,1776393000.0
36,APH,MRQ,2012-06-30,2012-06-30,2012-06-30,2021-08-02,-133607000.0,4766839000.0,,2426160000.0,2340679000.0,,3.484,-30610000.0,780464000.0,780464000.0,726946000.0,141893000.0,3.026,1.112,1543829000.0,89284000.0,1454545000.0,1543829000.0,0.0,29592000.0,0.0,0.004,0.026,207859000.0,237451000.0,0.224,237451000.0,207859000.0,192760000.0,0.217,0.215,0.217,2250574000.0,,2250574000.0,9549620617.0,13.0,11.004,96791000.0,0.15,1.0,334161000.0,0.315,1803710000.0,15099000.0,2924838000.0,,675342000.0,0.0,0.0,0.0,2503322000.0,801656000.0,1701666000.0,8897735617.0,25031000.0,-82349000.0,-105845000.0,148983000.0,-17052000.0,28681000.0,-125160000.0,-12201000.0,127401000.0,-5891000.0,140942000.0,140942000.0,140942000.0,0.0,951000.0,0.133,127985000.0,206176000.0,431954000.0,0.12,3.954,17.244,17.446,396180000.0,0.0,13.73,2.211,2.204,840090000.0,2135047000.0,1061107000.0,1061107000.0,0.0,,,,,3362000.0,127985000.0,1.0,648050664.0,646046200,655486260.0,1.642,2963129000.0,0.0,51818000.0,85653000.0,4.587,1624504000.0
37,APH,MRQ,2012-03-31,2012-03-31,2012-03-31,2021-08-02,-103647000.0,4577380000.0,,2291800000.0,2285580000.0,,3.455,-30508000.0,743232000.0,743232000.0,672333000.0,127248000.0,3.076,1.027,1395117000.0,78298000.0,1316819000.0,1395117000.0,0.0,28999000.0,0.0,0.003,0.026,186781000.0,215780000.0,0.22,215780000.0,186781000.0,173032000.0,0.195,0.193,0.195,2251000000.0,,2251000000.0,10490576015.0,14.0,11.974,133696000.0,0.205,1.0,309271000.0,0.315,1754951000.0,13749000.0,2729335000.0,,659108000.0,0.0,0.0,0.0,2312662000.0,744979000.0,1567683000.0,9762381015.0,105897000.0,0.0,-59467000.0,17883000.0,-2448000.0,-42918000.0,-18909000.0,11599000.0,164204000.0,3520000.0,126563000.0,126563000.0,126563000.0,0.0,685000.0,0.129,123992000.0,185279000.0,402916000.0,0.133,4.337,18.673,19.035,389873000.0,0.0,14.943,2.452,2.445,771400000.0,2130127000.0,981604000.0,981604000.0,0.0,,,,,2062000.0,123992000.0,1.0,653329832.0,651447452,661420552.0,1.507,2822429000.0,0.0,46469000.0,80664000.0,4.333,1546821000.0
38,APH,MRQ,2011-12-31,2011-12-31,2011-12-31,2021-08-02,-120057000.0,4445225000.0,,2181237000.0,2263988000.0,,3.304,-27190000.0,648934000.0,648934000.0,653872000.0,115005000.0,3.395,1.041,1377129000.0,298000.0,1376831000.0,1377129000.0,0.0,31242000.0,0.0,0.001,0.004,165528000.0,196770000.0,0.207,196770000.0,165528000.0,154384000.0,0.175,0.172,0.175,2171769000.0,,2171769000.0,8007325558.0,11.0,9.156,141428000.0,0.215,1.0,294837000.0,0.311,1746113000.0,11144000.0,2784892000.0,,649862000.0,0.0,0.0,0.0,2260439000.0,642415000.0,1618024000.0,7522904558.0,-175093000.0,-250280000.0,-136360000.0,111798000.0,-2494000.0,-27927000.0,-320588000.0,-43118000.0,168618000.0,4804000.0,113859000.0,113859000.0,113859000.0,0.0,1146000.0,0.12,130177000.0,164660000.0,377867000.0,0.023,3.464,14.351,14.699,380501000.0,0.0,11.348,1.909,1.954,767181000.0,2102497000.0,948709000.0,948709000.0,0.0,,,,,7297000.0,119529000.0,1.0,662957000.0,657300492,664468500.0,1.443,2699112000.0,0.0,40525000.0,87315000.0,4.106,1538822000.0
39,APH,MRQ,2011-09-30,2011-09-30,2011-09-30,2021-08-02,-91955000.0,4361796000.0,,2327812000.0,2033984000.0,,3.299,-19134000.0,780909000.0,780909000.0,709277000.0,136058000.0,3.515,0.962,1265330000.0,304000.0,1265026000.0,1265330000.0,0.0,30989000.0,0.0,0.001,0.004,186879000.0,217868000.0,0.211,217868000.0,186879000.0,176381000.0,0.2,0.198,0.2,2216574000.0,,2216574000.0,7388921510.0,9.0,8.252,165108000.0,0.246,1.0,323477000.0,0.313,1559958000.0,10498000.0,2624056000.0,,634814000.0,0.0,0.0,0.0,2132247000.0,662203000.0,1470044000.0,6927559510.0,78971000.0,-1104000.0,-170198000.0,107123000.0,-2547000.0,-67078000.0,-25621000.0,-5383000.0,184242000.0,-12572000.0,134623000.0,134623000.0,134623000.0,0.0,1435000.0,0.13,137418000.0,186059000.0,418201000.0,0.02,3.125,12.795,12.984,359516000.0,0.0,10.193,1.758,1.737,803477000.0,2129274000.0,1032754000.0,1032754000.0,0.0,,,,,7499000.0,124587000.0,1.0,679672260.0,671807464,679340268.0,1.537,2801838000.0,0.0,41758000.0,77684000.0,4.171,1665609000.0
40,APH,MRQ,2011-06-30,2011-06-30,2011-06-30,2021-08-02,-42521000.0,4322735000.0,,2246680000.0,2076055000.0,,3.354,-22602000.0,696555000.0,696555000.0,696516000.0,148894000.0,3.465,0.877,1157917000.0,328000.0,1157589000.0,1157917000.0,0.0,29851000.0,0.0,0.001,0.004,215861000.0,245712000.0,0.241,245712000.0,215861000.0,204490000.0,0.215,0.212,0.215,2296452000.0,,2296452000.0,9768925584.0,12.0,10.94,82007000.0,0.12,1.0,321222000.0,0.316,1576987000.0,11371000.0,2558732000.0,,642273000.0,0.0,0.0,0.0,2013331000.0,648378000.0,1364953000.0,9510632584.0,18209000.0,-51889000.0,-162965000.0,202809000.0,-2608000.0,-30627000.0,-61416000.0,13075000.0,104609000.0,5643000.0,147751000.0,147751000.0,147751000.0,0.0,1143000.0,0.145,106348000.0,214874000.0,426184000.0,0.019,4.141,17.48,17.26,379731000.0,0.0,13.498,2.466,2.397,793418000.0,2170142000.0,1017738000.0,1017738000.0,0.0,,,,,6193000.0,124161000.0,1.0,704621788.0,684777896,694369832.0,1.486,2745748000.0,0.0,56739000.0,69581000.0,4.01,1598302000.0
41,APH,MRQ,2011-03-31,2011-03-31,2011-03-31,2021-08-02,-61082000.0,4171233000.0,,2145894000.0,2025339000.0,,3.288,-23178000.0,691421000.0,691421000.0,636461000.0,128885000.0,3.145,0.801,949714000.0,329000.0,949385000.0,949714000.0,0.0,27357000.0,0.0,0.001,0.004,186862000.0,214219000.0,0.228,214219000.0,186862000.0,176846000.0,0.182,0.18,0.182,2304146000.0,,2304146000.0,9744789764.0,13.0,11.499,84560000.0,0.121,1.0,304124000.0,0.323,1536506000.0,10016000.0,2210593000.0,,602985000.0,0.0,0.0,0.0,1844754000.0,682427000.0,1162327000.0,9569026764.0,67111000.0,0.0,-176582000.0,149570000.0,-2633000.0,-25516000.0,-23259000.0,-81000.0,107738000.0,8148000.0,127958000.0,127958000.0,127958000.0,0.0,927000.0,0.136,118039000.0,186085000.0,414296000.0,0.022,4.153,18.192,18.01,371491000.0,0.0,13.598,2.57,2.559,744203000.0,2385897000.0,940585000.0,940585000.0,0.0,,,,,1695000.0,118039000.0,1.0,703734272.0,700673188,711403728.0,1.342,2634727000.0,0.0,48888000.0,76746000.0,3.76,1463467000.0
42,APH,MRQ,2010-12-31,2010-12-31,2010-12-31,2021-08-02,-84757000.0,4015857000.0,,1992130000.0,2023727000.0,,3.324,-35279000.0,624229000.0,624229000.0,639866000.0,132467000.0,3.041,0.721,799992000.0,352000.0,799640000.0,799992000.0,0.0,26846000.0,0.0,0.001,0.004,190798000.0,217644000.0,0.229,217644000.0,190798000.0,180606000.0,0.188,0.185,0.188,2320855000.0,,2320855000.0,9532644620.0,14.0,11.897,125403000.0,0.18,1.0,310020000.0,0.326,1533299000.0,10192000.0,2003331000.0,,549169000.0,0.0,0.0,0.0,1673142000.0,654990000.0,1018152000.0,9216001620.0,45360000.0,-15481000.0,25345000.0,-104397000.0,-2612000.0,-72663000.0,-41856000.0,8904000.0,160682000.0,-803000.0,131113000.0,131113000.0,131113000.0,0.0,1354000.0,0.138,119466000.0,190554000.0,384963000.0,0.021,3.971,18.565,18.455,366996000.0,0.0,13.195,2.593,2.581,718545000.0,2260581000.0,949886000.0,949886000.0,0.0,,,,,-4237000.0,119466000.0,1.0,698446504.0,698147340,710446464.0,1.361,2482558000.0,0.0,49493000.0,65311000.0,3.556,1337140000.0
43,APH,MRQ,2010-09-30,2010-09-30,2010-09-30,2021-08-02,-86296000.0,3968771000.0,,1957676000.0,2011095000.0,,3.087,-29242000.0,587773000.0,587773000.0,638746000.0,138799000.0,2.849,0.838,904416000.0,385000.0,904031000.0,904416000.0,0.0,26507000.0,0.0,0.001,0.004,188854000.0,215361000.0,0.227,215361000.0,188854000.0,178286000.0,0.198,0.195,0.198,2145959000.0,,2145959000.0,8854259626.0,14.0,11.957,99098000.0,0.143,1.0,309717000.0,0.327,1527824000.0,10568000.0,2070441000.0,,539728000.0,0.0,0.0,0.0,1798608000.0,687149000.0,1111459000.0,8508967626.0,43851000.0,-151297000.0,13874000.0,121004000.0,-2604000.0,107490000.0,-205068000.0,-24529000.0,128340000.0,13089000.0,137268000.0,137268000.0,137268000.0,0.0,1531000.0,0.145,120583000.0,189134000.0,395999000.0,0.02,3.965,18.786,18.695,352318000.0,0.0,12.245,2.531,2.532,727458000.0,2132101000.0,948463000.0,948463000.0,0.0,,,,,4648000.0,120583000.0,1.0,694893232.0,695255012,704898996.0,1.364,2440947000.0,0.0,41018000.0,66101000.0,3.511,1270527000.0
44,APH,MRQ,2010-06-30,2010-06-30,2010-06-30,2021-08-02,-135677000.0,3556768000.0,,1757703000.0,1799065000.0,,2.814,-24733000.0,436677000.0,436677000.0,595499000.0,131009000.0,2.945,0.807,781969000.0,365000.0,781604000.0,781969000.0,0.0,25149000.0,0.0,0.002,0.004,175051000.0,200200000.0,0.226,200200000.0,175051000.0,165083000.0,0.188,0.185,0.188,1953161000.0,,1953161000.0,7187403175.0,13.0,10.699,79295000.0,0.114,1.0,289299000.0,0.327,1382363000.0,9968000.0,1922781000.0,,498552000.0,0.0,0.0,0.0,1575752000.0,596916000.0,978836000.0,6817139175.0,4958000.0,-10624000.0,4224000.0,-19824000.0,-2602000.0,-18826000.0,-71595000.0,-36238000.0,104028000.0,-8649000.0,129671000.0,129671000.0,129671000.0,0.0,1338000.0,0.147,113674000.0,175625000.0,377618000.0,0.021,3.49,17.19,17.078,325186000.0,0.0,9.82,2.178,2.177,645595000.0,1997445000.0,884798000.0,884798000.0,0.0,,,,,5421000.0,113674000.0,1.0,694209692.0,694079528,703541860.0,1.275,2174405000.0,0.0,35412000.0,55749000.0,3.133,1160787000.0
45,APH,MRQ,2010-03-31,2010-03-31,2010-03-31,2021-08-02,-100989000.0,3410516000.0,,1616345000.0,1794171000.0,,2.669,-18353000.0,431719000.0,431719000.0,521762000.0,100138000.0,2.726,0.834,801983000.0,49440000.0,752543000.0,801983000.0,0.0,24344000.0,0.0,0.001,0.004,143718000.0,168062000.0,0.218,168062000.0,143718000.0,133705000.0,0.142,0.14,0.142,1849961000.0,,1849961000.0,7677519436.0,15.0,12.597,13490000.0,0.019,1.0,249192000.0,0.323,1371800000.0,10013000.0,1816099000.0,,476097000.0,0.0,0.0,0.0,1543075000.0,592881000.0,950194000.0,7308683436.0,47106000.0,-3000000.0,3173000.0,48606000.0,-2595000.0,48720000.0,-29706000.0,-8353000.0,31843000.0,-3751000.0,98353000.0,98353000.0,98353000.0,0.0,1785000.0,0.128,104148000.0,145044000.0,319820000.0,0.028,3.951,21.384,21.222,327211000.0,0.0,10.547,2.494,2.494,572616000.0,1870378000.0,770954000.0,770954000.0,0.0,,,,,4861000.0,104148000.0,1.0,692930404.0,693064452,702300008.0,1.112,2038716000.0,0.0,35352000.0,70117000.0,2.942,1023464000.0
46,APH,MRQ,2009-12-31,2009-12-31,2009-12-31,2021-08-02,-100090000.0,3219184000.0,,1420395000.0,1798789000.0,,2.531,-14227000.0,422383000.0,422383000.0,516664000.0,89977000.0,2.823,0.834,753449000.0,399000.0,753050000.0,753449000.0,0.0,25601000.0,0.0,0.001,0.004,131264000.0,156865000.0,0.207,156865000.0,131264000.0,121768000.0,0.128,0.125,0.128,1746077000.0,,1746077000.0,8404660140.0,18.0,14.687,137487000.0,0.199,1.0,241632000.0,0.319,1368672000.0,9496000.0,1678419000.0,,461750000.0,0.0,0.0,0.0,1456366000.0,503159000.0,953207000.0,7919737140.0,77044000.0,-7321000.0,20982000.0,-39107000.0,-2573000.0,-32752000.0,-40776000.0,-19228000.0,151714000.0,-1142000.0,87639000.0,87639000.0,87639000.0,0.0,2338000.0,0.116,103172000.0,138460000.0,292122000.0,0.031,4.536,24.918,24.935,332875000.0,0.0,11.545,2.808,2.81,449591000.0,1774625000.0,758296000.0,758296000.0,0.0,,,,,-11104000.0,103172000.0,1.0,685988492.0,689989424,700324464.0,1.099,1850512000.0,0.0,34129000.0,57272000.0,2.682,917236000.0
47,APH,MRQ,2009-09-30,2009-09-30,2009-09-30,2021-08-02,-107221000.0,3140911000.0,,1337750000.0,1803161000.0,,2.372,-14775000.0,307569000.0,307569000.0,492180000.0,83364000.0,2.69,0.921,792492000.0,481000.0,792011000.0,792492000.0,0.0,25153000.0,0.0,0.002,0.004,121496000.0,146649000.0,0.205,146649000.0,121496000.0,112535000.0,0.117,0.117,0.117,1626266000.0,,1626266000.0,7059409978.0,15.0,12.226,131167000.0,0.191,1.0,224393000.0,0.313,1365176000.0,8961000.0,1763321000.0,,455990000.0,0.0,0.0,0.0,1497714000.0,497337000.0,1000377000.0,6459066978.0,86804000.0,-1115000.0,1484000.0,-29230000.0,0.0,-32856000.0,-29411000.0,-13521000.0,145942000.0,3129000.0,80915000.0,80915000.0,80915000.0,0.0,2449000.0,0.113,100103000.0,124290000.0,283088000.0,0.034,3.972,19.637,19.748,342924000.0,0.0,9.42,2.293,2.293,465521000.0,1689583000.0,716573000.0,716573000.0,0.0,,,,,5231000.0,100103000.0,1.0,685675900.0,685712948,695714356.0,1.045,1775735000.0,0.0,31620000.0,53682000.0,2.59,840413000.0
48,APH,MRQ,2009-06-30,2009-06-30,2009-06-30,2021-08-02,-138876000.0,2999517000.0,,1206941000.0,1792576000.0,,2.203,-13961000.0,220765000.0,220765000.0,471034000.0,76825000.0,2.758,0.974,821108000.0,527000.0,820581000.0,821108000.0,0.0,24779000.0,0.0,0.002,0.004,113141000.0,137920000.0,0.201,137920000.0,113141000.0,104010000.0,0.11,0.107,0.11,1509398000.0,,1509398000.0,6140541872.0,12.0,9.871,127915000.0,0.187,1.0,214150000.0,0.313,1349707000.0,9131000.0,1812558000.0,,449894000.0,0.0,0.0,0.0,1470789000.0,437595000.0,1033194000.0,5419581872.0,70246000.0,-10114000.0,2791000.0,-50606000.0,-2571000.0,-49797000.0,-26088000.0,-2013000.0,141876000.0,4255000.0,74870000.0,74870000.0,74870000.0,0.0,1955000.0,0.109,98672000.0,115478000.0,247391000.0,0.036,3.591,15.014,15.212,345538000.0,0.0,7.91,1.828,1.829,445073000.0,1611240000.0,685184000.0,685184000.0,0.0,,,,,5244000.0,98672000.0,1.0,685155736.0,685268448,694598820.0,1.0,1649810000.0,0.0,29140000.0,48442000.0,2.408,769346000.0
49,APH,MRQ,2009-03-31,2009-03-31,2009-03-31,2021-08-02,-166972000.0,2959661000.0,,1177830000.0,1781831000.0,,2.045,-16871000.0,150519000.0,150519000.0,453633000.0,77050000.0,2.507,1.1,871479000.0,497000.0,870982000.0,871479000.0,0.0,22991000.0,0.0,0.002,0.004,107830000.0,130821000.0,0.198,130821000.0,107830000.0,98832000.0,0.107,0.107,0.107,1400050000.0,,1400050000.0,5448598690.0,9.0,8.096,125894000.0,0.184,1.0,206379000.0,0.313,1334948000.0,8998000.0,1875799000.0,,479704000.0,0.0,0.0,0.0,1540548000.0,469874000.0,1070674000.0,4877126690.0,-64468000.0,-261464000.0,224000.0,85887000.0,-5135000.0,81083000.0,-276915000.0,1420000.0,142765000.0,-11401000.0,74410000.0,74410000.0,74410000.0,0.0,2640000.0,0.113,95694000.0,110685000.0,257196000.0,0.037,3.484,12.313,12.54,345606000.0,0.0,7.122,1.56,1.56,459463000.0,1538941000.0,660012000.0,660012000.0,0.0,,,,,4784000.0,95694000.0,1.0,684749272.0,684740792,692393900.0,0.964,1624713000.0,0.0,24422000.0,59086000.0,2.373,707956000.0
50,APH,MRQ,2008-12-31,2008-12-31,2008-12-31,2021-08-02,-140591000.0,2994159000.0,,1335864000.0,1658295000.0,,1.941,-24296000.0,214987000.0,214987000.0,514876000.0,101544000.0,2.104,1.205,786459000.0,439000.0,786020000.0,786459000.0,0.0,22283000.0,0.0,0.003,0.004,139726000.0,162009000.0,0.215,162009000.0,139726000.0,129685000.0,0.143,0.14,0.143,1349425000.0,,1349425000.0,4755004208.0,8.0,6.668,146543000.0,0.211,1.0,240406000.0,0.318,1232335000.0,10041000.0,1698464000.0,,512507000.0,0.0,0.0,0.0,1625590000.0,634832000.0,990758000.0,4215214208.0,-15754000.0,-35434000.0,-149760000.0,15803000.0,0.0,-133917000.0,-48672000.0,11058000.0,170839000.0,-4004000.0,98733000.0,98733000.0,98733000.0,0.0,2811000.0,0.131,98006000.0,142400000.0,305950000.0,0.028,3.124,10.057,10.025,344515000.0,0.0,5.995,1.302,1.302,515999000.0,1467099000.0,755282000.0,755282000.0,0.0,,,,,-16768000.0,98006000.0,1.0,703121636.0,695135400,702087128.0,1.087,1761824000.0,0.0,30952000.0,65846000.0,2.535,701032000.0
51,APH,MRQ,2008-09-30,2008-09-30,2008-09-30,2021-08-02,-75653000.0,3018238000.0,,1431627000.0,1586611000.0,,2.071,-32541000.0,230741000.0,230741000.0,582407000.0,116482000.0,2.329,1.062,770531000.0,481000.0,770050000.0,770531000.0,0.0,23335000.0,0.0,0.001,0.004,167972000.0,191307000.0,0.222,191307000.0,167972000.0,158200000.0,0.16,0.158,0.16,1463572000.0,,1463572000.0,7727901111.0,12.0,10.697,72328000.0,0.102,1.0,281251000.0,0.326,1189788000.0,9772000.0,1753418000.0,,521859000.0,0.0,0.0,0.0,1554666000.0,614822000.0,939844000.0,7096910111.0,41979000.0,-899000.0,18127000.0,-48166000.0,-5300000.0,-19053000.0,-38885000.0,-5445000.0,104869000.0,-4952000.0,112955000.0,112955000.0,112955000.0,0.0,3527000.0,0.131,109931000.0,171320000.0,345193000.0,0.025,4.849,16.881,16.866,336418000.0,0.0,10.035,2.178,2.177,583663000.0,1540360000.0,863658000.0,863658000.0,0.0,,,,,4581000.0,109931000.0,1.0,707215756.0,706865580,720536440.0,1.222,1828450000.0,0.0,45245000.0,46956000.0,2.587,816805000.0
52,APH,MRQ,2008-06-30,2008-06-30,2008-06-30,2021-08-02,-32719000.0,2927635000.0,,1355638000.0,1571997000.0,,1.931,-30589000.0,188762000.0,188762000.0,570227000.0,112420000.0,2.424,1.16,819753000.0,551000.0,819202000.0,819753000.0,0.0,22913000.0,0.0,0.001,0.004,165932000.0,188845000.0,0.223,188845000.0,165932000.0,156017000.0,0.158,0.152,0.158,1355522000.0,,1355522000.0,8543291520.0,14.0,12.369,65610000.0,0.093,1.0,276590000.0,0.327,1171491000.0,9915000.0,1827849000.0,,519593000.0,0.0,0.0,0.0,1572113000.0,559286000.0,1012827000.0,7870377520.0,8607000.0,-29031000.0,8415000.0,-32829000.0,-2635000.0,-22338000.0,-64009000.0,-4389000.0,96199000.0,-1245000.0,109995000.0,109995000.0,109995000.0,0.0,2425000.0,0.13,108367000.0,168223000.0,318526000.0,0.025,5.806,19.727,19.964,338805000.0,0.0,11.22,2.516,2.517,555211000.0,1430062000.0,846817000.0,846817000.0,0.0,,,,,3994000.0,108367000.0,1.0,701459672.0,701950584,717582916.0,1.206,1756144000.0,0.0,46022000.0,42336000.0,2.502,796352000.0
53,APH,MRQ,2008-03-31,2008-03-31,2008-03-31,2021-08-02,-38722000.0,2760969000.0,,1274563000.0,1486406000.0,,1.733,-19914000.0,180155000.0,180155000.0,519808000.0,99131000.0,2.594,1.254,853069000.0,762000.0,852307000.0,853069000.0,0.0,22771000.0,0.0,0.002,0.004,148151000.0,170922000.0,0.222,170922000.0,148151000.0,138252000.0,0.138,0.135,0.138,1224888000.0,,1224888000.0,7134675860.0,13.0,10.932,89702000.0,0.127,1.0,250906000.0,0.326,1101453000.0,9899000.0,1840995000.0,,499988000.0,0.0,0.0,0.0,1536081000.0,491435000.0,1044646000.0,6595680860.0,-3486000.0,-70443000.0,-143326000.0,127106000.0,-2682000.0,-18632000.0,-94519000.0,-4162000.0,109616000.0,49000.0,97468000.0,97468000.0,97468000.0,0.0,1663000.0,0.126,100610000.0,150296000.0,289748000.0,0.029,5.385,17.685,17.84,327007000.0,0.0,9.312,2.22,2.215,507979000.0,1322711000.0,770714000.0,770714000.0,0.0,,,,,3202000.0,100610000.0,1.0,708261032.0,706650464,720791876.0,1.091,1659516000.0,0.0,40784000.0,54718000.0,2.348,783128000.0
54,APH,MRQ,2007-12-31,2007-12-31,2007-12-31,2021-08-02,-43644000.0,2675733000.0,,1223808000.0,1451925000.0,,1.77,-22615000.0,183641000.0,183641000.0,522463000.0,110511000.0,2.351,1.115,722636000.0,1075000.0,721561000.0,722636000.0,0.0,21415000.0,0.0,0.001,0.004,149966000.0,171381000.0,0.22,171381000.0,149966000.0,140482000.0,0.14,0.138,0.14,1264914000.0,,1264914000.0,8818755664.0,16.0,14.219,110408000.0,0.155,1.0,254807000.0,0.328,1091828000.0,9484000.0,1602419000.0,,456882000.0,0.0,0.0,0.0,1410819000.0,520481000.0,890338000.0,8266388664.0,19054000.0,-68801000.0,2575000.0,5465000.0,-2674000.0,-30953000.0,-88142000.0,3274000.0,133023000.0,5126000.0,99993000.0,99993000.0,99993000.0,0.0,10518000.0,0.129,101309000.0,153498000.0,295391000.0,0.029,6.535,23.405,23.419,316194000.0,0.0,11.592,2.899,2.902,510411000.0,1431635000.0,777270000.0,777270000.0,0.0,,,,,-20512000.0,101309000.0,1.0,713080756.0,714590632,730452232.0,1.088,1583905000.0,0.0,40489000.0,39627000.0,2.217,703327000.0
55,APH,MRQ,2007-09-30,2007-09-30,2007-09-30,2021-08-02,-63773000.0,2490192000.0,,1165353000.0,1324839000.0,,1.59,-24871000.0,164587000.0,164587000.0,494709000.0,91501000.0,2.599,1.194,716954000.0,1462000.0,715492000.0,716954000.0,0.0,20890000.0,0.0,0.002,0.004,138672000.0,159562000.0,0.217,159562000.0,138672000.0,129301000.0,0.128,0.125,0.128,1134991000.0,,1134991000.0,7682193789.0,15.0,13.042,84327000.0,0.118,1.0,239142000.0,0.326,972524000.0,9371000.0,1621640000.0,,447116000.0,0.0,0.0,0.0,1355201000.0,448395000.0,906806000.0,7106889789.0,53919000.0,-31783000.0,-29322000.0,30647000.0,-2680000.0,1801000.0,-57080000.0,-426000.0,109198000.0,0.0,91501000.0,91501000.0,91501000.0,0.0,0.0,0.125,95792000.0,143350000.0,273559000.0,0.031,6.262,21.434,21.376,304392000.0,0.0,9.94,2.6,2.595,473070000.0,1334327000.0,733851000.0,733851000.0,0.0,,,,,3273000.0,95792000.0,1.0,714978852.0,713621700,728840788.0,1.028,1517668000.0,0.0,37800000.0,40296000.0,2.127,716958000.0
56,APH,MRQ,2007-06-30,2007-06-30,2007-06-30,2021-08-02,-72472000.0,2332534000.0,,1041545000.0,1290989000.0,,1.483,-28304000.0,110668000.0,110668000.0,463212000.0,83996000.0,2.692,1.201,685972000.0,2170000.0,683802000.0,685972000.0,0.0,20979000.0,0.0,0.002,0.004,129774000.0,150753000.0,0.219,150753000.0,129774000.0,120795000.0,0.117,0.115,0.117,1059556000.0,,1059556000.0,6981305296.0,15.0,12.631,54911000.0,0.077,1.0,225624000.0,0.328,946346000.0,8979000.0,1574581000.0,,425903000.0,0.0,0.0,0.0,1272978000.0,386911000.0,886067000.0,6378413296.0,25579000.0,-15237000.0,-21289000.0,-2008000.0,-2672000.0,-11894000.0,-45742000.0,-2201000.0,83215000.0,0.0,83996000.0,83996000.0,83996000.0,0.0,0.0,0.122,92211000.0,133413000.0,232358000.0,0.034,6.02,20.792,20.727,291604000.0,0.0,8.912,2.42,2.416,427898000.0,1245514000.0,688836000.0,688836000.0,0.0,,,,,3002000.0,92211000.0,1.0,715670496.0,714496608,730745316.0,0.964,1386188000.0,0.0,36799000.0,27654000.0,1.94,654634000.0
57,APH,MRQ,2007-03-31,2007-03-31,2007-03-31,2021-08-02,-78766000.0,2244737000.0,,971432000.0,1273305000.0,,1.367,-22628000.0,85089000.0,85089000.0,440516000.0,77704000.0,2.517,1.304,687981000.0,2702000.0,685279000.0,687981000.0,0.0,19064000.0,0.0,0.002,0.004,119448000.0,138512000.0,0.213,138512000.0,119448000.0,110406000.0,0.11,0.107,0.11,974252000.0,,974252000.0,6354785837.0,15.0,12.454,39835000.0,0.056,1.0,210568000.0,0.323,937707000.0,9042000.0,1524034000.0,,427747000.0,0.0,0.0,0.0,1270485000.0,385888000.0,884597000.0,5748506837.0,10954000.0,-22342000.0,-11008000.0,7518000.0,-2684000.0,-4532000.0,-46977000.0,-2007000.0,62463000.0,0.0,77704000.0,77704000.0,77704000.0,0.0,0.0,0.119,87971000.0,122597000.0,217911000.0,0.036,5.9,20.819,20.802,280575000.0,0.0,8.071,2.251,2.252,392529000.0,1164190000.0,651084000.0,651084000.0,0.0,,,,,2990000.0,87971000.0,1.0,712220144.0,712531056,730173672.0,0.914,1307030000.0,0.0,32702000.0,36977000.0,1.834,585544000.0
58,APH,MRQ,2006-12-31,2006-12-31,2006-12-31,2021-08-02,-81084000.0,2195397000.0,,934605000.0,1260792000.0,,1.262,-23303000.0,74135000.0,74135000.0,445492000.0,78377000.0,2.088,1.431,680414000.0,3241000.0,677173000.0,680414000.0,0.0,18395000.0,0.0,0.002,0.004,121821000.0,140216000.0,0.213,140216000.0,121821000.0,112516000.0,0.11,0.105,0.11,902994000.0,,902994000.0,6049691214.0,15.0,12.469,52305000.0,0.073,1.0,213931000.0,0.324,926242000.0,9305000.0,1427775000.0,,416499000.0,0.0,0.0,0.0,1292403000.0,447659000.0,844744000.0,5423931214.0,11372000.0,-3670000.0,-30573000.0,-8657000.0,-2679000.0,-37263000.0,-26973000.0,0.0,75608000.0,0.0,78377000.0,78377000.0,78377000.0,0.0,0.0,0.119,89297000.0,124634000.0,234868000.0,0.036,6.007,21.213,21.737,274143000.0,0.0,7.76,2.195,2.247,383858000.0,1142536000.0,659423000.0,659423000.0,0.0,,,,,-7205000.0,89297000.0,1.0,698960208.0,715532736,734020960.0,0.922,1269155000.0,0.0,34139000.0,63046000.0,1.774,486946000.0
59,APH,MRQ,2006-09-30,2006-09-30,2006-09-30,2021-08-02,-66089000.0,2121635000.0,,882936000.0,1238699000.0,,1.207,-21110000.0,62763000.0,62763000.0,434684000.0,66699000.0,2.043,1.456,688523000.0,3842000.0,684681000.0,688523000.0,0.0,18249000.0,0.0,0.002,0.004,104967000.0,123216000.0,0.194,123216000.0,104967000.0,95659000.0,0.092,0.09,0.092,863817000.0,,863817000.0,6195396802.0,16.0,13.819,49904000.0,0.07,1.0,201734000.0,0.317,910569000.0,9308000.0,1404598000.0,,384253000.0,0.0,0.0,0.0,1257818000.0,432228000.0,825590000.0,5534512802.0,16843000.0,-3955000.0,-9750000.0,-18887000.0,-2681000.0,-29106000.0,-25065000.0,0.0,71014000.0,0.0,66699000.0,66699000.0,66699000.0,0.0,0.0,0.105,93177000.0,108557000.0,243850000.0,0.043,6.407,23.74,23.601,260732000.0,0.0,7.741,2.385,2.387,369580000.0,1066838000.0,636418000.0,636418000.0,0.0,,,,,2893000.0,87430000.0,1.0,714937872.0,715378232,733358272.0,0.89,1211066000.0,0.0,28960000.0,51617000.0,1.693,450708000.0
60,APH,MRQ,2006-06-30,2006-06-30,2006-06-30,2021-08-02,-60738000.0,2051536000.0,,809499000.0,1242037000.0,,1.13,-11927000.0,45920000.0,45920000.0,413898000.0,53341000.0,2.045,1.535,706804000.0,10933000.0,695871000.0,706804000.0,0.0,18704000.0,0.0,0.002,0.004,89616000.0,108320000.0,0.179,108320000.0,89616000.0,79614000.0,0.075,0.072,0.075,809370000.0,,809370000.0,5733834313.0,16.0,13.599,75145000.0,0.105,1.0,192700000.0,0.318,910247000.0,10002000.0,1406348000.0,,366378000.0,0.0,0.0,0.0,1242166000.0,395825000.0,846341000.0,5013321313.0,8616000.0,834000.0,-14449000.0,-52125000.0,-2685000.0,-67363000.0,-11093000.0,0.0,87072000.0,0.0,53341000.0,53341000.0,53341000.0,0.0,0.0,0.088,99690000.0,93010000.0,215118000.0,0.053,6.194,22.942,22.638,257630000.0,0.0,6.995,2.353,2.352,336866000.0,1090555000.0,606598000.0,606598000.0,0.0,,,,,2206000.0,84690000.0,1.0,716700688.0,716356248,733926384.0,0.847,1141289000.0,0.0,26273000.0,42239000.0,1.593,413674000.0
61,APH,MRQ,2006-03-31,2006-03-31,2006-03-31,2021-08-02,-69940000.0,2008938000.0,,770795000.0,1238143000.0,,1.061,-20160000.0,37304000.0,37304000.0,389176000.0,57274000.0,2.08,1.646,757817000.0,16409000.0,741408000.0,757817000.0,0.0,17776000.0,0.0,0.002,0.004,95667000.0,113443000.0,0.199,113443000.0,95667000.0,85483000.0,0.08,0.077,0.08,759268000.0,,759268000.0,5489003827.0,16.0,13.366,35743000.0,0.05,1.0,179815000.0,0.316,902584000.0,10184000.0,1456253000.0,,347842000.0,0.0,0.0,0.0,1249670000.0,370614000.0,879056000.0,4746672827.0,-1365000.0,-15682000.0,3996000.0,-24032000.0,-2679000.0,-21426000.0,-35842000.0,0.0,55903000.0,0.0,57274000.0,57274000.0,57274000.0,0.0,0.0,0.101,81424000.0,98391000.0,196626000.0,0.05,6.252,21.85,21.246,263969000.0,0.0,6.522,2.412,2.372,335104000.0,1039906000.0,568991000.0,568991000.0,0.0,,,,,1781000.0,81424000.0,1.0,727738264.0,715577280,732241392.0,0.795,1106354000.0,0.0,28209000.0,45968000.0,1.546,400181000.0
62,APH,MRQ,2005-12-31,2005-12-31,2005-12-31,2021-08-02,-77742000.0,1932540000.0,,709814000.0,1222726000.0,,0.968,-15786000.0,38669000.0,38669000.0,376427000.0,55818000.0,2.113,1.804,781000000.0,15030000.0,765970000.0,781000000.0,0.0,15065000.0,0.0,0.003,0.004,88276000.0,103341000.0,0.203,103341000.0,88276000.0,83310000.0,0.08,0.076,0.08,689235000.0,,689235000.0,4336594862.0,13.0,11.302,59018000.0,0.083,1.0,131688000.0,0.259,886720000.0,4966000.0,1452221000.0,,325865000.0,0.0,0.0,0.0,1243305000.0,335930000.0,907375000.0,3933733862.0,608000.0,-407528000.0,11995000.0,339809000.0,-2686000.0,349118000.0,-423314000.0,0.0,74804000.0,0.0,55818000.0,55818000.0,55818000.0,0.0,0.0,0.11,32143000.0,99545000.0,177266000.0,0.05,5.707,19.064,18.947,253889000.0,0.0,5.532,2.176,2.168,302867000.0,985317000.0,508115000.0,508115000.0,0.0,,,,,0.0,74406000.0,1.0,711022840.0,712345704,728027680.0,0.713,1045820000.0,0.0,27492000.0,45124000.0,1.468,373884000.0
63,APH,MRQ,2005-09-30,2005-09-30,2005-09-30,2021-08-02,-68096000.0,1472940000.0,,585785000.0,887155000.0,,0.892,-13422000.0,38061000.0,38061000.0,285420000.0,52089000.0,2.026,1.324,440922000.0,15247000.0,425675000.0,440922000.0,0.0,13064000.0,0.0,0.002,0.004,83465000.0,96529000.0,0.216,96529000.0,83465000.0,75519000.0,0.074,0.071,0.074,633800000.0,,633800000.0,4036048770.0,13.0,11.059,53701000.0,0.076,1.0,161575000.0,0.361,643825000.0,7946000.0,942815000.0,,270544000.0,0.0,0.0,0.0,839140000.0,289161000.0,549979000.0,3584105770.0,12599000.0,-4601000.0,3431000.0,-37227000.0,-2705000.0,-36501000.0,-18023000.0,0.0,67123000.0,0.0,52089000.0,52089000.0,52089000.0,0.0,0.0,0.117,78110000.0,83465000.0,149834000.0,0.054,5.655,18.271,18.073,209988000.0,0.0,5.043,2.103,2.102,241047000.0,932278000.0,446995000.0,446995000.0,0.0,,,,,0.0,62422000.0,1.0,710779528.0,710203240,725582520.0,0.629,829115000.0,31471000.0,23430000.0,0.0,1.167,296624000.0
64,APH,MRQ,2005-06-30,2005-06-30,2005-06-30,2021-08-02,-66955000.0,1450914000.0,,568551000.0,882363000.0,,0.823,-15438000.0,25462000.0,25462000.0,282421000.0,52056000.0,2.048,1.493,477405000.0,18993000.0,458412000.0,477405000.0,0.0,12699000.0,0.0,0.001,0.004,84648000.0,97347000.0,0.219,97347000.0,84648000.0,78873000.0,0.074,0.072,0.074,582008000.0,,582008000.0,3992711428.0,13.0,11.511,33663000.0,0.048,1.0,161221000.0,0.363,640393000.0,5775000.0,984907000.0,,268811000.0,0.0,0.0,0.0,868906000.0,277557000.0,591349000.0,3543312428.0,-795000.0,-47139000.0,12995000.0,2329000.0,-2643000.0,12681000.0,-62577000.0,0.0,49101000.0,0.0,52056000.0,52056000.0,52056000.0,0.0,0.0,0.117,76573000.0,84648000.0,150131000.0,0.054,6.088,19.079,19.02,207565000.0,0.0,5.021,2.159,2.163,232819000.0,882825000.0,443642000.0,443642000.0,0.0,,,,,0.0,62476000.0,1.0,705663416.0,706902416,722178328.0,0.628,810521000.0,28683000.0,26817000.0,0.0,1.147,290994000.0
65,APH,MRQ,2005-03-31,2005-03-31,2005-03-31,2021-08-02,-59506000.0,1393159000.0,,555602000.0,837557000.0,,0.748,-12475000.0,26257000.0,26257000.0,263425000.0,46376000.0,1.949,1.643,475656000.0,17514000.0,458142000.0,475656000.0,0.0,10814000.0,0.0,0.001,0.004,75669000.0,86483000.0,0.211,86483000.0,75669000.0,70266000.0,0.066,0.065,0.066,527014000.0,,527014000.0,3674383382.0,13.0,11.268,26121000.0,0.037,1.0,145970000.0,0.357,595060000.0,5403000.0,962482000.0,,263390000.0,0.0,0.0,0.0,866145000.0,285016000.0,581129000.0,3255502382.0,-3915000.0,-53039000.0,-675000.0,23678000.0,0.0,23003000.0,-65514000.0,0.0,38596000.0,0.0,46376000.0,46376000.0,46376000.0,0.0,0.0,0.113,70301000.0,75669000.0,149129000.0,0.061,6.177,18.707,18.745,203165000.0,0.0,4.63,2.054,2.057,230516000.0,833426000.0,409395000.0,409395000.0,0.0,,,,,0.0,57823000.0,1.0,703132264.0,704133888,719237328.0,0.581,798099000.0,33245000.0,23890000.0,0.0,1.133,270586000.0
66,APH,MRQ,2004-12-31,2004-12-31,2004-12-31,2021-08-02,-55078000.0,1306711000.0,,529015000.0,777696000.0,,0.684,-15101000.0,30172000.0,30172000.0,297294000.0,45640000.0,1.906,1.713,449053000.0,16909000.0,432144000.0,449053000.0,0.0,9927000.0,0.0,0.0,0.0,74667000.0,84594000.0,0.209,84594000.0,74667000.0,69152000.0,0.065,0.064,0.065,481604000.0,,481604000.0,3698295567.0,14.0,11.976,48890000.0,0.069,1.0,106669000.0,0.264,545411000.0,5515000.0,902609000.0,,247303000.0,0.0,0.0,0.0,825107000.0,277572000.0,547535000.0,3250975567.0,7649000.0,-10958000.0,17570000.0,-25437000.0,0.0,-30283000.0,-26059000.0,0.0,63991000.0,0.0,45640000.0,45640000.0,45640000.0,0.0,0.0,0.113,25339000.0,81330000.0,134856000.0,0.0,6.75,19.907,19.71,197753000.0,0.0,4.593,2.124,2.113,214158000.0,789741000.0,403963000.0,403963000.0,0.0,,,,,0.0,59567000.0,1.0,707887984.0,703838096,717914920.0,0.574,761300000.0,0.0,23512000.0,48025000.0,1.082,251443000.0
67,APH,MRQ,2004-09-30,2004-09-30,2004-09-30,2021-08-02,-64036000.0,1257702000.0,,498270000.0,759432000.0,,0.614,-10727000.0,22523000.0,22523000.0,250417000.0,41646000.0,1.846,1.913,469843000.0,11612000.0,458231000.0,469843000.0,0.0,9736000.0,0.0,0.0,0.0,68696000.0,78432000.0,0.204,78432000.0,68696000.0,63099000.0,0.059,0.059,0.059,431773000.0,,431773000.0,3470134292.0,14.0,11.958,53611000.0,0.076,1.0,133686000.0,0.348,546282000.0,5597000.0,888857000.0,,233888000.0,0.0,0.0,0.0,825929000.0,269883000.0,556046000.0,3012093292.0,3896000.0,-28760000.0,-16704000.0,-9800000.0,0.0,-20955000.0,-39487000.0,0.0,64338000.0,0.0,41646000.0,41646000.0,41646000.0,0.0,0.0,0.108,64990000.0,68696000.0,130935000.0,0.0,6.976,19.993,19.919,185441000.0,0.0,4.282,2.051,2.052,199271000.0,744101000.0,384103000.0,384103000.0,0.0,,,,,0.0,53647000.0,1.0,703349280.0,703688000,715738472.0,0.546,711420000.0,21761000.0,21453000.0,0.0,1.011,228387000.0
68,APH,MRQ,2004-06-30,2004-06-30,2004-06-30,2021-08-02,-65342000.0,1213069000.0,,489785000.0,723284000.0,,0.567,-11819000.0,18627000.0,18627000.0,254031000.0,40367000.0,2.092,2.033,476668000.0,11230000.0,465438000.0,476668000.0,0.0,9733000.0,0.0,0.0,0.0,66835000.0,76568000.0,0.198,76568000.0,66835000.0,61162000.0,0.058,0.056,0.058,399895000.0,,399895000.0,3436038959.0,15.0,12.687,39957000.0,0.057,1.0,133088000.0,0.344,518498000.0,5673000.0,918434000.0,,230266000.0,0.0,0.0,0.0,813174000.0,234178000.0,578996000.0,2937427959.0,-9777000.0,-1486000.0,0.0,-49891000.0,0.0,-48248000.0,-13305000.0,0.0,51776000.0,0.0,40367000.0,40367000.0,40367000.0,0.0,0.0,0.104,66253000.0,66835000.0,126797000.0,0.0,7.345,21.406,21.035,175559000.0,0.0,4.165,2.099,2.1,206248000.0,702455000.0,387119000.0,387119000.0,0.0,,,,,0.0,54301000.0,1.0,705264816.0,705396832,718917872.0,0.549,694571000.0,22924000.0,20795000.0,0.0,0.985,255607000.0
69,APH,MRQ,2004-03-31,2004-03-31,2004-03-31,2021-08-02,-66180000.0,1200052000.0,,474902000.0,725150000.0,,0.507,-6694000.0,28404000.0,28404000.0,233230000.0,35658000.0,2.225,2.362,527015000.0,10465000.0,516550000.0,527015000.0,0.0,9433000.0,0.0,0.0,0.0,59783000.0,69216000.0,0.195,69216000.0,59783000.0,54028000.0,0.051,0.05,0.051,356969000.0,,356969000.0,3123686122.0,15.0,12.96,21452000.0,0.03,1.0,122031000.0,0.343,515978000.0,5755000.0,969209000.0,,224810000.0,0.0,0.0,0.0,843083000.0,213476000.0,629607000.0,2604260122.0,4871000.0,-457000.0,-16174000.0,-15174000.0,0.0,-16124000.0,-7151000.0,0.0,28146000.0,0.0,35658000.0,35658000.0,35658000.0,0.0,0.0,0.1,62248000.0,59783000.0,117683000.0,0.0,7.295,22.386,21.967,174320000.0,0.0,3.712,1.977,1.984,186493000.0,662088000.0,355261000.0,355261000.0,0.0,,,,,0.0,51315000.0,1.0,701484208.0,703822432,719025312.0,0.505,684074000.0,28194000.0,18370000.0,0.0,0.972,261426000.0
70,APH,MRQ,2003-12-31,2003-12-31,2003-12-31,2021-08-02,-64944000.0,1181384000.0,,451349000.0,730035000.0,,0.461,-8456000.0,23533000.0,23533000.0,226194000.0,32986000.0,2.074,2.653,542959000.0,10679000.0,532280000.0,542959000.0,0.0,9500000.0,0.0,0.0,0.0,56487000.0,65987000.0,0.193,65987000.0,56487000.0,49979000.0,0.048,0.046,0.048,323406000.0,,323406000.0,3355140098.0,18.0,14.973,56199000.0,0.08,1.0,115845000.0,0.339,516335000.0,6508000.0,966833000.0,,221385000.0,0.0,0.0,0.0,857978000.0,217642000.0,640336000.0,2797020098.0,6552000.0,-16644000.0,35996000.0,-34264000.0,0.0,-33003000.0,-25100000.0,0.0,64655000.0,0.0,32986000.0,32986000.0,32986000.0,0.0,0.0,0.096,59358000.0,56487000.0,116835000.0,0.0,8.649,26.897,26.461,178266000.0,0.0,3.996,2.257,2.22,172488000.0,626430000.0,342039000.0,342039000.0,0.0,,,,,0.0,48727000.0,1.0,700020672.0,700919360,716844576.0,0.488,665049000.0,28420000.0,16993000.0,24314000.0,0.949,233707000.0
71,APH,MRQ,2003-09-30,2003-09-30,2003-09-30,2021-08-02,-70628000.0,1143258000.0,,420431000.0,722827000.0,,0.4,-8878000.0,16981000.0,16981000.0,208677000.0,28212000.0,2.269,3.134,575101000.0,1168000.0,573933000.0,575101000.0,0.0,9133000.0,0.0,0.0,0.0,49925000.0,59058000.0,0.188,59058000.0,49925000.0,42746000.0,0.041,0.04,0.041,276542000.0,,276542000.0,2831409983.0,16.0,13.485,26388000.0,0.038,1.0,106121000.0,0.337,504290000.0,7179000.0,1011818000.0,,210770000.0,0.0,0.0,0.0,866716000.0,185270000.0,681446000.0,2218819983.0,-5347000.0,-4691000.0,-77000.0,-56727000.0,0.0,-27044000.0,-13569000.0,0.0,35266000.0,0.0,28212000.0,28212000.0,28212000.0,0.0,0.0,0.09,56196000.0,49925000.0,101140000.0,0.0,8.023,23.734,23.573,172294000.0,0.0,3.253,1.905,1.93,159555000.0,593444000.0,314798000.0,314798000.0,0.0,,,,,0.0,44616000.0,1.0,682058016.0,691042816,708303632.0,0.456,638968000.0,38852000.0,14534000.0,9046000.0,0.925,235161000.0
72,APH,MRQ,2003-06-30,2003-06-30,2003-06-30,2021-08-02,-73415000.0,1147662000.0,,427545000.0,720117000.0,,0.321,-6267000.0,22328000.0,22328000.0,203200000.0,19479000.0,2.297,4.243,634918000.0,10255000.0,624663000.0,634918000.0,0.0,9566000.0,0.0,0.0,0.0,37207000.0,46773000.0,0.153,46773000.0,37207000.0,29513000.0,0.029,0.028,0.029,218906000.0,,218906000.0,2610481462.0,16.0,12.858,28034000.0,0.041,1.0,101693000.0,0.334,501414000.0,7694000.0,1072730000.0,,211535000.0,0.0,0.0,0.0,928756000.0,186108000.0,742648000.0,1993380462.0,-9814000.0,-14086000.0,0.0,-21473000.0,0.0,-23762000.0,-20353000.0,0.0,34301000.0,0.0,19479000.0,19479000.0,19479000.0,0.0,0.0,0.064,54119000.0,47574000.0,94426000.0,0.0,9.106,23.195,23.041,171260000.0,0.0,2.926,1.783,1.785,158817000.0,565232000.0,304893000.0,304893000.0,0.0,,,,,0.0,42868000.0,1.0,681206480.0,681988384,698756880.0,0.447,646248000.0,39674000.0,10034000.0,10801000.0,0.948,241437000.0
73,APH,MRQ,2003-03-31,2003-03-31,2003-03-31,2021-08-02,-79164000.0,1126308000.0,,422500000.0,703808000.0,,0.283,-6595000.0,32142000.0,32142000.0,182653000.0,23313000.0,1.651,4.852,649243000.0,82437000.0,566806000.0,649243000.0,0.0,8808000.0,0.0,0.0,0.0,43447000.0,52255000.0,0.188,52255000.0,43447000.0,35323000.0,0.034,0.034,0.034,192466000.0,,192466000.0,2358415237.0,14.0,11.328,29187000.0,0.043,1.0,95121000.0,0.342,495066000.0,8124000.0,992461000.0,,209069000.0,0.0,0.0,0.0,933842000.0,255882000.0,677960000.0,1734826237.0,11483000.0,-15680000.0,0.0,432000.0,0.0,-2024000.0,-22275000.0,0.0,35782000.0,0.0,23313000.0,23313000.0,23313000.0,0.0,0.0,0.084,51674000.0,43447000.0,89573000.0,0.0,9.014,20.064,19.897,167103000.0,0.0,2.547,1.601,1.601,149003000.0,545753000.0,277774000.0,277774000.0,0.0,,,,,0.0,41142000.0,1.0,681158768.0,681162880,696176672.0,0.408,631242000.0,37608000.0,12010000.0,6459000.0,0.927,166618000.0
74,APH,MRQ,2002-12-31,2002-12-31,2002-12-31,2021-08-02,-81219000.0,1078908000.0,,389164000.0,689744000.0,,0.245,-4968000.0,20659000.0,20659000.0,175019000.0,22482000.0,1.65,5.461,644248000.0,78363000.0,565885000.0,644248000.0,0.0,8813000.0,0.0,0.0,0.0,43075000.0,51888000.0,0.194,51888000.0,43075000.0,34323000.0,0.034,0.033,0.034,166982000.0,,166982000.0,2231752072.0,13.0,10.971,2624000.0,0.004,1.0,92027000.0,0.345,486841000.0,8752000.0,979742000.0,,205643000.0,0.0,0.0,0.0,911926000.0,235914000.0,676012000.0,1616267072.0,-4545000.0,-19800000.0,0.0,2376000.0,0.0,12631000.0,-24768000.0,0.0,7592000.0,0.0,22482000.0,22482000.0,22482000.0,0.0,0.0,0.084,48952000.0,43075000.0,88533000.0,0.0,9.679,20.117,19.958,160690000.0,0.0,2.375,1.522,1.519,131252000.0,522440000.0,267046000.0,267046000.0,0.0,,,,,0.0,38772000.0,1.0,680533504.0,680955376,695448704.0,0.392,592067000.0,37831000.0,11841000.0,0.0,0.869,153250000.0
75,APH,MRQ,2002-09-30,2002-09-30,2002-09-30,2021-08-02,-46023000.0,1028636000.0,,370227000.0,658409000.0,,0.263,-5900000.0,25204000.0,25204000.0,176063000.0,20666000.0,1.513,4.75,640689000.0,83373000.0,557316000.0,640689000.0,0.0,9072000.0,0.0,0.0,0.0,43033000.0,52105000.0,0.194,52105000.0,43033000.0,31551000.0,0.031,0.03,0.031,178896000.0,,178896000.0,1968036239.0,12.0,9.686,33248000.0,0.049,1.0,92052000.0,0.343,474234000.0,11482000.0,925270000.0,,197078000.0,0.0,0.0,0.0,849740000.0,244617000.0,605123000.0,1317939239.0,5966000.0,-2057000.0,-2959000.0,-28088000.0,0.0,-25225000.0,-7957000.0,0.0,39148000.0,0.0,20666000.0,20666000.0,20666000.0,0.0,0.0,0.077,49019000.0,43033000.0,83185000.0,0.0,7.367,17.835,17.775,158299000.0,0.0,1.938,1.249,1.249,129128000.0,499958000.0,268115000.0,268115000.0,0.0,,,,,0.0,38780000.0,1.0,680226704.0,680409920,694728096.0,0.394,554402000.0,0.0,10885000.0,47807000.0,0.815,125610000.0
76,APH,MRQ,2002-06-30,2002-06-30,2002-06-30,2021-08-02,-45218000.0,1037959000.0,,376346000.0,661613000.0,,0.234,-3860000.0,19238000.0,19238000.0,178485000.0,20003000.0,1.557,5.55,669335000.0,83475000.0,585860000.0,669335000.0,0.0,8542000.0,0.0,0.0,0.0,43397000.0,51939000.0,0.192,51939000.0,43397000.0,30539000.0,0.029,0.029,0.029,158476000.0,,158476000.0,2190748272.0,13.0,10.719,26328000.0,0.039,1.0,92380000.0,0.341,470262000.0,12858000.0,976008000.0,,206224000.0,0.0,0.0,0.0,879483000.0,241786000.0,637697000.0,1522933272.0,-7559000.0,11000.0,2959000.0,-31457000.0,0.0,-33898000.0,-3849000.0,0.0,30188000.0,0.0,20003000.0,20003000.0,20003000.0,0.0,0.0,0.074,48983000.0,43397000.0,85564000.0,0.0,9.61,21.798,21.635,165774000.0,0.0,2.25,1.465,1.468,132980000.0,479292000.0,270865000.0,270865000.0,0.0,,,,,0.0,38806000.0,1.0,676859232.0,678308032,695267760.0,0.399,567697000.0,0.0,10536000.0,51837000.0,0.837,134560000.0
77,APH,MRQ,2002-03-31,2002-03-31,2002-03-31,2021-08-02,-59095000.0,1022551000.0,,363986000.0,658565000.0,,0.177,-4088000.0,26797000.0,26797000.0,170735000.0,17193000.0,1.737,7.513,694612000.0,54663000.0,639949000.0,694612000.0,0.0,8398000.0,0.0,0.0,0.0,39087000.0,47485000.0,0.186,47485000.0,39087000.0,26249000.0,0.026,0.025,0.026,120114000.0,,120114000.0,2671987182.0,16.0,12.466,39547000.0,0.058,1.0,85241000.0,0.333,461550000.0,12838000.0,1019249000.0,,201499000.0,0.0,0.0,0.0,902437000.0,209567000.0,692870000.0,1979643182.0,-1178000.0,-11950000.0,0.0,-23875000.0,0.0,-28775000.0,-16038000.0,0.0,43635000.0,0.0,17193000.0,17193000.0,17193000.0,0.0,0.0,0.067,46154000.0,39087000.0,83159000.0,0.0,16.481,27.344,27.083,160486000.0,0.0,2.925,1.898,1.898,116451000.0,459289000.0,255976000.0,255976000.0,0.0,,,,,0.0,36570000.0,1.0,676801088.0,676821584,695077696.0,0.378,561001000.0,0.0,9056000.0,52921000.0,0.829,154419000.0
78,APH,MRQ,2001-12-31,2001-12-31,2001-12-31,2021-08-02,-57981000.0,1026743000.0,,370257000.0,656486000.0,,0.154,-10158000.0,27975000.0,27975000.0,170947000.0,16036000.0,1.82,8.879,720319000.0,59705000.0,660614000.0,720319000.0,0.0,11501000.0,0.0,0.0,0.0,40145000.0,51646000.0,0.198,51646000.0,40145000.0,26407000.0,0.024,0.023,0.024,103933000.0,,103933000.0,2758341253.0,14.0,11.584,26502000.0,0.039,1.0,89425000.0,0.343,460442000.0,13738000.0,1055245000.0,,208316000.0,0.0,0.0,0.0,922810000.0,203400000.0,719410000.0,2032458253.0,5226000.0,-2696000.0,0.0,-28380000.0,0.0,-18580000.0,-12854000.0,0.0,36660000.0,0.0,16036000.0,16036000.0,16036000.0,0.0,0.0,0.062,49280000.0,40145000.0,80501000.0,0.0,19.555,24.28,24.025,164887000.0,0.0,3.003,1.841,1.825,113370000.0,442096000.0,260372000.0,260372000.0,0.0,,,,,0.0,36610000.0,1.0,676781104.0,676847840,695106848.0,0.385,566301000.0,25362000.0,10371000.0,23109000.0,0.837,166857000.0
79,APH,MRQ,2001-09-30,2001-09-30,2001-09-30,2021-08-02,-36124000.0,1043568000.0,,400506000.0,643062000.0,,0.163,-5896000.0,22749000.0,22749000.0,161659000.0,16633000.0,1.891,8.513,748632000.0,59468000.0,689164000.0,748632000.0,0.0,11950000.0,0.0,0.0,0.0,41356000.0,53306000.0,0.211,53306000.0,41356000.0,27314000.0,0.025,0.024,0.025,109694000.0,,109694000.0,2179563786.0,10.0,8.235,31271000.0,0.047,1.0,90922000.0,0.36,462365000.0,14042000.0,1095289000.0,,215448000.0,0.0,0.0,0.0,933874000.0,211797000.0,722077000.0,1448737786.0,5614000.0,-28049000.0,0.0,-708000.0,0.0,2392000.0,-33945000.0,0.0,37167000.0,0.0,16633000.0,16633000.0,16633000.0,0.0,0.0,0.066,49566000.0,41356000.0,81458000.0,0.0,13.207,14.448,14.479,163777000.0,0.0,2.172,1.194,1.203,142291000.0,426060000.0,252581000.0,252581000.0,0.0,,,,,0.0,36398000.0,1.0,667044736.0,672004928,688498848.0,0.376,581203000.0,0.0,10681000.0,32913000.0,0.865,188709000.0
80,APH,MRQ,2001-06-30,2001-06-30,2001-06-30,2021-08-02,-39478000.0,998579000.0,,392427000.0,606152000.0,,0.097,-8594000.0,17135000.0,17135000.0,172171000.0,22536000.0,1.838,14.447,747961000.0,59555000.0,688406000.0,747961000.0,0.0,11540000.0,0.0,0.0,0.0,50373000.0,61913000.0,0.226,61913000.0,50373000.0,36264000.0,0.034,0.033,0.034,64647000.0,,64647000.0,2349787360.0,10.0,8.287,-825000.0,-0.001,1.0,101975000.0,0.372,425452000.0,14109000.0,1090499000.0,,216839000.0,0.0,0.0,0.0,933932000.0,213454000.0,720478000.0,1669636360.0,-4838000.0,-26250000.0,0.0,45937000.0,0.0,22237000.0,-34844000.0,0.0,7769000.0,0.0,22536000.0,22536000.0,22536000.0,0.0,0.0,0.082,51602000.0,50373000.0,86886000.0,0.0,25.827,14.845,14.9,161986000.0,0.0,2.503,1.27,1.27,139934000.0,409427000.0,274146000.0,274146000.0,0.0,,,,,0.0,38814000.0,1.0,667020768.0,667021024,684623024.0,0.411,573127000.0,0.0,13728000.0,32072000.0,0.859,178973000.0
81,APH,MRQ,2001-03-31,2001-03-31,2001-03-31,2021-08-02,-37931000.0,969872000.0,,380681000.0,589191000.0,,0.065,-13907000.0,21973000.0,21973000.0,199501000.0,28505000.0,1.982,21.246,702124000.0,1939000.0,700185000.0,702124000.0,0.0,11665000.0,0.0,0.0,0.0,59580000.0,71245000.0,0.225,71245000.0,59580000.0,45370000.0,0.043,0.042,0.043,43598000.0,,43598000.0,2016897940.0,8.0,6.957,23347000.0,0.035,1.0,117171000.0,0.37,409494000.0,14210000.0,1048425000.0,,206918000.0,0.0,0.0,0.0,926274000.0,192104000.0,734170000.0,1313136940.0,-2612000.0,-3523000.0,0.0,-22436000.0,0.0,-22436000.0,-17430000.0,0.0,37254000.0,0.0,28505000.0,28505000.0,28505000.0,0.0,0.0,0.09,57591000.0,59580000.0,111225000.0,0.0,30.119,11.306,11.315,160263000.0,0.0,1.969,0.954,0.954,133839000.0,386891000.0,316672000.0,316672000.0,0.0,,,,,0.0,43988000.0,1.0,666990192.0,666990528,683532464.0,0.475,560378000.0,0.0,16865000.0,33985000.0,0.84,188577000.0
82,APH,MRQ,2000-12-31,2000-12-31,2000-12-31,2021-08-02,-23730000.0,1004322000.0,,412670000.0,591652000.0,,0.044,-17651000.0,24585000.0,24585000.0,238325000.0,32596000.0,1.701,33.355,728346000.0,28130000.0,700216000.0,728346000.0,0.0,11283000.0,0.0,0.0,0.0,66920000.0,78203000.0,0.212,78203000.0,66920000.0,52009000.0,0.049,0.048,0.049,29234000.0,,29234000.0,2358039709.0,10.0,8.489,30860000.0,0.046,1.0,131124000.0,0.355,411182000.0,14911000.0,1054362000.0,,197626000.0,0.0,0.0,0.0,975088000.0,242539000.0,732549000.0,1633230709.0,7184000.0,-7188000.0,-1894000.0,-16509000.0,0.0,-16488000.0,-24839000.0,0.0,48511000.0,0.0,32596000.0,32596000.0,32596000.0,0.0,0.0,0.088,64204000.0,66920000.0,122010000.0,0.0,55.868,15.136,15.12,160985000.0,0.0,2.449,1.201,1.199,170222000.0,358386000.0,369449000.0,369449000.0,0.0,,,,,0.0,49931000.0,1.0,666794880.0,666910912,687971136.0,0.554,593140000.0,0.0,19413000.0,32333000.0,0.889,170131000.0
83,APH,MRQ,2000-09-30,2000-09-30,2000-09-30,2021-08-02,-25810000.0,965664000.0,,392555000.0,573109000.0,,-0.008,-12475000.0,17401000.0,17401000.0,231392000.0,28834000.0,1.582,-176.32,742210000.0,44966000.0,697244000.0,742210000.0,0.0,10559000.0,0.0,0.0,0.0,61618000.0,72177000.0,0.203,72177000.0,61618000.0,46156000.0,0.043,0.042,0.043,-5508000.0,,-5508000.0,3096036202.0,15.0,12.695,26837000.0,0.04,1.0,123302000.0,0.348,405119000.0,15462000.0,1037208000.0,,194872000.0,0.0,0.0,0.0,971172000.0,248146000.0,723026000.0,2369409202.0,3043000.0,-23005000.0,-10000.0,-5279000.0,0.0,-789000.0,-35480000.0,0.0,39312000.0,0.0,28834000.0,28834000.0,28834000.0,0.0,0.0,0.081,61684000.0,61618000.0,109983000.0,0.0,-430.176,29.382,29.17,148903000.0,0.0,3.559,1.881,1.883,157444000.0,325790000.0,354694000.0,354694000.0,0.0,,,,,0.0,48353000.0,1.0,665798160.0,666452560,689402048.0,0.532,560545000.0,0.0,17322000.0,25782000.0,0.841,144409000.0
84,APH,MRQ,2000-06-30,2000-06-30,2000-06-30,2021-08-02,-19041000.0,909555000.0,,365389000.0,544166000.0,,-0.046,-12712000.0,14358000.0,14358000.0,219492000.0,26210000.0,1.634,-30.642,740985000.0,49979000.0,691006000.0,740985000.0,0.0,10686000.0,0.0,0.0,0.0,57608000.0,68294000.0,0.204,68294000.0,57608000.0,42114000.0,0.039,0.038,0.039,-30685000.0,,-30685000.0,3494933393.0,19.0,15.76,11202000.0,0.017,1.0,116018000.0,0.346,390189000.0,15494000.0,1022372000.0,,187742000.0,0.0,0.0,0.0,940240000.0,223621000.0,716619000.0,2739534393.0,1798000.0,-3958000.0,1904000.0,-27850000.0,0.0,-5446000.0,-16670000.0,0.0,23914000.0,0.0,26210000.0,26210000.0,26210000.0,0.0,0.0,0.078,58410000.0,57608000.0,103160000.0,0.0,-89.279,43.215,41.723,135255000.0,0.0,4.131,2.358,2.363,141674000.0,296956000.0,335510000.0,335510000.0,0.0,,,,,0.0,45895000.0,1.0,663225152.0,664546944,685561984.0,0.505,519366000.0,0.0,15904000.0,25613000.0,0.782,141768000.0
85,APH,MRQ,2000-03-31,2000-03-31,2000-03-31,2021-08-02,-16198000.0,894719000.0,,353060000.0,541659000.0,,-0.085,-10267000.0,12560000.0,12560000.0,197176000.0,20264000.0,2.043,-16.843,767959000.0,16741000.0,751218000.0,767959000.0,0.0,10314000.0,0.0,0.0,0.0,48782000.0,59096000.0,0.197,59096000.0,48782000.0,32939000.0,0.031,0.03,0.031,-56475000.0,,-56475000.0,2870906864.0,18.0,14.244,32149000.0,0.048,1.0,102873000.0,0.343,388832000.0,15843000.0,1088484000.0,,184683000.0,0.0,0.0,0.0,951194000.0,172802000.0,778392000.0,2121317864.0,-338000.0,-33565000.0,0.0,1078000.0,0.0,1078000.0,-43832000.0,0.0,42416000.0,0.0,20264000.0,20264000.0,20264000.0,0.0,0.0,0.068,54091000.0,48782000.0,81696000.0,0.0,-37.562,44.522,41.518,129552000.0,0.0,3.197,1.976,1.976,135218000.0,270746000.0,300049000.0,300049000.0,0.0,,,,,0.0,41873000.0,1.0,663559840.0,663452096,681285504.0,0.452,505887000.0,0.0,12675000.0,27174000.0,0.763,180258000.0
86,APH,MRQ,1999-12-31,1999-12-31,1999-12-31,2021-08-02,-13028000.0,836376000.0,,335179000.0,501197000.0,,-0.137,-5165000.0,12898000.0,12898000.0,176293000.0,5333000.0,2.297,-11.305,762487000.0,16829000.0,745658000.0,762487000.0,0.0,9724000.0,0.0,0.0,0.0,34584000.0,44308000.0,0.165,44308000.0,34584000.0,14960000.0,0.009,0.008,0.009,-81166000.0,,-81166000.0,2120079609.0,14.0,11.347,18763000.0,0.032,1.0,92851000.0,0.345,360999000.0,19624000.0,1079039000.0,,189433000.0,0.0,0.0,0.0,917542000.0,145927000.0,771615000.0,1189130609.0,3929000.0,-10858000.0,181754000.0,-185730000.0,0.0,-3976000.0,-16023000.0,0.0,23928000.0,0.0,5333000.0,5333000.0,5333000.0,0.0,0.0,0.02,49593000.0,43258000.0,71495000.0,0.0,-14.651,33.383,33.548,119950000.0,0.0,2.08,1.177,1.187,111711000.0,250482000.0,269144000.0,269144000.0,0.0,,,,,0.0,38424000.0,1.0,571697408.0,592914624,608176832.0,0.454,475377000.0,0.0,9627000.0,25957000.0,0.802,189252000.0
87,APH,MRQ,1999-09-30,1999-09-30,1999-09-30,2021-08-02,-10484000.0,848163000.0,,340734000.0,507429000.0,,-0.464,-6706000.0,8969000.0,8969000.0,168198000.0,11586000.0,2.307,-4.199,939918000.0,1696000.0,938222000.0,939918000.0,0.0,10211000.0,0.0,0.0,0.0,39850000.0,50061000.0,0.195,50061000.0,39850000.0,19849000.0,0.02,0.02,0.02,-265110000.0,,-265110000.0,1824628360.0,12.0,9.801,9710000.0,0.017,1.0,88659000.0,0.345,359747000.0,20001000.0,1271671000.0,,195987000.0,0.0,0.0,0.0,1113273000.0,147694000.0,965579000.0,885371360.0,1108000.0,0.0,0.0,-8602000.0,0.0,-8602000.0,-6706000.0,0.0,16416000.0,0.0,11586000.0,11586000.0,11586000.0,0.0,0.0,0.045,48809000.0,39850000.0,76776000.0,0.0,-3.34,22.962,23.116,122315000.0,0.0,1.549,0.908,0.908,116463000.0,245149000.0,256857000.0,256857000.0,0.0,,,,,0.0,37369000.0,1.0,571668352.0,571668672,582273152.0,0.449,488416000.0,0.0,8263000.0,27357000.0,0.854,193040000.0
88,APH,MRQ,1999-06-30,1999-06-30,1999-06-30,2021-08-02,-14103000.0,829055000.0,,317169000.0,511886000.0,,-0.49,-5998000.0,7861000.0,7861000.0,162198000.0,10463000.0,2.304,-3.957,947118000.0,1654000.0,945464000.0,947118000.0,0.0,10146000.0,0.0,0.0,0.0,37942000.0,48088000.0,0.194,48088000.0,37942000.0,18082000.0,0.018,0.018,0.018,-280360000.0,,-280360000.0,1654867284.0,12.0,9.18,5225000.0,0.009,1.0,85240000.0,0.344,363146000.0,19860000.0,1267493000.0,,188502000.0,0.0,0.0,0.0,1109415000.0,137673000.0,971742000.0,710074284.0,4070000.0,0.0,0.0,-1155000.0,0.0,-1155000.0,-5998000.0,0.0,11223000.0,0.0,10463000.0,10463000.0,10463000.0,0.0,0.0,0.042,47298000.0,37942000.0,73886000.0,0.0,-2.533,20.182,20.364,121761000.0,0.0,1.242,0.75,0.75,100440000.0,233563000.0,247438000.0,247438000.0,0.0,,,,,0.0,35797000.0,1.0,571632128.0,571632512,578986752.0,0.433,465909000.0,0.0,7619000.0,26278000.0,0.815,179496000.0
89,APH,MRQ,1999-03-31,1999-03-31,1999-03-31,2021-08-02,-12061000.0,821030000.0,,303479000.0,517551000.0,,-0.505,-5595000.0,3791000.0,3791000.0,157289000.0,8239000.0,2.185,-3.843,948584000.0,1714000.0,946870000.0,948584000.0,0.0,9963000.0,0.0,0.0,0.0,34417000.0,44380000.0,0.187,44380000.0,34417000.0,14605000.0,0.014,0.014,0.014,-288826000.0,,-288826000.0,1634263046.0,11.0,9.125,6933000.0,0.012,1.0,79875000.0,0.337,363577000.0,19812000.0,1263332000.0,,184995000.0,0.0,0.0,0.0,1109856000.0,138914000.0,970942000.0,683234046.0,696000.0,-1416000.0,0.0,-4821000.0,0.0,-4821000.0,-7011000.0,0.0,12528000.0,0.0,8239000.0,8239000.0,8239000.0,0.0,0.0,0.035,45458000.0,34417000.0,72211000.0,0.0,-2.366,19.479,19.279,123359000.0,0.0,1.195,0.737,0.737,97152000.0,223100000.0,237164000.0,237164000.0,0.0,,,,,0.0,34262000.0,1.0,571594496.0,571594912,577002400.0,0.415,457453000.0,0.0,6366000.0,24072000.0,0.8,164565000.0
90,APH,MRQ,1998-12-31,1998-12-31,1998-12-31,2021-08-02,-7208000.0,807401000.0,,287673000.0,519728000.0,,-0.511,-5587000.0,3095000.0,3095000.0,154436000.0,8270000.0,2.317,-3.763,954124000.0,1655000.0,952469000.0,954124000.0,0.0,9420000.0,0.0,0.0,0.0,34222000.0,43642000.0,0.187,43642000.0,34222000.0,13768000.0,0.014,0.014,0.014,-292257000.0,,-292257000.0,1495915669.0,10.0,8.291,11962000.0,0.021,1.0,78940000.0,0.338,360265000.0,20454000.0,1274000000.0,,184424000.0,0.0,0.0,0.0,1099658000.0,124165000.0,975493000.0,539218669.0,819000.0,-2290000.0,0.0,-8853000.0,0.0,-8853000.0,-7877000.0,0.0,17549000.0,0.0,8270000.0,8270000.0,8270000.0,0.0,0.0,0.035,44718000.0,34222000.0,67885000.0,0.0,-1.845,14.769,14.741,126779000.0,0.0,0.943,0.587,0.58,83065000.0,214861000.0,233376000.0,233376000.0,0.0,,,,,0.0,33775000.0,1.0,571546784.0,571616768,575593152.0,0.408,447136000.0,0.0,5498000.0,23024000.0,0.782,163508000.0
91,APH,MRQ,1998-09-30,1998-09-30,1998-09-30,2021-08-02,-7606000.0,810431000.0,,293304000.0,517127000.0,,-0.531,-6336000.0,2276000.0,2276000.0,150601000.0,8212000.0,2.236,-3.693,958973000.0,1792000.0,957181000.0,958973000.0,0.0,8939000.0,0.0,0.0,0.0,35228000.0,44167000.0,0.193,44167000.0,35228000.0,14775000.0,0.014,0.014,0.014,-300970000.0,,-300970000.0,1553315181.0,11.0,9.1,9373000.0,0.017,1.0,78417000.0,0.342,362119000.0,20453000.0,1273845000.0,,179257000.0,0.0,0.0,0.0,1111401000.0,131164000.0,980237000.0,611751181.0,-647000.0,-18306000.0,0.0,8286000.0,0.0,8286000.0,-24642000.0,0.0,15709000.0,0.0,8212000.0,8212000.0,8212000.0,0.0,0.0,0.036,43189000.0,35228000.0,66959000.0,0.0,-2.033,23.554,21.373,126692000.0,0.0,1.09,0.674,0.681,94699000.0,206591000.0,229018000.0,229018000.0,0.0,,,,,0.0,33210000.0,1.0,561239616.0,566930944,573371552.0,0.404,448312000.0,0.0,6563000.0,23056000.0,0.791,162140000.0
92,APH,MRQ,1998-06-30,1998-06-30,1998-06-30,2021-08-02,-10744000.0,765672000.0,,276522000.0,489150000.0,,-0.577,-6848000.0,2923000.0,2923000.0,147824000.0,10355000.0,2.256,-3.365,944487000.0,1390000.0,943097000.0,944487000.0,0.0,8662000.0,0.0,0.0,0.0,38256000.0,46918000.0,0.206,46918000.0,38256000.0,18266000.0,0.018,0.018,0.018,-323814000.0,,-323814000.0,1609810820.0,12.0,9.304,-1677000.0,-0.003,1.0,80118000.0,0.351,340008000.0,19990000.0,1244644000.0,,172783000.0,0.0,0.0,0.0,1089486000.0,122584000.0,966902000.0,683840820.0,-3165000.0,-12067000.0,0.0,10579000.0,0.0,10579000.0,-18915000.0,0.0,5171000.0,0.0,10355000.0,10355000.0,10355000.0,0.0,0.0,0.045,41862000.0,38256000.0,63476000.0,0.0,-2.112,25.983,23.438,117276000.0,0.0,1.219,0.758,0.758,86352000.0,198379000.0,227942000.0,227942000.0,0.0,,,,,0.0,32297000.0,1.0,561100160.0,561197600,574032448.0,0.406,425664000.0,0.0,7911000.0,23805000.0,0.758,153938000.0
93,APH,MRQ,1998-03-31,1998-03-31,1998-03-31,2021-08-02,-11244000.0,747004000.0,,265020000.0,481984000.0,,-0.597,-7569000.0,6088000.0,6088000.0,149069000.0,9673000.0,2.129,-3.232,932058000.0,112000.0,931946000.0,932058000.0,0.0,8233000.0,0.0,0.0,0.0,37476000.0,45709000.0,0.2,45709000.0,37476000.0,17174000.0,0.017,0.017,0.017,-334744000.0,,-334744000.0,1944269077.0,15.0,11.985,7230000.0,0.013,1.0,79472000.0,0.348,336410000.0,20302000.0,1212056000.0,,168153000.0,0.0,0.0,0.0,1081748000.0,124508000.0,957240000.0,1011493077.0,1375000.0,0.0,0.0,-5855000.0,0.0,-5855000.0,-7569000.0,0.0,14799000.0,0.0,9673000.0,9673000.0,9673000.0,0.0,0.0,0.042,41996000.0,37476000.0,62141000.0,0.0,-3.022,53.538,50.078,113865000.0,0.0,1.803,1.122,1.123,78112000.0,188024000.0,228541000.0,228541000.0,0.0,,,,,0.0,32684000.0,1.0,561063936.0,561081568,574134912.0,0.407,410594000.0,0.0,7501000.0,25294000.0,0.732,140512000.0
94,APH,MRQ,1997-12-31,1997-12-31,1997-12-31,2021-08-02,-9912000.0,737154000.0,,254780000.0,482374000.0,,-0.386,-6588000.0,4713000.0,4713000.0,143410000.0,-2268000.0,2.173,-3.148,937489000.0,212000.0,937277000.0,937489000.0,0.0,7766000.0,0.0,0.0,0.0,26141000.0,33907000.0,0.153,33907000.0,26141000.0,5090000.0,0.001,0.001,0.001,-343125000.0,,-343125000.0,,,,8997000.0,0.01,1.0,78675000.0,0.354,339223000.0,21051000.0,1213453000.0,,167010000.0,0.0,0.0,0.0,1080279000.0,117254000.0,963025000.0,976426581.0,-2975000.0,-4000000.0,0.0,-242005000.0,0.0,-7972000.0,-10588000.0,0.0,15585000.0,0.0,-2268000.0,-2268000.0,-2268000.0,0.0,0.0,-0.01,40832000.0,37843000.0,64255000.0,0.0,-2.846,36.547,58.01,111592000.0,0.0,1.74,1.104,1.751,70037000.0,178351000.0,222085000.0,222085000.0,0.0,,,,,0.0,31367000.0,1.0,561063936.0,889800320,896095264.0,0.25,397931000.0,0.0,7358000.0,25748000.0,0.447,137526000.0
95,APH,MRQ,1997-09-30,1997-09-30,1997-09-30,2021-08-02,,,,,,,,-7225000.0,,,144697000.0,8559000.0,,,,,,,,8399000.0,,0.0,0.0,38095000.0,46494000.0,0.208,46494000.0,38095000.0,15104000.0,0.015,0.015,0.015,,,,,,,13199000.0,0.024,1.0,78797000.0,0.353,,22991000.0,,,,,,,,,,,-2377000.0,0.0,0.0,-20958000.0,0.0,-15576000.0,-7225000.0,0.0,20424000.0,0.0,8559000.0,8559000.0,8559000.0,0.0,0.0,0.038,40702000.0,38095000.0,,0.0,,,,,0.0,1.348,,,,,223494000.0,223494000.0,0.0,,,,,0.0,31671000.0,1.0,,560632992,569383648.0,0.399,,,6545000.0,,,
96,APH,MRQ,1997-06-30,1997-06-30,1997-06-30,2021-08-02,,,,,,,,-5691000.0,,,146463000.0,2929000.0,,,,,,,,7884000.0,,0.0,0.0,28232000.0,36116000.0,0.159,36116000.0,28232000.0,13983000.0,0.003,0.003,0.003,,,,,,,16364000.0,0.016,1.0,80533000.0,0.355,,14249000.0,,,,,,,,,,,3243000.0,0.0,-707449000.0,735828000.0,0.0,-20472000.0,1660000.0,7351000.0,22055000.0,0.0,2929000.0,2929000.0,2929000.0,0.0,0.0,0.013,36956000.0,43577000.0,,0.0,,,,,0.0,1.215,,,,,226996000.0,226996000.0,0.0,,,,,0.0,31973000.0,1.0,,1019730464,1022070848.0,0.223,,,11054000.0,,,
97,APH,MRQ,1997-03-31,1997-03-31,1997-03-31,2021-08-02,,,,,,,,-4555000.0,,,137522000.0,17497000.0,,,,,,,,7695000.0,,0.0,0.0,34872000.0,42567000.0,0.201,42567000.0,34872000.0,28450000.0,0.012,0.012,0.012,,,,,,,23643000.0,0.017,1.0,74251000.0,0.351,,6422000.0,,,,,,,,,,,2838000.0,0.0,0.0,-20805000.0,0.0,-20805000.0,-4555000.0,0.0,28198000.0,0.0,17497000.0,17497000.0,17497000.0,0.0,0.0,0.083,39379000.0,34872000.0,,0.0,,,,,0.0,0.781,,,,,211773000.0,211773000.0,0.0,,,,,0.0,30467000.0,1.0,,1431040768,1433557824.0,0.148,,,10953000.0,,,
98,APH,MRQ,1996-12-31,1996-12-31,1996-12-31,2021-08-02,-3887000.0,710662000.0,,233782000.0,476880000.0,,0.242,,3984000.0,3984000.0,,,2.412,0.971,227243000.0,7759000.0,219484000.0,227243000.0,0.0,,0.0,0.0,0.0,,,,,,,,,,360548000.0,,360548000.0,,,,,,1.0,,,346583000.0,,490420000.0,,153283000.0,0.0,0.0,0.0,350114000.0,96918000.0,253196000.0,,,,,,,,,,,,,,,,,,,,49484000.0,,,,15.451,102075000.0,,0.695,,1.337,64904000.0,151634000.0,,,,,,,,,,1.0,,1492785312,,,364079000.0,0.0,,33712000.0,0.244,136864000.0
0,APH,MRT,2021-06-30,2021-06-30,2021-06-30,2021-08-02,-300300000.0,14559100000.0,12943450000.0,6491200000.0,8067900000.0,0.756,9.567,-319400000.0,1242600000.0,1242600000.0,6709200000.0,1411300000.0,2.166,1.536,5236300000.0,526100000.0,4710200000.0,5236300000.0,0.0,343800000.0,0.0,0.01,0.705,1898500000.0,2242300000.0,0.229,2242300000.0,1898500000.0,1784500000.0,2.35,2.255,2.35,5715500000.0,5400400000.0,5715500000.0,43158391405.0,23.0,19.247,1228900000.0,2.057,1.0,3071200000.0,0.314,6512500000.0,114000000.0,9043800000.0,7414400000.0,1771400000.0,0.0,0.0,0.0,8780800000.0,2996500000.0,5784300000.0,40882891405.0,8600000.0,-1564900000.0,-367700000.0,1011900000.0,-322600000.0,294800000.0,-1906500000.0,-7000000.0,1548300000.0,72000000.0,1403000000.0,1403000000.0,1403000000.0,-2600000.0,8300000.0,0.143,1166100000.0,1905100000.0,1204700000.0,0.3,7.153,29.14,29.111,1169300000.0,0.0,68.41,4.18,4.179,2072800000.0,3916400000.0,9780400000.0,9780400000.0,0.0,0.108,0.26,0.256,0.194,77500000.0,1099200000.0,1.0,597615720.0,597400000,623800000.0,16.372,8046600000.0,0.0,381500000.0,531500000.0,13.469,3494700000.0
1,APH,MRT,2021-03-31,2021-03-31,2021-03-31,2021-08-02,-335000000.0,13133500000.0,12104650000.0,6186700000.0,6946800000.0,0.753,9.124,-282000000.0,2361200000.0,2361200000.0,6282200000.0,1299200000.0,2.428,1.394,4636700000.0,526400000.0,4110300000.0,4636700000.0,0.0,312700000.0,0.0,0.01,0.685,1777400000.0,2090100000.0,0.229,2090100000.0,1777400000.0,1662300000.0,2.16,2.085,2.16,5461000000.0,5156175000.0,5461000000.0,41654551249.0,23.0,19.929,1246700000.0,2.083,1.0,2831800000.0,0.311,5503300000.0,115100000.0,7357800000.0,6800350000.0,1565100000.0,0.0,0.0,0.0,7611800000.0,2547900000.0,5063900000.0,39526151249.0,-44700000.0,-219500000.0,-160100000.0,-542100000.0,-310000000.0,-1117800000.0,-526300000.0,-21800000.0,1528700000.0,70700000.0,1290900000.0,1290900000.0,1290900000.0,0.0,8300000.0,0.142,1045500000.0,1786300000.0,1070700000.0,0.317,7.238,30.619,30.542,1076200000.0,0.0,65.97,4.337,4.332,1931800000.0,3807100000.0,9114000000.0,9114000000.0,0.0,0.107,0.25,0.261,0.195,74200000.0,1034000000.0,1.0,599153422.0,598500000,624100000.0,15.228,7630200000.0,0.0,371400000.0,444200000.0,12.749,3638800000.0
2,APH,MRT,2020-12-31,2020-12-31,2020-12-31,2021-08-02,-278100000.0,12327300000.0,11840700000.0,5490800000.0,6836500000.0,0.726,9.035,-264100000.0,1738100000.0,1738100000.0,5934800000.0,1213300000.0,2.383,1.277,3866500000.0,230300000.0,3636200000.0,3866500000.0,0.0,308100000.0,0.0,0.008,0.52,1632100000.0,1940200000.0,0.226,1940200000.0,1632100000.0,1516700000.0,2.02,1.955,2.02,5384900000.0,4887375000.0,5384900000.0,41479466788.0,25.0,21.379,1327900000.0,2.228,1.0,2664100000.0,0.31,5429600000.0,115400000.0,6721800000.0,6796375000.0,1462200000.0,0.0,0.0,0.0,6875400000.0,2304300000.0,4571100000.0,39120466788.0,810800000.0,-50400000.0,-255600000.0,142700000.0,-297600000.0,-516600000.0,-333500000.0,-18400000.0,1592000000.0,68900000.0,1203400000.0,1203400000.0,1203400000.0,0.0,9900000.0,0.14,1025700000.0,1638400000.0,1120700000.0,0.257,7.265,32.508,32.369,1054600000.0,0.0,65.385,4.549,4.532,1951600000.0,3705400000.0,8598900000.0,8598900000.0,0.0,0.102,0.246,0.24,0.19,70500000.0,1014200000.0,1.0,598309502.0,596000000,615000000.0,14.428,6897700000.0,0.0,313300000.0,411700000.0,11.573,3186500000.0
3,APH,MRT,2020-09-30,2020-09-30,2020-09-30,2021-08-02,-388400000.0,11753900000.0,11462750000.0,5037000000.0,6716900000.0,0.726,8.434,-265700000.0,1456200000.0,1456200000.0,5746700000.0,1171200000.0,2.274,1.319,3815200000.0,229200000.0,3586000000.0,3815200000.0,0.0,294700000.0,0.0,0.009,0.5,1575400000.0,1870100000.0,0.225,1870100000.0,1575400000.0,1460300000.0,1.955,1.895,1.955,5040200000.0,4673725000.0,5040200000.0,34757362957.0,22.0,18.586,1309400000.0,2.191,1.0,2577200000.0,0.31,5363700000.0,115100000.0,6534200000.0,6633875000.0,1391000000.0,0.0,0.0,0.0,6648700000.0,2215000000.0,4433700000.0,32305262957.0,451200000.0,-96500000.0,-145800000.0,-222400000.0,-297000000.0,-786200000.0,-380300000.0,-18100000.0,1575100000.0,42600000.0,1165100000.0,1165100000.0,1165100000.0,0.0,6100000.0,0.14,997300000.0,1579900000.0,1075900000.0,0.256,6.41,27.727,27.691,1036900000.0,0.0,54.135,3.881,3.887,1880300000.0,3587100000.0,8323900000.0,8323900000.0,0.0,0.102,0.249,0.237,0.189,67600000.0,997300000.0,1.0,596753726.0,597600000,616400000.0,13.929,6390200000.0,0.0,295200000.0,370900000.0,10.693,2822000000.0
4,APH,MRT,2020-06-30,2020-06-30,2020-06-30,2021-08-02,-494600000.0,11203900000.0,11195175000.0,4618000000.0,6585900000.0,0.724,7.987,-269600000.0,1314000000.0,1314000000.0,5596900000.0,1104000000.0,2.587,1.351,3766100000.0,2300000.0,3763800000.0,3766100000.0,0.0,292300000.0,0.0,0.01,0.5,1503300000.0,1795600000.0,0.222,1795600000.0,1503300000.0,1386500000.0,1.85,1.795,1.85,4738600000.0,4452500000.0,4738600000.0,31058439494.0,21.0,17.297,1319100000.0,2.223,1.0,2504200000.0,0.309,5283200000.0,116800000.0,6587600000.0,6509625000.0,1361900000.0,0.0,0.0,0.0,6403600000.0,1785200000.0,4618400000.0,28349639494.0,306000000.0,-197700000.0,-165100000.0,-225600000.0,-290700000.0,-784800000.0,-477400000.0,-10100000.0,1588700000.0,-20500000.0,1098800000.0,1098800000.0,1098800000.0,0.0,5200000.0,0.136,986500000.0,1517700000.0,928000000.0,0.27,5.983,25.801,25.895,1001700000.0,0.0,47.905,3.499,3.508,1658300000.0,3419400000.0,8101100000.0,8101100000.0,0.0,0.098,0.247,0.231,0.186,65200000.0,986500000.0,1.0,591788738.0,593300000,608000000.0,13.654,5920700000.0,0.0,287700000.0,389800000.0,9.979,2832800000.0
5,APH,MRT,2020-03-31,2020-03-31,2020-03-31,2021-08-02,-525100000.0,12077700000.0,11052700000.0,5517500000.0,6560200000.0,0.735,7.372,-277000000.0,2383600000.0,2383600000.0,5580900000.0,1137200000.0,2.542,1.74,5092400000.0,500900000.0,4591500000.0,5092400000.0,0.0,298600000.0,0.0,0.013,0.49,1544500000.0,1843100000.0,0.227,1843100000.0,1544500000.0,1427900000.0,1.905,1.84,1.905,4385800000.0,4304925000.0,4385800000.0,24423712176.0,16.0,13.251,1266000000.0,2.128,1.0,2548000000.0,0.313,5274400000.0,116600000.0,7341900000.0,6391325000.0,1325000000.0,0.0,0.0,0.0,7632000000.0,2170200000.0,5461800000.0,21725612176.0,1402600000.0,-554600000.0,-470300000.0,1524300000.0,-285200000.0,720600000.0,-824100000.0,7500000.0,1543000000.0,-36900000.0,1129500000.0,1129500000.0,1129500000.0,0.0,7700000.0,0.139,988200000.0,1559800000.0,817200000.0,0.257,4.954,19.235,19.129,982400000.0,0.0,36.44,2.673,2.667,1540500000.0,3248500000.0,8128900000.0,8128900000.0,0.0,0.102,0.262,0.242,0.19,64000000.0,979300000.0,1.0,596202310.0,594900000,612900000.0,13.664,6803300000.0,0.0,298400000.0,390800000.0,11.436,3347300000.0
6,APH,MRT,2019-12-31,2019-12-31,2019-12-31,2021-08-02,-430900000.0,10815500000.0,10585300000.0,4211200000.0,6604300000.0,0.777,7.614,-287600000.0,908600000.0,908600000.0,5609400000.0,1164000000.0,1.975,1.373,3606700000.0,403300000.0,3203400000.0,3606700000.0,0.0,312100000.0,0.0,0.009,0.48,1604500000.0,1916600000.0,0.233,1916600000.0,1604500000.0,1486900000.0,1.94,1.875,1.94,4530300000.0,4239250000.0,4530300000.0,35051697449.0,22.0,18.288,1214700000.0,2.042,1.0,2616000000.0,0.318,5309100000.0,117600000.0,6071800000.0,6051725000.0,1310100000.0,0.0,0.0,0.0,6219300000.0,2132700000.0,4086600000.0,32089297449.0,-388100000.0,-937400000.0,-355600000.0,30000000.0,-279500000.0,-648400000.0,-1228800000.0,-3800000.0,1502300000.0,-13200000.0,1155000000.0,1155000000.0,1155000000.0,0.0,9000000.0,0.14,996800000.0,1619200000.0,866800000.0,0.247,7.083,27.783,27.894,999000000.0,0.0,54.115,3.901,3.915,1736400000.0,3348400000.0,8225400000.0,8225400000.0,0.0,0.109,0.272,0.265,0.195,63000000.0,971400000.0,1.0,592983414.0,595000000,615800000.0,13.824,5506400000.0,0.0,331900000.0,388300000.0,9.254,2078500000.0
7,APH,MRT,2019-09-30,2019-09-30,2019-09-30,2021-08-02,-493700000.0,10683600000.0,10392650000.0,4232200000.0,6451400000.0,0.799,7.005,-317100000.0,986700000.0,986700000.0,5646800000.0,1184300000.0,1.994,1.558,3949100000.0,403700000.0,3545400000.0,3949100000.0,0.0,340600000.0,0.0,0.01,0.47,1630900000.0,1971500000.0,0.238,1971500000.0,1630900000.0,1515100000.0,1.975,1.905,1.975,4155300000.0,4110925000.0,4155300000.0,31678949177.0,19.0,16.068,1139300000.0,1.921,1.0,2652300000.0,0.32,5486200000.0,115800000.0,6037200000.0,5876650000.0,1273500000.0,0.0,0.0,0.0,6472500000.0,2122600000.0,4349900000.0,28703749177.0,-29000000.0,-891200000.0,-659700000.0,711900000.0,-274800000.0,-247900000.0,-1202500000.0,5800000.0,1456400000.0,-35000000.0,1174300000.0,1174300000.0,1174300000.0,0.0,10000000.0,0.141,1005400000.0,1646900000.0,830700000.0,0.238,6.908,24.443,24.43,965200000.0,0.0,48.25,3.459,3.449,1689100000.0,3158700000.0,8299100000.0,8299100000.0,0.0,0.113,0.286,0.278,0.197,61600000.0,971500000.0,1.0,594896356.0,593200000,612400000.0,13.99,5197400000.0,0.0,340800000.0,400000000.0,8.762,2109600000.0
8,APH,MRT,2019-06-30,2019-06-30,2019-06-30,2021-08-02,-396900000.0,10634000000.0,10157400000.0,4222100000.0,6411900000.0,0.82,6.96,-317400000.0,997300000.0,997300000.0,5648900000.0,1221600000.0,2.057,1.55,3972500000.0,403100000.0,3569400000.0,3972500000.0,0.0,340900000.0,0.0,0.01,0.46,1670500000.0,2011400000.0,0.242,2011400000.0,1670500000.0,1559600000.0,2.025,1.95,2.025,4148300000.0,4074325000.0,4148300000.0,31233573120.0,19.0,15.528,1066000000.0,1.789,1.0,2678600000.0,0.322,5441900000.0,110900000.0,6114400000.0,5583200000.0,1275300000.0,0.0,0.0,0.0,6430800000.0,2052900000.0,4377900000.0,28660373120.0,17900000.0,-756300000.0,-505000000.0,536900000.0,-275400000.0,-279200000.0,-1061800000.0,11900000.0,1383400000.0,-24500000.0,1210600000.0,1210600000.0,1210600000.0,0.0,11000000.0,0.145,1001100000.0,1677500000.0,814600000.0,0.227,6.909,23.675,23.689,970000000.0,0.0,47.97,3.442,3.433,1685000000.0,3104600000.0,8327500000.0,8327500000.0,0.0,0.119,0.297,0.299,0.201,59400000.0,967200000.0,1.0,597464522.0,596000000,617400000.0,13.972,5192100000.0,0.0,349000000.0,392700000.0,8.712,2169200000.0
9,APH,MRT,2019-03-31,2019-03-31,2019-03-31,2021-08-02,-384800000.0,10208100000.0,9876475000.0,4127500000.0,6080600000.0,0.84,6.916,-321700000.0,987600000.0,987600000.0,5617800000.0,1218500000.0,2.503,1.464,3560800000.0,6000000.0,3554800000.0,3560800000.0,0.0,324800000.0,0.0,0.01,0.46,1678700000.0,2003500000.0,0.242,2003500000.0,1678700000.0,1571800000.0,2.015,1.94,2.015,4123100000.0,3977525000.0,4123100000.0,30430356112.0,18.0,15.189,1004400000.0,1.685,1.0,2675800000.0,0.323,5148600000.0,106900000.0,5983500000.0,5308175000.0,1224400000.0,0.0,0.0,0.0,6037700000.0,1649200000.0,4388500000.0,28151356112.0,-30500000.0,-458700000.0,-555600000.0,313900000.0,-264300000.0,-523500000.0,-774600000.0,5800000.0,1326100000.0,-58500000.0,1207000000.0,1207000000.0,1207000000.0,0.0,11500000.0,0.146,989600000.0,1686200000.0,797100000.0,0.228,6.828,23.323,23.434,932000000.0,0.0,47.22,3.394,3.394,1661900000.0,3142100000.0,8293600000.0,8293600000.0,0.0,0.122,0.303,0.316,0.202,57300000.0,964600000.0,1.0,596174420.0,596200000,617200000.0,13.911,5059500000.0,0.0,364800000.0,433500000.0,8.486,2478300000.0
10,APH,MRT,2018-12-31,2018-12-31,2018-12-31,2021-08-02,-390200000.0,10044900000.0,9675375000.0,4571600000.0,5473300000.0,0.848,6.668,-305600000.0,1291700000.0,1291700000.0,5547100000.0,1216900000.0,1.865,1.489,3570700000.0,764300000.0,2806400000.0,3570700000.0,0.0,299700000.0,0.0,0.011,0.44,1678200000.0,1977900000.0,0.241,1977900000.0,1678200000.0,1576500000.0,2.0,1.925,2.0,4017000000.0,3925225000.0,4017000000.0,26652224721.0,16.0,13.475,807100000.0,1.34,1.0,2654900000.0,0.324,4501100000.0,101700000.0,5371500000.0,5013975000.0,1233800000.0,0.0,0.0,0.0,5980700000.0,2451300000.0,3529400000.0,24413524721.0,-439800000.0,-158900000.0,-804500000.0,6300000.0,-253700000.0,-1070100000.0,-441800000.0,22700000.0,1112700000.0,-40600000.0,1205000000.0,1205000000.0,1205000000.0,0.0,11900000.0,0.147,968000000.0,1686900000.0,890500000.0,0.22,6.078,20.26,20.255,875800000.0,0.0,40.51,2.977,2.975,1791800000.0,3028700000.0,8202000000.0,8202000000.0,0.0,0.125,0.307,0.335,0.205,55600000.0,959500000.0,1.0,602654276.0,602400000,625200000.0,13.616,5543800000.0,0.0,371500000.0,459100000.0,9.203,2120300000.0
11,APH,MRT,2018-09-30,2018-09-30,2018-09-30,2021-08-02,-337300000.0,9742600000.0,9665125000.0,4281500000.0,5461100000.0,0.82,6.67,-273100000.0,1019800000.0,1019800000.0,5346000000.0,775300000.0,1.684,1.419,3258500000.0,790200000.0,2468300000.0,3258500000.0,0.0,252800000.0,0.0,0.009,0.42,1623800000.0,1876600000.0,0.237,1876600000.0,1623800000.0,1523500000.0,1.265,1.215,1.265,4008900000.0,3918425000.0,4008900000.0,30684647879.0,19.0,16.351,889200000.0,1.48,1.0,2575200000.0,0.325,4574700000.0,100300000.0,4863400000.0,5091675000.0,1245500000.0,0.0,0.0,0.0,5689300000.0,2543200000.0,3146100000.0,28239147879.0,-453900000.0,-180900000.0,-569900000.0,-328600000.0,-242300000.0,-1161000000.0,-437500000.0,16500000.0,1162300000.0,-17700000.0,763600000.0,763600000.0,763600000.0,0.0,11700000.0,0.096,946500000.0,1628700000.0,1014000000.0,0.332,7.044,36.982,37.162,886400000.0,0.0,47.01,3.565,3.567,1737600000.0,2935800000.0,7921200000.0,7921200000.0,0.0,0.079,0.195,0.319,0.205,53000000.0,946500000.0,1.0,600705124.0,601000000,624800000.0,13.18,5167900000.0,0.0,759900000.0,387900000.0,8.599,1738300000.0
12,APH,MRT,2018-06-30,2018-06-30,2018-06-30,2021-08-02,-288700000.0,9510300000.0,9631675000.0,4021400000.0,5488900000.0,0.792,6.252,-255600000.0,991100000.0,991100000.0,5139900000.0,736000000.0,1.718,1.515,3436600000.0,768400000.0,2668200000.0,3436600000.0,0.0,238400000.0,0.0,0.009,0.4,1562600000.0,1801000000.0,0.236,1801000000.0,1562600000.0,1462500000.0,1.195,1.15,1.195,3761100000.0,3933000000.0,3761100000.0,28485131887.0,18.0,15.816,765700000.0,1.273,1.0,2493100000.0,0.327,4600700000.0,100100000.0,5014300000.0,5320950000.0,1159800000.0,0.0,0.0,0.0,5697700000.0,2340800000.0,3356900000.0,26270131887.0,-352500000.0,-225300000.0,-701700000.0,14600000.0,-222300000.0,-921300000.0,-462800000.0,18100000.0,1021300000.0,10300000.0,724500000.0,724500000.0,724500000.0,0.0,11500000.0,0.095,930700000.0,1562400000.0,903100000.0,0.335,6.985,36.26,36.464,888200000.0,0.0,43.575,3.442,3.434,1627300000.0,2723300000.0,7633000000.0,7633000000.0,0.0,0.075,0.184,0.294,0.205,51300000.0,930700000.0,1.0,602871644.0,601600000,624600000.0,12.688,4909600000.0,0.0,738000000.0,360700000.0,8.161,1680600000.0
13,APH,MRT,2018-03-31,2018-03-31,2018-03-31,2021-08-02,-139700000.0,9403700000.0,9547325000.0,3937100000.0,5466600000.0,0.767,6.444,-228200000.0,1024300000.0,1024300000.0,4917200000.0,701800000.0,1.802,1.389,3239300000.0,749900000.0,2489400000.0,3239300000.0,0.0,233200000.0,0.0,0.008,0.365,1495800000.0,1729000000.0,0.236,1729000000.0,1495800000.0,1398300000.0,1.13,1.095,1.13,3913900000.0,3961450000.0,3913900000.0,28100217971.0,19.0,16.252,808400000.0,1.331,1.0,2400900000.0,0.328,4627300000.0,97500000.0,4806700000.0,5338475000.0,1166800000.0,0.0,0.0,0.0,5435800000.0,2184700000.0,3251100000.0,26311317971.0,-242700000.0,-318400000.0,-569800000.0,-6900000.0,-213800000.0,-814600000.0,-531400000.0,15200000.0,1036600000.0,66700000.0,691200000.0,691200000.0,691200000.0,0.0,10600000.0,0.094,910500000.0,1490400000.0,798200000.0,0.323,6.723,38.066,38.111,839300000.0,0.0,43.065,3.595,3.574,1515800000.0,2770900000.0,7318100000.0,7318100000.0,0.0,0.072,0.174,0.28,0.204,50300000.0,906500000.0,1.0,610967560.0,607400000,632000000.0,12.048,4776400000.0,0.0,707100000.0,409600000.0,7.864,1752400000.0
14,APH,MRT,2017-12-31,2017-12-31,2017-12-31,2021-08-02,-201000000.0,10003900000.0,9373250000.0,4656000000.0,5347900000.0,0.748,6.526,-222500000.0,1753700000.0,1753700000.0,4701400000.0,660700000.0,2.948,1.494,3542600000.0,1100000.0,3541500000.0,3542600000.0,0.0,226800000.0,0.0,0.008,0.35,1434500000.0,1661300000.0,0.237,1661300000.0,1434500000.0,1342200000.0,1.065,1.03,1.065,3989800000.0,3909025000.0,3989800000.0,28879972629.0,20.0,17.384,921700000.0,1.508,1.0,2309900000.0,0.329,4531100000.0,92300000.0,5682300000.0,5342675000.0,1106900000.0,0.0,0.0,0.0,5960500000.0,1579400000.0,4381100000.0,26808772629.0,684500000.0,-265500000.0,-433900000.0,523200000.0,-205000000.0,-140100000.0,-380200000.0,107800000.0,1144200000.0,60600000.0,650500000.0,650500000.0,650500000.0,0.0,10200000.0,0.093,882300000.0,1427600000.0,875600000.0,0.329,6.719,41.213,41.221,816800000.0,0.0,43.9,3.824,3.828,1598600000.0,2941500000.0,7011300000.0,7011300000.0,0.0,0.069,0.166,0.268,0.205,49700000.0,878300000.0,1.0,610678192.0,611400000,633000000.0,11.468,5472800000.0,0.0,691700000.0,395400000.0,8.951,3076600000.0
15,APH,MRT,2017-09-30,2017-09-30,2017-09-30,2021-08-02,-286200000.0,9608800000.0,8996950000.0,4352900000.0,5255900000.0,0.747,6.668,-205200000.0,1489600000.0,1489600000.0,4497900000.0,999500000.0,3.036,1.352,3560800000.0,1100000.0,3559700000.0,3560800000.0,0.0,221900000.0,0.0,0.008,0.335,1373700000.0,1595600000.0,0.237,1595600000.0,1373700000.0,1288000000.0,1.61,1.57,1.61,4067200000.0,3830300000.0,4067200000.0,27889355490.0,20.0,17.479,860100000.0,1.41,1.0,2220600000.0,0.331,4465800000.0,85700000.0,5780500000.0,5048325000.0,1098200000.0,0.0,0.0,0.0,5499500000.0,1433700000.0,4065800000.0,25852855490.0,598600000.0,-276000000.0,-491000000.0,580100000.0,-190400000.0,-113200000.0,-360800000.0,120400000.0,1065300000.0,7300000.0,989300000.0,989300000.0,989300000.0,0.0,10200000.0,0.147,853300000.0,1367300000.0,826800000.0,0.208,6.356,26.132,26.286,790100000.0,0.0,42.32,3.848,3.842,1575500000.0,3165300000.0,6718500000.0,6718500000.0,0.0,0.11,0.258,0.272,0.204,38000000.0,849300000.0,1.0,610889780.0,610000000,631400000.0,11.014,5143000000.0,0.0,298700000.0,102000000.0,8.431,2919200000.0
16,APH,MRT,2017-06-30,2017-06-30,2017-06-30,2021-08-02,-341000000.0,9172900000.0,8687200000.0,3992400000.0,5180500000.0,0.75,6.336,-197500000.0,1360100000.0,1360100000.0,4361800000.0,946300000.0,2.329,1.357,3396600000.0,376000000.0,3020600000.0,3396600000.0,0.0,215200000.0,0.0,0.008,0.31,1319300000.0,1534500000.0,0.236,1534500000.0,1319300000.0,1240100000.0,1.52,1.485,1.52,3874900000.0,3740500000.0,3874900000.0,24518041746.0,19.0,15.978,960500000.0,1.57,1.0,2151800000.0,0.33,4411100000.0,79200000.0,5084400000.0,4744425000.0,1059200000.0,0.0,0.0,0.0,5257000000.0,1713900000.0,3543100000.0,22560541746.0,522900000.0,-318300000.0,-464900000.0,545100000.0,-184600000.0,-98800000.0,-533900000.0,-18100000.0,1158000000.0,-2400000.0,936100000.0,936100000.0,936100000.0,0.0,10200000.0,0.144,836100000.0,1315700000.0,769900000.0,0.204,5.822,24.101,24.283,769400000.0,0.0,36.91,3.464,3.466,1407300000.0,3101400000.0,6513600000.0,6513600000.0,0.0,0.108,0.25,0.278,0.203,20900000.0,825800000.0,1.0,611231150.0,611600000,632200000.0,10.65,4761800000.0,0.0,304000000.0,85300000.0,7.786,2278500000.0
17,APH,MRT,2017-03-31,2017-03-31,2017-03-31,2021-08-02,-402300000.0,8707400000.0,8400725000.0,3722400000.0,4985000000.0,0.761,6.041,-193800000.0,1279700000.0,1279700000.0,4298800000.0,901400000.0,2.351,1.338,3237200000.0,375100000.0,2862100000.0,3237200000.0,0.0,209200000.0,0.0,0.008,0.3,1280600000.0,1489800000.0,0.233,1489800000.0,1280600000.0,1206800000.0,1.445,1.41,1.445,3704200000.0,3655425000.0,3704200000.0,23733970224.0,19.0,15.931,927400000.0,1.512,1.0,2096500000.0,0.328,4258100000.0,73800000.0,4823500000.0,4663600000.0,962300000.0,0.0,0.0,0.0,4956300000.0,1583300000.0,3373000000.0,21896470224.0,555900000.0,-165900000.0,-369500000.0,357700000.0,-178800000.0,-157400000.0,-376700000.0,-17000000.0,1121200000.0,-31200000.0,891100000.0,891100000.0,891100000.0,0.0,10300000.0,0.139,816700000.0,1279800000.0,682400000.0,0.208,5.911,24.572,24.626,726900000.0,0.0,35.585,3.424,3.412,1318300000.0,3049500000.0,6395300000.0,6395300000.0,0.0,0.106,0.244,0.275,0.2,7900000.0,810400000.0,1.0,615328656.0,613200000,632800000.0,10.429,4449300000.0,0.0,315700000.0,117700000.0,7.256,2139100000.0
18,APH,MRT,2016-12-31,2016-12-31,2016-12-31,2021-08-02,-469000000.0,8498700000.0,8196375000.0,3591200000.0,4907500000.0,0.767,5.96,-183700000.0,1173200000.0,1173200000.0,4246400000.0,832600000.0,2.196,1.3,3010700000.0,375200000.0,2635500000.0,3010700000.0,0.0,217000000.0,0.0,0.009,0.29,1204000000.0,1421000000.0,0.226,1421000000.0,1204000000.0,1131400000.0,1.335,1.305,1.335,3674900000.0,3575925000.0,3674900000.0,22685347808.0,19.0,15.964,893900000.0,1.45,1.0,2040000000.0,0.325,4196100000.0,72600000.0,4504900000.0,4649275000.0,928900000.0,0.0,0.0,0.0,4775600000.0,1635200000.0,3140400000.0,20729747808.0,-702600000.0,-1305100000.0,-178600000.0,180200000.0,-172700000.0,-133500000.0,-1612700000.0,-123900000.0,1077600000.0,-34000000.0,822900000.0,822900000.0,822900000.0,0.0,9700000.0,0.131,834800000.0,1205200000.0,678200000.0,0.217,5.641,25.191,25.169,711400000.0,0.0,33.6,3.298,3.296,1349300000.0,3122700000.0,6286400000.0,6286400000.0,0.0,0.1,0.23,0.259,0.192,3200000.0,798200000.0,1.0,616956780.0,616600000,630400000.0,10.195,4302600000.0,0.0,308500000.0,202800000.0,6.978,1956000000.0
19,APH,MRT,2016-09-30,2016-09-30,2016-09-30,2021-08-02,-297300000.0,8369800000.0,7936300000.0,3405200000.0,4964600000.0,0.764,6.002,-171600000.0,1016900000.0,1016900000.0,4113600000.0,796800000.0,2.25,1.245,2972500000.0,374500000.0,2598000000.0,2972500000.0,0.0,207100000.0,0.0,0.009,0.28,1154700000.0,1361800000.0,0.225,1361800000.0,1154700000.0,1083300000.0,1.28,1.245,1.28,3708000000.0,3466825000.0,3708000000.0,22052597461.0,19.0,16.194,879400000.0,1.423,1.0,1952200000.0,0.322,4247000000.0,71400000.0,4564900000.0,4649100000.0,926600000.0,0.0,0.0,0.0,4615100000.0,1513500000.0,3101600000.0,20042397461.0,-722000000.0,-1272600000.0,-143500000.0,116300000.0,-172600000.0,-165600000.0,-1585900000.0,-141700000.0,1051000000.0,-21500000.0,787600000.0,787600000.0,787600000.0,0.0,9200000.0,0.13,797200000.0,1155000000.0,650700000.0,0.219,5.405,25.447,25.359,717600000.0,0.0,32.46,3.304,3.306,1319400000.0,3032800000.0,6065800000.0,6065800000.0,0.0,0.099,0.227,0.248,0.19,7600000.0,760600000.0,1.0,617449090.0,617800000,631400000.0,9.818,4122800000.0,0.0,295700000.0,79500000.0,6.673,1891700000.0
20,APH,MRT,2016-06-30,2016-06-30,2016-06-30,2021-08-02,-328800000.0,8027000000.0,7715250000.0,3158100000.0,4868900000.0,0.763,5.734,-166200000.0,824700000.0,824700000.0,4010600000.0,777000000.0,2.871,1.26,2834900000.0,300000.0,2834600000.0,2834900000.0,0.0,200500000.0,0.0,0.01,0.28,1125100000.0,1325600000.0,0.225,1325600000.0,1125100000.0,1054800000.0,1.245,1.215,1.245,3534600000.0,3325650000.0,3534600000.0,19806357834.0,18.0,14.941,879300000.0,1.427,1.0,1878900000.0,0.319,4176100000.0,70300000.0,4761100000.0,4669975000.0,926600000.0,0.0,0.0,0.0,4453100000.0,1100000000.0,3353100000.0,17653457834.0,-448800000.0,-1213800000.0,-121700000.0,82200000.0,-168100000.0,-189800000.0,-1258100000.0,121900000.0,1045500000.0,-46400000.0,767800000.0,767800000.0,767800000.0,0.0,9200000.0,0.13,755400000.0,1123500000.0,645100000.0,0.225,4.994,22.992,23.024,692800000.0,0.0,28.665,2.997,3.0,1257300000.0,2972900000.0,5889500000.0,5889500000.0,0.0,0.1,0.231,0.241,0.191,23600000.0,725100000.0,1.0,615854102.0,616400000,630800000.0,9.555,3850900000.0,0.0,287000000.0,66800000.0,6.247,2058100000.0
21,APH,MRT,2016-03-31,2016-03-31,2016-03-31,2021-08-02,-297400000.0,7890000000.0,7515675000.0,2989600000.0,4900400000.0,0.757,5.504,-162000000.0,713600000.0,713600000.0,3878700000.0,748900000.0,2.795,1.319,2866500000.0,300000.0,2866200000.0,2866500000.0,0.0,193400000.0,0.0,0.009,0.273,1088600000.0,1282000000.0,0.225,1282000000.0,1088600000.0,1019200000.0,1.2,1.17,1.2,3386200000.0,3208275000.0,3386200000.0,18863861612.0,17.0,14.714,874400000.0,1.421,1.0,1814100000.0,0.319,4207100000.0,69400000.0,4766200000.0,4624800000.0,933500000.0,0.0,0.0,0.0,4465800000.0,1069600000.0,3396200000.0,17810761612.0,-282900000.0,-1309500000.0,-172900000.0,115800000.0,-125000000.0,-172200000.0,-1118100000.0,353400000.0,1036400000.0,-29000000.0,740300000.0,740300000.0,740300000.0,0.0,8600000.0,0.13,730200000.0,1083900000.0,615400000.0,0.228,5.26,24.059,24.092,693300000.0,0.0,28.91,3.129,3.124,1201900000.0,2868800000.0,5692800000.0,5692800000.0,0.0,0.099,0.231,0.235,0.191,28900000.0,694200000.0,1.0,616076154.0,615200000,628400000.0,9.254,3682900000.0,0.0,278900000.0,95800000.0,5.987,1920000000.0
22,APH,MRT,2015-12-31,2015-12-31,2015-12-31,2021-08-02,-349500000.0,7458400000.0,7299575000.0,3850000000.0,3608400000.0,0.763,5.239,-163400000.0,1760400000.0,1760400000.0,3789200000.0,772300000.0,3.818,1.291,2813500000.0,300000.0,2813200000.0,2813500000.0,0.0,171600000.0,0.0,0.01,0.265,1112300000.0,1283900000.0,0.231,1283900000.0,1112300000.0,1044000000.0,1.235,1.205,1.235,3238500000.0,3099200000.0,3238500000.0,17356185140.0,16.0,13.518,867100000.0,1.403,1.0,1779500000.0,0.32,2998900000.0,68300000.0,4504200000.0,4584525000.0,851800000.0,0.0,0.0,0.0,4180000000.0,1008400000.0,3171600000.0,16100485140.0,768300000.0,-199800000.0,-184500000.0,153600000.0,-159300000.0,-180100000.0,-27300000.0,335900000.0,1030500000.0,-54800000.0,763500000.0,763500000.0,763500000.0,0.0,8800000.0,0.137,674800000.0,1104700000.0,587800000.0,0.215,4.972,21.088,21.146,609500000.0,0.0,26.115,2.891,2.899,1104600000.0,2804400000.0,5568700000.0,5568700000.0,0.0,0.105,0.246,0.243,0.2,28000000.0,669100000.0,1.0,616522502.0,618200000,633000000.0,9.008,4459500000.0,0.0,280500000.0,81800000.0,7.214,2841600000.0
23,APH,MRT,2015-09-30,2015-09-30,2015-09-30,2021-08-02,-303600000.0,7485600000.0,7181450000.0,3862300000.0,3623300000.0,0.775,5.088,-167100000.0,1597700000.0,1597700000.0,3787100000.0,764500000.0,3.572,1.369,2853400000.0,400000.0,2853000000.0,2853400000.0,0.0,178200000.0,0.0,0.01,0.258,1104600000.0,1282800000.0,0.231,1282800000.0,1104600000.0,1033300000.0,1.22,1.195,1.22,3143300000.0,3016425000.0,3143300000.0,17116538662.0,15.0,13.343,814600000.0,1.319,1.0,1777600000.0,0.319,3011600000.0,71300000.0,4648400000.0,4539450000.0,887700000.0,0.0,0.0,0.0,4304200000.0,1081300000.0,3222900000.0,15754138662.0,702600000.0,-250000000.0,-279400000.0,228800000.0,-116100000.0,-160700000.0,-71300000.0,345800000.0,981700000.0,-47100000.0,756800000.0,756800000.0,756800000.0,0.0,7700000.0,0.136,683100000.0,1094500000.0,661500000.0,0.211,5.012,20.817,20.885,611700000.0,0.0,25.48,2.831,2.829,1163300000.0,2700700000.0,5564700000.0,5564700000.0,0.0,0.105,0.251,0.243,0.199,32000000.0,667900000.0,1.0,618294296.0,617800000,631800000.0,9.007,4474000000.0,0.0,276500000.0,97800000.0,7.242,2781000000.0
24,APH,MRT,2015-06-30,2015-06-30,2015-06-30,2021-08-02,-256100000.0,7228700000.0,7022992250.0,3592800000.0,3635900000.0,0.778,4.961,-181900000.0,1397200000.0,1397200000.0,3718600000.0,741400000.0,3.649,1.346,2759600000.0,400000.0,2759200000.0,2759600000.0,0.0,174000000.0,0.0,0.009,0.25,1079000000.0,1253000000.0,0.229,1253000000.0,1079000000.0,1003600000.0,1.18,1.155,1.18,3065100000.0,2974640000.0,3065100000.0,19315692688.0,18.0,15.416,738500000.0,1.195,1.0,1745200000.0,0.319,3026000000.0,75400000.0,4580400000.0,4322823000.0,893000000.0,0.0,0.0,0.0,4125900000.0,984700000.0,3141200000.0,17908192688.0,162700000.0,-670500000.0,-353100000.0,410800000.0,-148000000.0,-73300000.0,-643800000.0,208600000.0,920400000.0,-40600000.0,734500000.0,734500000.0,734500000.0,0.0,6900000.0,0.134,677700000.0,1067500000.0,559500000.0,0.212,5.843,24.381,24.564,609900000.0,0.0,28.985,3.278,3.277,1089500000.0,2591300000.0,5463800000.0,5463800000.0,0.0,0.105,0.247,0.25,0.197,19100000.0,660000000.0,1.0,617843460.0,617800000,633800000.0,8.844,4202700000.0,0.0,269100000.0,79000000.0,6.803,2608100000.0
25,APH,MRT,2015-03-31,2015-03-31,2015-03-31,2021-08-02,-271500000.0,7025600000.0,6845142250.0,3533800000.0,3491800000.0,0.793,4.758,-189500000.0,1351100000.0,1351100000.0,3697000000.0,737200000.0,3.817,1.372,2758600000.0,1600000.0,2757000000.0,2758600000.0,0.0,168300000.0,0.0,0.008,0.237,1074300000.0,1242600000.0,0.229,1242600000.0,1074300000.0,995900000.0,1.17,1.145,1.17,2949900000.0,2952695250.0,2949900000.0,19624126708.0,18.0,15.793,677000000.0,1.092,1.0,1729500000.0,0.319,2902300000.0,78400000.0,4605100000.0,3979949250.0,871400000.0,0.0,0.0,0.0,4046400000.0,925700000.0,3120700000.0,18279826708.0,-53400000.0,-585300000.0,-380400000.0,529700000.0,-179400000.0,-2600000.0,-879800000.0,-105000000.0,866500000.0,-37500000.0,730400000.0,730400000.0,730400000.0,0.0,6800000.0,0.135,666900000.0,1062600000.0,582900000.0,0.203,6.197,25.027,25.184,589500000.0,0.0,29.465,3.369,3.366,1091800000.0,2532300000.0,5426500000.0,5426500000.0,0.0,0.107,0.247,0.27,0.198,9000000.0,654900000.0,1.0,620391200.0,620000000,636000000.0,8.752,4123300000.0,0.0,265500000.0,98900000.0,6.65,2608100000.0
26,APH,MRT,2014-12-31,2014-12-31,2014-12-31,2021-08-02,-205800000.0,6985900000.0,6646293000.0,3452200000.0,3533700000.0,0.804,4.643,-203500000.0,1329600000.0,1329600000.0,3651700000.0,715200000.0,3.302,1.392,2656200000.0,1600000.0,2654600000.0,2656200000.0,0.0,168100000.0,0.0,0.008,0.225,1046800000.0,1214900000.0,0.227,1214900000.0,1046800000.0,966400000.0,1.13,1.105,1.13,2907400000.0,2934082250.0,2907400000.0,18031700295.0,17.0,14.842,677400000.0,1.082,1.0,1693800000.0,0.317,2943000000.0,80400000.0,4323900000.0,3606459250.0,865600000.0,0.0,0.0,0.0,4048000000.0,1045600000.0,3002400000.0,16652336295.0,82100000.0,-518200000.0,-441600000.0,528900000.0,-101900000.0,14100000.0,-781900000.0,-60200000.0,880900000.0,-31000000.0,709100000.0,709100000.0,709100000.0,0.0,6100000.0,0.133,659200000.0,1034600000.0,618400000.0,0.199,5.728,23.484,23.81,590700000.0,0.0,26.905,3.115,3.152,1123700000.0,2453500000.0,5345500000.0,5345500000.0,0.0,0.107,0.242,0.29,0.196,9100000.0,645100000.0,1.0,618930916.0,626200000,640800000.0,8.536,4042900000.0,0.0,257300000.0,90800000.0,6.456,2406600000.0
27,APH,MRT,2014-09-30,2014-09-30,2014-09-30,2021-08-02,-97094000.0,6851769000.0,6441818000.0,3372572000.0,3479197000.0,0.802,4.75,-211544000.0,1244617000.0,1244617000.0,3538194000.0,689230000.0,2.168,1.295,2623981000.0,600803000.0,2023178000.0,2623981000.0,0.0,152969000.0,0.0,0.009,0.213,1008481000.0,1161450000.0,0.225,1161450000.0,1008481000.0,931707000.0,1.085,1.06,1.085,2976160000.0,2922107250.0,2976160000.0,16560291180.0,16.0,14.258,607232000.0,0.969,1.0,1626572000.0,0.315,2893844000.0,76774000.0,3781892000.0,3280659250.0,848072000.0,0.0,0.0,0.0,3854109000.0,1555397000.0,2298712000.0,15660630180.0,-16316000.0,-908864000.0,-324212000.0,734743000.0,-165228000.0,276131000.0,-1099946000.0,20462000.0,818776000.0,-11277000.0,683507000.0,683507000.0,683507000.0,0.0,5723000.0,0.132,629525000.0,997047000.0,599754000.0,0.196,5.262,22.912,23.009,585353000.0,0.0,24.965,3.032,3.029,1092424000.0,2437281000.0,5164766000.0,5164766000.0,0.0,0.106,0.234,0.307,0.195,7169000.0,621562000.0,1.0,627303432.0,626568484,641272810.0,8.243,3957925000.0,0.0,248200000.0,88451000.0,6.317,1817175000.0
28,APH,MRT,2014-06-30,2014-06-30,2014-06-30,2021-08-02,-52105000.0,6517300000.0,6139046000.0,3462385000.0,3054915000.0,0.808,4.737,-194575000.0,1443900000.0,1443900000.0,3400308000.0,666419000.0,2.023,1.182,2343561000.0,800670000.0,1542891000.0,2343561000.0,0.0,147338000.0,0.0,0.008,0.2,965398000.0,1112736000.0,0.224,1112736000.0,965398000.0,893676000.0,1.05,1.025,1.05,2977321000.0,2842379500.0,2977321000.0,16062857729.0,17.0,14.435,597019000.0,0.95,1.0,1558820000.0,0.314,2496263000.0,71722000.0,3208905000.0,3175435500.0,805452000.0,0.0,0.0,0.0,3518711000.0,1711793000.0,1806918000.0,15138695729.0,356491000.0,-460364000.0,-304596000.0,546159000.0,-111444000.0,148832000.0,-603999000.0,50940000.0,791594000.0,20064000.0,662105000.0,662105000.0,662105000.0,0.0,4314000.0,0.134,605090000.0,953730000.0,534381000.0,0.19,5.085,22.864,22.938,558652000.0,0.0,24.085,3.053,3.052,1031071000.0,2444843000.0,4959128000.0,4959128000.0,0.0,0.108,0.233,0.304,0.195,15048000.0,597090000.0,1.0,628552864.0,628458740,643164540.0,7.891,4021037000.0,0.0,231571000.0,66737000.0,6.398,1750592000.0
29,APH,MRT,2014-03-31,2014-03-31,2014-03-31,2021-08-02,-69541000.0,6230203000.0,5860796250.0,3204467000.0,3025736000.0,0.816,4.563,-179517000.0,1299453000.0,1299453000.0,3279187000.0,644887000.0,2.059,1.16,2223615000.0,701045000.0,1522570000.0,2223615000.0,0.0,143808000.0,0.0,0.008,0.176,932964000.0,1076772000.0,0.225,1076772000.0,932964000.0,865721000.0,1.01,0.992,1.01,2875448000.0,2744334000.0,2875448000.0,15439697825.0,17.0,14.339,612029000.0,0.971,1.0,1501808000.0,0.314,2487021000.0,67243000.0,3111140000.0,3192331500.0,772710000.0,0.0,0.0,0.0,3334341000.0,1556204000.0,1778137000.0,14498985825.0,288357000.0,-494101000.0,-282382000.0,521015000.0,-96800000.0,152560000.0,-667762000.0,5856000.0,791546000.0,12013000.0,641193000.0,641193000.0,641193000.0,0.0,3694000.0,0.134,579865000.0,921943000.0,479786000.0,0.174,5.042,22.613,22.686,538715000.0,0.0,22.913,3.033,3.02,971576000.0,2430310000.0,4780995000.0,4780995000.0,0.0,0.109,0.234,0.292,0.195,22137000.0,571865000.0,1.0,632798072.0,630113928,644708624.0,7.588,3743182000.0,0.0,224528000.0,97223000.0,5.94,1648263000.0
30,APH,MRT,2013-12-31,2013-12-31,2013-12-31,2021-08-02,-55000000.0,6168000000.0,5606735750.0,3157600000.0,3010400000.0,0.823,4.493,-154700000.0,1192200000.0,1192200000.0,3163900000.0,638700000.0,1.961,1.15,2132800000.0,701400000.0,1431400000.0,2132800000.0,0.0,136500000.0,0.0,0.007,0.152,907200000.0,1043700000.0,0.226,1043700000.0,907200000.0,843600000.0,1.0,0.98,1.0,2859500000.0,2651824000.0,2859500000.0,14701451001.0,16.0,14.086,614400000.0,0.965,1.0,1450800000.0,0.314,2478000000.0,63600000.0,3020700000.0,3200885500.0,792600000.0,0.0,0.0,0.0,3287900000.0,1609900000.0,1678000000.0,14115506001.0,196000000.0,-484900000.0,-229600000.0,418300000.0,-96800000.0,108500000.0,-693300000.0,-53700000.0,769100000.0,11700000.0,635700000.0,635700000.0,635700000.0,0.0,3000000.0,0.138,554000000.0,896800000.0,549900000.0,0.152,4.936,22.205,22.295,532400000.0,0.0,22.295,3.059,3.075,1001000000.0,2424400000.0,4614700000.0,4614700000.0,0.0,0.113,0.24,0.283,0.197,15100000.0,548000000.0,1.0,633124288.0,636400000,649000000.0,7.251,3690000000.0,0.0,207900000.0,96400000.0,5.798,1547700000.0
31,APH,MRT,2013-09-30,2013-09-30,2013-09-30,2021-08-02,-120686000.0,5640681000.0,5368601500.0,3077535000.0,2563146000.0,0.841,4.187,-135641000.0,1283581000.0,1283581000.0,3097980000.0,611429000.0,3.446,1.119,1869526000.0,84987000.0,1784539000.0,1869526000.0,0.0,133992000.0,0.0,0.007,0.129,885423000.0,1019415000.0,0.226,1019415000.0,885423000.0,822711000.0,0.955,0.935,0.955,2657249000.0,2544438750.0,2657249000.0,12955677081.0,15.0,12.709,629180000.0,0.991,1.0,1416967000.0,0.314,1972428000.0,62712000.0,3360997000.0,3195668250.0,732724000.0,0.0,0.0,0.0,2974161000.0,893201000.0,2080960000.0,12315679081.0,163756000.0,-115939000.0,-345996000.0,260587000.0,-67187000.0,-133198000.0,-478445000.0,-226865000.0,764821000.0,10578000.0,608138000.0,608138000.0,608138000.0,0.0,3291000.0,0.135,540339000.0,876628000.0,481022000.0,0.135,4.635,20.251,20.257,441799000.0,0.0,19.345,2.728,2.719,926194000.0,2315841000.0,4514947000.0,4514947000.0,0.0,0.113,0.239,0.277,0.196,12169000.0,535802000.0,1.0,636633708.0,634662080,647171144.0,7.114,3668253000.0,0.0,214573000.0,83023000.0,5.78,2184334000.0
32,APH,MRT,2013-06-30,2013-06-30,2013-06-30,2021-08-02,-151798000.0,5404301000.0,5226172500.0,2874470000.0,2529831000.0,0.854,4.047,-127807000.0,1142552000.0,1142552000.0,3067813000.0,598840000.0,3.525,1.086,1782550000.0,83599000.0,1698951000.0,1782550000.0,0.0,129971000.0,0.0,0.005,0.105,874862000.0,1004833000.0,0.225,1004833000.0,874862000.0,813032000.0,0.927,0.91,0.927,2585139000.0,2486836750.0,2585139000.0,13122826801.0,15.0,13.06,616094000.0,0.964,1.0,1397448000.0,0.313,1952251000.0,61830000.0,3276489000.0,3116003250.0,703489000.0,0.0,0.0,0.0,2807041000.0,815559000.0,1991482000.0,12456488801.0,77581000.0,-213187000.0,-236192000.0,235075000.0,-67356000.0,-41495000.0,-625432000.0,-284438000.0,743901000.0,607000.0,594790000.0,594790000.0,594790000.0,0.0,4050000.0,0.133,529633000.0,867815000.0,447159000.0,0.113,4.818,20.943,21.019,424844000.0,0.0,19.485,2.79,2.788,905823000.0,2302541000.0,4465261000.0,4465261000.0,0.0,0.114,0.239,0.281,0.196,5528000.0,527633000.0,1.0,639286056.0,638820084,651741712.0,6.99,3452050000.0,0.0,218242000.0,81946000.0,5.404,2058911000.0
33,APH,MRT,2013-03-31,2013-03-31,2013-03-31,2021-08-02,-141760000.0,5213961000.0,5066807000.0,2725671000.0,2488290000.0,0.866,3.921,-122675000.0,1021902000.0,1021902000.0,3018480000.0,585865000.0,3.344,1.076,1688240000.0,92190000.0,1596050000.0,1688240000.0,0.0,125393000.0,0.0,0.006,0.105,856555000.0,981948000.0,0.224,981948000.0,856555000.0,795247000.0,0.905,0.887,0.905,2505408000.0,2403195500.0,2505408000.0,12685457016.0,15.0,12.919,568075000.0,0.889,1.0,1371821000.0,0.312,1919929000.0,61308000.0,3145356000.0,3028090500.0,711581000.0,0.0,0.0,0.0,2696894000.0,815014000.0,1881880000.0,11921463016.0,113946000.0,-251299000.0,-279751000.0,289402000.0,-67652000.0,-35242000.0,-538629000.0,-164655000.0,690750000.0,-2933000.0,581744000.0,581744000.0,581744000.0,0.0,4121000.0,0.133,521843000.0,849978000.0,445517000.0,0.116,4.758,20.493,20.622,415943000.0,0.0,18.663,2.715,2.716,861598000.0,2261073000.0,4390301000.0,4390301000.0,0.0,0.115,0.242,0.283,0.195,7301000.0,519843000.0,1.0,638792392.0,638952672,650852008.0,6.871,3294032000.0,0.0,213503000.0,82912000.0,5.155,1910657000.0
34,APH,MRT,2012-12-31,2012-12-31,2012-12-31,2021-08-02,-117004000.0,5215463000.0,4907661750.0,2706915000.0,2508548000.0,0.875,3.761,-124300000.0,942503000.0,942503000.0,2948900000.0,559500000.0,3.047,1.141,1706497000.0,100293000.0,1606204000.0,1706497000.0,0.0,121800000.0,0.0,0.006,0.105,834200000.0,956000000.0,0.223,956000000.0,834200000.0,774600000.0,0.86,0.845,0.86,2429959000.0,2339593500.0,2429959000.0,11086644904.0,13.0,11.597,550400000.0,0.852,1.0,1343200000.0,0.313,2091112000.0,59600000.0,2999831000.0,2924085250.0,733718000.0,0.0,0.0,0.0,2773281000.0,888514000.0,1884767000.0,10374145904.0,175700000.0,-251500000.0,-284600000.0,325200000.0,-70100000.0,-13100000.0,-493600000.0,-117800000.0,674700000.0,7700000.0,555300000.0,555300000.0,555300000.0,0.0,4200000.0,0.129,514900000.0,828300000.0,496525000.0,0.122,4.269,18.682,18.808,417436000.0,0.0,16.175,2.417,2.435,910711000.0,2210120000.0,4292100000.0,4292100000.0,0.0,0.113,0.237,0.285,0.194,9800000.0,512900000.0,1.0,641369144.0,646088320,655788444.0,6.643,3124351000.0,0.0,219300000.0,94341000.0,4.836,1818401000.0
35,APH,MRT,2012-09-30,2012-09-30,2012-09-30,2021-08-02,-112977000.0,5070965000.0,4715102250.0,2640981000.0,2429984000.0,0.868,3.76,-119505000.0,892891000.0,892891000.0,2812198000.0,532946000.0,3.055,1.085,1605390000.0,94093000.0,1511297000.0,1605390000.0,0.0,120581000.0,0.0,0.006,0.083,777124000.0,897705000.0,0.219,897705000.0,777124000.0,721966000.0,0.815,0.805,0.815,2426841000.0,2275046000.0,2426841000.0,10242280973.0,13.0,11.409,516716000.0,0.801,1.0,1282598000.0,0.313,1876539000.0,55158000.0,3042337000.0,2870350500.0,712189000.0,0.0,0.0,0.0,2632747000.0,864588000.0,1768159000.0,9478915973.0,35367000.0,-429877000.0,-292352000.0,340168000.0,-38879000.0,16840000.0,-625997000.0,-76615000.0,636221000.0,8303000.0,528814000.0,528814000.0,528814000.0,0.0,4132000.0,0.129,510813000.0,771785000.0,478100000.0,0.102,3.906,17.925,18.061,407587000.0,0.0,14.72,2.315,2.32,903344000.0,2237109000.0,4094796000.0,4094796000.0,0.0,0.112,0.232,0.271,0.19,12659000.0,500165000.0,1.0,643948096.0,645397972,655120684.0,6.345,3194426000.0,0.0,193152000.0,78956000.0,4.95,1776393000.0
36,APH,MRT,2012-06-30,2012-06-30,2012-06-30,2021-08-02,-133607000.0,4766839000.0,4537810000.0,2426160000.0,2340679000.0,0.887,3.484,-107442000.0,780464000.0,780464000.0,2762428000.0,520204000.0,3.026,1.112,1543829000.0,89284000.0,1454545000.0,1543829000.0,0.0,120822000.0,0.0,0.004,0.06,747047000.0,867869000.0,0.216,867869000.0,747047000.0,696557000.0,0.787,0.777,0.787,2250574000.0,2222479250.0,2250574000.0,9549620617.0,13.0,11.004,537023000.0,0.831,1.0,1261746000.0,0.314,1803710000.0,50490000.0,2924838000.0,2765780250.0,675342000.0,0.0,0.0,0.0,2503322000.0,801656000.0,1701666000.0,8897735617.0,34806000.0,-333733000.0,-471870000.0,385787000.0,-24541000.0,-109242000.0,-490278000.0,-49103000.0,644465000.0,-10139000.0,515987000.0,515987000.0,515987000.0,0.0,4217000.0,0.128,519572000.0,742174000.0,431954000.0,0.076,3.954,17.244,17.446,396180000.0,0.0,13.73,2.211,2.204,840090000.0,2135047000.0,4024174000.0,4024174000.0,0.0,0.114,0.232,0.27,0.186,20220000.0,496093000.0,1.0,648050664.0,646046200,655486260.0,6.229,2963129000.0,0.0,180570000.0,85653000.0,4.587,1624504000.0
37,APH,MRT,2012-03-31,2012-03-31,2012-03-31,2021-08-02,-103647000.0,4577380000.0,4426784000.0,2291800000.0,2285580000.0,0.899,3.455,-99434000.0,743232000.0,743232000.0,2731998000.0,527205000.0,3.076,1.027,1395117000.0,78298000.0,1316819000.0,1395117000.0,0.0,121081000.0,0.0,0.003,0.038,755049000.0,876130000.0,0.22,876130000.0,755049000.0,708287000.0,0.785,0.775,0.785,2251000000.0,2233948750.0,2251000000.0,10490576015.0,14.0,11.974,522239000.0,0.802,1.0,1248807000.0,0.314,1754951000.0,46762000.0,2729335000.0,2674253750.0,659108000.0,0.0,0.0,0.0,2312662000.0,744979000.0,1567683000.0,9762381015.0,27984000.0,-303273000.0,-528990000.0,439613000.0,-10097000.0,-168550000.0,-426534000.0,-23827000.0,621673000.0,1395000.0,522796000.0,522796000.0,522796000.0,0.0,4409000.0,0.131,497935000.0,750872000.0,402916000.0,0.048,4.337,18.673,19.035,389873000.0,0.0,14.943,2.452,2.445,771400000.0,2130127000.0,3980805000.0,3980805000.0,0.0,0.118,0.234,0.282,0.19,23051000.0,492269000.0,1.0,653329832.0,651447452,661420552.0,6.111,2822429000.0,0.0,185491000.0,80664000.0,4.333,1546821000.0
38,APH,MRT,2011-12-31,2011-12-31,2011-12-31,2021-08-02,-120057000.0,4445225000.0,4325247250.0,2181237000.0,2263988000.0,0.911,3.201,-92104000.0,648934000.0,648934000.0,2696126000.0,528842000.0,3.395,1.041,1377129000.0,298000.0,1376831000.0,1377129000.0,0.0,119439000.0,0.0,0.001,0.015,755130000.0,874569000.0,0.222,874569000.0,755130000.0,712101000.0,0.772,0.762,0.772,2171769000.0,2247235250.0,2171769000.0,8007325558.0,11.0,9.156,473103000.0,0.697,1.0,1243660000.0,0.316,1746113000.0,43029000.0,2784892000.0,2544568250.0,649862000.0,0.0,0.0,0.0,2260439000.0,642415000.0,1618024000.0,7522904558.0,-10802000.0,-303273000.0,-646105000.0,571300000.0,-10282000.0,-151148000.0,-430884000.0,-35507000.0,565207000.0,6023000.0,524191000.0,524191000.0,524191000.0,0.0,4651000.0,0.133,491982000.0,751678000.0,377867000.0,0.019,3.464,14.351,14.699,380501000.0,0.0,11.348,1.909,1.954,767181000.0,2102497000.0,3939786000.0,3939786000.0,0.0,0.121,0.233,0.297,0.192,22684000.0,486316000.0,1.0,662957000.0,678560460,687302352.0,5.806,2699112000.0,0.0,187910000.0,87315000.0,3.978,1538822000.0
39,APH,MRT,2011-09-30,2011-09-30,2011-09-30,2021-08-02,-91955000.0,4361796000.0,4217905250.0,2327812000.0,2033984000.0,0.934,3.299,-100193000.0,780909000.0,780909000.0,2682120000.0,546304000.0,3.515,0.962,1265330000.0,304000.0,1265026000.0,1265330000.0,0.0,115043000.0,0.0,0.001,0.015,780400000.0,895443000.0,0.227,895443000.0,780400000.0,738323000.0,0.785,0.775,0.785,2216574000.0,2284506750.0,2216574000.0,7388921510.0,9.0,8.252,457078000.0,0.68,1.0,1258843000.0,0.319,1559958000.0,42077000.0,2624056000.0,2349178000.0,634814000.0,0.0,0.0,0.0,2132247000.0,662203000.0,1470044000.0,6927559510.0,209651000.0,-68474000.0,-484400000.0,355105000.0,-10400000.0,-195884000.0,-152152000.0,16515000.0,557271000.0,416000.0,541445000.0,541445000.0,541445000.0,0.0,4859000.0,0.137,481271000.0,777572000.0,418201000.0,0.019,3.125,12.795,12.984,359516000.0,0.0,10.193,1.758,1.737,803477000.0,2129274000.0,3940963000.0,3940963000.0,0.0,0.128,0.237,0.332,0.198,11150000.0,486253000.0,1.0,679672260.0,671807464,679340268.0,5.866,2801838000.0,0.0,196878000.0,77684000.0,4.171,1665609000.0
40,APH,MRT,2011-06-30,2011-06-30,2011-06-30,2021-08-02,-42521000.0,4322735000.0,4119649000.0,2246680000.0,2076055000.0,0.936,3.354,-110301000.0,696555000.0,696555000.0,2611589000.0,549045000.0,3.465,0.877,1157917000.0,328000.0,1157589000.0,1157917000.0,0.0,110561000.0,0.0,0.001,0.015,782375000.0,892936000.0,0.232,892936000.0,782375000.0,740228000.0,0.782,0.772,0.782,2296452000.0,2266853000.0,2296452000.0,9768925584.0,12.0,10.94,391068000.0,0.571,1.0,1245083000.0,0.323,1576987000.0,42147000.0,2558732000.0,2210774250.0,642273000.0,0.0,0.0,0.0,2013331000.0,648378000.0,1364953000.0,9510632584.0,174531000.0,-218667000.0,-300328000.0,368986000.0,-10457000.0,-21316000.0,-331599000.0,-2631000.0,501369000.0,26077000.0,544090000.0,544090000.0,544090000.0,0.0,4955000.0,0.141,464436000.0,780647000.0,426184000.0,0.019,4.141,17.48,17.26,379731000.0,0.0,13.498,2.466,2.397,793418000.0,2170142000.0,3856672000.0,3856672000.0,0.0,0.132,0.24,0.354,0.203,8299000.0,482249000.0,1.0,704621788.0,684777896,694369832.0,5.632,2745748000.0,0.0,196138000.0,69581000.0,4.01,1598302000.0
41,APH,MRT,2011-03-31,2011-03-31,2011-03-31,2021-08-02,-61082000.0,4171233000.0,3928157250.0,2145894000.0,2025339000.0,0.948,3.288,-112432000.0,691421000.0,691421000.0,2510572000.0,531160000.0,3.145,0.801,949714000.0,329000.0,949385000.0,949714000.0,0.0,105859000.0,0.0,0.001,0.015,741565000.0,847424000.0,0.228,847424000.0,741565000.0,700821000.0,0.755,0.745,0.755,2304146000.0,2181030250.0,2304146000.0,9744789764.0,13.0,11.499,388356000.0,0.554,1.0,1213160000.0,0.326,1536506000.0,40744000.0,2210593000.0,2051786500.0,602985000.0,0.0,0.0,0.0,1844754000.0,682427000.0,1162327000.0,9569026764.0,161280000.0,-177402000.0,-133139000.0,146353000.0,-10451000.0,-9515000.0,-341778000.0,-51944000.0,500788000.0,11785000.0,526010000.0,526010000.0,526010000.0,0.0,5150000.0,0.141,471762000.0,741398000.0,414296000.0,0.02,4.153,18.192,18.01,371491000.0,0.0,13.598,2.57,2.559,744203000.0,2385897000.0,3723732000.0,3723732000.0,0.0,0.134,0.241,0.361,0.199,7527000.0,471762000.0,1.0,703734272.0,700673188,711403728.0,5.315,2634727000.0,0.0,174811000.0,76746000.0,3.76,1463467000.0
42,APH,MRT,2010-12-31,2010-12-31,2010-12-31,2021-08-02,-84757000.0,4015857000.0,3737978000.0,1992130000.0,2023727000.0,0.951,3.339,-107607000.0,624229000.0,624229000.0,2395873000.0,502413000.0,3.041,0.721,799992000.0,352000.0,799640000.0,799992000.0,0.0,102846000.0,0.0,0.001,0.015,698421000.0,801267000.0,0.225,801267000.0,698421000.0,657680000.0,0.715,0.705,0.715,2320855000.0,2067484000.0,2320855000.0,9532644620.0,14.0,11.897,317286000.0,0.456,1.0,1158228000.0,0.326,1533299000.0,40741000.0,2003331000.0,1953163000.0,549169000.0,0.0,0.0,0.0,1673142000.0,654990000.0,1018152000.0,9216001620.0,141275000.0,-180402000.0,46616000.0,45389000.0,-10413000.0,64721000.0,-348225000.0,-60216000.0,424893000.0,-114000.0,496405000.0,496405000.0,496405000.0,0.0,6008000.0,0.14,457871000.0,700357000.0,384963000.0,0.021,3.971,18.565,18.455,366996000.0,0.0,13.195,2.593,2.581,718545000.0,2260581000.0,3554101000.0,3554101000.0,0.0,0.133,0.24,0.358,0.197,10693000.0,457871000.0,1.0,698446504.0,695142600,705303972.0,5.113,2482558000.0,0.0,161275000.0,65311000.0,3.571,1337140000.0
43,APH,MRT,2010-09-30,2010-09-30,2010-09-30,2021-08-02,-86296000.0,3968771000.0,3538809750.0,1957676000.0,2011095000.0,0.95,3.087,-86555000.0,587773000.0,587773000.0,2272671000.0,459923000.0,2.849,0.838,904416000.0,385000.0,904031000.0,904416000.0,0.0,101601000.0,0.0,0.001,0.015,638887000.0,740488000.0,0.22,740488000.0,638887000.0,598842000.0,0.655,0.645,0.655,2145959000.0,1923789500.0,2145959000.0,8854259626.0,14.0,11.957,329370000.0,0.474,1.0,1089840000.0,0.324,1527824000.0,40045000.0,2070441000.0,1871935000.0,539728000.0,0.0,0.0,0.0,1798608000.0,687149000.0,1111459000.0,8508967626.0,172959000.0,-172242000.0,42253000.0,110679000.0,-10374000.0,104632000.0,-347145000.0,-88348000.0,415925000.0,-453000.0,452931000.0,452931000.0,452931000.0,0.0,6992000.0,0.135,441577000.0,648263000.0,395999000.0,0.023,3.965,18.786,18.695,352318000.0,0.0,12.245,2.531,2.532,727458000.0,2132101000.0,3362511000.0,3362511000.0,0.0,0.128,0.235,0.341,0.19,3826000.0,441577000.0,1.0,694893232.0,695255012,704898996.0,4.836,2440947000.0,0.0,145911000.0,66101000.0,3.511,1270527000.0
44,APH,MRT,2010-06-30,2010-06-30,2010-06-30,2021-08-02,-135677000.0,3556768000.0,3331844750.0,1757703000.0,1799065000.0,0.94,2.814,-72088000.0,436677000.0,436677000.0,2126105000.0,404488000.0,2.945,0.807,781969000.0,365000.0,781604000.0,781969000.0,0.0,100247000.0,0.0,0.002,0.015,571529000.0,671776000.0,0.215,671776000.0,571529000.0,533091000.0,0.575,0.568,0.575,1953161000.0,1793866250.0,1953161000.0,7187403175.0,13.0,10.699,361439000.0,0.521,1.0,1004516000.0,0.321,1382363000.0,38438000.0,1922781000.0,1795155000.0,498552000.0,0.0,0.0,0.0,1575752000.0,596916000.0,978836000.0,6817139175.0,215912000.0,-22060000.0,29863000.0,-39555000.0,-7770000.0,-35714000.0,-171488000.0,-77340000.0,433527000.0,-10413000.0,396578000.0,396578000.0,396578000.0,0.0,7910000.0,0.127,421097000.0,583419000.0,377618000.0,0.026,3.49,17.19,17.078,325186000.0,0.0,9.82,2.178,2.177,645595000.0,1997445000.0,3130621000.0,3130621000.0,0.0,0.119,0.221,0.318,0.183,4409000.0,421097000.0,1.0,694209692.0,694079528,703541860.0,4.51,2174405000.0,0.0,136513000.0,55749000.0,3.133,1160787000.0
45,APH,MRT,2010-03-31,2010-03-31,2010-03-31,2021-08-02,-100989000.0,3410516000.0,3192532000.0,1616345000.0,1794171000.0,0.918,2.669,-61316000.0,431719000.0,431719000.0,2001640000.0,350304000.0,2.726,0.834,801983000.0,49440000.0,752543000.0,801983000.0,0.0,99877000.0,0.0,0.001,0.015,509619000.0,609496000.0,0.208,609496000.0,509619000.0,472018000.0,0.497,0.49,0.497,1849961000.0,1682925500.0,1849961000.0,7677519436.0,15.0,12.597,410059000.0,0.592,1.0,929367000.0,0.317,1371800000.0,37601000.0,1816099000.0,1767599250.0,476097000.0,0.0,0.0,0.0,1543075000.0,592881000.0,950194000.0,7308683436.0,281200000.0,-21550000.0,28430000.0,-70337000.0,-7739000.0,-66685000.0,-125981000.0,-43115000.0,471375000.0,2491000.0,341777000.0,341777000.0,341777000.0,0.0,8527000.0,0.117,406095000.0,523272000.0,319820000.0,0.03,3.951,21.384,21.222,327211000.0,0.0,10.547,2.494,2.494,572616000.0,1870378000.0,2931007000.0,2931007000.0,0.0,0.107,0.203,0.288,0.174,4232000.0,406095000.0,1.0,692930404.0,693064452,702300008.0,4.229,2038716000.0,0.0,130241000.0,70117000.0,2.942,1023464000.0
46,APH,MRT,2009-12-31,2009-12-31,2009-12-31,2021-08-02,-100090000.0,3219184000.0,3079818250.0,1420395000.0,1798789000.0,0.916,2.544,-59834000.0,422383000.0,422383000.0,1933511000.0,327216000.0,2.823,0.834,753449000.0,399000.0,753050000.0,753449000.0,0.0,98524000.0,0.0,0.001,0.015,473731000.0,572255000.0,0.203,572255000.0,473731000.0,437145000.0,0.463,0.458,0.463,1746077000.0,1570447750.0,1746077000.0,8404660140.0,18.0,14.687,522463000.0,0.761,1.0,886554000.0,0.314,1368672000.0,36586000.0,1678419000.0,1782524250.0,461750000.0,0.0,0.0,0.0,1456366000.0,503159000.0,953207000.0,7919737140.0,169626000.0,-280014000.0,25481000.0,-33056000.0,-10279000.0,-34322000.0,-373190000.0,-33342000.0,582297000.0,-5159000.0,317834000.0,317834000.0,317834000.0,0.0,9382000.0,0.113,397641000.0,488913000.0,292122000.0,0.032,4.536,24.918,24.935,332875000.0,0.0,11.545,2.808,2.81,449591000.0,1774625000.0,2820065000.0,2820065000.0,0.0,0.103,0.202,0.266,0.168,4155000.0,397641000.0,1.0,685988492.0,686430572,695767008.0,4.108,1850512000.0,0.0,119311000.0,57272000.0,2.696,917236000.0
47,APH,MRT,2009-09-30,2009-09-30,2009-09-30,2021-08-02,-107221000.0,3140911000.0,3023562000.0,1337750000.0,1803161000.0,0.932,2.372,-69903000.0,307569000.0,307569000.0,1931723000.0,338783000.0,2.69,0.921,792492000.0,481000.0,792011000.0,792492000.0,0.0,95206000.0,0.0,0.002,0.015,482193000.0,577399000.0,0.205,577399000.0,482193000.0,445062000.0,0.477,0.472,0.477,1626266000.0,1471284750.0,1626266000.0,7059409978.0,15.0,12.226,531519000.0,0.775,1.0,885328000.0,0.314,1365176000.0,37131000.0,1763321000.0,1787535500.0,455990000.0,0.0,0.0,0.0,1497714000.0,497337000.0,1000377000.0,6459066978.0,76828000.0,-308127000.0,-145261000.0,21854000.0,-7706000.0,-135487000.0,-381086000.0,-3056000.0,601422000.0,-8021000.0,328928000.0,328928000.0,328928000.0,0.0,9855000.0,0.117,392475000.0,492853000.0,283088000.0,0.031,3.972,19.637,19.748,342924000.0,0.0,9.42,2.293,2.293,465521000.0,1689583000.0,2817051000.0,2817051000.0,0.0,0.109,0.224,0.27,0.171,-1509000.0,392475000.0,1.0,685675900.0,685712948,695714356.0,4.108,1775735000.0,0.0,116134000.0,53682000.0,2.59,840413000.0
48,APH,MRT,2009-06-30,2009-06-30,2009-06-30,2021-08-02,-138876000.0,2999517000.0,2992893750.0,1206941000.0,1792576000.0,0.99,2.203,-87669000.0,220765000.0,220765000.0,2021950000.0,371901000.0,2.758,0.974,821108000.0,527000.0,820581000.0,821108000.0,0.0,93388000.0,0.0,0.002,0.015,528669000.0,622057000.0,0.21,622057000.0,528669000.0,490727000.0,0.52,0.512,0.52,1509398000.0,1430611250.0,1509398000.0,6140541872.0,12.0,9.871,472680000.0,0.69,1.0,942186000.0,0.318,1349707000.0,37942000.0,1812558000.0,1785059750.0,449894000.0,0.0,0.0,0.0,1470789000.0,437595000.0,1033194000.0,5419581872.0,32003000.0,-307911000.0,-128618000.0,2918000.0,-13006000.0,-121684000.0,-390560000.0,5020000.0,560349000.0,-16102000.0,360968000.0,360968000.0,360968000.0,0.0,10933000.0,0.122,402303000.0,539883000.0,247391000.0,0.029,3.591,15.014,15.212,345538000.0,0.0,7.91,1.828,1.829,445073000.0,1611240000.0,2964136000.0,2964136000.0,0.0,0.121,0.252,0.296,0.178,-2159000.0,402303000.0,1.0,685155736.0,685268448,694598820.0,4.326,1649810000.0,0.0,129759000.0,48442000.0,2.408,769346000.0
49,APH,MRT,2009-03-31,2009-03-31,2009-03-31,2021-08-02,-166972000.0,2959661000.0,2974923250.0,1177830000.0,1781831000.0,1.051,2.045,-104297000.0,150519000.0,150519000.0,2121143000.0,407496000.0,2.507,1.1,871479000.0,497000.0,870982000.0,871479000.0,0.0,91522000.0,0.0,0.002,0.015,581460000.0,672982000.0,0.215,672982000.0,581460000.0,542734000.0,0.568,0.557,0.568,1400050000.0,1392142250.0,1400050000.0,5448598690.0,9.0,8.096,410375000.0,0.599,1.0,1004626000.0,0.321,1334948000.0,38726000.0,1875799000.0,1788882500.0,479704000.0,0.0,0.0,0.0,1540548000.0,469874000.0,1070674000.0,4877126690.0,-29636000.0,-326828000.0,-122994000.0,20695000.0,-13070000.0,-94225000.0,-428481000.0,2644000.0,514672000.0,-21602000.0,396093000.0,396093000.0,396093000.0,0.0,11403000.0,0.127,411998000.0,592628000.0,257196000.0,0.026,3.484,12.313,12.54,345606000.0,0.0,7.122,1.56,1.56,459463000.0,1538941000.0,3125769000.0,3125769000.0,0.0,0.133,0.285,0.325,0.186,-3409000.0,411998000.0,1.0,684749272.0,684740792,692393900.0,4.565,1624713000.0,0.0,146641000.0,59086000.0,2.373,707956000.0
50,APH,MRT,2008-12-31,2008-12-31,2008-12-31,2021-08-02,-140591000.0,2994159000.0,2925250250.0,1335864000.0,1658295000.0,1.106,1.92,-107340000.0,214987000.0,214987000.0,2187318000.0,429577000.0,2.104,1.205,786459000.0,439000.0,786020000.0,786459000.0,0.0,91302000.0,0.0,0.003,0.015,621781000.0,713083000.0,0.22,713083000.0,621781000.0,582154000.0,0.598,0.585,0.598,1349425000.0,1348351750.0,1349425000.0,4755004208.0,8.0,6.668,374183000.0,0.533,1.0,1049153000.0,0.324,1232335000.0,39627000.0,1698464000.0,1780181500.0,512507000.0,0.0,0.0,0.0,1625590000.0,634832000.0,990758000.0,4215214208.0,31346000.0,-135807000.0,-266544000.0,61914000.0,-10617000.0,-193940000.0,-246085000.0,-2938000.0,481523000.0,-10152000.0,419151000.0,419151000.0,419151000.0,0.0,10426000.0,0.13,416914000.0,632239000.0,305950000.0,0.025,3.124,10.057,10.025,344515000.0,0.0,5.995,1.302,1.302,515999000.0,1467099000.0,3236471000.0,3236471000.0,0.0,0.143,0.311,0.349,0.192,-4991000.0,416914000.0,1.0,703121636.0,702655188,715252052.0,4.606,1761824000.0,0.0,163003000.0,65846000.0,2.507,701032000.0
51,APH,MRT,2008-09-30,2008-09-30,2008-09-30,2021-08-02,-75653000.0,3018238000.0,2845643750.0,1431627000.0,1586611000.0,1.145,2.071,-105659000.0,230741000.0,230741000.0,2194905000.0,438544000.0,2.329,1.062,770531000.0,481000.0,770050000.0,770531000.0,0.0,90434000.0,0.0,0.001,0.015,632021000.0,722455000.0,0.222,722455000.0,632021000.0,592951000.0,0.595,0.583,0.595,1463572000.0,1327224000.0,1463572000.0,7727901111.0,12.0,10.697,338048000.0,0.478,1.0,1063554000.0,0.326,1189788000.0,39070000.0,1753418000.0,1756170250.0,521859000.0,0.0,0.0,0.0,1554666000.0,614822000.0,939844000.0,7096910111.0,66154000.0,-169174000.0,-114209000.0,51576000.0,-13291000.0,-90976000.0,-285555000.0,-10722000.0,443707000.0,-1022000.0,420411000.0,420411000.0,420411000.0,0.0,18133000.0,0.129,420217000.0,643337000.0,345193000.0,0.025,4.849,16.881,16.866,336418000.0,0.0,10.035,2.178,2.177,583663000.0,1540360000.0,3258459000.0,3258459000.0,0.0,0.148,0.317,0.36,0.194,-8735000.0,420217000.0,1.0,707215756.0,706865580,720536440.0,4.61,1828450000.0,0.0,172540000.0,46956000.0,2.587,816805000.0
52,APH,MRT,2008-06-30,2008-06-30,2008-06-30,2021-08-02,-32719000.0,2927635000.0,2713632250.0,1355638000.0,1571997000.0,1.153,1.931,-97989000.0,188762000.0,188762000.0,2107207000.0,413563000.0,2.424,1.16,819753000.0,551000.0,819202000.0,819753000.0,0.0,87989000.0,0.0,0.001,0.015,602721000.0,690710000.0,0.221,690710000.0,602721000.0,564052000.0,0.562,0.55,0.562,1355522000.0,1245078750.0,1355522000.0,8543291520.0,14.0,12.369,350047000.0,0.499,1.0,1021445000.0,0.326,1171491000.0,38669000.0,1827849000.0,1723225750.0,519593000.0,0.0,0.0,0.0,1572113000.0,559286000.0,1012827000.0,7870377520.0,78094000.0,-200058000.0,-161658000.0,130389000.0,-10671000.0,-70122000.0,-303750000.0,-5703000.0,448036000.0,3930000.0,398957000.0,398957000.0,398957000.0,0.0,14606000.0,0.128,406078000.0,615367000.0,318526000.0,0.027,5.806,19.727,19.964,338805000.0,0.0,11.22,2.516,2.517,555211000.0,1430062000.0,3128652000.0,3128652000.0,0.0,0.147,0.32,0.35,0.193,-10043000.0,406078000.0,1.0,701459672.0,701950584,717582916.0,4.457,1756144000.0,0.0,165095000.0,42336000.0,2.502,796352000.0
53,APH,MRT,2008-03-31,2008-03-31,2008-03-31,2021-08-02,-38722000.0,2760969000.0,2564857000.0,1274563000.0,1486406000.0,1.158,1.733,-95704000.0,180155000.0,180155000.0,2000192000.0,385139000.0,2.594,1.254,853069000.0,762000.0,852307000.0,853069000.0,0.0,86055000.0,0.0,0.002,0.015,566563000.0,652618000.0,0.22,652618000.0,566563000.0,528830000.0,0.522,0.513,0.522,1224888000.0,1171087250.0,1224888000.0,7134675860.0,13.0,10.932,339348000.0,0.48,1.0,970479000.0,0.327,1101453000.0,37733000.0,1840995000.0,1659908750.0,499988000.0,0.0,0.0,0.0,1536081000.0,491435000.0,1044646000.0,6595680860.0,95066000.0,-186264000.0,-191362000.0,161210000.0,-10708000.0,-59678000.0,-285483000.0,-3515000.0,435052000.0,5175000.0,372958000.0,372958000.0,372958000.0,0.0,12181000.0,0.126,389922000.0,580557000.0,289748000.0,0.029,5.385,17.685,17.84,327007000.0,0.0,9.312,2.22,2.215,507979000.0,1322711000.0,2970671000.0,2970671000.0,0.0,0.145,0.318,0.341,0.191,-11035000.0,389922000.0,1.0,708261032.0,706650464,720791876.0,4.204,1659516000.0,0.0,155872000.0,54718000.0,2.348,783128000.0
54,APH,MRT,2007-12-31,2007-12-31,2007-12-31,2021-08-02,-43644000.0,2675733000.0,2435799000.0,1223808000.0,1451925000.0,1.17,1.772,-98418000.0,183641000.0,183641000.0,1920900000.0,363712000.0,2.351,1.115,722636000.0,1075000.0,721561000.0,722636000.0,0.0,82348000.0,0.0,0.001,0.015,537860000.0,620208000.0,0.218,620208000.0,537860000.0,500984000.0,0.495,0.485,0.495,1264914000.0,1108428250.0,1264914000.0,8818755664.0,16.0,14.219,289481000.0,0.406,1.0,930141000.0,0.326,1091828000.0,36876000.0,1602419000.0,1580668500.0,456882000.0,0.0,0.0,0.0,1410819000.0,520481000.0,890338000.0,8266388664.0,109506000.0,-138163000.0,-59044000.0,41622000.0,-10710000.0,-45578000.0,-237941000.0,-1360000.0,387899000.0,5126000.0,353194000.0,353194000.0,353194000.0,0.0,10518000.0,0.124,377283000.0,552858000.0,295391000.0,0.03,6.535,23.405,23.419,316194000.0,0.0,11.592,2.899,2.902,510411000.0,1431635000.0,2851041000.0,2851041000.0,0.0,0.145,0.319,0.34,0.189,-11247000.0,377283000.0,1.0,713080756.0,713812996,730015876.0,3.994,1583905000.0,0.0,147790000.0,39627000.0,2.219,703327000.0
55,APH,MRT,2007-09-30,2007-09-30,2007-09-30,2021-08-02,-63773000.0,2490192000.0,2315715000.0,1165353000.0,1324839000.0,1.18,1.59,-99106000.0,164587000.0,164587000.0,1843929000.0,331578000.0,2.599,1.194,716954000.0,1462000.0,715492000.0,716954000.0,0.0,79328000.0,0.0,0.002,0.015,509715000.0,589043000.0,0.216,589043000.0,509715000.0,473018000.0,0.465,0.452,0.465,1134991000.0,1017948250.0,1134991000.0,7682193789.0,15.0,13.042,231378000.0,0.324,1.0,889265000.0,0.325,972524000.0,36697000.0,1621640000.0,1537007500.0,447116000.0,0.0,0.0,0.0,1355201000.0,448395000.0,906806000.0,7106889789.0,101824000.0,-73032000.0,-92192000.0,27500000.0,-10715000.0,-51888000.0,-176772000.0,-4634000.0,330484000.0,0.0,331578000.0,331578000.0,331578000.0,0.0,0.0,0.121,365271000.0,523994000.0,273559000.0,0.032,6.262,21.434,21.376,304392000.0,0.0,9.94,2.6,2.595,473070000.0,1334327000.0,2733194000.0,2733194000.0,0.0,0.143,0.326,0.332,0.186,2060000.0,365271000.0,1.0,714978852.0,713621700,728840788.0,3.83,1517668000.0,0.0,141440000.0,40296000.0,2.127,716958000.0
56,APH,MRT,2007-06-30,2007-06-30,2007-06-30,2021-08-02,-72472000.0,2332534000.0,2223575750.0,1041545000.0,1290989000.0,1.185,1.483,-95345000.0,110668000.0,110668000.0,1783904000.0,306776000.0,2.692,1.201,685972000.0,2170000.0,683802000.0,685972000.0,0.0,76687000.0,0.0,0.002,0.015,476010000.0,552697000.0,0.21,552697000.0,476010000.0,439376000.0,0.43,0.417,0.43,1059556000.0,950154750.0,1059556000.0,6981305296.0,15.0,12.631,196955000.0,0.276,1.0,851857000.0,0.323,946346000.0,36634000.0,1574581000.0,1482747000.0,425903000.0,0.0,0.0,0.0,1272978000.0,386911000.0,886067000.0,6378413296.0,64748000.0,-45204000.0,-72620000.0,-22034000.0,-10716000.0,-82795000.0,-144757000.0,-4208000.0,292300000.0,0.0,306776000.0,306776000.0,306776000.0,0.0,0.0,0.116,362656000.0,489201000.0,232358000.0,0.035,6.02,20.792,20.727,291604000.0,0.0,8.912,2.42,2.416,427898000.0,1245514000.0,2635761000.0,2635761000.0,0.0,0.138,0.323,0.321,0.181,1680000.0,356909000.0,1.0,715670496.0,714496608,730745316.0,3.689,1386188000.0,0.0,132600000.0,27654000.0,1.94,654634000.0
57,APH,MRT,2007-03-31,2007-03-31,2007-03-31,2021-08-02,-78766000.0,2244737000.0,2153326250.0,971432000.0,1273305000.0,1.186,1.367,-78968000.0,85089000.0,85089000.0,1734590000.0,276121000.0,2.517,1.304,687981000.0,2702000.0,685279000.0,687981000.0,0.0,74412000.0,0.0,0.002,0.015,435852000.0,510264000.0,0.2,510264000.0,435852000.0,398195000.0,0.388,0.375,0.388,974252000.0,887608250.0,974252000.0,6354785837.0,15.0,12.454,217189000.0,0.305,1.0,818933000.0,0.321,937707000.0,37657000.0,1524034000.0,1440688750.0,427747000.0,0.0,0.0,0.0,1270485000.0,385888000.0,884597000.0,5748506837.0,47785000.0,-29133000.0,-65780000.0,-72151000.0,-10729000.0,-138264000.0,-110108000.0,-2007000.0,296157000.0,0.0,276121000.0,276121000.0,276121000.0,0.0,0.0,0.108,370135000.0,448798000.0,217911000.0,0.039,5.9,20.819,20.802,280575000.0,0.0,8.071,2.251,2.252,392529000.0,1164190000.0,2553523000.0,2553523000.0,0.0,0.128,0.311,0.303,0.171,884000.0,349388000.0,1.0,712220144.0,712531056,730173672.0,3.584,1307030000.0,0.0,122074000.0,36977000.0,1.834,585544000.0
58,APH,MRT,2006-12-31,2006-12-31,2006-12-31,2021-08-02,-81084000.0,2195397000.0,2094376500.0,934605000.0,1260792000.0,1.18,1.262,-76500000.0,74135000.0,74135000.0,1683250000.0,255691000.0,2.088,1.431,680414000.0,3241000.0,677173000.0,680414000.0,0.0,73124000.0,0.0,0.002,0.015,412071000.0,485195000.0,0.196,485195000.0,412071000.0,373272000.0,0.357,0.347,0.357,902994000.0,833862250.0,902994000.0,6049691214.0,15.0,12.469,213097000.0,0.298,1.0,788180000.0,0.319,926242000.0,38799000.0,1427775000.0,1423743500.0,416499000.0,0.0,0.0,0.0,1292403000.0,447659000.0,844744000.0,5423931214.0,35466000.0,-22473000.0,-50776000.0,-103701000.0,-10724000.0,-155158000.0,-98973000.0,0.0,289597000.0,0.0,255691000.0,255691000.0,255691000.0,0.0,0.0,0.103,363588000.0,424592000.0,234868000.0,0.042,6.007,21.213,21.737,274143000.0,0.0,7.76,2.195,2.247,383858000.0,1142536000.0,2471430000.0,2471430000.0,0.0,0.122,0.307,0.289,0.167,-325000.0,342841000.0,1.0,698960208.0,715710576,733389304.0,3.453,1269155000.0,0.0,117581000.0,63046000.0,1.773,486946000.0
59,APH,MRT,2006-09-30,2006-09-30,2006-09-30,2021-08-02,-66089000.0,2121635000.0,2028662250.0,882936000.0,1238699000.0,1.144,1.207,-68983000.0,62763000.0,62763000.0,1614185000.0,233132000.0,2.043,1.456,688523000.0,3842000.0,684681000.0,688523000.0,0.0,69794000.0,0.0,0.002,0.015,378526000.0,448320000.0,0.193,448320000.0,378526000.0,344066000.0,0.328,0.316,0.328,863817000.0,780422500.0,863817000.0,6195396802.0,16.0,13.819,219810000.0,0.307,1.0,705937000.0,0.304,910569000.0,34460000.0,1404598000.0,1429855000.0,384253000.0,0.0,0.0,0.0,1257818000.0,432228000.0,825590000.0,5534512802.0,24702000.0,-426331000.0,-8208000.0,244765000.0,-10731000.0,231223000.0,-495314000.0,0.0,288793000.0,0.0,233132000.0,233132000.0,233132000.0,0.0,0.0,0.1,306434000.0,399503000.0,243850000.0,0.046,6.407,23.74,23.601,260732000.0,0.0,7.741,2.385,2.387,369580000.0,1066838000.0,2320122000.0,2320122000.0,0.0,0.115,0.299,0.265,0.163,6880000.0,327950000.0,1.0,714937872.0,715378232,733358272.0,3.243,1211066000.0,0.0,110934000.0,51617000.0,1.693,450708000.0
60,APH,MRT,2006-06-30,2006-06-30,2006-06-30,2021-08-02,-60738000.0,2051536000.0,1866488500.0,809499000.0,1242037000.0,1.142,1.13,-61295000.0,45920000.0,45920000.0,1464921000.0,218522000.0,2.045,1.535,706804000.0,10933000.0,695871000.0,706804000.0,0.0,64609000.0,0.0,0.002,0.015,357024000.0,421633000.0,0.198,421633000.0,357024000.0,323926000.0,0.309,0.297,0.309,809370000.0,722918250.0,809370000.0,5733834313.0,16.0,13.599,223607000.0,0.312,1.0,665778000.0,0.312,910247000.0,33098000.0,1406348000.0,1314409250.0,366378000.0,0.0,0.0,0.0,1242166000.0,395825000.0,846341000.0,5013321313.0,20458000.0,-426977000.0,4973000.0,226425000.0,-10755000.0,223828000.0,-488272000.0,0.0,284902000.0,0.0,218522000.0,218522000.0,218522000.0,0.0,0.0,0.103,291367000.0,374411000.0,215118000.0,0.049,6.194,22.942,22.638,257630000.0,0.0,6.995,2.353,2.352,336866000.0,1090555000.0,2130699000.0,2130699000.0,0.0,0.117,0.302,0.272,0.168,3987000.0,302942000.0,1.0,716700688.0,716356248,733926384.0,2.974,1141289000.0,0.0,105404000.0,42239000.0,1.593,413674000.0
61,APH,MRT,2006-03-31,2006-03-31,2006-03-31,2021-08-02,-69940000.0,2008938000.0,1716333000.0,770795000.0,1238143000.0,1.146,1.061,-64806000.0,37304000.0,37304000.0,1333444000.0,217237000.0,2.08,1.646,757817000.0,16409000.0,741408000.0,757817000.0,0.0,58604000.0,0.0,0.002,0.015,352056000.0,410660000.0,0.209,410660000.0,352056000.0,323185000.0,0.307,0.297,0.307,759268000.0,666077750.0,759268000.0,5489003827.0,16.0,13.366,182125000.0,0.255,1.0,634299000.0,0.322,902584000.0,28871000.0,1456253000.0,1209049000.0,347842000.0,0.0,0.0,0.0,1249670000.0,370614000.0,879056000.0,4746672827.0,11047000.0,-474950000.0,32417000.0,280879000.0,-10713000.0,303872000.0,-539756000.0,0.0,246931000.0,0.0,217237000.0,217237000.0,217237000.0,0.0,0.0,0.11,268250000.0,366049000.0,196626000.0,0.049,6.252,21.85,21.246,263969000.0,0.0,6.522,2.412,2.372,335104000.0,1039906000.0,1967743000.0,1967743000.0,0.0,0.127,0.326,0.291,0.179,1781000.0,280728000.0,1.0,727738264.0,715577280,732241392.0,2.75,1106354000.0,0.0,105948000.0,45968000.0,1.546,400181000.0
62,APH,MRT,2005-12-31,2005-12-31,2005-12-31,2021-08-02,-77742000.0,1932540000.0,1562388250.0,709814000.0,1222726000.0,1.157,0.973,-57121000.0,38669000.0,38669000.0,1207693000.0,206339000.0,2.113,1.804,781000000.0,15030000.0,765970000.0,781000000.0,0.0,51642000.0,0.0,0.003,0.015,332058000.0,383700000.0,0.212,383700000.0,332058000.0,307968000.0,0.292,0.285,0.292,689235000.0,608014250.0,689235000.0,4336594862.0,13.0,11.302,172503000.0,0.244,1.0,600454000.0,0.332,886720000.0,24090000.0,1452221000.0,1085606250.0,325865000.0,0.0,0.0,0.0,1243305000.0,335930000.0,907375000.0,3933733862.0,8497000.0,-512307000.0,27746000.0,328589000.0,-8034000.0,348301000.0,-569428000.0,0.0,229624000.0,0.0,206339000.0,206339000.0,206339000.0,0.0,0.0,0.114,257127000.0,343327000.0,177266000.0,0.051,5.707,19.064,18.947,253889000.0,0.0,5.532,2.176,2.168,302867000.0,985317000.0,1808147000.0,1808147000.0,0.0,0.132,0.339,0.306,0.184,0.0,257127000.0,1.0,711022840.0,708413040,723773896.0,2.552,1045820000.0,0.0,101629000.0,45124000.0,1.476,373884000.0
63,APH,MRT,2005-09-30,2005-09-30,2005-09-30,2021-08-02,-68096000.0,1472940000.0,1405931000.0,585785000.0,887155000.0,1.212,0.892,-56436000.0,38061000.0,38061000.0,1128560000.0,196161000.0,2.026,1.324,440922000.0,15247000.0,425675000.0,440922000.0,0.0,46504000.0,0.0,0.002,0.011,318449000.0,364953000.0,0.214,364953000.0,318449000.0,293810000.0,0.279,0.272,0.279,633800000.0,556106500.0,633800000.0,4036048770.0,13.0,11.059,162375000.0,0.229,1.0,575435000.0,0.338,643825000.0,24639000.0,942815000.0,948203250.0,270544000.0,0.0,0.0,0.0,839140000.0,289161000.0,549979000.0,3584105770.0,15538000.0,-115737000.0,33321000.0,-36657000.0,-5348000.0,-31100000.0,-172173000.0,0.0,218811000.0,0.0,196161000.0,196161000.0,196161000.0,0.0,0.0,0.115,250323000.0,325112000.0,149834000.0,0.039,5.655,18.271,18.073,209988000.0,0.0,5.043,2.103,2.102,241047000.0,932278000.0,1703995000.0,1703995000.0,0.0,0.14,0.353,0.336,0.187,0.0,242288000.0,1.0,710779528.0,710203240,725582520.0,2.399,829115000.0,31471000.0,97649000.0,0.0,1.167,296624000.0
64,APH,MRT,2005-06-30,2005-06-30,2005-06-30,2021-08-02,-66955000.0,1450914000.0,1352121500.0,568551000.0,882363000.0,1.214,0.823,-53741000.0,25462000.0,25462000.0,1093557000.0,185718000.0,2.048,1.493,477405000.0,18993000.0,458412000.0,477405000.0,0.0,43176000.0,0.0,0.001,0.007,303680000.0,346856000.0,0.211,346856000.0,303680000.0,281390000.0,0.264,0.26,0.264,582008000.0,505599750.0,582008000.0,3992711428.0,13.0,11.511,162285000.0,0.23,1.0,547546000.0,0.334,640393000.0,22290000.0,984907000.0,934713750.0,268811000.0,0.0,0.0,0.0,868906000.0,277557000.0,591349000.0,3543312428.0,6835000.0,-139896000.0,13186000.0,-9230000.0,-2643000.0,-15554000.0,-193637000.0,0.0,216026000.0,0.0,185718000.0,185718000.0,185718000.0,0.0,0.0,0.113,237203000.0,310343000.0,150131000.0,0.027,6.088,19.079,19.02,207565000.0,0.0,5.021,2.159,2.163,232819000.0,882825000.0,1641103000.0,1641103000.0,0.0,0.137,0.367,0.325,0.185,0.0,233513000.0,1.0,705663416.0,706902416,722178328.0,2.322,810521000.0,28683000.0,95672000.0,0.0,1.147,290994000.0
65,APH,MRT,2005-03-31,2005-03-31,2005-03-31,2021-08-02,-59506000.0,1393159000.0,1292660250.0,555602000.0,837557000.0,1.226,0.748,-50122000.0,26257000.0,26257000.0,1065167000.0,174029000.0,1.949,1.643,475656000.0,17514000.0,458142000.0,475656000.0,0.0,40210000.0,0.0,0.001,0.004,285867000.0,326077000.0,0.206,326077000.0,285867000.0,263679000.0,0.247,0.244,0.247,527014000.0,460071500.0,527014000.0,3674383382.0,13.0,11.268,168579000.0,0.239,1.0,519413000.0,0.328,595060000.0,22188000.0,962482000.0,918095500.0,263390000.0,0.0,0.0,0.0,866145000.0,285016000.0,581129000.0,3255502382.0,-2147000.0,-94243000.0,191000.0,-61450000.0,0.0,-76483000.0,-144365000.0,0.0,218701000.0,0.0,174029000.0,174029000.0,174029000.0,0.0,0.0,0.11,226883000.0,292530000.0,149129000.0,0.016,6.177,18.707,18.745,203165000.0,0.0,4.63,2.054,2.057,230516000.0,833426000.0,1584580000.0,1584580000.0,0.0,0.135,0.378,0.311,0.18,0.0,225338000.0,1.0,703132264.0,704133888,719237328.0,2.25,798099000.0,33245000.0,89650000.0,0.0,1.133,270586000.0
66,APH,MRT,2004-12-31,2004-12-31,2004-12-31,2021-08-02,-55078000.0,1306711000.0,1244383500.0,529015000.0,777696000.0,1.23,0.684,-44341000.0,30172000.0,30172000.0,1034972000.0,163311000.0,1.906,1.713,449053000.0,16909000.0,432144000.0,449053000.0,0.0,38829000.0,0.0,0.0,0.0,269981000.0,308810000.0,0.202,308810000.0,269981000.0,247441000.0,0.233,0.228,0.233,481604000.0,417560250.0,481604000.0,3698295567.0,14.0,11.976,163910000.0,0.233,1.0,495474000.0,0.324,545411000.0,22540000.0,902609000.0,919777250.0,247303000.0,0.0,0.0,0.0,825107000.0,277572000.0,547535000.0,3250975567.0,6639000.0,-41661000.0,-15308000.0,-100302000.0,0.0,-115610000.0,-86002000.0,0.0,208251000.0,0.0,163311000.0,163311000.0,163311000.0,0.0,0.0,0.107,218830000.0,276644000.0,134856000.0,0.0,6.75,19.907,19.71,197753000.0,0.0,4.593,2.124,2.113,214158000.0,789741000.0,1530446000.0,1530446000.0,0.0,0.131,0.391,0.294,0.176,0.0,218830000.0,1.0,707887984.0,704184656,717893248.0,2.173,761300000.0,0.0,84130000.0,48025000.0,1.081,251443000.0
67,APH,MRT,2004-09-30,2004-09-30,2004-09-30,2021-08-02,-64036000.0,1257702000.0,1213051750.0,498270000.0,759432000.0,1.211,0.614,-37696000.0,22523000.0,22523000.0,963872000.0,150657000.0,1.846,1.913,469843000.0,11612000.0,458231000.0,469843000.0,0.0,38402000.0,0.0,0.0,0.0,251801000.0,290203000.0,0.198,290203000.0,251801000.0,228268000.0,0.215,0.211,0.215,431773000.0,378010750.0,431773000.0,3470134292.0,14.0,11.958,171219000.0,0.243,1.0,504650000.0,0.344,546282000.0,23533000.0,888857000.0,935833250.0,233888000.0,0.0,0.0,0.0,825929000.0,269883000.0,556046000.0,3012093292.0,5542000.0,-47347000.0,3118000.0,-109129000.0,0.0,-118330000.0,-85043000.0,0.0,208915000.0,0.0,150657000.0,150657000.0,150657000.0,0.0,0.0,0.103,252849000.0,251801000.0,130935000.0,0.0,6.976,19.993,19.919,185441000.0,0.0,4.282,2.051,2.052,199271000.0,744101000.0,1468522000.0,1468522000.0,0.0,0.124,0.399,0.269,0.171,0.0,207990000.0,1.0,703349280.0,703688000,715738472.0,2.087,711420000.0,21761000.0,77611000.0,0.0,1.011,228387000.0
68,APH,MRT,2004-06-30,2004-06-30,2004-06-30,2021-08-02,-65342000.0,1213069000.0,1184440750.0,489785000.0,723284000.0,1.181,0.567,-35847000.0,18627000.0,18627000.0,922132000.0,137223000.0,2.092,2.033,476668000.0,11230000.0,465438000.0,476668000.0,0.0,37799000.0,0.0,0.0,0.0,233030000.0,270829000.0,0.194,270829000.0,233030000.0,207915000.0,0.198,0.193,0.198,399895000.0,339203000.0,399895000.0,3436038959.0,15.0,12.687,143996000.0,0.204,1.0,477085000.0,0.341,518498000.0,25115000.0,918434000.0,966573500.0,230266000.0,0.0,0.0,0.0,813174000.0,234178000.0,578996000.0,2937427959.0,-3701000.0,-23278000.0,19745000.0,-156056000.0,0.0,-124419000.0,-59125000.0,0.0,179843000.0,0.0,137223000.0,137223000.0,137223000.0,0.0,0.0,0.098,244055000.0,233030000.0,126797000.0,0.0,7.345,21.406,21.035,175559000.0,0.0,4.165,2.099,2.1,206248000.0,702455000.0,1399217000.0,1399217000.0,0.0,0.116,0.405,0.241,0.167,0.0,198959000.0,1.0,705264816.0,705396832,718917872.0,1.984,694571000.0,22924000.0,70692000.0,0.0,0.985,255607000.0
69,APH,MRT,2004-03-31,2004-03-31,2004-03-31,2021-08-02,-66180000.0,1200052000.0,1168089000.0,474902000.0,725150000.0,1.127,0.507,-30295000.0,28404000.0,28404000.0,871301000.0,116335000.0,2.225,2.362,527015000.0,10465000.0,516550000.0,527015000.0,0.0,37632000.0,0.0,0.0,0.0,203402000.0,241034000.0,0.183,241034000.0,203402000.0,176266000.0,0.169,0.164,0.169,356969000.0,293955750.0,356969000.0,3123686122.0,15.0,12.96,132073000.0,0.188,1.0,445690000.0,0.338,515978000.0,27136000.0,969209000.0,1005147500.0,224810000.0,0.0,0.0,0.0,843083000.0,213476000.0,629607000.0,2604260122.0,-3738000.0,-35878000.0,19745000.0,-127638000.0,0.0,-99933000.0,-66173000.0,0.0,162368000.0,0.0,116335000.0,116335000.0,116335000.0,0.0,0.0,0.088,231921000.0,213769000.0,117683000.0,0.0,7.295,22.386,21.967,174320000.0,0.0,3.712,1.977,1.984,186493000.0,662088000.0,1316991000.0,1316991000.0,0.0,0.1,0.396,0.202,0.154,0.0,187526000.0,1.0,701484208.0,703822432,719025312.0,1.871,684074000.0,28194000.0,59931000.0,0.0,0.972,261426000.0
70,APH,MRT,2003-12-31,2003-12-31,2003-12-31,2021-08-02,-64944000.0,1181384000.0,1149653000.0,451349000.0,730035000.0,1.078,0.47,-30196000.0,23533000.0,23533000.0,820724000.0,103990000.0,2.074,2.653,542959000.0,10679000.0,532280000.0,542959000.0,0.0,37007000.0,0.0,0.0,0.0,187066000.0,224073000.0,0.181,224073000.0,187066000.0,157561000.0,0.151,0.147,0.151,323406000.0,252830000.0,323406000.0,3355140098.0,18.0,14.973,139808000.0,0.203,1.0,418780000.0,0.338,516335000.0,29505000.0,966833000.0,1010960500.0,221385000.0,0.0,0.0,0.0,857978000.0,217642000.0,640336000.0,2797020098.0,2874000.0,-51101000.0,35919000.0,-112032000.0,0.0,-85833000.0,-81297000.0,0.0,170004000.0,0.0,103990000.0,103990000.0,103990000.0,0.0,0.0,0.084,221347000.0,197433000.0,116835000.0,0.0,8.649,26.897,26.461,178266000.0,0.0,3.996,2.257,2.22,172488000.0,626430000.0,1239504000.0,1239504000.0,0.0,0.09,0.411,0.185,0.151,0.0,177353000.0,1.0,700020672.0,688805504,705053760.0,1.799,665049000.0,28420000.0,53571000.0,24314000.0,0.966,233707000.0
71,APH,MRT,2003-09-30,2003-09-30,2003-09-30,2021-08-02,-70628000.0,1143258000.0,1124034000.0,420431000.0,722827000.0,1.036,0.4,-26708000.0,16981000.0,16981000.0,769549000.0,93486000.0,2.269,3.134,575101000.0,1168000.0,573933000.0,575101000.0,0.0,36320000.0,0.0,0.0,0.0,173654000.0,209974000.0,0.18,209974000.0,173654000.0,141905000.0,0.138,0.134,0.138,276542000.0,213724000.0,276542000.0,2831409983.0,16.0,13.485,86233000.0,0.125,1.0,394962000.0,0.339,504290000.0,31749000.0,1011818000.0,1014187750.0,210770000.0,0.0,0.0,0.0,866716000.0,185270000.0,681446000.0,2218819983.0,-8223000.0,-54257000.0,-77000.0,-75392000.0,0.0,-40199000.0,-80965000.0,0.0,112941000.0,0.0,93486000.0,93486000.0,93486000.0,0.0,0.0,0.08,210941000.0,184021000.0,101140000.0,0.0,8.023,23.734,23.573,172294000.0,0.0,3.253,1.905,1.93,159555000.0,593444000.0,1164511000.0,1164511000.0,0.0,0.083,0.437,0.171,0.149,0.0,167398000.0,1.0,682058016.0,691042816,708303632.0,1.685,638968000.0,38852000.0,48419000.0,9046000.0,0.925,235161000.0
72,APH,MRT,2003-06-30,2003-06-30,2003-06-30,2021-08-02,-73415000.0,1147662000.0,1095378500.0,427545000.0,720117000.0,1.02,0.321,-23730000.0,22328000.0,22328000.0,736935000.0,85940000.0,2.297,4.243,634918000.0,10255000.0,624663000.0,634918000.0,0.0,36259000.0,0.0,0.0,0.0,166762000.0,203021000.0,0.182,203021000.0,166762000.0,130710000.0,0.127,0.124,0.127,218906000.0,189312500.0,218906000.0,2610481462.0,16.0,12.858,93093000.0,0.137,1.0,380893000.0,0.341,501414000.0,36052000.0,1072730000.0,992550750.0,211535000.0,0.0,0.0,0.0,928756000.0,186108000.0,742648000.0,1993380462.0,3090000.0,-51623000.0,-2959000.0,-46753000.0,0.0,-38380000.0,-75353000.0,0.0,116823000.0,0.0,85940000.0,85940000.0,85940000.0,0.0,0.0,0.077,203764000.0,177129000.0,94426000.0,0.0,9.106,23.195,23.041,171260000.0,0.0,2.926,1.783,1.785,158817000.0,565232000.0,1117828000.0,1117828000.0,0.0,0.078,0.454,0.168,0.149,0.0,161562000.0,1.0,681206480.0,681988384,698756880.0,1.639,646248000.0,39674000.0,44770000.0,10801000.0,0.948,241437000.0
73,APH,MRT,2003-03-31,2003-03-31,2003-03-31,2021-08-02,-79164000.0,1126308000.0,1067952750.0,422500000.0,703808000.0,1.015,0.283,-21323000.0,32142000.0,32142000.0,712220000.0,86464000.0,1.651,4.852,649243000.0,82437000.0,566806000.0,649243000.0,0.0,35235000.0,0.0,0.0,0.0,172952000.0,208187000.0,0.192,208187000.0,172952000.0,131736000.0,0.128,0.126,0.128,192466000.0,174205000.0,192466000.0,2358415237.0,14.0,11.328,91387000.0,0.134,1.0,371580000.0,0.343,495066000.0,41216000.0,992461000.0,968370250.0,209069000.0,0.0,0.0,0.0,933842000.0,255882000.0,677960000.0,1734826237.0,5345000.0,-37526000.0,0.0,-56737000.0,0.0,-48516000.0,-58849000.0,0.0,112710000.0,0.0,86464000.0,86464000.0,86464000.0,0.0,0.0,0.08,198628000.0,172952000.0,89573000.0,0.0,9.014,20.064,19.897,167103000.0,0.0,2.547,1.601,1.601,149003000.0,545753000.0,1083800000.0,1083800000.0,0.0,0.081,0.496,0.179,0.16,0.0,157500000.0,1.0,681158768.0,681162880,696176672.0,1.591,631242000.0,37608000.0,45272000.0,6459000.0,0.927,166618000.0
74,APH,MRT,2002-12-31,2002-12-31,2002-12-31,2021-08-02,-81219000.0,1078908000.0,1042013500.0,389164000.0,689744000.0,1.019,0.246,-18816000.0,20659000.0,20659000.0,700302000.0,80344000.0,1.65,5.461,644248000.0,78363000.0,565885000.0,644248000.0,0.0,34825000.0,0.0,0.0,0.0,168592000.0,203417000.0,0.192,203417000.0,168592000.0,122662000.0,0.119,0.116,0.119,166982000.0,156117000.0,166982000.0,2231752072.0,13.0,10.971,101747000.0,0.15,1.0,361700000.0,0.341,486841000.0,45930000.0,979742000.0,975067250.0,205643000.0,0.0,0.0,0.0,911926000.0,235914000.0,676012000.0,1616267072.0,-7316000.0,-33796000.0,0.0,-81044000.0,0.0,-75267000.0,-52612000.0,0.0,120563000.0,0.0,80344000.0,80344000.0,80344000.0,0.0,0.0,0.076,193108000.0,168592000.0,88533000.0,0.0,9.679,20.117,19.958,160690000.0,0.0,2.375,1.522,1.519,131252000.0,522440000.0,1062002000.0,1062002000.0,0.0,0.077,0.515,0.173,0.159,0.0,152928000.0,1.0,680533504.0,679133584,695129600.0,1.564,592067000.0,37831000.0,42318000.0,0.0,0.872,153250000.0
75,APH,MRT,2002-09-30,2002-09-30,2002-09-30,2021-08-02,-46023000.0,1028636000.0,1028972250.0,370227000.0,658409000.0,1.026,0.263,-24006000.0,25204000.0,25204000.0,696230000.0,73898000.0,1.513,4.75,640689000.0,83373000.0,557316000.0,640689000.0,0.0,37513000.0,0.0,0.0,0.0,165662000.0,203175000.0,0.193,203175000.0,165662000.0,114746000.0,0.109,0.107,0.109,178896000.0,140354750.0,178896000.0,1968036239.0,12.0,9.686,125625000.0,0.185,1.0,359098000.0,0.34,474234000.0,50916000.0,925270000.0,993943000.0,197078000.0,0.0,0.0,0.0,849740000.0,244617000.0,605123000.0,1317939239.0,2455000.0,-16692000.0,0.0,-111800000.0,0.0,-106478000.0,-40698000.0,0.0,149631000.0,0.0,73898000.0,73898000.0,73898000.0,0.0,0.0,0.07,193436000.0,165662000.0,83185000.0,0.0,7.367,17.835,17.775,158299000.0,0.0,1.938,1.249,1.249,129128000.0,499958000.0,1055328000.0,1055328000.0,0.0,0.072,0.527,0.167,0.157,0.0,150766000.0,1.0,680226704.0,680409920,694728096.0,1.551,554402000.0,0.0,40848000.0,47807000.0,0.815,125610000.0
76,APH,MRT,2002-06-30,2002-06-30,2002-06-30,2021-08-02,-45218000.0,1037959000.0,1032705250.0,376346000.0,661613000.0,1.007,0.234,-24002000.0,19238000.0,19238000.0,681826000.0,69865000.0,1.557,5.55,669335000.0,83475000.0,585860000.0,669335000.0,0.0,40391000.0,0.0,0.0,0.0,163985000.0,204376000.0,0.197,204376000.0,163985000.0,110509000.0,0.104,0.101,0.104,158476000.0,123054250.0,158476000.0,2190748272.0,13.0,10.719,123648000.0,0.182,1.0,357968000.0,0.344,470262000.0,53476000.0,976008000.0,1036447750.0,206224000.0,0.0,0.0,0.0,879483000.0,241786000.0,637697000.0,1522933272.0,2103000.0,-42684000.0,2959000.0,-84420000.0,0.0,-78861000.0,-66686000.0,0.0,147650000.0,0.0,69865000.0,69865000.0,69865000.0,0.0,0.0,0.067,193983000.0,163985000.0,85564000.0,0.0,9.61,21.798,21.635,165774000.0,0.0,2.25,1.465,1.468,132980000.0,479292000.0,1039794000.0,1039794000.0,0.0,0.068,0.568,0.158,0.158,0.0,148384000.0,1.0,676859232.0,678308032,695267760.0,1.533,567697000.0,0.0,40644000.0,51837000.0,0.837,134560000.0
77,APH,MRT,2002-03-31,2002-03-31,2002-03-31,2021-08-02,-59095000.0,1022551000.0,1022860250.0,363986000.0,658565000.0,1.02,0.177,-28736000.0,26797000.0,26797000.0,675512000.0,72398000.0,1.737,7.513,694612000.0,54663000.0,639949000.0,694612000.0,0.0,43389000.0,0.0,0.0,0.0,170961000.0,214350000.0,0.205,214350000.0,170961000.0,116234000.0,0.108,0.106,0.108,120114000.0,99597000.0,120114000.0,2671987182.0,16.0,12.466,96495000.0,0.143,1.0,367563000.0,0.352,461550000.0,54727000.0,1019249000.0,1065070500.0,201499000.0,0.0,0.0,0.0,902437000.0,209567000.0,692870000.0,1979643182.0,4824000.0,-68945000.0,0.0,-7026000.0,0.0,-22726000.0,-97681000.0,0.0,125231000.0,0.0,72398000.0,72398000.0,72398000.0,0.0,0.0,0.069,196602000.0,170961000.0,83159000.0,0.0,16.481,27.344,27.083,160486000.0,0.0,2.925,1.898,1.898,116451000.0,459289000.0,1043075000.0,1043075000.0,0.0,0.071,0.727,0.161,0.164,0.0,148392000.0,1.0,676801088.0,676821584,695077696.0,1.541,561001000.0,0.0,43836000.0,52921000.0,0.829,154419000.0
78,APH,MRT,2001-12-31,2001-12-31,2001-12-31,2021-08-02,-57981000.0,1026743000.0,1009690500.0,370257000.0,656486000.0,1.093,0.155,-38555000.0,27975000.0,27975000.0,704278000.0,83710000.0,1.82,8.879,720319000.0,59705000.0,660614000.0,720319000.0,0.0,46656000.0,0.0,0.0,0.0,191454000.0,238110000.0,0.216,238110000.0,191454000.0,135355000.0,0.125,0.122,0.125,103933000.0,80468000.0,103933000.0,2758341253.0,14.0,11.584,80295000.0,0.12,1.0,399493000.0,0.362,460442000.0,56099000.0,1055245000.0,1072364500.0,208316000.0,0.0,0.0,0.0,922810000.0,203400000.0,719410000.0,2032458253.0,3390000.0,-60518000.0,0.0,-5587000.0,0.0,-16387000.0,-99073000.0,0.0,118850000.0,0.0,83710000.0,83710000.0,83710000.0,0.0,0.0,0.076,208039000.0,191454000.0,80501000.0,0.0,19.555,24.28,24.025,164887000.0,0.0,3.003,1.841,1.825,113370000.0,442096000.0,1103771000.0,1103771000.0,0.0,0.083,1.04,0.179,0.173,0.0,155810000.0,1.0,676781104.0,670729856,687953936.0,1.646,566301000.0,25362000.0,51645000.0,23109000.0,0.844,166857000.0
79,APH,MRT,2001-09-30,2001-09-30,2001-09-30,2021-08-02,-36124000.0,1043568000.0,1004085250.0,400506000.0,643062000.0,1.208,0.163,-46048000.0,22749000.0,22749000.0,771656000.0,100270000.0,1.891,8.513,748632000.0,59468000.0,689164000.0,748632000.0,0.0,46438000.0,0.0,0.0,0.0,218229000.0,264667000.0,0.218,264667000.0,218229000.0,160957000.0,0.15,0.147,0.15,109694000.0,61793250.0,109694000.0,2179563786.0,10.0,8.235,84653000.0,0.126,1.0,441192000.0,0.364,462365000.0,57272000.0,1095289000.0,1072143750.0,215448000.0,0.0,0.0,0.0,933874000.0,211797000.0,722077000.0,1448737786.0,5348000.0,-65010000.0,-1894000.0,6284000.0,0.0,-14295000.0,-111058000.0,0.0,130701000.0,0.0,100270000.0,100270000.0,100270000.0,0.0,0.0,0.083,222963000.0,218229000.0,81458000.0,0.0,13.207,14.448,14.479,163777000.0,0.0,2.172,1.194,1.203,142291000.0,426060000.0,1212848000.0,1212848000.0,0.0,0.1,1.623,0.204,0.18,0.0,169131000.0,1.0,667044736.0,672004928,688498848.0,1.805,581203000.0,0.0,60687000.0,32913000.0,0.865,188709000.0
80,APH,MRT,2001-06-30,2001-06-30,2001-06-30,2021-08-02,-39478000.0,998579000.0,984609250.0,392427000.0,606152000.0,1.336,0.097,-52627000.0,17135000.0,17135000.0,841389000.0,112471000.0,1.838,14.447,747961000.0,59555000.0,688406000.0,747961000.0,0.0,45047000.0,0.0,0.0,0.0,238491000.0,283538000.0,0.216,283538000.0,238491000.0,179799000.0,0.168,0.164,0.168,64647000.0,32992750.0,64647000.0,2349787360.0,10.0,8.287,80219000.0,0.12,1.0,473572000.0,0.36,425452000.0,58692000.0,1090499000.0,1057623500.0,216839000.0,0.0,0.0,0.0,933932000.0,213454000.0,720478000.0,1669636360.0,2777000.0,-59966000.0,-1904000.0,1713000.0,0.0,-17476000.0,-112593000.0,0.0,132846000.0,0.0,112471000.0,112471000.0,112471000.0,0.0,0.0,0.086,235081000.0,238491000.0,86886000.0,0.0,25.827,14.845,14.9,161986000.0,0.0,2.503,1.27,1.27,139934000.0,409427000.0,1314961000.0,1314961000.0,0.0,0.114,3.409,0.225,0.181,0.0,181086000.0,1.0,667020768.0,667021024,684623024.0,1.971,573127000.0,0.0,67328000.0,32072000.0,0.859,178973000.0
81,APH,MRT,2001-03-31,2001-03-31,2001-03-31,2021-08-02,-37931000.0,969872000.0,962353250.0,380681000.0,589191000.0,1.43,0.065,-56745000.0,21973000.0,21973000.0,888710000.0,116145000.0,1.982,21.246,702124000.0,1939000.0,700185000.0,702124000.0,0.0,44193000.0,0.0,0.0,0.0,245726000.0,289919000.0,0.211,289919000.0,245726000.0,185649000.0,0.174,0.169,0.174,43598000.0,9159750.0,43598000.0,2016897940.0,8.0,6.957,92246000.0,0.138,1.0,487615000.0,0.354,409494000.0,60077000.0,1048425000.0,1040591750.0,206918000.0,0.0,0.0,0.0,926274000.0,192104000.0,734170000.0,1313136940.0,9413000.0,-37674000.0,0.0,-72074000.0,0.0,-45159000.0,-94419000.0,0.0,148991000.0,0.0,116145000.0,116145000.0,116145000.0,0.0,0.0,0.084,241889000.0,245726000.0,111225000.0,0.0,30.119,11.306,11.315,160263000.0,0.0,1.969,0.954,0.954,133839000.0,386891000.0,1376325000.0,1376325000.0,0.0,0.121,12.68,0.236,0.179,0.0,188167000.0,1.0,666990192.0,666990528,683532464.0,2.063,560378000.0,0.0,69504000.0,33985000.0,0.84,188577000.0
82,APH,MRT,2000-12-31,2000-12-31,2000-12-31,2021-08-02,-23730000.0,1004322000.0,943565000.0,412670000.0,591652000.0,1.441,0.044,-53105000.0,24585000.0,24585000.0,886385000.0,107904000.0,1.701,33.355,728346000.0,28130000.0,700216000.0,728346000.0,0.0,42842000.0,0.0,0.0,0.0,234928000.0,277770000.0,0.204,277770000.0,234928000.0,173218000.0,0.162,0.158,0.162,29234000.0,-15858500.0,29234000.0,2358039709.0,10.0,8.489,101048000.0,0.152,1.0,473317000.0,0.348,411182000.0,61710000.0,1054362000.0,1050606500.0,197626000.0,0.0,0.0,0.0,975088000.0,242539000.0,732549000.0,1633230709.0,11687000.0,-67716000.0,0.0,-48560000.0,0.0,-21645000.0,-120821000.0,0.0,154153000.0,0.0,107904000.0,107904000.0,107904000.0,0.0,0.0,0.079,238389000.0,234928000.0,122010000.0,0.0,55.868,15.136,15.12,160985000.0,0.0,2.449,1.201,1.199,170222000.0,358386000.0,1359702000.0,1359702000.0,0.0,0.114,-6.804,0.224,0.173,0.0,186052000.0,1.0,666794880.0,665345104,686062752.0,2.044,593140000.0,0.0,65314000.0,32333000.0,0.891,170131000.0
83,APH,MRT,2000-09-30,2000-09-30,2000-09-30,2021-08-02,-25810000.0,965664000.0,901578500.0,392555000.0,573109000.0,1.397,-0.008,-40619000.0,17401000.0,17401000.0,824353000.0,80641000.0,1.582,-176.32,742210000.0,44966000.0,697244000.0,742210000.0,0.0,41283000.0,0.0,0.0,0.0,202592000.0,243875000.0,0.194,243875000.0,202592000.0,136169000.0,0.122,0.118,0.122,-5508000.0,-43458500.0,-5508000.0,3096036202.0,15.0,12.695,88951000.0,0.133,1.0,435044000.0,0.345,405119000.0,66423000.0,1037208000.0,1056775750.0,194872000.0,0.0,0.0,0.0,971172000.0,248146000.0,723026000.0,2369409202.0,8432000.0,-71386000.0,183648000.0,-217781000.0,0.0,-9133000.0,-112005000.0,0.0,129570000.0,0.0,80641000.0,80641000.0,80641000.0,0.0,0.0,0.064,223778000.0,211266000.0,109983000.0,0.0,-430.176,29.382,29.17,148903000.0,0.0,3.559,1.881,1.883,157444000.0,325790000.0,1259397000.0,1259397000.0,0.0,0.089,-1.856,0.192,0.161,0.0,174545000.0,1.0,665798160.0,666452560,689402048.0,1.89,560545000.0,0.0,55528000.0,25782000.0,0.841,144409000.0
84,APH,MRT,2000-06-30,2000-06-30,2000-06-30,2021-08-02,-19041000.0,909555000.0,872203250.0,365389000.0,544166000.0,1.332,-0.046,-34850000.0,14358000.0,14358000.0,761159000.0,63393000.0,1.634,-30.642,740985000.0,49979000.0,691006000.0,740985000.0,0.0,40935000.0,0.0,0.0,0.0,180824000.0,221759000.0,0.191,221759000.0,180824000.0,109862000.0,0.099,0.096,0.099,-30685000.0,-108359000.0,-30685000.0,3494933393.0,19.0,15.76,71824000.0,0.108,1.0,400401000.0,0.345,390189000.0,70962000.0,1022372000.0,1115391500.0,187742000.0,0.0,0.0,0.0,940240000.0,223621000.0,716619000.0,2739534393.0,6497000.0,-48381000.0,183658000.0,-221104000.0,0.0,-16946000.0,-83231000.0,0.0,106674000.0,0.0,63393000.0,63393000.0,63393000.0,0.0,0.0,0.055,210903000.0,189498000.0,103160000.0,0.0,-89.279,43.215,41.723,135255000.0,0.0,4.131,2.358,2.363,141674000.0,296956000.0,1161560000.0,1161560000.0,0.0,0.073,-0.585,0.162,0.156,0.0,163561000.0,1.0,663225152.0,664546944,685561984.0,1.748,519366000.0,0.0,46469000.0,25613000.0,0.782,141768000.0
85,APH,MRT,2000-03-31,2000-03-31,2000-03-31,2021-08-02,-16198000.0,894719000.0,852078250.0,353060000.0,541659000.0,1.26,-0.085,-28136000.0,12560000.0,12560000.0,703865000.0,47646000.0,2.043,-16.843,767959000.0,16741000.0,751218000.0,767959000.0,0.0,40395000.0,0.0,0.0,0.0,161158000.0,201553000.0,0.188,201553000.0,161158000.0,85830000.0,0.077,0.076,0.077,-56475000.0,-170777750.0,-56475000.0,2870906864.0,18.0,14.244,65847000.0,0.099,1.0,369623000.0,0.344,388832000.0,75328000.0,1088484000.0,1176671750.0,184683000.0,0.0,0.0,0.0,951194000.0,172802000.0,778392000.0,2121317864.0,8769000.0,-44423000.0,181754000.0,-194409000.0,0.0,-12655000.0,-72559000.0,0.0,93983000.0,0.0,47646000.0,47646000.0,47646000.0,0.0,0.0,0.044,199791000.0,169832000.0,81696000.0,0.0,-37.562,44.522,41.518,129552000.0,0.0,3.197,1.976,1.976,135218000.0,270746000.0,1073488000.0,1073488000.0,0.0,0.056,-0.279,0.137,0.15,0.0,153463000.0,1.0,663559840.0,663452096,681285504.0,1.618,505887000.0,0.0,38184000.0,27174000.0,0.763,180258000.0
86,APH,MRT,1999-12-31,1999-12-31,1999-12-31,2021-08-02,-13028000.0,836376000.0,833656000.0,335179000.0,501197000.0,1.212,-0.141,-23464000.0,12898000.0,12898000.0,663978000.0,35621000.0,2.297,-11.305,762487000.0,16829000.0,745658000.0,762487000.0,0.0,40044000.0,0.0,0.0,0.0,146793000.0,186837000.0,0.185,186837000.0,146793000.0,67496000.0,0.062,0.061,0.062,-81166000.0,-228865500.0,-81166000.0,2120079609.0,14.0,11.347,40631000.0,0.07,1.0,346625000.0,0.343,360999000.0,79297000.0,1079039000.0,1220383750.0,189433000.0,0.0,0.0,0.0,917542000.0,145927000.0,771615000.0,1189130609.0,9803000.0,-12274000.0,181754000.0,-200308000.0,0.0,-18554000.0,-35738000.0,0.0,64095000.0,0.0,35621000.0,35621000.0,35621000.0,0.0,0.0,0.035,191158000.0,155467000.0,71495000.0,0.0,-14.651,33.383,33.548,119950000.0,0.0,2.08,1.177,1.187,111711000.0,250482000.0,1010603000.0,1010603000.0,0.0,0.043,-0.156,0.12,0.145,0.0,145852000.0,1.0,571697408.0,576952896,586624256.0,1.752,475377000.0,0.0,31875000.0,25957000.0,0.824,189252000.0
87,APH,MRT,1999-09-30,1999-09-30,1999-09-30,2021-08-02,-10484000.0,848163000.0,826412250.0,340734000.0,507429000.0,1.18,-0.464,-23886000.0,8969000.0,8969000.0,642121000.0,38558000.0,2.307,-4.199,939918000.0,1696000.0,938222000.0,939918000.0,0.0,39740000.0,0.0,0.0,0.0,146431000.0,186171000.0,0.191,186171000.0,146431000.0,66304000.0,0.067,0.067,0.067,-265110000.0,-281638250.0,-265110000.0,1824628360.0,12.0,9.801,33830000.0,0.059,1.0,332714000.0,0.341,359747000.0,80127000.0,1271671000.0,1269124000.0,195987000.0,0.0,0.0,0.0,1113273000.0,147694000.0,965579000.0,885371360.0,6693000.0,-3706000.0,0.0,-23431000.0,0.0,-23431000.0,-27592000.0,0.0,57716000.0,0.0,38558000.0,38558000.0,38558000.0,0.0,0.0,0.04,186283000.0,146431000.0,76776000.0,0.0,-3.34,22.962,23.116,122315000.0,0.0,1.549,0.908,0.908,116463000.0,245149000.0,974835000.0,974835000.0,0.0,0.047,-0.137,0.115,0.15,0.0,141203000.0,1.0,571668352.0,571668672,582273152.0,1.705,488416000.0,0.0,27746000.0,27357000.0,0.854,193040000.0
88,APH,MRT,1999-06-30,1999-06-30,1999-06-30,2021-08-02,-14103000.0,829055000.0,816979250.0,317169000.0,511886000.0,1.159,-0.49,-23516000.0,7861000.0,7861000.0,624524000.0,35184000.0,2.304,-3.957,947118000.0,1654000.0,945464000.0,947118000.0,0.0,38468000.0,0.0,0.0,0.0,141809000.0,180277000.0,0.19,180277000.0,141809000.0,61230000.0,0.061,0.061,0.061,-280360000.0,-290603250.0,-280360000.0,1654867284.0,12.0,9.18,33493000.0,0.059,1.0,322472000.0,0.341,363146000.0,80579000.0,1267493000.0,1269667500.0,188502000.0,0.0,0.0,0.0,1109415000.0,137673000.0,971742000.0,710074284.0,4938000.0,-22012000.0,0.0,-6543000.0,0.0,-6543000.0,-45528000.0,0.0,57009000.0,0.0,35184000.0,35184000.0,35184000.0,0.0,0.0,0.037,180663000.0,141809000.0,73886000.0,0.0,-2.533,20.182,20.364,121761000.0,0.0,1.242,0.75,0.75,100440000.0,233563000.0,946996000.0,946996000.0,0.0,0.043,-0.121,0.112,0.15,0.0,137044000.0,1.0,571632128.0,571632512,578986752.0,1.657,465909000.0,0.0,26046000.0,26278000.0,0.815,179496000.0
89,APH,MRT,1999-03-31,1999-03-31,1999-03-31,2021-08-02,-12061000.0,821030000.0,801133500.0,303479000.0,517551000.0,1.158,-0.505,-24366000.0,3791000.0,3791000.0,610150000.0,35076000.0,2.185,-3.843,948584000.0,1714000.0,946870000.0,948584000.0,0.0,36984000.0,0.0,0.0,0.0,142123000.0,179107000.0,0.193,179107000.0,142123000.0,61414000.0,0.062,0.061,0.062,-288826000.0,-301466750.0,-288826000.0,1634263046.0,11.0,9.125,26591000.0,0.047,1.0,317350000.0,0.342,363577000.0,80709000.0,1263332000.0,1263955250.0,184995000.0,0.0,0.0,0.0,1109856000.0,138914000.0,970942000.0,683234046.0,-2297000.0,-34079000.0,0.0,5191000.0,0.0,5191000.0,-58445000.0,0.0,50957000.0,0.0,35076000.0,35076000.0,35076000.0,0.0,0.0,0.038,175227000.0,142123000.0,72211000.0,0.0,-2.366,19.479,19.279,123359000.0,0.0,1.195,0.737,0.737,97152000.0,223100000.0,927500000.0,927500000.0,0.0,0.044,-0.116,0.112,0.153,0.0,133544000.0,1.0,571594496.0,571594912,577002400.0,1.623,457453000.0,0.0,26338000.0,24072000.0,0.8,164565000.0
90,APH,MRT,1998-12-31,1998-12-31,1998-12-31,2021-08-02,-7208000.0,807401000.0,782627000.0,287673000.0,519728000.0,1.174,-0.517,-26340000.0,3095000.0,3095000.0,601930000.0,36510000.0,2.317,-3.763,954124000.0,1655000.0,952469000.0,954124000.0,0.0,35254000.0,0.0,0.0,0.0,145182000.0,180436000.0,0.196,180436000.0,145182000.0,63983000.0,0.064,0.064,0.064,-292257000.0,-312946250.0,-292257000.0,1495915669.0,10.0,8.291,26888000.0,0.048,1.0,316947000.0,0.345,360265000.0,81199000.0,1274000000.0,1251136250.0,184424000.0,0.0,0.0,0.0,1099658000.0,124165000.0,975493000.0,539218669.0,-1618000.0,-32663000.0,0.0,4157000.0,0.0,4157000.0,-59003000.0,0.0,53228000.0,0.0,36510000.0,36510000.0,36510000.0,0.0,0.0,0.04,171765000.0,145182000.0,67885000.0,0.0,-1.845,14.769,14.741,126779000.0,0.0,0.943,0.587,0.58,83065000.0,214861000.0,918877000.0,918877000.0,0.0,0.047,-0.117,0.116,0.158,0.0,131966000.0,1.0,571546784.0,565222784,574156704.0,1.626,447136000.0,0.0,27473000.0,23024000.0,0.791,163508000.0
91,APH,MRT,1998-09-30,1998-09-30,1998-09-30,2021-08-02,-7606000.0,810431000.0,765065250.0,293304000.0,517127000.0,1.186,-0.531,-27341000.0,2276000.0,2276000.0,590904000.0,25972000.0,2.236,-3.693,958973000.0,1792000.0,957181000.0,958973000.0,0.0,33600000.0,0.0,0.0,0.0,137101000.0,170701000.0,0.188,170701000.0,137101000.0,55305000.0,0.051,0.05,0.051,-300970000.0,-325663250.0,-300970000.0,1553315181.0,11.0,9.1,23923000.0,0.042,1.0,316682000.0,0.349,362119000.0,81796000.0,1273845000.0,1235999500.0,179257000.0,0.0,0.0,0.0,1111401000.0,131164000.0,980237000.0,611751181.0,-5412000.0,-34373000.0,0.0,-228995000.0,0.0,5038000.0,-61714000.0,0.0,51264000.0,0.0,25972000.0,25972000.0,25972000.0,0.0,0.0,0.029,167879000.0,148803000.0,66959000.0,0.0,-2.033,23.554,21.373,126692000.0,0.0,1.09,0.674,0.681,94699000.0,206591000.0,907586000.0,907586000.0,0.0,0.034,-0.08,0.111,0.151,0.0,129558000.0,1.0,561239616.0,566930944,573371552.0,1.601,448312000.0,0.0,29333000.0,23056000.0,0.791,162140000.0
92,APH,MRT,1998-06-30,1998-06-30,1998-06-30,2021-08-02,-10744000.0,765672000.0,,276522000.0,489150000.0,,-0.577,-28230000.0,2923000.0,2923000.0,585000000.0,26319000.0,2.256,-3.365,944487000.0,1390000.0,943097000.0,944487000.0,0.0,33060000.0,0.0,0.0,0.0,139968000.0,173028000.0,0.192,173028000.0,139968000.0,55634000.0,0.052,0.051,0.052,-323814000.0,,-323814000.0,1609810820.0,12.0,9.304,27749000.0,0.049,1.0,317062000.0,0.351,340008000.0,84334000.0,1244644000.0,,172783000.0,0.0,0.0,0.0,1089486000.0,122584000.0,966902000.0,683840820.0,-7142000.0,-16067000.0,0.0,-258239000.0,0.0,-18824000.0,-44297000.0,0.0,55979000.0,0.0,26319000.0,26319000.0,26319000.0,0.0,0.0,0.029,165392000.0,151670000.0,63476000.0,0.0,-2.112,25.983,23.438,117276000.0,0.0,1.219,0.758,0.758,86352000.0,198379000.0,902062000.0,902062000.0,0.0,,,,0.155,0.0,128019000.0,1.0,561100160.0,561197600,574032448.0,1.607,425664000.0,0.0,29315000.0,23805000.0,0.758,153938000.0
93,APH,MRT,1998-03-31,1998-03-31,1998-03-31,2021-08-02,-11244000.0,747004000.0,,265020000.0,481984000.0,,-0.597,-27073000.0,6088000.0,6088000.0,583639000.0,18893000.0,2.129,-3.232,932058000.0,112000.0,931946000.0,932058000.0,0.0,32282000.0,0.0,0.0,0.0,129944000.0,162226000.0,0.18,162226000.0,129944000.0,51351000.0,0.036,0.036,0.036,-334744000.0,,-334744000.0,1944269077.0,15.0,11.985,45790000.0,0.082,1.0,317477000.0,0.352,336410000.0,78593000.0,1212056000.0,,168153000.0,0.0,0.0,0.0,1081748000.0,124508000.0,957240000.0,1011493077.0,-734000.0,-4000000.0,-707449000.0,467010000.0,0.0,-49875000.0,-23722000.0,7351000.0,72863000.0,0.0,18893000.0,18893000.0,18893000.0,0.0,0.0,0.021,160486000.0,156991000.0,62141000.0,0.0,-3.022,53.538,50.078,113865000.0,0.0,1.803,1.122,1.123,78112000.0,188024000.0,901116000.0,901116000.0,0.0,,,,0.144,0.0,127695000.0,1.0,561063936.0,561081568,574134912.0,1.606,410594000.0,0.0,32458000.0,25294000.0,0.732,140512000.0
94,APH,MRT,1997-12-31,1997-12-31,1997-12-31,2021-08-02,-9912000.0,737154000.0,723908000.0,254780000.0,482374000.0,1.222,-0.386,-24059000.0,4713000.0,4713000.0,572092000.0,26717000.0,2.173,-3.148,937489000.0,212000.0,937277000.0,937489000.0,0.0,31744000.0,0.0,0.0,0.0,127340000.0,159084000.0,0.18,159084000.0,127340000.0,62627000.0,0.03,0.03,0.03,-343125000.0,8711500.0,-343125000.0,,,,62203000.0,0.07,1.0,312256000.0,0.353,339223000.0,64713000.0,1213453000.0,851936500.0,167010000.0,0.0,0.0,0.0,1080279000.0,117254000.0,963025000.0,976426581.0,729000.0,-4000000.0,-707449000.0,452060000.0,0.0,-64825000.0,-20708000.0,7351000.0,86262000.0,0.0,26717000.0,26717000.0,26717000.0,0.0,0.0,0.03,157869000.0,154387000.0,64255000.0,0.0,-2.846,36.547,58.01,111592000.0,0.0,1.74,1.104,1.751,70037000.0,178351000.0,884348000.0,884348000.0,0.0,0.037,3.067,0.149,0.144,0.0,125064000.0,1.0,561063936.0,889800320,896095264.0,0.994,397931000.0,0.0,35910000.0,25748000.0,0.447,137526000.0
95,APH,MRT,1997-09-30,1997-09-30,1997-09-30,2021-08-02,,,,,,,,,,,,,,,,,,,,,,0.0,0.0,,,,,,,,,,,,,,,,,,1.0,,,,,,,,,,,,,,,,,,,,,,,,,,,,,,,,,,,,,,,,1.348,,,,,,,,,,,,,,1.0,,560632992,,,,,,,,
96,APH,MRT,1997-06-30,1997-06-30,1997-06-30,2021-08-02,,,,,,,,,,,,,,,,,,,,,,0.0,0.0,,,,,,,,,,,,,,,,,,1.0,,,,,,,,,,,,,,,,,,,,,,,,,,,,,,,,,,,,,,,,1.215,,,,,,,,,,,,,,1.0,,1019730464,,,,,,,,
97,APH,MRT,1997-03-31,1997-03-31,1997-03-31,2021-08-02,,,,,,,,,,,,,,,,,,,,,,0.0,0.0,,,,,,,,,,,,,,,,,,1.0,,,,,,,,,,,,,,,,,,,,,,,,,,,,,,,,,,,,,,,,0.781,,,,,,,,,,,,,,1.0,,1431040768,,,,,,,,
98,APH,MRT,1996-12-31,1996-12-31,1996-12-31,2021-08-02,-3887000.0,710662000.0,,233782000.0,476880000.0,,0.242,-20374000.0,3984000.0,3984000.0,494689000.0,67578000.0,2.412,0.971,227243000.0,7759000.0,219484000.0,227243000.0,0.0,28808000.0,0.0,0.0,0.0,134282000.0,163090000.0,0.21,163090000.0,134282000.0,109665000.0,0.045,0.045,0.045,360548000.0,,360548000.0,,,,47833000.0,0.032,1.0,281532000.0,0.363,346583000.0,24617000.0,490420000.0,,153283000.0,0.0,0.0,0.0,350114000.0,96918000.0,253196000.0,,-8044000.0,-29461000.0,-52671000.0,26255000.0,0.0,-26416000.0,-49835000.0,0.0,68207000.0,0.0,67578000.0,67578000.0,67578000.0,0.0,0.0,0.087,147250000.0,134282000.0,49484000.0,0.0,,,15.451,102075000.0,0.0,0.695,,1.337,64904000.0,151634000.0,776221000.0,776221000.0,0.0,,,,0.173,0.0,114746000.0,1.0,,1492785312,1495068800.0,0.52,364079000.0,0.0,42087000.0,33712000.0,0.244,136864000.0
99,APH,MRT,1995-12-31,1995-12-31,1995-12-31,2021-08-02,,,,,,,,-20381000.0,,,506707000.0,62858000.0,,,,,,,,27795000.0,,0.0,0.0,130175000.0,157970000.0,0.202,157970000.0,130175000.0,104627000.0,0.042,0.042,0.042,,,,,,,58846000.0,0.039,1.0,276526000.0,0.353,,25548000.0,,,,,,,,,,,7446000.0,0.0,0.0,-50370000.0,0.0,-50370000.0,-21411000.0,0.0,79227000.0,0.0,62858000.0,62858000.0,62858000.0,0.0,0.0,0.08,146351000.0,130175000.0,,0.0,,,18.043,,0.0,0.758,,1.465,,,783233000.0,783233000.0,0.0,,,,0.166,0.0,114041000.0,1.0,,1513733760,1517184480.0,0.517,,,41769000.0,,,
