None,ticker,dimension,calendardate,datekey,reportperiod,lastupdated,accoci,assets,assetsavg,assetsc,assetsnc,assetturnover,bvps,capex,cashneq,cashnequsd,cor,consolinc,currentratio,de,debt,debtc,debtnc,debtusd,deferredrev,depamor,deposits,divyield,dps,ebit,ebitda,ebitdamargin,ebitdausd,ebitusd,ebt,eps,epsdil,epsusd,equity,equityavg,equityusd,ev,evebit,evebitda,fcf,fcfps,fxusd,gp,grossmargin,intangibles,intexp,invcap,invcapavg,inventory,investments,investmentsc,investmentsnc,liabilities,liabilitiesc,liabilitiesnc,marketcap,ncf,ncfbus,ncfcommon,ncfdebt,ncfdiv,ncff,ncfi,ncfinv,ncfo,ncfx,netinc,netinccmn,netinccmnusd,netincdis,netincnci,netmargin,opex,opinc,payables,payoutratio,pb,pe,pe1,ppnenet,prefdivis,price,ps,ps1,receivables,retearn,revenue,revenueusd,rnd,roa,roe,roic,ros,sbcomp,sgna,sharefactor,sharesbas,shareswa,shareswadil,sps,tangibles,taxassets,taxexp,taxliabilities,tbvps,workingcapital
0,BRK.B,MRY,2020-12-31,2020-12-31,2020-12-31,2021-08-09,-4243000000.0,873729000000.0,813064000000.0,,,0.352,189.395,-13012000000.0,47990000000.0,47990000000.0,191930000000.0,43253000000.0,,0.953,116895000000.0,,,116895000000.0,27251000000.0,10596000000.0,0.0,0.0,0.0,59044000000.0,69640000000.0,0.243,69640000000.0,59044000000.0,54961000000.0,17.78,17.78,17.78,443164000000.0,405844750000.0,443164000000.0,623424719549.0,11.0,8.952,26761000000.0,11.437,1.0,94326000000.0,0.33,103196000000.0,4083000000.0,839438000000.0,778894500000.0,19208000000.0,428384000000.0,,,422393000000.0,,,542550719549.0,-16236000000.0,-2532000000.0,-24706000000.0,6791000000.0,0.0,-18344000000.0,-37757000000.0,-18631000000.0,39773000000.0,92000000.0,42521000000.0,42521000000.0,42521000000.0,0.0,732000000.0,0.149,35276000000.0,59050000000.0,44503000000.0,0.0,1.224,12.76,13.041,187017000000.0,0.0,231.87,1.895,1.895,35852000000.0,444626000000.0,286256000000.0,286256000000.0,0.0,0.052,0.105,0.076,0.206,0.0,19809000000.0,1.706,1371600928.0,1371600928.0,,122.337,770533000000.0,0.0,12440000000.0,74098000000.0,329.303,
1,BRK.B,MRY,2019-12-31,2019-12-31,2019-12-31,2021-08-09,-5243000000.0,817729000000.0,776260750000.0,,,0.422,173.775,-15979000000.0,64175000000.0,64175000000.0,198418000000.0,81792000000.0,,0.916,103368000000.0,,,103368000000.0,25063000000.0,10064000000.0,0.0,0.0,0.0,106282000000.0,116346000000.0,0.356,116346000000.0,106282000000.0,102321000000.0,33.22,33.22,33.22,424791000000.0,393455250000.0,424791000000.0,581096235407.0,5.0,4.995,22708000000.0,9.289,1.0,128805000000.0,0.394,112933000000.0,3961000000.0,743989000000.0,712061250000.0,19852000000.0,365566000000.0,,,389166000000.0,,,553678235407.0,33821000000.0,-1683000000.0,-4850000000.0,6077000000.0,0.0,730000000.0,-5621000000.0,13537000000.0,38687000000.0,25000000.0,81417000000.0,81417000000.0,81417000000.0,0.0,375000000.0,0.249,23324000000.0,105481000000.0,42319000000.0,0.0,1.303,6.801,6.818,174341000000.0,0.0,226.5,1.692,1.692,35835000000.0,402493000000.0,327223000000.0,327223000000.0,0.0,0.105,0.207,0.149,0.325,0.0,19226000000.0,1.766,1384122742.0,1384122742.0,,133.861,704796000000.0,0.0,20904000000.0,66799000000.0,288.32,
2,BRK.B,MRY,2018-12-31,2018-12-31,2018-12-31,2021-08-09,-5015000000.0,707794000000.0,714709000000.0,,,0.315,141.687,-14537000000.0,30361000000.0,30361000000.0,193228000000.0,4322000000.0,,1.019,97490000000.0,,,97490000000.0,22686000000.0,9779000000.0,0.0,0.0,0.0,7553000000.0,17332000000.0,0.077,17332000000.0,7553000000.0,3700000000.0,1.63,1.63,1.63,348703000000.0,357451000000.0,348703000000.0,558705308030.0,74.0,32.235,22863000000.0,9.29,1.0,32154000000.0,0.143,112524000000.0,3853000000.0,662399000000.0,650833500000.0,19069000000.0,307766000000.0,,,355294000000.0,,,502503308030.0,-1401000000.0,-3279000000.0,-1346000000.0,-4123000000.0,0.0,-5812000000.0,-32849000000.0,-14962000000.0,37400000000.0,-140000000.0,4021000000.0,4021000000.0,4021000000.0,0.0,301000000.0,0.018,22133000000.0,10021000000.0,37186000000.0,0.0,1.441,124.97,125.264,166706000000.0,0.0,204.18,2.23,2.23,35230000000.0,321112000000.0,225382000000.0,225382000000.0,0.0,0.006,0.011,0.012,0.034,0.0,17856000000.0,1.805,1363526058.0,1363526058.0,,91.578,595270000000.0,0.0,-321000000.0,51375000000.0,241.873,
3,BRK.B,MRY,2017-12-31,2017-12-31,2017-12-31,2021-08-09,58571000000.0,702095000000.0,675922500000.0,,,0.358,141.272,-11708000000.0,31583000000.0,31583000000.0,194431000000.0,45353000000.0,,1.005,102587000000.0,,,102587000000.0,16040000000.0,9188000000.0,0.0,0.0,0.0,27811000000.0,36999000000.0,0.153,36999000000.0,27811000000.0,23425000000.0,18.22,18.22,18.22,348296000000.0,312521000000.0,348296000000.0,547482317310.0,20.0,14.797,34020000000.0,13.799,1.0,47630000000.0,0.197,113776000000.0,4386000000.0,659323000000.0,615593000000.0,17366000000.0,311036000000.0,,,350141000000.0,,,488698317310.0,3569000000.0,-2708000000.0,0.0,-1277000000.0,0.0,-1398000000.0,-41009000000.0,-22985000000.0,45728000000.0,248000000.0,44940000000.0,44940000000.0,44940000000.0,0.0,413000000.0,0.186,22420000000.0,25210000000.0,35903000000.0,0.0,1.403,10.874,10.879,158219000000.0,0.0,198.22,2.019,2.019,32923000000.0,255786000000.0,242061000000.0,242061000000.0,0.0,0.066,0.144,0.045,0.115,0.0,19189000000.0,1.843,1337645811.0,1337645811.0,,98.182,588319000000.0,0.0,-21515000000.0,56607000000.0,238.627,
4,BRK.B,MRY,2016-12-31,2016-12-31,2016-12-31,2021-08-09,37298000000.0,620854000000.0,601005750000.0,,,0.372,114.35,-12954000000.0,28048000000.0,28048000000.0,166557000000.0,24427000000.0,,1.189,101644000000.0,,,101644000000.0,14245000000.0,8901000000.0,0.0,0.0,0.0,37055000000.0,45956000000.0,0.206,45956000000.0,37055000000.0,33314000000.0,9.76,9.76,9.76,282070000000.0,268255000000.0,282070000000.0,418988619955.0,11.0,9.117,19693000000.0,7.983,1.0,56861000000.0,0.255,112967000000.0,3741000000.0,581483000000.0,527595750000.0,15727000000.0,245234000000.0,,,335426000000.0,,,402025619955.0,-38959000000.0,-31399000000.0,0.0,12679000000.0,0.0,12791000000.0,-84225000000.0,-39495000000.0,32647000000.0,-172000000.0,24074000000.0,24074000000.0,24074000000.0,0.0,353000000.0,0.108,20562000000.0,36299000000.0,35042000000.0,0.0,1.425,16.7,16.699,152773000000.0,0.0,162.98,1.799,1.799,27097000000.0,210846000000.0,223418000000.0,223418000000.0,0.0,0.04,0.09,0.07,0.166,0.0,17973000000.0,1.912,1289839991.0,1289839991.0,,90.573,507887000000.0,0.0,9240000000.0,77442000000.0,205.896,
5,BRK.B,MRY,2015-12-31,2015-12-31,2015-12-31,2021-08-09,33982000000.0,552257000000.0,542393750000.0,,,0.389,104.019,-16082000000.0,71730000000.0,71730000000.0,157051000000.0,24414000000.0,,1.149,84289000000.0,,,84289000000.0,13311000000.0,7779000000.0,0.0,0.0,0.0,38130000000.0,45909000000.0,0.218,45909000000.0,38130000000.0,34615000000.0,9.77,9.77,9.77,255550000000.0,247833500000.0,255550000000.0,343040616944.0,9.0,7.472,15409000000.0,6.272,1.0,53892000000.0,0.255,71856000000.0,3515000000.0,492960000000.0,494658500000.0,11916000000.0,178841000000.0,,,293630000000.0,,,324389616944.0,7128000000.0,-10160000000.0,0.0,4036000000.0,0.0,3803000000.0,-28001000000.0,-1924000000.0,31491000000.0,-165000000.0,24083000000.0,24083000000.0,24083000000.0,0.0,331000000.0,0.114,15309000000.0,38583000000.0,31271000000.0,0.0,1.269,13.47,13.515,145166000000.0,0.0,132.04,1.538,1.538,23303000000.0,187703000000.0,210943000000.0,210943000000.0,0.0,0.044,0.097,0.077,0.181,0.0,15309000000.0,1.967,1249170150.0,1249170150.0,,85.863,480401000000.0,0.0,10532000000.0,63126000000.0,195.543,
6,BRK.B,MRY,2014-12-31,2014-12-31,2014-12-31,2021-08-09,42732000000.0,525867000000.0,510638250000.0,,,0.381,97.564,-15185000000.0,63269000000.0,63269000000.0,149594000000.0,20170000000.0,,1.178,79890000000.0,,,79890000000.0,11944000000.0,7370000000.0,0.0,0.0,0.0,31060000000.0,38430000000.0,0.197,38430000000.0,31060000000.0,27807000000.0,,,,240170000000.0,234810750000.0,240170000000.0,382052473594.0,12.0,9.942,16825000000.0,6.835,1.0,45105000000.0,0.232,69917000000.0,3253000000.0,472571000000.0,467217750000.0,10236000000.0,174429000000.0,,,282840000000.0,,,369620473594.0,14126000000.0,-4824000000.0,0.0,3996000000.0,0.0,2731000000.0,-20326000000.0,-653000000.0,32010000000.0,-289000000.0,19872000000.0,19872000000.0,19872000000.0,0.0,298000000.0,0.102,13721000000.0,31384000000.0,30556000000.0,,1.539,18.6,,137244000000.0,0.0,150.15,1.898,1.898,21852000000.0,163620000000.0,194699000000.0,194699000000.0,0.0,0.039,0.085,0.066,0.16,0.0,13721000000.0,2.023,1216764787.0,1216764787.0,,79.092,455950000000.0,0.0,7935000000.0,61235000000.0,185.219,
7,BRK.B,MRY,2013-12-31,2013-12-31,2013-12-31,2021-08-09,44025000000.0,484931000000.0,457969250000.0,,,0.398,89.928,-11087000000.0,48186000000.0,48186000000.0,137271000000.0,19845000000.0,,1.174,72224000000.0,,,72224000000.0,10770000000.0,6508000000.0,0.0,0.0,0.0,31228000000.0,37736000000.0,0.207,37736000000.0,31228000000.0,28427000000.0,,,,221890000000.0,207589750000.0,221890000000.0,316207271451.0,10.0,8.379,16617000000.0,6.735,1.0,44879000000.0,0.246,57011000000.0,2801000000.0,451958000000.0,425369500000.0,9860000000.0,176309000000.0,,,260446000000.0,,,292537271451.0,1194000000.0,-18681000000.0,0.0,3985000000.0,0.0,961000000.0,-27535000000.0,3443000000.0,27704000000.0,64000000.0,19476000000.0,19476000000.0,19476000000.0,0.0,369000000.0,0.107,13282000000.0,31597000000.0,37835000000.0,,1.318,15.02,,123805000000.0,0.0,118.56,1.606,1.606,20280000000.0,143748000000.0,182150000000.0,182150000000.0,0.0,0.043,0.094,0.073,0.171,0.0,13282000000.0,2.108,1170733669.0,1170733669.0,,73.822,427920000000.0,0.0,8951000000.0,57739000000.0,173.428,
8,BRK.B,MRY,2012-12-31,2012-12-31,2012-12-31,2021-08-09,27500000000.0,427452000000.0,418571250000.0,,,0.388,75.653,-9775000000.0,46992000000.0,46992000000.0,125613000000.0,15312000000.0,,1.257,62736000000.0,,,62736000000.0,10237000000.0,6154000000.0,0.0,0.0,0.0,24492000000.0,30646000000.0,0.189,30646000000.0,24492000000.0,21748000000.0,,,,187647000000.0,181406250000.0,187647000000.0,237222976488.0,10.0,7.741,11175000000.0,4.505,1.0,36850000000.0,0.227,54523000000.0,2744000000.0,388673000000.0,383566250000.0,9675000000.0,142912000000.0,,,235864000000.0,,,222489976488.0,9693000000.0,-3188000000.0,0.0,1242000000.0,0.0,-806000000.0,-10574000000.0,2572000000.0,20950000000.0,123000000.0,14824000000.0,14824000000.0,14824000000.0,0.0,488000000.0,0.091,11870000000.0,24980000000.0,35361000000.0,,1.186,15.009,,106872000000.0,0.0,89.7,1.369,1.369,21753000000.0,124272000000.0,162463000000.0,162463000000.0,0.0,0.035,0.082,0.064,0.151,0.0,11870000000.0,2.253,1100711929.0,1100711929.0,,65.499,372929000000.0,0.0,6924000000.0,44494000000.0,150.352,
9,BRK.B,MRY,2011-12-31,2011-12-31,2011-12-31,2021-08-09,17654000000.0,392647000000.0,384333250000.0,,,0.367,66.593,-8191000000.0,37299000000.0,37299000000.0,114402000000.0,10746000000.0,,1.357,60384000000.0,,,60384000000.0,8910000000.0,5492000000.0,0.0,0.0,0.0,17486000000.0,22978000000.0,0.163,22978000000.0,17486000000.0,14822000000.0,,,,164850000000.0,161967250000.0,164850000000.0,214587310587.0,12.0,9.339,12285000000.0,4.963,1.0,26777000000.0,0.19,53213000000.0,2664000000.0,362519000000.0,351398000000.0,8975000000.0,125995000000.0,,,223686000000.0,,,188879310587.0,-928000000.0,-8685000000.0,0.0,-357000000.0,0.0,-2217000000.0,-19189000000.0,-2376000000.0,20476000000.0,2000000.0,10254000000.0,10254000000.0,10254000000.0,0.0,492000000.0,0.073,8670000000.0,18107000000.0,32706000000.0,,1.146,18.42,,100391000000.0,0.0,76.3,1.338,1.338,19012000000.0,109448000000.0,141179000000.0,141179000000.0,0.0,0.027,0.063,0.05,0.124,0.0,8670000000.0,2.318,1068158398.0,1068158398.0,,57.031,339434000000.0,0.0,4568000000.0,37804000000.0,137.118,
10,BRK.B,MRY,2010-12-31,2010-12-31,2010-12-31,2021-08-09,20583000000.0,372229000000.0,360428750000.0,,,0.37,63.645,-5980000000.0,38227000000.0,38227000000.0,103958000000.0,13494000000.0,,1.33,58574000000.0,,,58574000000.0,7997000000.0,4279000000.0,0.0,0.0,0.0,21132000000.0,25411000000.0,0.19,25411000000.0,21132000000.0,18574000000.0,,,,157318000000.0,149240250000.0,157318000000.0,222217897187.0,11.0,8.745,11915000000.0,4.82,1.0,29446000000.0,0.221,49006000000.0,2558000000.0,343570000000.0,338052250000.0,7101000000.0,113604000000.0,,,209295000000.0,,,198015897187.0,7669000000.0,-15924000000.0,0.0,8220000000.0,0.0,8125000000.0,-18277000000.0,4103000000.0,17895000000.0,-74000000.0,12967000000.0,12967000000.0,12967000000.0,0.0,527000000.0,0.097,7704000000.0,21742000000.0,29361000000.0,,1.259,15.271,,93126000000.0,0.0,80.11,1.484,1.484,20917000000.0,99194000000.0,133404000000.0,133404000000.0,0.0,0.036,0.087,0.063,0.158,0.0,7704000000.0,2.38,1038755057.0,1038755057.0,,53.97,323223000000.0,0.0,5607000000.0,36352000000.0,130.764,
11,BRK.B,MRY,2009-12-31,2009-12-31,2009-12-31,2021-08-09,17793000000.0,297119000000.0,281329250000.0,,,0.389,56.456,-4937000000.0,30558000000.0,30558000000.0,87810000000.0,8441000000.0,,1.231,37909000000.0,,,37909000000.0,7925000000.0,3127000000.0,0.0,0.0,0.0,13585000000.0,16712000000.0,0.153,16712000000.0,13585000000.0,11593000000.0,,,,131102000000.0,118625000000.0,131102000000.0,163716567506.0,12.0,9.796,10909000000.0,4.698,1.0,21751000000.0,0.199,33972000000.0,1992000000.0,270498000000.0,258665000000.0,6147000000.0,110842000000.0,,,161334000000.0,,,152614567506.0,5019000000.0,-108000000.0,0.0,643000000.0,0.0,233000000.0,-11161000000.0,-7296000000.0,15846000000.0,101000000.0,8055000000.0,8055000000.0,8055000000.0,0.0,386000000.0,0.074,8117000000.0,13634000000.0,22362000000.0,,1.164,18.947,,46656000000.0,0.0,65.72,1.393,1.393,14792000000.0,86227000000.0,109561000000.0,109561000000.0,0.0,0.029,0.068,0.053,0.124,0.0,8117000000.0,3.124,743324684.0,743324684.0,,47.18,263147000000.0,0.0,3538000000.0,19225000000.0,113.318,
12,BRK.B,MRY,2008-12-31,2008-12-31,2008-12-31,2021-08-09,3954000000.0,267399000000.0,276991750000.0,,,0.373,46.326,-6138000000.0,25539000000.0,25539000000.0,86778000000.0,5596000000.0,,1.407,36882000000.0,,,36882000000.0,7861000000.0,2810000000.0,0.0,0.0,0.0,8935000000.0,11745000000.0,0.114,11745000000.0,8935000000.0,6972000000.0,,,,109267000000.0,116697000000.0,109267000000.0,155803520037.0,17.0,13.266,5114000000.0,2.168,1.0,16564000000.0,0.16,33781000000.0,1963000000.0,244961000000.0,248701500000.0,7500000000.0,97763000000.0,,,153692000000.0,,,151614520037.0,-18790000000.0,-6050000000.0,0.0,2418000000.0,0.0,2286000000.0,-32066000000.0,-20727000000.0,11252000000.0,-262000000.0,4994000000.0,4994000000.0,4994000000.0,0.0,602000000.0,0.048,8052000000.0,8512000000.0,23818000000.0,,1.388,30.359,,45157000000.0,0.0,64.28,1.467,1.467,14925000000.0,78172000000.0,103342000000.0,103342000000.0,0.0,0.018,0.043,0.036,0.086,0.0,8052000000.0,3.214,733914807.0,733914807.0,,43.814,233618000000.0,0.0,1978000000.0,10280000000.0,99.047,
13,BRK.B,MRY,2007-12-31,2007-12-31,2007-12-31,2021-08-09,21620000000.0,273160000000.0,270101250000.0,,,0.424,51.889,-5373000000.0,44329000000.0,44329000000.0,85582000000.0,13567000000.0,,1.24,33826000000.0,,,33826000000.0,6680000000.0,2407000000.0,0.0,0.0,0.0,21717000000.0,24124000000.0,0.21,24124000000.0,21717000000.0,19807000000.0,,,,120733000000.0,116449750000.0,120733000000.0,208031896777.0,10.0,8.623,7177000000.0,3.085,1.0,29025000000.0,0.253,32862000000.0,1910000000.0,229795000000.0,225138750000.0,5793000000.0,118929000000.0,,,149759000000.0,,,220390896777.0,586000000.0,-1602000000.0,0.0,979000000.0,0.0,1366000000.0,-13428000000.0,-7251000000.0,12550000000.0,98000000.0,13213000000.0,13213000000.0,13213000000.0,0.0,354000000.0,0.115,7098000000.0,21927000000.0,19646000000.0,,1.825,16.68,,36190000000.0,0.0,94.72,1.923,1.923,13157000000.0,72153000000.0,114607000000.0,114607000000.0,0.0,0.049,0.113,0.096,0.189,0.0,7098000000.0,3.353,693867153.0,693867153.0,,49.256,240298000000.0,0.0,6594000000.0,18825000000.0,103.276,
14,BRK.B,MRY,2006-12-31,2006-12-31,2006-12-31,2021-08-09,22977000000.0,248437000000.0,237744000000.0,,,0.392,46.87,-4571000000.0,43743000000.0,43743000000.0,70731000000.0,11015000000.0,,1.271,32605000000.0,,,32605000000.0,7058000000.0,2066000000.0,0.0,0.0,0.0,18244000000.0,20310000000.0,0.218,20310000000.0,18244000000.0,16520000000.0,,,,108419000000.0,100906250000.0,108419000000.0,158322088241.0,9.0,7.795,5624000000.0,2.431,1.0,22354000000.0,0.24,32238000000.0,1724000000.0,205061000000.0,195211500000.0,5257000000.0,101343000000.0,,,137756000000.0,,,169601088241.0,-1275000000.0,-10132000000.0,0.0,2406000000.0,0.0,2490000000.0,-14077000000.0,-391000000.0,10195000000.0,117000000.0,11015000000.0,11015000000.0,11015000000.0,0.0,0.0,0.118,5932000000.0,16422000000.0,19890000000.0,,1.564,15.397,,33342000000.0,0.0,73.32,1.822,1.822,12881000000.0,58912000000.0,93085000000.0,93085000000.0,0.0,0.046,0.109,0.093,0.196,0.0,5932000000.0,3.687,627407558.0,627407558.0,,40.241,216199000000.0,0.0,5505000000.0,19170000000.0,93.465,
15,BRK.B,MRY,2005-12-31,2005-12-31,2005-12-31,2021-08-09,17360000000.0,198325000000.0,195236250000.0,,,0.395,39.329,-2195000000.0,44660000000.0,44660000000.0,60232000000.0,8528000000.0,,1.159,14451000000.0,,,14451000000.0,6206000000.0,982000000.0,0.0,0.0,0.0,13410000000.0,14392000000.0,0.187,14392000000.0,13410000000.0,12687000000.0,,,,91484000000.0,88886000000.0,91484000000.0,105995916515.0,8.0,7.365,7251000000.0,3.117,1.0,16798000000.0,0.218,23644000000.0,723000000.0,144472000000.0,142089000000.0,4143000000.0,92788000000.0,,,106025000000.0,,,136567916515.0,1233000000.0,-2387000000.0,0.0,5563000000.0,0.0,5751000000.0,-13841000000.0,-11020000000.0,9446000000.0,-123000000.0,8528000000.0,8528000000.0,8528000000.0,0.0,0.0,0.111,5328000000.0,11470000000.0,13050000000.0,,1.493,16.014,,7500000000.0,0.0,58.71,1.773,1.773,12397000000.0,47717000000.0,77030000000.0,77030000000.0,0.0,0.044,0.096,0.094,0.174,0.0,5328000000.0,5.541,419806119.0,419806119.0,,33.115,174681000000.0,0.0,4159000000.0,12252000000.0,75.095,
16,BRK.B,MRY,2004-12-31,2004-12-31,2004-12-31,2021-08-09,20435000000.0,188874000000.0,196278500000.0,,,0.36,37.037,-1278000000.0,43427000000.0,43427000000.0,55416000000.0,7308000000.0,,1.19,14610000000.0,,,14610000000.0,6283000000.0,941000000.0,0.0,0.0,0.0,11598000000.0,12539000000.0,0.178,12539000000.0,11598000000.0,10877000000.0,,,,85900000000.0,81684750000.0,85900000000.0,108422605618.0,9.0,8.647,6033000000.0,2.601,1.0,15178000000.0,0.215,23012000000.0,721000000.0,137045000000.0,158750500000.0,3842000000.0,82164000000.0,,,102216000000.0,,,136187605618.0,7470000000.0,-414000000.0,0.0,-322000000.0,0.0,-156000000.0,315000000.0,1273000000.0,7311000000.0,0.0,7308000000.0,7308000000.0,7308000000.0,0.0,0.0,0.104,4989000000.0,10189000000.0,7500000000.0,,1.585,18.635,,6516000000.0,0.0,58.72,1.929,1.929,11291000000.0,39189000000.0,70594000000.0,70594000000.0,0.0,0.037,0.089,0.073,0.164,0.0,4989000000.0,5.741,403955283.0,403955283.0,,30.438,165862000000.0,0.0,3569000000.0,12247000000.0,71.515,
17,BRK.B,MRY,2003-12-31,2003-12-31,2003-12-31,2021-08-09,19556000000.0,180559000000.0,173836000000.0,,,0.367,33.599,-1066000000.0,35957000000.0,35957000000.0,47887000000.0,8151000000.0,,1.317,17050000000.0,,,17050000000.0,6308000000.0,849000000.0,0.0,0.0,0.0,12109000000.0,12958000000.0,0.203,12958000000.0,12109000000.0,11956000000.0,,,,77596000000.0,71381750000.0,77596000000.0,115355667069.0,10.0,8.902,7275000000.0,3.15,1.0,15972000000.0,0.25,22948000000.0,153000000.0,138704000000.0,139924500000.0,3656000000.0,84575000000.0,,,102218000000.0,,,130023667069.0,23209000000.0,-3213000000.0,0.0,-447000000.0,0.0,-1161000000.0,16029000000.0,19904000000.0,8341000000.0,0.0,8151000000.0,8151000000.0,8151000000.0,0.0,0.0,0.128,4228000000.0,11744000000.0,6871000000.0,,1.676,15.952,,6260000000.0,0.0,56.3,2.036,2.036,12314000000.0,31881000000.0,63859000000.0,63859000000.0,0.0,0.047,0.114,0.087,0.19,0.0,4228000000.0,6.179,373761724.0,373761724.0,,27.651,157611000000.0,0.0,3805000000.0,10994000000.0,68.245,
18,BRK.B,MRY,2002-12-31,2002-12-31,2002-12-31,2021-08-09,14271000000.0,169544000000.0,167353500000.0,,,0.252,27.796,-928000000.0,12748000000.0,12748000000.0,33010000000.0,4286000000.0,,1.626,23077000000.0,,,23077000000.0,6694000000.0,679000000.0,0.0,0.0,0.0,6537000000.0,7216000000.0,0.171,7216000000.0,6537000000.0,6345000000.0,,,,64037000000.0,62380500000.0,64037000000.0,125299541504.0,19.0,17.364,10207000000.0,4.43,1.0,9225000000.0,0.218,22298000000.0,192000000.0,157575000000.0,149455750000.0,3030000000.0,96513000000.0,,,104116000000.0,,,111643541504.0,6250000000.0,-2620000000.0,0.0,-3720000000.0,0.0,-3574000000.0,-1311000000.0,2089000000.0,11135000000.0,0.0,4286000000.0,4286000000.0,4286000000.0,0.0,0.0,0.101,3033000000.0,6192000000.0,4995000000.0,,1.743,26.048,,5368000000.0,0.0,48.46,2.643,2.643,13153000000.0,23730000000.0,42235000000.0,42235000000.0,0.0,0.026,0.069,0.044,0.155,0.0,3033000000.0,6.93,332420826.0,332420826.0,,18.333,147246000000.0,0.0,2059000000.0,8051000000.0,63.914,
19,BRK.B,MRY,2001-12-31,2001-12-31,2001-12-31,2021-08-09,12891000000.0,162752000000.0,154568000000.0,,,0.25,25.316,0.0,6498000000.0,6498000000.0,33777000000.0,795000000.0,,1.785,33969000000.0,,,33969000000.0,4814000000.0,945000000.0,0.0,0.0,0.0,1590000000.0,2535000000.0,0.066,2535000000.0,1590000000.0,1385000000.0,,,,57950000000.0,58044500000.0,57950000000.0,114203946951.0,72.0,45.051,6574000000.0,2.872,1.0,4816000000.0,0.125,21510000000.0,205000000.0,168713000000.0,138330500000.0,2213000000.0,99671000000.0,,,103453000000.0,,,115598946951.0,894000000.0,-4697000000.0,0.0,5898000000.0,0.0,6014000000.0,-11694000000.0,-6313000000.0,6574000000.0,0.0,795000000.0,795000000.0,795000000.0,0.0,0.0,0.021,3307000000.0,1509000000.0,4249000000.0,,1.995,145.407,,4776000000.0,0.0,50.5,2.995,2.995,15231000000.0,19444000000.0,38593000000.0,38593000000.0,0.0,0.005,0.014,0.011,0.041,0.0,2735000000.0,7.514,304649090.0,304649090.0,,16.86,141242000000.0,0.0,590000000.0,7021000000.0,61.702,
20,BRK.B,MRY,2000-12-31,2000-12-31,2000-12-31,2021-08-09,17543000000.0,135792000000.0,133818000000.0,,,0.261,26.73,0.0,5263000000.0,5263000000.0,26806000000.0,3328000000.0,,1.2,2663000000.0,,,2663000000.0,3885000000.0,997000000.0,0.0,0.0,0.0,5490000000.0,6487000000.0,0.186,6487000000.0,5490000000.0,5346000000.0,,,,61724000000.0,58748000000.0,61724000000.0,108577959576.0,20.0,16.738,2947000000.0,1.276,1.0,8083000000.0,0.232,18875000000.0,144000000.0,114317000000.0,114610750000.0,1275000000.0,71905000000.0,,,74068000000.0,,,108713959576.0,1146000000.0,-3798000000.0,0.0,545000000.0,0.0,470000000.0,-2271000000.0,2109000000.0,2947000000.0,0.0,3328000000.0,3328000000.0,3328000000.0,0.0,0.0,0.095,2418000000.0,5665000000.0,8374000000.0,,1.761,32.666,,2699000000.0,0.0,47.08,3.116,3.116,11764000000.0,18649000000.0,34889000000.0,34889000000.0,0.0,0.025,0.057,0.048,0.157,0.0,1703000000.0,8.433,273833310.0,273833310.0,,15.109,116917000000.0,0.0,2018000000.0,10125000000.0,50.632,
21,BRK.B,MRY,1999-12-31,1999-12-31,1999-12-31,2021-08-09,17223000000.0,131416000000.0,126737000000.0,,,0.19,24.806,0.0,3835000000.0,3835000000.0,19803000000.0,1557000000.0,,1.275,2465000000.0,,,2465000000.0,3718000000.0,688000000.0,0.0,0.0,0.0,2543000000.0,3231000000.0,0.134,3231000000.0,2543000000.0,2409000000.0,,,,57761000000.0,57247750000.0,57761000000.0,82955763177.0,33.0,25.675,2200000000.0,0.945,1.0,4225000000.0,0.176,18281000000.0,134000000.0,111765000000.0,104170750000.0,844000000.0,67994000000.0,,,73655000000.0,,,85222763177.0,-10031000000.0,-153000000.0,0.0,504000000.0,0.0,367000000.0,-12598000000.0,-12028000000.0,2200000000.0,0.0,1557000000.0,1557000000.0,1557000000.0,0.0,0.0,0.065,1641000000.0,2584000000.0,7458000000.0,,1.475,54.735,,1903000000.0,0.0,36.6,3.547,3.547,8558000000.0,15321000000.0,24028000000.0,24028000000.0,0.0,0.012,0.027,0.024,0.106,0.0,1164000000.0,8.674,268456170.0,268456170.0,,10.319,113135000000.0,0.0,852000000.0,9566000000.0,48.587,
22,BRK.B,MRY,1998-12-31,1998-12-31,1998-12-31,2021-08-09,18510000000.0,122237000000.0,75365000000.0,,,0.184,30.84,0.0,13582000000.0,13582000000.0,8242000000.0,2830000000.0,,1.129,2385000000.0,,,2385000000.0,3324000000.0,265000000.0,0.0,0.0,0.0,4396000000.0,4661000000.0,0.337,4661000000.0,4396000000.0,4287000000.0,,,,57403000000.0,40014000000.0,57403000000.0,82382225524.0,19.0,17.675,657000000.0,0.353,1.0,5590000000.0,0.404,18570000000.0,109000000.0,92470000000.0,63003000000.0,767000000.0,61007000000.0,,,64834000000.0,,,87482225524.0,13431000000.0,4971000000.0,0.0,58000000.0,0.0,61000000.0,12713000000.0,8044000000.0,657000000.0,0.0,2830000000.0,2830000000.0,2830000000.0,0.0,0.0,0.205,1167000000.0,4423000000.0,7182000000.0,,1.524,30.912,,1509000000.0,0.0,47.0,6.325,6.325,7224000000.0,13764000000.0,13832000000.0,13832000000.0,0.0,0.038,0.071,0.07,0.318,0.0,1056000000.0,19.515,95376779.0,95376779.0,,7.431,103667000000.0,0.0,1457000000.0,11762000000.0,55.695,
23,BRK.B,MRY,1997-12-31,1997-12-31,1997-12-31,2021-08-09,18198000000.0,56111000000.0,49760200000.0,,,0.21,16.895,0.0,1002000000.0,1002000000.0,6487000000.0,1901000000.0,,0.784,2267000000.0,,,2267000000.0,1274000000.0,227000000.0,0.0,0.0,0.0,2911000000.0,3138000000.0,0.301,3138000000.0,2911000000.0,2799000000.0,,,,31455000000.0,27440650000.0,31455000000.0,,,,2335000000.0,1.254,1.0,3943000000.0,0.378,3067000000.0,112000000.0,54309000000.0,47606350000.0,639000000.0,46546000000.0,,,24656000000.0,,,57305431419.0,-292000000.0,-775000000.0,0.0,-95000000.0,0.0,-96000000.0,-2531000000.0,-1574000000.0,2335000000.0,0.0,1901000000.0,1901000000.0,1901000000.0,0.0,0.0,0.182,1004000000.0,2939000000.0,2202000000.0,,1.822,30.145,,1057000000.0,0.0,30.78,5.494,5.494,1711000000.0,10934000000.0,10430000000.0,10430000000.0,0.0,0.038,0.069,0.061,0.279,0.0,921000000.0,28.201,66017870.0,66017870.0,,5.602,53044000000.0,0.0,898000000.0,10539000000.0,28.491,
24,BRK.B,MRY,1996-12-31,1996-12-31,1996-12-31,2021-08-09,12143900000.0,43409400000.0,,,,,,0.0,1339800000.0,1339800000.0,5771000000.0,2489000000.0,,0.853,1944400000.0,,,1944400000.0,1183500000.0,151000000.0,0.0,0.0,0.0,3786000000.0,3937000000.0,0.375,3937000000.0,3786000000.0,3686000000.0,,,,23426300000.0,,23426300000.0,,,,1260000000.0,,1.0,4729000000.0,0.45,3110300000.0,100000000.0,40903700000.0,,619600000.0,34197500000.0,,,19983100000.0,,,,-1394000000.0,-1975000000.0,565000000.0,292000000.0,0.0,854000000.0,-3508000000.0,-1514000000.0,1260000000.0,0.0,2489000000.0,2489000000.0,2489000000.0,0.0,0.0,0.237,923000000.0,3806000000.0,2556800000.0,,,,,1034200000.0,0.0,22.24,,,1523200000.0,9032700000.0,10500000000.0,10500000000.0,0.0,,,,0.361,0.0,862000000.0,28.201,,,,,40299100000.0,0.0,1197000000.0,6837600000.0,,
25,BRK.B,MRY,1995-12-31,1995-12-31,1995-12-31,2021-08-09,,,,,,,,0.0,,,2643700000.0,794900000.0,,,,,,,,75700000.0,,,0.0,1130400000.0,1206100000.0,0.264,1206100000.0,1130400000.0,1071100000.0,,,,,,,,,,1127900000.0,,1.0,1919600000.0,0.421,,59300000.0,,,,,,,,,,,2454600000.0,0.0,0.0,114600000.0,0.0,113100000.0,1213600000.0,1225000000.0,1127900000.0,0.0,794900000.0,794900000.0,794900000.0,0.0,0.0,0.174,775900000.0,1143700000.0,,,,,,,0.0,,,,,,4563300000.0,4563300000.0,0.0,,,,0.248,0.0,759600000.0,28.201,,,,,,,276200000.0,,,
0,BRK.B,MRQ,2021-06-30,2021-06-30,2021-06-30,2021-08-09,-4219000000.0,912493000000.0,,,,,205.745,-3144000000.0,42298000000.0,42298000000.0,53250000000.0,28425000000.0,,0.922,115223000000.0,,,115223000000.0,29551000000.0,2672000000.0,0.0,0.0,0.0,36466000000.0,39138000000.0,0.406,39138000000.0,36466000000.0,35390000000.0,12.33,12.33,12.33,470409000000.0,,470409000000.0,689904383894.0,5.0,4.675,7109000000.0,3.109,1.0,43258000000.0,0.448,102611000000.0,1076000000.0,882807000000.0,,19393000000.0,466604000000.0,,,433693000000.0,,,635427383894.0,-17656000000.0,-57000000.0,-5980000000.0,958000000.0,0.0,-5229000000.0,-22629000000.0,-19520000000.0,10253000000.0,-51000000.0,28094000000.0,28094000000.0,28094000000.0,0.0,331000000.0,0.291,6608000000.0,36650000000.0,45544000000.0,0.0,1.351,6.007,6.164,188311000000.0,0.0,277.92,1.74,1.74,40273000000.0,484431000000.0,96508000000.0,96508000000.0,0.0,,,,,0.0,5045000000.0,1.723,1327210118.0,1327210118.0,,42.21,809882000000.0,0.0,7296000000.0,81577000000.0,354.222,
1,BRK.B,MRQ,2021-03-31,2021-03-31,2021-03-31,2021-08-09,-4570000000.0,884393000000.0,,,,,194.156,-2519000000.0,60054000000.0,60054000000.0,49969000000.0,11840000000.0,,0.956,114531000000.0,,,114531000000.0,29473000000.0,2673000000.0,0.0,0.0,0.0,15449000000.0,18122000000.0,0.258,18122000000.0,15449000000.0,14399000000.0,5.09,5.09,5.09,447987000000.0,,447987000000.0,658365043870.0,5.0,4.471,6787000000.0,2.941,1.0,20330000000.0,0.289,102879000000.0,1050000000.0,835991000000.0,,18886000000.0,423491000000.0,,,428217000000.0,,,589460043870.0,12092000000.0,-47000000.0,-6580000000.0,-1637000000.0,0.0,-8349000000.0,11196000000.0,13313000000.0,9306000000.0,-61000000.0,11711000000.0,11711000000.0,11711000000.0,0.0,129000000.0,0.167,5003000000.0,15327000000.0,43693000000.0,0.0,1.316,5.669,5.854,187356000000.0,0.0,255.47,1.612,1.612,39052000000.0,456337000000.0,70299000000.0,70299000000.0,0.0,,,,,0.0,3910000000.0,1.726,1336989195.0,1336989195.0,,30.467,781514000000.0,0.0,2688000000.0,76392000000.0,338.706,
2,BRK.B,MRQ,2020-12-31,2020-12-31,2020-12-31,2021-08-09,-4243000000.0,873729000000.0,,,,,189.395,-3496000000.0,47990000000.0,47990000000.0,50777000000.0,36130000000.0,,0.953,116895000000.0,,,116895000000.0,27251000000.0,2904000000.0,0.0,0.0,0.0,46165000000.0,49069000000.0,0.473,49069000000.0,46165000000.0,45108000000.0,15.01,15.01,15.01,443164000000.0,,443164000000.0,623424719549.0,11.0,8.952,7050000000.0,3.013,1.0,52958000000.0,0.511,103196000000.0,1057000000.0,839438000000.0,,19208000000.0,428384000000.0,,,422393000000.0,,,542550719549.0,20959000000.0,-2421000000.0,-8994000000.0,2559000000.0,0.0,-6668000000.0,16649000000.0,24463000000.0,10546000000.0,432000000.0,35835000000.0,35835000000.0,35835000000.0,0.0,295000000.0,0.345,6891000000.0,46067000000.0,44503000000.0,0.0,1.224,12.76,13.041,187017000000.0,0.0,231.87,1.895,1.895,35852000000.0,444626000000.0,103735000000.0,103735000000.0,0.0,,,,,0.0,5505000000.0,1.706,1371600928.0,1371600928.0,,44.333,770533000000.0,0.0,9273000000.0,74098000000.0,329.303,
3,BRK.B,MRQ,2020-09-30,2020-09-30,2020-09-30,2021-08-09,-5190000000.0,829946000000.0,,,,,173.844,-3329000000.0,26817000000.0,26817000000.0,49279000000.0,30413000000.0,,0.989,107691000000.0,,,107691000000.0,27408000000.0,2583000000.0,0.0,0.0,0.0,38654000000.0,41237000000.0,0.436,41237000000.0,38654000000.0,37654000000.0,12.66,12.66,12.66,415155000000.0,,415155000000.0,579135238447.0,11.0,9.502,8432000000.0,3.531,1.0,45327000000.0,0.479,101517000000.0,1000000000.0,809303000000.0,,19361000000.0,419394000000.0,,,410731000000.0,,,508520238447.0,-9150000000.0,-29000000.0,-8973000000.0,99000000.0,0.0,-8856000000.0,-11855000000.0,-7527000000.0,11761000000.0,-200000000.0,30137000000.0,30137000000.0,30137000000.0,0.0,276000000.0,0.319,6687000000.0,38640000000.0,44026000000.0,0.0,1.225,14.187,14.177,176253000000.0,0.0,212.94,1.821,1.821,37815000000.0,408791000000.0,94606000000.0,94606000000.0,0.0,,,,,0.0,5181000000.0,1.703,1402014360.0,1402014360.0,,39.616,728429000000.0,0.0,7517000000.0,67340000000.0,305.026,
4,BRK.B,MRQ,2020-06-30,2020-06-30,2020-06-30,2021-08-09,-5967000000.0,788133000000.0,,,,,161.89,-3219000000.0,36074000000.0,36074000000.0,43879000000.0,26407000000.0,,0.993,106689000000.0,,,106689000000.0,26381000000.0,2524000000.0,0.0,0.0,0.0,36299000000.0,38823000000.0,0.401,38823000000.0,36299000000.0,35297000000.0,10.88,10.88,10.88,393495000000.0,,393495000000.0,495486260688.0,15.0,11.367,7449000000.0,3.065,1.0,53046000000.0,0.547,101600000000.0,1002000000.0,757148000000.0,,19277000000.0,372489000000.0,,,390880000000.0,,,433893260688.0,-6509000000.0,-56000000.0,-4998000000.0,2579000000.0,0.0,-2474000000.0,-14747000000.0,-10676000000.0,10668000000.0,44000000.0,26295000000.0,26295000000.0,26295000000.0,0.0,112000000.0,0.271,16378000000.0,36668000000.0,40665000000.0,0.0,1.103,19.517,19.595,174789000000.0,0.0,178.51,1.666,1.666,36766000000.0,378654000000.0,96925000000.0,96925000000.0,0.0,,,,,0.0,4652000000.0,1.747,1391400255.0,1391400255.0,,39.876,686533000000.0,0.0,9002000000.0,61270000000.0,282.45,
5,BRK.B,MRQ,2020-03-31,2020-03-31,2020-03-31,2021-08-09,-6721000000.0,760448000000.0,,,,,152.365,-2968000000.0,42640000000.0,42640000000.0,47995000000.0,-49697000000.0,,1.037,104233000000.0,,,104233000000.0,27009000000.0,2585000000.0,0.0,0.0,0.0,-62074000000.0,-59489000000.0,6.603,-59489000000.0,-62074000000.0,-63098000000.0,-20.44,-20.44,-20.44,371565000000.0,,371565000000.0,485052902285.0,31.0,18.747,3830000000.0,1.571,1.0,-57005000000.0,6.327,112352000000.0,1024000000.0,709689000000.0,,20172000000.0,328471000000.0,,,385213000000.0,,,445859902285.0,-21536000000.0,-26000000.0,-1741000000.0,1554000000.0,0.0,-346000000.0,-27804000000.0,-24891000000.0,6798000000.0,-184000000.0,-49746000000.0,-49746000000.0,-49746000000.0,0.0,49000000.0,5.521,5320000000.0,-62325000000.0,39614000000.0,0.0,1.2,44.541,46.053,173421000000.0,0.0,182.83,1.88,1.88,37957000000.0,352359000000.0,-9010000000.0,-9010000000.0,0.0,,,,,0.0,4471000000.0,1.759,1386695355.0,1386695355.0,,-3.695,648096000000.0,0.0,-13352000000.0,52571000000.0,265.759,
6,BRK.B,MRQ,2019-12-31,2019-12-31,2019-12-31,2021-08-09,-5243000000.0,817729000000.0,,,,,173.775,-4840000000.0,64175000000.0,64175000000.0,52436000000.0,29230000000.0,,0.916,103368000000.0,,,103368000000.0,25063000000.0,2657000000.0,0.0,0.0,0.0,37723000000.0,40380000000.0,0.418,40380000000.0,37723000000.0,36730000000.0,11.92,11.92,11.92,424791000000.0,,424791000000.0,581096235407.0,5.0,4.995,7237000000.0,2.961,1.0,44243000000.0,0.458,112933000000.0,993000000.0,743989000000.0,,19852000000.0,365566000000.0,,,389166000000.0,,,553678235407.0,-10659000000.0,-951000000.0,-2043000000.0,420000000.0,0.0,-1779000000.0,-21077000000.0,-14857000000.0,12077000000.0,120000000.0,29159000000.0,29159000000.0,29159000000.0,0.0,71000000.0,0.302,6689000000.0,37554000000.0,42319000000.0,0.0,1.303,6.801,6.818,174341000000.0,0.0,226.5,1.692,1.692,35835000000.0,402493000000.0,96679000000.0,96679000000.0,0.0,,,,,0.0,5581000000.0,1.766,1384122742.0,1384122742.0,,39.55,704796000000.0,0.0,7571000000.0,66799000000.0,288.32,
7,BRK.B,MRQ,2019-09-30,2019-09-30,2019-09-30,2021-08-09,-5408000000.0,788482000000.0,,,,,161.937,-4392000000.0,74776000000.0,74776000000.0,49522000000.0,16657000000.0,,0.973,102194000000.0,,,102194000000.0,25870000000.0,2534000000.0,0.0,0.0,0.0,21341000000.0,23875000000.0,0.315,23875000000.0,21341000000.0,20356000000.0,6.75,6.75,6.75,397609000000.0,,397609000000.0,566032302673.0,15.0,12.088,5456000000.0,2.222,1.0,26376000000.0,0.348,112016000000.0,985000000.0,703884000000.0,,19951000000.0,327271000000.0,,,386924000000.0,,,510759302673.0,30189000000.0,-152000000.0,-674000000.0,2834000000.0,0.0,2098000000.0,18364000000.0,23998000000.0,9848000000.0,-121000000.0,16524000000.0,16524000000.0,16524000000.0,0.0,133000000.0,0.218,5546000000.0,20830000000.0,41189000000.0,0.0,1.285,19.011,18.894,171490000000.0,0.0,208.02,1.974,1.974,38267000000.0,373334000000.0,75898000000.0,75898000000.0,0.0,,,,,0.0,4384000000.0,1.77,1387021309.0,1387021309.0,,30.911,676466000000.0,0.0,3832000000.0,60389000000.0,275.508,
8,BRK.B,MRQ,2019-06-30,2019-06-30,2019-06-30,2021-08-09,-4678000000.0,760108000000.0,,,,,155.899,-3596000000.0,44634000000.0,44634000000.0,49015000000.0,14173000000.0,,0.977,99907000000.0,,,99907000000.0,25259000000.0,2456000000.0,0.0,0.0,0.0,18651000000.0,21107000000.0,0.287,21107000000.0,18651000000.0,17659000000.0,5.74,5.74,5.74,382544000000.0,,382544000000.0,594129802055.0,15.0,12.057,5589000000.0,2.278,1.0,24631000000.0,0.334,112301000000.0,992000000.0,703080000000.0,,19834000000.0,332238000000.0,,,373717000000.0,,,523075802055.0,18578000000.0,-318000000.0,-548000000.0,2627000000.0,0.0,2089000000.0,7293000000.0,11251000000.0,9185000000.0,11000000.0,14073000000.0,14073000000.0,14073000000.0,0.0,100000000.0,0.191,6004000000.0,18627000000.0,40588000000.0,0.0,1.367,18.111,18.096,169460000000.0,0.0,213.17,2.004,2.004,37582000000.0,356846000000.0,73646000000.0,73646000000.0,0.0,,,,,0.0,4829000000.0,1.792,1368966612.0,1368966612.0,,30.013,647807000000.0,0.0,3586000000.0,59622000000.0,264.002,
9,BRK.B,MRQ,2019-03-31,2019-03-31,2019-03-31,2021-08-09,-4727000000.0,738724000000.0,,,,,149.897,-3151000000.0,26139000000.0,26139000000.0,47445000000.0,21732000000.0,,0.993,97193000000.0,,,97193000000.0,25243000000.0,2417000000.0,0.0,0.0,0.0,28567000000.0,30984000000.0,0.383,30984000000.0,28567000000.0,27576000000.0,8.81,8.81,8.81,368877000000.0,,368877000000.0,561493250111.0,15.0,12.064,4426000000.0,1.799,1.0,33555000000.0,0.414,112486000000.0,991000000.0,697292000000.0,,19454000000.0,332955000000.0,,,366133000000.0,,,494364250111.0,-4287000000.0,-262000000.0,-1585000000.0,196000000.0,0.0,-1678000000.0,-10201000000.0,-6855000000.0,7577000000.0,15000000.0,21661000000.0,21661000000.0,21661000000.0,0.0,71000000.0,0.267,5085000000.0,28470000000.0,39807000000.0,0.0,1.34,18.433,18.413,167424000000.0,0.0,200.89,1.932,1.932,37170000000.0,342773000000.0,81000000000.0,81000000000.0,0.0,,,,,0.0,4432000000.0,1.792,1373477638.0,1373477638.0,,32.915,626238000000.0,0.0,5915000000.0,56852000000.0,254.478,
10,BRK.B,MRQ,2018-12-31,2018-12-31,2018-12-31,2021-08-09,-5015000000.0,707794000000.0,,,,,141.687,-4497000000.0,30361000000.0,30361000000.0,51022000000.0,-25391000000.0,,1.019,97490000000.0,,,97490000000.0,22686000000.0,2610000000.0,0.0,0.0,0.0,-31751000000.0,-29141000000.0,-1.033,-29141000000.0,-31751000000.0,-32722000000.0,-10.29,-10.29,-10.29,348703000000.0,,348703000000.0,558705308030.0,74.0,32.235,6348000000.0,2.579,1.0,-22816000000.0,-0.809,112524000000.0,971000000.0,662399000000.0,,19069000000.0,307766000000.0,,,355294000000.0,,,502503308030.0,-11290000000.0,-2758000000.0,-418000000.0,198000000.0,0.0,-286000000.0,-21818000000.0,-14235000000.0,10845000000.0,-31000000.0,-25392000000.0,-25392000000.0,-25392000000.0,0.0,1000000.0,-0.9,5723000000.0,-28539000000.0,37186000000.0,0.0,1.441,124.97,125.264,166706000000.0,0.0,204.18,2.23,2.23,35230000000.0,321112000000.0,28206000000.0,28206000000.0,0.0,,,,,0.0,4422000000.0,1.805,1363526058.0,1363526058.0,,11.461,595270000000.0,0.0,-7330000000.0,51375000000.0,241.873,
11,BRK.B,MRQ,2018-09-30,2018-09-30,2018-09-30,2021-08-09,-3927000000.0,736459000000.0,,,,,152.164,-3711000000.0,41438000000.0,41438000000.0,48787000000.0,18707000000.0,,0.951,97640000000.0,,,97640000000.0,19011000000.0,2395000000.0,0.0,0.0,0.0,23930000000.0,26325000000.0,0.337,26325000000.0,23930000000.0,22980000000.0,7.52,7.52,7.52,375606000000.0,,375606000000.0,562629438580.0,12.0,10.101,6753000000.0,2.736,1.0,29369000000.0,0.376,112953000000.0,950000000.0,679708000000.0,,16793000000.0,313632000000.0,,,357040000000.0,,,530417438580.0,-23075000000.0,-148000000.0,-928000000.0,942000000.0,0.0,-10000000.0,-33461000000.0,-29633000000.0,10464000000.0,-68000000.0,18540000000.0,18540000000.0,18540000000.0,0.0,167000000.0,0.237,5588000000.0,23781000000.0,40199000000.0,0.0,1.412,8.56,8.52,165017000000.0,0.0,214.11,2.071,2.063,31884000000.0,346503000000.0,78156000000.0,78156000000.0,0.0,,,,,0.0,4494000000.0,1.813,1366575275.0,1361677152.0,1361677152.0,31.662,623506000000.0,0.0,4440000000.0,59340000000.0,252.592,
12,BRK.B,MRQ,2018-06-30,2018-06-30,2018-06-30,2021-08-09,-3808000000.0,711932000000.0,,,,,145.117,-3740000000.0,64561000000.0,64561000000.0,47469000000.0,12077000000.0,,0.978,96773000000.0,,,96773000000.0,18292000000.0,2387000000.0,0.0,0.0,0.0,15989000000.0,18376000000.0,0.268,18376000000.0,15989000000.0,15032000000.0,4.87,4.87,4.87,358094000000.0,,358094000000.0,501787215665.0,17.0,13.069,4795000000.0,1.943,1.0,21093000000.0,0.308,113175000000.0,957000000.0,630969000000.0,,16194000000.0,270836000000.0,,,350174000000.0,,,460583215665.0,6802000000.0,-261000000.0,0.0,-1571000000.0,0.0,-1722000000.0,122000000.0,3744000000.0,8535000000.0,-133000000.0,12011000000.0,12011000000.0,12011000000.0,0.0,66000000.0,0.175,5365000000.0,15728000000.0,39032000000.0,0.0,1.286,9.698,9.691,163229000000.0,0.0,186.65,1.932,1.932,31280000000.0,327963000000.0,68562000000.0,68562000000.0,0.0,,,,,0.0,4232000000.0,1.832,1346824640.0,1346824640.0,,27.785,598757000000.0,0.0,3021000000.0,56514000000.0,242.645,
13,BRK.B,MRQ,2018-03-31,2018-03-31,2018-03-31,2021-08-09,-2477000000.0,702651000000.0,,,,,140.754,-2589000000.0,57881000000.0,57881000000.0,45950000000.0,-1071000000.0,,1.012,99085000000.0,,,99085000000.0,18448000000.0,2387000000.0,0.0,0.0,0.0,-615000000.0,1772000000.0,0.035,1772000000.0,-615000000.0,-1590000000.0,-0.46,-0.46,-0.46,347401000000.0,,347401000000.0,563349826611.0,27.0,18.871,4967000000.0,2.012,1.0,4508000000.0,0.089,113597000000.0,975000000.0,630258000000.0,,16244000000.0,268791000000.0,,,351599000000.0,,,492345826611.0,26162000000.0,-112000000.0,0.0,-3692000000.0,0.0,-3794000000.0,22308000000.0,25162000000.0,7556000000.0,92000000.0,-1138000000.0,-1138000000.0,-1138000000.0,0.0,67000000.0,-0.023,5457000000.0,-949000000.0,38134000000.0,0.0,1.417,12.389,12.375,162112000000.0,0.0,199.48,2.165,2.165,30906000000.0,315952000000.0,50458000000.0,50458000000.0,0.0,,,,,0.0,4708000000.0,1.835,1345080784.0,1345080784.0,,20.444,589054000000.0,0.0,-452000000.0,55718000000.0,238.663,
14,BRK.B,MRQ,2017-12-31,2017-12-31,2017-12-31,2021-08-09,58571000000.0,702095000000.0,,,,,141.272,-3297000000.0,31583000000.0,31583000000.0,45191000000.0,32656000000.0,,1.005,102587000000.0,,,102587000000.0,16040000000.0,2353000000.0,0.0,0.0,0.0,6872000000.0,9225000000.0,0.156,9225000000.0,6872000000.0,6286000000.0,13.2,13.2,13.2,348296000000.0,,348296000000.0,547482317310.0,20.0,14.797,4932000000.0,2.0,1.0,13772000000.0,0.234,113776000000.0,586000000.0,659323000000.0,,17366000000.0,311036000000.0,,,350141000000.0,,,488698317310.0,-11139000000.0,-68000000.0,0.0,482000000.0,0.0,469000000.0,-19863000000.0,-13040000000.0,8229000000.0,26000000.0,32551000000.0,32551000000.0,32551000000.0,0.0,105000000.0,0.552,8877000000.0,4895000000.0,35903000000.0,0.0,1.403,10.874,10.879,158219000000.0,0.0,198.22,2.019,2.019,32923000000.0,255786000000.0,58963000000.0,58963000000.0,0.0,,,,,0.0,5646000000.0,1.843,1337645811.0,1337645811.0,,23.916,588319000000.0,0.0,-26265000000.0,56607000000.0,238.627,
15,BRK.B,MRQ,2017-09-30,2017-09-30,2017-09-30,2021-08-09,50183000000.0,681554000000.0,,,,,125.087,-3262000000.0,42706000000.0,42706000000.0,49418000000.0,4203000000.0,,1.199,101490000000.0,,,101490000000.0,16552000000.0,2296000000.0,0.0,0.0,0.0,6727000000.0,9023000000.0,0.149,9023000000.0,6727000000.0,5494000000.0,1.65,1.65,1.65,308278000000.0,,308278000000.0,528181548378.0,17.0,13.167,7615000000.0,3.09,1.0,11054000000.0,0.183,113856000000.0,1233000000.0,626482000000.0,,16931000000.0,273052000000.0,,,369702000000.0,,,452329548378.0,16369000000.0,-919000000.0,0.0,-1382000000.0,0.0,-1398000000.0,6851000000.0,11044000000.0,10877000000.0,39000000.0,4067000000.0,4067000000.0,4067000000.0,0.0,136000000.0,0.067,4496000000.0,6558000000.0,35091000000.0,0.0,1.467,24.221,,156829000000.0,0.0,183.32,1.875,1.873,29652000000.0,224166000000.0,60472000000.0,60472000000.0,0.0,,,,,0.0,4496000000.0,1.849,1334527624.0,1332949445.0,1332949445.0,24.537,567698000000.0,0.0,1427000000.0,86559000000.0,230.349,
16,BRK.B,MRQ,2017-06-30,2017-06-30,2017-06-30,2021-08-09,46652000000.0,665590000000.0,,,,,121.839,-2794000000.0,26418000000.0,26418000000.0,45709000000.0,4355000000.0,,1.202,102270000000.0,,,102270000000.0,16129000000.0,2296000000.0,0.0,0.0,0.0,7536000000.0,9832000000.0,0.171,9832000000.0,7536000000.0,6036000000.0,1.73,1.73,1.73,300659000000.0,,300659000000.0,425442043605.0,12.0,9.503,5533000000.0,2.242,1.0,11772000000.0,0.205,113395000000.0,1500000000.0,628047000000.0,,16442000000.0,282852000000.0,,,361497000000.0,,,417950043605.0,500000000.0,-122000000.0,0.0,-2415000000.0,0.0,-2484000000.0,-5465000000.0,-2592000000.0,8327000000.0,122000000.0,4262000000.0,4262000000.0,4262000000.0,0.0,93000000.0,0.074,4489000000.0,7283000000.0,33807000000.0,0.0,1.39,19.167,,154909000000.0,0.0,169.37,1.744,1.744,28953000000.0,220099000000.0,57481000000.0,57481000000.0,0.0,,,,,0.0,4489000000.0,1.878,1314270563.0,1314270563.0,,23.294,552195000000.0,0.0,1774000000.0,84314000000.0,223.771,
17,BRK.B,MRQ,2017-03-31,2017-03-31,2017-03-31,2021-08-09,43070000000.0,654451000000.0,,,,,118.759,-2355000000.0,96464000000.0,96464000000.0,54113000000.0,4139000000.0,,1.223,103956000000.0,,,103956000000.0,16106000000.0,2243000000.0,0.0,0.0,0.0,6676000000.0,8919000000.0,0.137,8919000000.0,6676000000.0,5609000000.0,1.65,1.65,1.65,292851000000.0,,292851000000.0,426295463820.0,12.0,9.434,15940000000.0,6.464,1.0,11032000000.0,0.169,113423000000.0,1067000000.0,548520000000.0,,16115000000.0,188620000000.0,,,358171000000.0,,,411021463820.0,-2161000000.0,-1599000000.0,0.0,2038000000.0,0.0,2015000000.0,-22532000000.0,-18397000000.0,18295000000.0,61000000.0,4060000000.0,4060000000.0,4060000000.0,0.0,79000000.0,0.062,4558000000.0,6474000000.0,33123000000.0,0.0,1.404,18.231,,153645000000.0,0.0,166.68,1.739,1.739,28870000000.0,215837000000.0,65145000000.0,65145000000.0,0.0,,,,,0.0,4558000000.0,1.889,1305367202.0,1305367202.0,,26.418,541028000000.0,0.0,1549000000.0,82132000000.0,219.401,
18,BRK.B,MRQ,2016-12-31,2016-12-31,2016-12-31,2021-08-09,37298000000.0,620854000000.0,,,,,114.35,-3525000000.0,28048000000.0,28048000000.0,40970000000.0,6355000000.0,,1.189,101644000000.0,,,101644000000.0,14245000000.0,2296000000.0,0.0,0.0,0.0,10043000000.0,12339000000.0,0.212,12339000000.0,10043000000.0,9245000000.0,,,,282070000000.0,,282070000000.0,418988619955.0,11.0,9.117,4025000000.0,1.632,1.0,17188000000.0,0.296,112967000000.0,798000000.0,581483000000.0,,15727000000.0,245234000000.0,,,335426000000.0,,,402025619955.0,-1067000000.0,-584000000.0,0.0,452000000.0,0.0,595000000.0,-9050000000.0,-5175000000.0,7550000000.0,-162000000.0,6286000000.0,6286000000.0,6286000000.0,0.0,69000000.0,0.108,7514000000.0,9674000000.0,35042000000.0,,1.425,16.7,16.699,152773000000.0,0.0,162.98,1.799,1.799,27097000000.0,210846000000.0,58158000000.0,58158000000.0,0.0,,,,,0.0,4925000000.0,1.912,1289839991.0,1289839991.0,,23.577,507887000000.0,0.0,2959000000.0,77442000000.0,205.896,
19,BRK.B,MRQ,2016-09-30,2016-09-30,2016-09-30,2021-08-09,29798000000.0,604038000000.0,,,,,109.312,-3285000000.0,84835000000.0,84835000000.0,43076000000.0,7333000000.0,,1.231,101798000000.0,,,101798000000.0,15223000000.0,2246000000.0,0.0,0.0,0.0,11433000000.0,13679000000.0,0.232,13679000000.0,11433000000.0,10390000000.0,,,,269264000000.0,,269264000000.0,384601887147.0,11.0,8.798,6548000000.0,2.658,1.0,15767000000.0,0.268,114426000000.0,1043000000.0,506575000000.0,,15763000000.0,156708000000.0,,,331423000000.0,,,355867887147.0,-14655000000.0,-375000000.0,0.0,428000000.0,0.0,443000000.0,-24919000000.0,-21045000000.0,9833000000.0,-12000000.0,7198000000.0,7198000000.0,7198000000.0,0.0,135000000.0,0.122,4424000000.0,11343000000.0,35632000000.0,,1.322,15.296,,152068000000.0,0.0,144.47,1.638,1.638,27544000000.0,205491000000.0,58843000000.0,58843000000.0,0.0,,,,,0.0,4424000000.0,1.92,1283231455.0,1283231455.0,,23.888,489612000000.0,0.0,3192000000.0,73570000000.0,198.765,
20,BRK.B,MRQ,2016-06-30,2016-06-30,2016-06-30,2021-08-09,30777000000.0,592816000000.0,,,,,106.662,-3301000000.0,72679000000.0,72679000000.0,41852000000.0,5082000000.0,,1.242,101413000000.0,,,101413000000.0,14768000000.0,2234000000.0,0.0,0.0,0.0,8018000000.0,10252000000.0,0.189,10252000000.0,8018000000.0,7291000000.0,,,,263025000000.0,,263025000000.0,400245693932.0,10.0,8.541,4509000000.0,1.828,1.0,12402000000.0,0.229,114356000000.0,727000000.0,507194000000.0,,15720000000.0,161846000000.0,,,326558000000.0,,,357048693932.0,1549000000.0,-255000000.0,0.0,211000000.0,0.0,140000000.0,-6396000000.0,-2833000000.0,7810000000.0,-5000000.0,5001000000.0,5001000000.0,5001000000.0,0.0,81000000.0,0.092,4509000000.0,7893000000.0,33613000000.0,,1.357,14.004,,150711000000.0,0.0,144.79,1.643,1.643,27162000000.0,198293000000.0,54254000000.0,54254000000.0,0.0,,,,,0.0,4509000000.0,1.963,1256405411.0,1256405411.0,,22.001,478460000000.0,0.0,2290000000.0,72180000000.0,194.025,
21,BRK.B,MRQ,2016-03-31,2016-03-31,2016-03-31,2021-08-09,31454000000.0,586315000000.0,,,,,104.593,-2843000000.0,58342000000.0,58342000000.0,40659000000.0,5657000000.0,,1.254,101539000000.0,,,101539000000.0,14832000000.0,2125000000.0,0.0,0.0,0.0,7561000000.0,9686000000.0,0.186,9686000000.0,7561000000.0,6388000000.0,,,,258661000000.0,,258661000000.0,363431489011.0,10.0,8.028,4611000000.0,1.865,1.0,11504000000.0,0.221,114381000000.0,1173000000.0,515131000000.0,,15837000000.0,171523000000.0,,,324478000000.0,,,350872489011.0,-24786000000.0,-30185000000.0,0.0,11588000000.0,0.0,11613000000.0,-43860000000.0,-10442000000.0,7454000000.0,7000000.0,5589000000.0,5589000000.0,5589000000.0,0.0,68000000.0,0.107,4115000000.0,7389000000.0,32809000000.0,,1.356,14.317,,149535000000.0,0.0,141.88,1.636,1.636,27190000000.0,193292000000.0,52163000000.0,52163000000.0,0.0,,,,,0.0,4115000000.0,1.972,1254287170.0,1254287170.0,,21.093,471934000000.0,0.0,799000000.0,70963000000.0,190.833,
22,BRK.B,MRQ,2015-12-31,2015-12-31,2015-12-31,2021-08-09,33982000000.0,552257000000.0,,,,,104.019,-4279000000.0,71730000000.0,71730000000.0,39675000000.0,5547000000.0,,1.149,84289000000.0,,,84289000000.0,13311000000.0,1978000000.0,0.0,0.0,0.0,8120000000.0,10098000000.0,0.194,10098000000.0,8120000000.0,7312000000.0,,,,255550000000.0,,255550000000.0,343040616944.0,9.0,7.472,3057000000.0,1.244,1.0,12267000000.0,0.236,71856000000.0,808000000.0,492960000000.0,,11916000000.0,178841000000.0,,,293630000000.0,,,324389616944.0,4137000000.0,-100000000.0,0.0,-14000000.0,0.0,5000000.0,-3153000000.0,1082000000.0,7336000000.0,-51000000.0,5478000000.0,5478000000.0,5478000000.0,0.0,69000000.0,0.105,3956000000.0,8311000000.0,31271000000.0,,1.269,13.47,13.515,145166000000.0,0.0,132.04,1.538,1.538,23303000000.0,187703000000.0,51942000000.0,51942000000.0,0.0,,,,,0.0,3956000000.0,1.967,1249170150.0,1249170150.0,,21.143,480401000000.0,0.0,1834000000.0,63126000000.0,195.543,
23,BRK.B,MRQ,2015-09-30,2015-09-30,2015-09-30,2021-08-09,32203000000.0,545468000000.0,,,,,100.692,-4967000000.0,66260000000.0,66260000000.0,39922000000.0,9527000000.0,,1.185,84911000000.0,,,84911000000.0,14254000000.0,1989000000.0,0.0,0.0,0.0,14838000000.0,16827000000.0,0.285,16827000000.0,14838000000.0,13973000000.0,,,,248283000000.0,,248283000000.0,339528586075.0,9.0,7.655,5245000000.0,2.127,1.0,19067000000.0,0.323,62692000000.0,865000000.0,501427000000.0,,11995000000.0,178040000000.0,,,294147000000.0,,,321537586075.0,-327000000.0,-5560000000.0,0.0,671000000.0,0.0,602000000.0,-11104000000.0,-557000000.0,10212000000.0,-37000000.0,9428000000.0,9428000000.0,9428000000.0,0.0,99000000.0,0.16,4130000000.0,14937000000.0,41741000000.0,,1.295,14.127,,143333000000.0,0.0,130.4,1.551,1.551,24484000000.0,182225000000.0,58989000000.0,58989000000.0,0.0,,,,,0.0,4130000000.0,1.976,1248177918.0,1248177918.0,,23.923,482776000000.0,0.0,4545000000.0,62266000000.0,195.79,
24,BRK.B,MRQ,2015-06-30,2015-06-30,2015-06-30,2021-08-09,39417000000.0,540774000000.0,,,,,99.656,-3389000000.0,66587000000.0,66587000000.0,40775000000.0,4107000000.0,,1.185,84578000000.0,,,84578000000.0,13268000000.0,1941000000.0,0.0,0.0,0.0,6719000000.0,8660000000.0,0.169,8660000000.0,6719000000.0,5752000000.0,,,,246043000000.0,,246043000000.0,356128596427.0,12.0,9.666,4591000000.0,1.86,1.0,10593000000.0,0.206,62799000000.0,967000000.0,495966000000.0,,12072000000.0,173662000000.0,,,291572000000.0,,,336044596427.0,2876000000.0,-505000000.0,0.0,451000000.0,0.0,378000000.0,-5612000000.0,-1752000000.0,7980000000.0,130000000.0,4013000000.0,4013000000.0,4013000000.0,0.0,94000000.0,0.078,3780000000.0,6813000000.0,41620000000.0,,1.366,18.722,,140879000000.0,0.0,136.11,1.684,1.684,24606000000.0,172797000000.0,51368000000.0,51368000000.0,0.0,,,,,0.0,3780000000.0,2.01,1228276783.0,1228276783.0,,20.806,477975000000.0,0.0,1739000000.0,62678000000.0,193.597,
25,BRK.B,MRQ,2015-03-31,2015-03-31,2015-03-31,2021-08-09,38864000000.0,531076000000.0,,,,,98.034,-3447000000.0,63711000000.0,63711000000.0,36679000000.0,5233000000.0,,1.185,83795000000.0,,,83795000000.0,13531000000.0,1871000000.0,0.0,0.0,0.0,8453000000.0,10324000000.0,0.212,10324000000.0,8453000000.0,7578000000.0,,,,241458000000.0,,241458000000.0,372401667357.0,12.0,9.387,2516000000.0,1.022,1.0,11965000000.0,0.246,62879000000.0,875000000.0,488281000000.0,,11681000000.0,171613000000.0,,,286237000000.0,,,355461667357.0,442000000.0,-3995000000.0,0.0,2928000000.0,0.0,2818000000.0,-8132000000.0,-697000000.0,5963000000.0,-207000000.0,5164000000.0,5164000000.0,5164000000.0,0.0,69000000.0,0.106,3443000000.0,8522000000.0,39801000000.0,,1.472,17.484,,138740000000.0,0.0,144.32,1.796,1.796,24006000000.0,168784000000.0,48644000000.0,48644000000.0,0.0,,,,,0.0,3443000000.0,2.007,1226984221.0,1226984221.0,,19.75,468197000000.0,0.0,2414000000.0,61609000000.0,190.091,
26,BRK.B,MRQ,2014-12-31,2014-12-31,2014-12-31,2021-08-09,42732000000.0,525867000000.0,,,,,97.564,-5013000000.0,63269000000.0,63269000000.0,37856000000.0,4218000000.0,,1.178,79890000000.0,,,79890000000.0,11944000000.0,1934000000.0,0.0,0.0,0.0,6608000000.0,8542000000.0,0.177,8542000000.0,6608000000.0,5778000000.0,,,,240170000000.0,,240170000000.0,382052473594.0,12.0,9.942,2840000000.0,1.154,1.0,10429000000.0,0.216,69917000000.0,830000000.0,472571000000.0,,10236000000.0,174429000000.0,,,282840000000.0,,,369620473594.0,-68000000.0,-3755000000.0,0.0,1570000000.0,0.0,1555000000.0,-9360000000.0,-538000000.0,7853000000.0,-116000000.0,4155000000.0,4155000000.0,4155000000.0,0.0,63000000.0,0.086,3732000000.0,6697000000.0,30556000000.0,,1.539,18.6,,137244000000.0,0.0,150.15,1.898,1.898,21852000000.0,163620000000.0,48285000000.0,48285000000.0,0.0,,,,,0.0,3732000000.0,2.023,1216764787.0,1216764787.0,,19.615,455950000000.0,0.0,1623000000.0,61235000000.0,185.219,
27,BRK.B,MRQ,2014-09-30,2014-09-30,2014-09-30,2021-08-09,44186000000.0,517363000000.0,,,,,96.249,-4079000000.0,62380000000.0,62380000000.0,40248000000.0,4721000000.0,,1.167,74812000000.0,,,74812000000.0,12703000000.0,1854000000.0,0.0,0.0,0.0,7463000000.0,9317000000.0,0.182,9317000000.0,7463000000.0,6646000000.0,,,,237456000000.0,,237456000000.0,359436000374.0,11.0,9.113,8245000000.0,3.342,1.0,10951000000.0,0.214,58669000000.0,817000000.0,471126000000.0,,10182000000.0,176853000000.0,,,277061000000.0,,,340804000374.0,6925000000.0,-393000000.0,0.0,897000000.0,0.0,937000000.0,-6142000000.0,-1798000000.0,12324000000.0,-194000000.0,4617000000.0,4617000000.0,4617000000.0,0.0,104000000.0,0.09,3384000000.0,7567000000.0,39939000000.0,,1.435,16.458,,129802000000.0,0.0,138.14,1.762,1.762,24017000000.0,159465000000.0,51199000000.0,51199000000.0,0.0,,,,,0.0,3384000000.0,2.037,1210970305.0,1210970305.0,,20.753,458694000000.0,0.0,2029000000.0,61106000000.0,185.925,
28,BRK.B,MRQ,2014-06-30,2014-06-30,2014-06-30,2021-08-09,45421000000.0,504379000000.0,,,,,94.841,-3299000000.0,55455000000.0,55455000000.0,36633000000.0,6458000000.0,,1.144,74087000000.0,,,74087000000.0,12393000000.0,1810000000.0,0.0,0.0,0.0,9677000000.0,11487000000.0,0.231,11487000000.0,9677000000.0,8853000000.0,,,,234005000000.0,,234005000000.0,336541777860.0,10.0,8.472,3606000000.0,1.461,1.0,13129000000.0,0.264,58792000000.0,824000000.0,464219000000.0,,10199000000.0,177576000000.0,,,267619000000.0,,,312266777860.0,6507000000.0,24000000.0,0.0,568000000.0,0.0,550000000.0,-969000000.0,2258000000.0,6905000000.0,21000000.0,6395000000.0,6395000000.0,6395000000.0,0.0,63000000.0,0.129,3389000000.0,9740000000.0,37668000000.0,,1.334,14.769,,127635000000.0,0.0,126.56,1.654,1.654,22997000000.0,154848000000.0,49762000000.0,49762000000.0,0.0,,,,,0.0,3389000000.0,2.086,1182716384.0,1182716384.0,,20.168,445587000000.0,0.0,2458000000.0,60601000000.0,180.594,
29,BRK.B,MRQ,2014-03-31,2014-03-31,2014-03-31,2021-08-09,45049000000.0,494944000000.0,,,,,92.186,-2794000000.0,48948000000.0,48948000000.0,34808000000.0,4773000000.0,,1.163,73223000000.0,,,73223000000.0,12271000000.0,1772000000.0,0.0,0.0,0.0,7312000000.0,9084000000.0,0.2,9084000000.0,7312000000.0,6530000000.0,,,,227612000000.0,,227612000000.0,332593745817.0,11.0,8.902,2134000000.0,0.864,1.0,10645000000.0,0.234,58264000000.0,782000000.0,460955000000.0,,10245000000.0,177088000000.0,,,264655000000.0,,,308555745817.0,762000000.0,-700000000.0,0.0,961000000.0,0.0,-311000000.0,-3855000000.0,-575000000.0,4928000000.0,0.0,4705000000.0,4705000000.0,4705000000.0,0.0,68000000.0,0.104,3265000000.0,7380000000.0,36677000000.0,,1.356,15.996,,125080000000.0,0.0,124.97,1.679,1.679,22717000000.0,148453000000.0,45453000000.0,45453000000.0,0.0,,,,,0.0,3265000000.0,2.092,1179999238.0,1179999238.0,,18.409,436680000000.0,0.0,1825000000.0,60001000000.0,176.862,
30,BRK.B,MRQ,2013-12-31,2013-12-31,2013-12-31,2021-08-09,44025000000.0,484931000000.0,,,,,89.928,-3360000000.0,48186000000.0,48186000000.0,35512000000.0,5063000000.0,,1.174,72224000000.0,,,72224000000.0,10770000000.0,1675000000.0,0.0,0.0,0.0,7877000000.0,9552000000.0,0.203,9552000000.0,7877000000.0,7159000000.0,,,,221890000000.0,,221890000000.0,316207271451.0,10.0,8.379,3607000000.0,1.462,1.0,11537000000.0,0.245,57011000000.0,718000000.0,451958000000.0,,9860000000.0,176309000000.0,,,260446000000.0,,,292537271451.0,6107000000.0,-5601000000.0,0.0,1134000000.0,0.0,1174000000.0,-2071000000.0,6574000000.0,6967000000.0,37000000.0,4990000000.0,4990000000.0,4990000000.0,0.0,73000000.0,0.106,3587000000.0,7950000000.0,37835000000.0,,1.318,15.02,,123805000000.0,0.0,118.56,1.606,1.606,20280000000.0,143748000000.0,47049000000.0,47049000000.0,0.0,,,,,0.0,3587000000.0,2.108,1170733669.0,1170733669.0,,19.068,427920000000.0,0.0,2169000000.0,57739000000.0,173.428,
31,BRK.B,MRQ,2013-09-30,2013-09-30,2013-09-30,2021-08-09,34897000000.0,458081000000.0,,,,,84.572,-2969000000.0,42079000000.0,42079000000.0,35209000000.0,5153000000.0,,1.184,65749000000.0,,,65749000000.0,11670000000.0,1616000000.0,0.0,0.0,0.0,7984000000.0,9600000000.0,0.206,9600000000.0,7984000000.0,7278000000.0,,,,208382000000.0,,208382000000.0,307941442786.0,10.0,8.139,4857000000.0,1.971,1.0,11332000000.0,0.243,54735000000.0,706000000.0,427016000000.0,,9880000000.0,176273000000.0,,,246650000000.0,,,279683442786.0,6384000000.0,-676000000.0,0.0,1480000000.0,0.0,1492000000.0,-3001000000.0,0.0,7826000000.0,67000000.0,5053000000.0,5053000000.0,5053000000.0,0.0,100000000.0,0.109,3248000000.0,8084000000.0,36391000000.0,,1.342,14.692,,110556000000.0,0.0,113.51,1.538,1.538,27145000000.0,138758000000.0,46541000000.0,46541000000.0,0.0,,,,,0.0,3248000000.0,2.117,1163845982.0,1163845982.0,,18.889,403346000000.0,0.0,2225000000.0,50849000000.0,163.699,
32,BRK.B,MRQ,2013-06-30,2013-06-30,2013-06-30,2021-08-09,33565000000.0,446563000000.0,,,,,81.962,-2551000000.0,35695000000.0,35695000000.0,33826000000.0,4612000000.0,,1.196,63953000000.0,,,63953000000.0,11360000000.0,1616000000.0,0.0,0.0,0.0,7511000000.0,9127000000.0,0.204,9127000000.0,7511000000.0,6820000000.0,,,,202016000000.0,,202016000000.0,290015726031.0,10.0,8.051,4305000000.0,1.747,1.0,10867000000.0,0.243,54372000000.0,691000000.0,420449000000.0,,9877000000.0,179012000000.0,,,241575000000.0,,,275855726031.0,-13394000000.0,-12312000000.0,0.0,717000000.0,0.0,-1762000000.0,-18507000000.0,-2699000000.0,6856000000.0,19000000.0,4541000000.0,4541000000.0,4541000000.0,0.0,71000000.0,0.102,3285000000.0,7582000000.0,35531000000.0,,1.366,15.407,,108349000000.0,0.0,111.92,1.571,1.571,21956000000.0,133705000000.0,44693000000.0,44693000000.0,0.0,,,,,0.0,3285000000.0,2.183,1129319165.0,1129319165.0,,18.133,392191000000.0,0.0,2279000000.0,49547000000.0,159.119,
33,BRK.B,MRQ,2013-03-31,2013-03-31,2013-03-31,2021-08-09,32992000000.0,442302000000.0,,,,,80.453,-2207000000.0,49089000000.0,49089000000.0,32676000000.0,5017000000.0,,1.213,63249000000.0,,,63249000000.0,11504000000.0,1601000000.0,0.0,0.0,0.0,7856000000.0,9457000000.0,0.216,9457000000.0,7856000000.0,7170000000.0,,,,198071000000.0,,198071000000.0,272277686267.0,10.0,8.164,3848000000.0,1.563,1.0,11191000000.0,0.255,54407000000.0,686000000.0,402055000000.0,,9673000000.0,145164000000.0,,,240196000000.0,,,256533686267.0,2097000000.0,-92000000.0,0.0,654000000.0,0.0,57000000.0,-3956000000.0,-432000000.0,6055000000.0,-59000000.0,4892000000.0,4892000000.0,4892000000.0,0.0,125000000.0,0.112,3210000000.0,7981000000.0,34385000000.0,,1.295,15.575,,107267000000.0,0.0,104.2,1.52,1.52,23470000000.0,129164000000.0,43867000000.0,43867000000.0,0.0,,,,,0.0,3210000000.0,2.185,1126588359.0,1126588359.0,,17.818,387895000000.0,0.0,2278000000.0,49599000000.0,157.557,
34,BRK.B,MRQ,2012-12-31,2012-12-31,2012-12-31,2021-08-09,27500000000.0,427452000000.0,,,,,75.653,-2582000000.0,46992000000.0,46992000000.0,34943000000.0,4661000000.0,,1.257,62736000000.0,,,62736000000.0,10237000000.0,2340000000.0,0.0,0.0,0.0,7309000000.0,9649000000.0,0.206,9649000000.0,7309000000.0,6644000000.0,,,,187647000000.0,,187647000000.0,237222976488.0,10.0,7.741,2208000000.0,0.89,1.0,11799000000.0,0.252,54523000000.0,665000000.0,388673000000.0,,9675000000.0,142912000000.0,,,235864000000.0,,,222489976488.0,-784000000.0,-1357000000.0,0.0,-513000000.0,0.0,-2485000000.0,-3108000000.0,899000000.0,4790000000.0,19000000.0,4551000000.0,4551000000.0,4551000000.0,0.0,110000000.0,0.097,4393000000.0,7406000000.0,35361000000.0,,1.186,15.009,,106872000000.0,0.0,89.7,1.369,1.369,21753000000.0,124272000000.0,46742000000.0,46742000000.0,0.0,,,,,0.0,4393000000.0,2.253,1100711929.0,1100711929.0,,18.845,372929000000.0,0.0,2093000000.0,44494000000.0,150.352,
35,BRK.B,MRQ,2012-09-30,2012-09-30,2012-09-30,2021-08-09,27050000000.0,424115000000.0,,,,,74.456,-2614000000.0,47776000000.0,47776000000.0,31165000000.0,4054000000.0,,1.273,62509000000.0,,,62509000000.0,11042000000.0,1296000000.0,0.0,0.0,0.0,6494000000.0,7790000000.0,0.193,7790000000.0,6494000000.0,5802000000.0,,,,184602000000.0,,184602000000.0,239148299563.0,11.0,8.524,4037000000.0,1.628,1.0,9180000000.0,0.228,54143000000.0,692000000.0,384705000000.0,,9476000000.0,136926000000.0,,,235041000000.0,,,218677299563.0,7115000000.0,-1362000000.0,0.0,1077000000.0,0.0,1020000000.0,-653000000.0,3102000000.0,6651000000.0,97000000.0,3920000000.0,3920000000.0,3920000000.0,0.0,134000000.0,0.097,2573000000.0,6607000000.0,33110000000.0,,1.185,16.416,,104847000000.0,0.0,88.2,1.429,1.429,21327000000.0,119721000000.0,40345000000.0,40345000000.0,0.0,,,,,0.0,2573000000.0,2.28,1087308550.0,1087308550.0,,16.273,369972000000.0,0.0,1882000000.0,44514000000.0,149.222,
36,BRK.B,MRQ,2012-06-30,2012-06-30,2012-06-30,2021-08-09,23781000000.0,411356000000.0,,,,,71.435,-2419000000.0,40661000000.0,40661000000.0,30059000000.0,3231000000.0,,1.295,61132000000.0,,,61132000000.0,10603000000.0,1265000000.0,0.0,0.0,0.0,5188000000.0,6453000000.0,0.17,6453000000.0,5188000000.0,4492000000.0,,,,177379000000.0,,177379000000.0,230923812025.0,12.0,9.125,2440000000.0,0.983,1.0,7801000000.0,0.206,53145000000.0,696000000.0,378682000000.0,,9525000000.0,134757000000.0,,,229641000000.0,,,206914812025.0,2835000000.0,-130000000.0,0.0,-720000000.0,0.0,-684000000.0,-1272000000.0,960000000.0,4859000000.0,-68000000.0,3108000000.0,3108000000.0,3108000000.0,0.0,123000000.0,0.082,2476000000.0,5325000000.0,31841000000.0,,1.167,17.717,,102831000000.0,0.0,83.33,1.419,1.419,21192000000.0,115801000000.0,37860000000.0,37860000000.0,0.0,,,,,0.0,2476000000.0,2.296,1081299807.0,1081299807.0,,15.247,358211000000.0,0.0,1384000000.0,42721000000.0,144.261,
37,BRK.B,MRQ,2012-03-31,2012-03-31,2012-03-31,2021-08-09,25517000000.0,411362000000.0,,,,,71.08,-2160000000.0,37826000000.0,37826000000.0,29446000000.0,3366000000.0,,1.313,61835000000.0,,,61835000000.0,11010000000.0,1253000000.0,0.0,0.0,0.0,5501000000.0,6754000000.0,0.18,6754000000.0,5501000000.0,4810000000.0,,,,175997000000.0,,175997000000.0,224016501760.0,11.0,8.683,2490000000.0,1.006,1.0,8070000000.0,0.215,53166000000.0,691000000.0,382205000000.0,,9055000000.0,137915000000.0,,,231093000000.0,,,200931501760.0,527000000.0,-339000000.0,0.0,1398000000.0,0.0,1343000000.0,-5541000000.0,-2389000000.0,4650000000.0,75000000.0,3245000000.0,3245000000.0,3245000000.0,0.0,121000000.0,0.086,2428000000.0,5642000000.0,32281000000.0,,1.142,16.761,,101727000000.0,0.0,81.15,1.381,1.381,21366000000.0,112693000000.0,37516000000.0,37516000000.0,0.0,,,,,0.0,2428000000.0,2.307,1073198709.0,1073198709.0,,15.152,358196000000.0,0.0,1565000000.0,43238000000.0,144.664,
38,BRK.B,MRQ,2011-12-31,2011-12-31,2011-12-31,2021-08-09,17654000000.0,392647000000.0,,,,,66.593,-2518000000.0,37299000000.0,37299000000.0,29743000000.0,3191000000.0,,1.357,60384000000.0,,,60384000000.0,8910000000.0,2074000000.0,0.0,0.0,0.0,4984000000.0,7058000000.0,0.189,7058000000.0,4984000000.0,4309000000.0,,,,164850000000.0,,164850000000.0,214587310587.0,12.0,9.339,1976000000.0,0.798,1.0,7572000000.0,0.203,53213000000.0,675000000.0,362519000000.0,,8975000000.0,125995000000.0,,,223686000000.0,,,188879310587.0,2523000000.0,-701000000.0,0.0,-409000000.0,0.0,-459000000.0,-1403000000.0,1768000000.0,4494000000.0,-109000000.0,3048000000.0,3048000000.0,3048000000.0,0.0,143000000.0,0.082,2408000000.0,5164000000.0,32706000000.0,,1.146,18.42,,100391000000.0,0.0,76.3,1.338,1.338,19012000000.0,109448000000.0,37315000000.0,37315000000.0,0.0,,,,,0.0,2408000000.0,2.318,1068158398.0,1068158398.0,,15.074,339434000000.0,0.0,1261000000.0,37804000000.0,137.118,
39,BRK.B,MRQ,2011-09-30,2011-09-30,2011-09-30,2021-08-09,15781000000.0,385494000000.0,,,,,64.433,-2229000000.0,34776000000.0,34776000000.0,26906000000.0,2410000000.0,,1.385,60484000000.0,,,60484000000.0,9609000000.0,1142000000.0,0.0,0.0,0.0,3900000000.0,5042000000.0,0.152,5042000000.0,3900000000.0,3231000000.0,,,,159957000000.0,,159957000000.0,185185109065.0,9.0,7.673,3770000000.0,1.519,1.0,6177000000.0,0.187,53310000000.0,669000000.0,357892000000.0,,9265000000.0,119162000000.0,,,221613000000.0,,,176359109065.0,-13115000000.0,-7812000000.0,0.0,1989000000.0,0.0,1948000000.0,-20979000000.0,-10874000000.0,5999000000.0,-83000000.0,2278000000.0,2278000000.0,2278000000.0,0.0,132000000.0,0.069,2105000000.0,4072000000.0,31235000000.0,,1.103,15.226,,98446000000.0,0.0,71.04,1.265,1.265,19834000000.0,106400000000.0,33083000000.0,33083000000.0,0.0,,,,,0.0,2105000000.0,2.325,1067894085.0,1067894085.0,,13.326,332184000000.0,0.0,953000000.0,37156000000.0,133.809,
40,BRK.B,MRQ,2011-06-30,2011-06-30,2011-06-30,2021-08-09,21106000000.0,382696000000.0,,,,,65.919,-1962000000.0,47891000000.0,47891000000.0,29564000000.0,3540000000.0,,1.325,56717000000.0,,,56717000000.0,9630000000.0,1141000000.0,0.0,0.0,0.0,5804000000.0,6945000000.0,0.185,6945000000.0,5804000000.0,5142000000.0,,,,163007000000.0,,163007000000.0,206739532474.0,10.0,8.185,4519000000.0,1.827,1.0,8047000000.0,0.214,49125000000.0,662000000.0,342397000000.0,,7960000000.0,119234000000.0,,,215912000000.0,,,191371532474.0,6713000000.0,-41000000.0,0.0,109000000.0,0.0,-147000000.0,332000000.0,2378000000.0,6481000000.0,47000000.0,3417000000.0,3417000000.0,3417000000.0,0.0,123000000.0,0.091,2122000000.0,5925000000.0,29718000000.0,,1.174,15.566,,94952000000.0,0.0,77.39,1.349,1.349,19396000000.0,104122000000.0,37611000000.0,37611000000.0,0.0,,,,,0.0,2122000000.0,2.329,1061950705.0,1061950705.0,,15.21,333571000000.0,0.0,1725000000.0,37809000000.0,134.895,
41,BRK.B,MRQ,2011-03-31,2011-03-31,2011-03-31,2021-08-09,21764000000.0,376496000000.0,,,,,64.62,-1482000000.0,41178000000.0,41178000000.0,28189000000.0,1605000000.0,,1.326,56546000000.0,,,56546000000.0,9701000000.0,1135000000.0,0.0,0.0,0.0,2798000000.0,3933000000.0,0.119,3933000000.0,2798000000.0,2140000000.0,,,,160055000000.0,,160055000000.0,227488338208.0,12.0,9.948,2020000000.0,0.816,1.0,4981000000.0,0.15,49080000000.0,658000000.0,342784000000.0,,7564000000.0,115368000000.0,,,212231000000.0,,,207141338208.0,2951000000.0,-131000000.0,0.0,-2046000000.0,0.0,-3559000000.0,2861000000.0,4352000000.0,3502000000.0,147000000.0,1511000000.0,1511000000.0,1511000000.0,0.0,94000000.0,0.046,2035000000.0,2946000000.0,29582000000.0,,1.294,19.1,,93773000000.0,0.0,83.63,1.532,1.532,19577000000.0,100705000000.0,33170000000.0,33170000000.0,0.0,,,,,0.0,2035000000.0,2.339,1058851927.0,1058851927.0,,13.392,327416000000.0,0.0,629000000.0,37198000000.0,132.189,
42,BRK.B,MRQ,2010-12-31,2010-12-31,2010-12-31,2021-08-09,20583000000.0,372229000000.0,,,,,63.645,-1689000000.0,38227000000.0,38227000000.0,26300000000.0,4473000000.0,,1.33,58574000000.0,,,58574000000.0,7997000000.0,1170000000.0,0.0,0.0,0.0,7045000000.0,8215000000.0,0.231,8215000000.0,7045000000.0,6385000000.0,,,,157318000000.0,,157318000000.0,222217897187.0,11.0,8.745,2375000000.0,0.961,1.0,9229000000.0,0.26,49006000000.0,660000000.0,343570000000.0,,7101000000.0,113604000000.0,,,209295000000.0,,,198015897187.0,3766000000.0,-548000000.0,0.0,-70000000.0,0.0,-116000000.0,-127000000.0,1783000000.0,4064000000.0,-55000000.0,4377000000.0,4377000000.0,4377000000.0,0.0,96000000.0,0.123,2054000000.0,7175000000.0,29361000000.0,,1.259,15.271,,93126000000.0,0.0,80.11,1.484,1.484,20917000000.0,99194000000.0,35529000000.0,35529000000.0,0.0,,,,,0.0,2054000000.0,2.38,1038755057.0,1038755057.0,,14.374,323223000000.0,0.0,2008000000.0,36352000000.0,130.764,
43,BRK.B,MRQ,2010-09-30,2010-09-30,2010-09-30,2021-08-09,16723000000.0,363979000000.0,,,,,60.596,-1575000000.0,34461000000.0,34461000000.0,28439000000.0,3119000000.0,,1.399,58663000000.0,,,58663000000.0,9063000000.0,1094000000.0,0.0,0.0,0.0,5072000000.0,6166000000.0,0.173,6166000000.0,5072000000.0,4404000000.0,,,,149671000000.0,,149671000000.0,234235111369.0,12.0,10.186,5396000000.0,2.185,1.0,7124000000.0,0.2,49196000000.0,668000000.0,338985000000.0,,6924000000.0,110132000000.0,,,209382000000.0,,,204218111369.0,6508000000.0,-13000000.0,0.0,635000000.0,0.0,660000000.0,-1250000000.0,1000000000.0,6971000000.0,127000000.0,2989000000.0,2989000000.0,2989000000.0,0.0,130000000.0,0.084,1896000000.0,5228000000.0,29365000000.0,,1.364,17.535,,92024000000.0,0.0,82.68,1.604,1.604,18079000000.0,94817000000.0,35563000000.0,35563000000.0,0.0,,,,,0.0,1896000000.0,2.451,1007611469.0,1007611469.0,,14.398,314783000000.0,0.0,1415000000.0,32606000000.0,127.443,
44,BRK.B,MRQ,2010-06-30,2010-06-30,2010-06-30,2021-08-09,12850000000.0,349187000000.0,,,,,57.818,-1546000000.0,27953000000.0,27953000000.0,25400000000.0,2090000000.0,,1.413,57970000000.0,,,57970000000.0,8874000000.0,1100000000.0,0.0,0.0,0.0,3453000000.0,4553000000.0,0.147,4553000000.0,3453000000.0,2816000000.0,,,,142763000000.0,,142763000000.0,228725027574.0,12.0,9.97,2001000000.0,0.81,1.0,5520000000.0,0.179,49113000000.0,637000000.0,330091000000.0,,6563000000.0,105721000000.0,,,201673000000.0,,,196768027574.0,2283000000.0,-452000000.0,0.0,376000000.0,0.0,387000000.0,-1529000000.0,400000000.0,3547000000.0,-122000000.0,1968000000.0,1968000000.0,1968000000.0,0.0,122000000.0,0.064,1915000000.0,3605000000.0,28361000000.0,,1.378,16.542,,91147000000.0,0.0,79.69,1.628,1.628,17407000000.0,91828000000.0,30920000000.0,30920000000.0,0.0,,,,,0.0,1915000000.0,2.546,969747703.0,969747703.0,,12.522,300074000000.0,0.0,848000000.0,30080000000.0,121.528,
45,BRK.B,MRQ,2010-03-31,2010-03-31,2010-03-31,2021-08-09,19307000000.0,356320000000.0,,,,,59.62,-1170000000.0,25670000000.0,25670000000.0,23819000000.0,3812000000.0,,1.388,57627000000.0,,,57627000000.0,9164000000.0,915000000.0,0.0,0.0,0.0,5562000000.0,6477000000.0,0.206,6477000000.0,5562000000.0,4969000000.0,,,,147209000000.0,,147209000000.0,208017479232.0,10.0,8.494,2143000000.0,0.868,1.0,7573000000.0,0.241,48714000000.0,593000000.0,339563000000.0,,6451000000.0,113408000000.0,,,204396000000.0,,,200666479232.0,-4888000000.0,-14911000000.0,0.0,7279000000.0,0.0,7194000000.0,-15371000000.0,920000000.0,3313000000.0,-24000000.0,3633000000.0,3633000000.0,3633000000.0,0.0,179000000.0,0.116,1839000000.0,5734000000.0,28266000000.0,,1.363,15.177,,90514000000.0,0.0,81.27,1.69,1.69,17799000000.0,89860000000.0,31392000000.0,31392000000.0,0.0,,,,,0.0,1839000000.0,3.028,815453685.0,815453685.0,,12.714,307606000000.0,0.0,1336000000.0,34603000000.0,124.581,
46,BRK.B,MRQ,2009-12-31,2009-12-31,2009-12-31,2021-08-09,17793000000.0,297119000000.0,,,,,56.456,-1134000000.0,30558000000.0,30558000000.0,22402000000.0,3154000000.0,,1.231,37909000000.0,,,37909000000.0,7925000000.0,812000000.0,0.0,0.0,0.0,4987000000.0,5799000000.0,0.197,5799000000.0,4987000000.0,4487000000.0,,,,131102000000.0,,131102000000.0,163716567506.0,12.0,9.796,2686000000.0,1.157,1.0,7055000000.0,0.24,33972000000.0,500000000.0,270498000000.0,,6147000000.0,110842000000.0,,,161334000000.0,,,152614567506.0,3639000000.0,-33000000.0,0.0,-121000000.0,0.0,-154000000.0,-32000000.0,1173000000.0,3820000000.0,5000000.0,3056000000.0,3056000000.0,3056000000.0,0.0,98000000.0,0.104,2066000000.0,4989000000.0,22362000000.0,,1.164,18.947,,46656000000.0,0.0,65.72,1.393,1.393,14792000000.0,86227000000.0,29457000000.0,29457000000.0,0.0,,,,,0.0,2066000000.0,3.124,743324684.0,743324684.0,,12.685,263147000000.0,0.0,1431000000.0,19225000000.0,113.318,
47,BRK.B,MRQ,2009-09-30,2009-09-30,2009-09-30,2021-08-09,15816000000.0,292010000000.0,,,,,53.512,-1170000000.0,26919000000.0,26919000000.0,21755000000.0,3349000000.0,,1.28,38021000000.0,,,38021000000.0,8753000000.0,779000000.0,0.0,0.0,0.0,5333000000.0,6112000000.0,0.21,6112000000.0,5333000000.0,4839000000.0,,,,126073000000.0,,126073000000.0,170850391901.0,19.0,14.141,3359000000.0,1.426,1.0,7357000000.0,0.253,33974000000.0,494000000.0,269138000000.0,,6051000000.0,105949000000.0,,,161328000000.0,,,156577391901.0,2408000000.0,146000000.0,0.0,-699000000.0,0.0,-689000000.0,-1488000000.0,-526000000.0,4529000000.0,56000000.0,3238000000.0,3238000000.0,3238000000.0,0.0,111000000.0,0.111,2015000000.0,5342000000.0,23684000000.0,,1.242,30.605,,46999000000.0,0.0,66.46,1.504,1.504,16047000000.0,83171000000.0,29112000000.0,29112000000.0,0.0,,,,,0.0,2015000000.0,3.172,742760359.0,742760359.0,,12.357,258036000000.0,0.0,1601000000.0,16903000000.0,109.525,
48,BRK.B,MRQ,2009-06-30,2009-06-30,2009-06-30,2021-08-09,7505000000.0,275646000000.0,,,,,48.732,-1260000000.0,24511000000.0,24511000000.0,21470000000.0,3384000000.0,,1.369,38784000000.0,,,38784000000.0,8831000000.0,778000000.0,0.0,0.0,0.0,5325000000.0,6103000000.0,0.212,6103000000.0,5325000000.0,4815000000.0,,,,114527000000.0,,114527000000.0,148370275955.0,27.0,14.978,1595000000.0,0.679,1.0,7307000000.0,0.254,33922000000.0,510000000.0,255997000000.0,,6387000000.0,95593000000.0,,,156809000000.0,,,136106275955.0,-1040000000.0,309000000.0,0.0,517000000.0,0.0,151000000.0,-4214000000.0,-3396000000.0,2855000000.0,168000000.0,3295000000.0,3295000000.0,3295000000.0,0.0,89000000.0,0.115,2073000000.0,5234000000.0,23056000000.0,,1.188,46.374,,47003000000.0,0.0,57.915,1.34,1.34,15778000000.0,79933000000.0,28777000000.0,28777000000.0,0.0,,,,,0.0,2073000000.0,3.165,742499528.0,742499528.0,,12.245,241724000000.0,0.0,1520000000.0,11074000000.0,102.856,
49,BRK.B,MRQ,2009-03-31,2009-03-31,2009-03-31,2021-08-09,-930000000.0,260542000000.0,,,,,43.139,-1373000000.0,25551000000.0,25551000000.0,22183000000.0,-1446000000.0,,1.494,37815000000.0,,,37815000000.0,9137000000.0,758000000.0,0.0,0.0,0.0,-2060000000.0,-1302000000.0,-0.059,-1302000000.0,-2060000000.0,-2548000000.0,,,,102798000000.0,,102798000000.0,145740962998.0,29.0,16.909,3269000000.0,1.372,1.0,32000000.0,0.001,33779000000.0,488000000.0,239027000000.0,,6802000000.0,84492000000.0,,,153623000000.0,,,134397962998.0,12000000.0,-530000000.0,0.0,946000000.0,0.0,925000000.0,-5427000000.0,-4547000000.0,4642000000.0,-128000000.0,-1534000000.0,-1534000000.0,-1534000000.0,0.0,88000000.0,-0.069,1963000000.0,-1931000000.0,22690000000.0,,1.307,53.333,,45869000000.0,0.0,56.4,1.323,1.323,15951000000.0,76638000000.0,22215000000.0,22215000000.0,0.0,,,,,0.0,1963000000.0,3.2,744604970.0,744604970.0,,9.323,226763000000.0,0.0,-1014000000.0,6447000000.0,95.161,
50,BRK.B,MRQ,2008-12-31,2008-12-31,2008-12-31,2021-08-09,3954000000.0,267399000000.0,,,,,46.326,-1937000000.0,25539000000.0,25539000000.0,20849000000.0,315000000.0,,1.407,36882000000.0,,,36882000000.0,7861000000.0,739000000.0,0.0,0.0,0.0,430000000.0,1169000000.0,0.049,1169000000.0,430000000.0,-50000000.0,,,,109267000000.0,,109267000000.0,155803520037.0,17.0,13.266,887000000.0,0.376,1.0,3145000000.0,0.131,33781000000.0,480000000.0,244961000000.0,,7500000000.0,97763000000.0,,,153692000000.0,,,151614520037.0,-7830000000.0,-190000000.0,0.0,-425000000.0,0.0,-470000000.0,-10045000000.0,-8784000000.0,2824000000.0,-139000000.0,117000000.0,117000000.0,117000000.0,0.0,198000000.0,0.005,2282000000.0,863000000.0,23818000000.0,,1.388,30.359,,45157000000.0,0.0,64.28,1.467,1.467,14925000000.0,78172000000.0,23994000000.0,23994000000.0,0.0,,,,,0.0,2282000000.0,3.214,733914807.0,733914807.0,,10.173,233618000000.0,0.0,-167000000.0,10280000000.0,99.047,
51,BRK.B,MRQ,2008-09-30,2008-09-30,2008-09-30,2021-08-09,15984000000.0,281729000000.0,,,,,51.61,-1663000000.0,33369000000.0,33369000000.0,23123000000.0,1208000000.0,,1.309,37558000000.0,,,37558000000.0,8162000000.0,2071000000.0,0.0,0.0,0.0,1865000000.0,3936000000.0,0.148,3936000000.0,1865000000.0,1351000000.0,,,,120155000000.0,,120155000000.0,209720768851.0,16.0,11.77,1774000000.0,0.762,1.0,3491000000.0,0.131,33531000000.0,514000000.0,252387000000.0,,7319000000.0,124071000000.0,,,157225000000.0,,,204644768851.0,2210000000.0,-436000000.0,0.0,1556000000.0,0.0,1500000000.0,-2597000000.0,478000000.0,3437000000.0,-130000000.0,1057000000.0,1057000000.0,1057000000.0,0.0,151000000.0,0.04,1861000000.0,1630000000.0,20577000000.0,,1.703,26.156,,44390000000.0,0.0,87.9,1.898,1.898,16131000000.0,77030000000.0,26614000000.0,26614000000.0,0.0,,,,,0.0,1861000000.0,3.242,718128738.0,718128738.0,,11.431,248198000000.0,0.0,294000000.0,16918000000.0,106.607,
52,BRK.B,MRQ,2008-06-30,2008-06-30,2008-06-30,2021-08-09,14881000000.0,277792000000.0,,,,,50.745,-1497000000.0,31159000000.0,31159000000.0,22187000000.0,3028000000.0,,1.318,36235000000.0,,,36235000000.0,8177000000.0,0.0,0.0,0.0,0.0,4816000000.0,4816000000.0,0.168,4816000000.0,4816000000.0,4323000000.0,,,,117994000000.0,,117994000000.0,187187088669.0,10.0,8.866,141000000.0,0.061,1.0,6564000000.0,0.228,33524000000.0,493000000.0,249344000000.0,,7081000000.0,122869000000.0,,,155568000000.0,,,186576088669.0,-4407000000.0,-551000000.0,0.0,114000000.0,0.0,51000000.0,-6082000000.0,-4112000000.0,1638000000.0,-14000000.0,2880000000.0,2880000000.0,2880000000.0,0.0,148000000.0,0.1,2049000000.0,4515000000.0,21236000000.0,,1.581,16.482,,43708000000.0,0.0,80.24,1.7,1.7,16547000000.0,75973000000.0,28751000000.0,28751000000.0,0.0,,,,,0.0,2049000000.0,3.303,704043313.0,704043313.0,,12.365,244268000000.0,0.0,1443000000.0,16821000000.0,105.051,
53,BRK.B,MRQ,2008-03-31,2008-03-31,2008-03-31,2021-08-09,19171000000.0,281047000000.0,,,,,51.444,-1041000000.0,35566000000.0,35566000000.0,20619000000.0,1045000000.0,,1.319,36177000000.0,,,36177000000.0,8004000000.0,0.0,0.0,0.0,0.0,1824000000.0,1824000000.0,0.076,1824000000.0,1824000000.0,1348000000.0,,,,119372000000.0,,119372000000.0,197081324729.0,10.0,9.166,2312000000.0,0.996,1.0,3364000000.0,0.14,33544000000.0,476000000.0,248114000000.0,,6715000000.0,124149000000.0,,,157401000000.0,,,207584324729.0,-8763000000.0,-4873000000.0,0.0,1173000000.0,0.0,1205000000.0,-13342000000.0,-8309000000.0,3353000000.0,21000000.0,940000000.0,940000000.0,940000000.0,0.0,105000000.0,0.039,1860000000.0,1504000000.0,19800000000.0,,1.739,17.96,,42776000000.0,0.0,89.46,1.941,1.941,15505000000.0,73093000000.0,23983000000.0,23983000000.0,0.0,,,,,0.0,1860000000.0,3.305,702165516.0,702165516.0,,10.336,247503000000.0,0.0,408000000.0,19370000000.0,106.663,
54,BRK.B,MRQ,2007-12-31,2007-12-31,2007-12-31,2021-08-09,21620000000.0,273160000000.0,,,,,51.889,-1456000000.0,44329000000.0,44329000000.0,20313000000.0,3301000000.0,,1.24,33826000000.0,,,33826000000.0,6680000000.0,2407000000.0,0.0,0.0,0.0,4836000000.0,7243000000.0,0.254,7243000000.0,4836000000.0,4339000000.0,,,,120733000000.0,,120733000000.0,208031896777.0,10.0,8.623,-257000000.0,-0.11,1.0,8186000000.0,0.287,32862000000.0,497000000.0,229795000000.0,,5793000000.0,118929000000.0,,,149759000000.0,,,220390896777.0,-2754000000.0,26000000.0,0.0,-899000000.0,0.0,-933000000.0,-3029000000.0,-1915000000.0,1199000000.0,9000000.0,2947000000.0,2947000000.0,2947000000.0,0.0,354000000.0,0.103,1964000000.0,6222000000.0,19646000000.0,,1.825,16.68,,36190000000.0,0.0,94.72,1.923,1.923,13157000000.0,72153000000.0,28499000000.0,28499000000.0,0.0,,,,,0.0,1964000000.0,3.353,693867153.0,693867153.0,,12.248,240298000000.0,0.0,1392000000.0,18825000000.0,103.276,
55,BRK.B,MRQ,2007-09-30,2007-09-30,2007-09-30,2021-08-09,23743000000.0,276516000000.0,,,,,51.018,-1365000000.0,47083000000.0,47083000000.0,19960000000.0,4553000000.0,,1.285,34724000000.0,,,34724000000.0,7567000000.0,0.0,0.0,0.0,0.0,7231000000.0,7231000000.0,0.254,7231000000.0,7231000000.0,6750000000.0,,,,119903000000.0,,119903000000.0,172404222496.0,8.0,7.012,2554000000.0,1.087,1.0,8558000000.0,0.3,32729000000.0,481000000.0,231428000000.0,,5928000000.0,119299000000.0,,,154051000000.0,,,185759222496.0,133000000.0,-410000000.0,0.0,1007000000.0,0.0,1075000000.0,-4919000000.0,-3442000000.0,3919000000.0,58000000.0,4553000000.0,4553000000.0,4553000000.0,0.0,0.0,0.16,1732000000.0,6826000000.0,19974000000.0,,1.549,13.413,,35407000000.0,0.0,79.04,1.678,1.678,14171000000.0,69206000000.0,28518000000.0,28518000000.0,0.0,,,,,0.0,1732000000.0,3.412,688768378.0,688768378.0,,12.134,243787000000.0,0.0,2197000000.0,21517000000.0,103.731,
56,BRK.B,MRQ,2007-06-30,2007-06-30,2007-06-30,2021-08-09,23684000000.0,269051000000.0,,,,,49.699,-1324000000.0,46950000000.0,46950000000.0,19369000000.0,3118000000.0,,1.313,33595000000.0,,,33595000000.0,7505000000.0,0.0,0.0,0.0,0.0,5204000000.0,5204000000.0,0.201,5204000000.0,5204000000.0,4735000000.0,,,,115272000000.0,,115272000000.0,154223539150.0,8.0,6.997,1483000000.0,0.639,1.0,6554000000.0,0.253,32428000000.0,469000000.0,223268000000.0,,5598000000.0,113355000000.0,,,151346000000.0,,,167227539150.0,923000000.0,-348000000.0,0.0,485000000.0,0.0,812000000.0,-2732000000.0,-1146000000.0,2807000000.0,36000000.0,3118000000.0,3118000000.0,3118000000.0,0.0,0.0,0.12,1761000000.0,4793000000.0,20409000000.0,,1.451,13.857,,34567000000.0,0.0,72.1,1.573,1.573,14095000000.0,64653000000.0,25923000000.0,25923000000.0,0.0,,,,,0.0,1761000000.0,3.387,684795606.0,684795606.0,,11.177,236623000000.0,0.0,1617000000.0,21112000000.0,102.02,
57,BRK.B,MRQ,2007-03-31,2007-03-31,2007-03-31,2021-08-09,21799000000.0,261678000000.0,,,,,47.491,-1228000000.0,46027000000.0,46027000000.0,25940000000.0,2595000000.0,,1.36,33023000000.0,,,33023000000.0,7755000000.0,0.0,0.0,0.0,0.0,4446000000.0,4446000000.0,0.14,4446000000.0,4446000000.0,3983000000.0,,,,109891000000.0,,109891000000.0,157316395005.0,8.0,7.549,3397000000.0,1.468,1.0,5727000000.0,0.181,32610000000.0,463000000.0,216064000000.0,,5437000000.0,101305000000.0,,,149424000000.0,,,168454395005.0,2284000000.0,-870000000.0,0.0,386000000.0,0.0,412000000.0,-2748000000.0,-748000000.0,4625000000.0,-5000000.0,2595000000.0,2595000000.0,2595000000.0,0.0,0.0,0.082,1641000000.0,4086000000.0,19640000000.0,,1.533,14.911,,34088000000.0,0.0,72.8,1.633,1.633,20336000000.0,61535000000.0,31667000000.0,31667000000.0,0.0,,,,,0.0,1641000000.0,3.588,644887499.0,644887499.0,,13.685,229068000000.0,0.0,1388000000.0,19665000000.0,98.995,
58,BRK.B,MRQ,2006-12-31,2006-12-31,2006-12-31,2021-08-09,22977000000.0,248437000000.0,,,,,46.87,-1430000000.0,43743000000.0,43743000000.0,18091000000.0,3583000000.0,,1.271,32605000000.0,,,32605000000.0,7058000000.0,2066000000.0,0.0,0.0,0.0,5640000000.0,7706000000.0,0.313,7706000000.0,5640000000.0,5187000000.0,,,,108419000000.0,,108419000000.0,158322088241.0,9.0,7.795,883000000.0,0.382,1.0,6504000000.0,0.264,32238000000.0,453000000.0,205061000000.0,,5257000000.0,101343000000.0,,,137756000000.0,,,169601088241.0,1494000000.0,5000000.0,0.0,1307000000.0,0.0,1379000000.0,-2315000000.0,-1165000000.0,2313000000.0,117000000.0,3583000000.0,3583000000.0,3583000000.0,0.0,0.0,0.146,1554000000.0,4950000000.0,19890000000.0,,1.564,15.397,,33342000000.0,0.0,73.32,1.822,1.822,12881000000.0,58912000000.0,24595000000.0,24595000000.0,0.0,,,,,0.0,1554000000.0,3.687,627407558.0,627407558.0,,10.633,216199000000.0,0.0,1604000000.0,19170000000.0,93.465,
59,BRK.B,MRQ,2006-09-30,2006-09-30,2006-09-30,2021-08-09,20409000000.0,240002000000.0,,,,,44.149,-1311000000.0,42249000000.0,42249000000.0,18209000000.0,2772000000.0,,1.326,30970000000.0,,,30970000000.0,7793000000.0,0.0,0.0,0.0,0.0,4686000000.0,4686000000.0,0.194,4686000000.0,4686000000.0,4223000000.0,,,,102244000000.0,,102244000000.0,135499248979.0,7.0,6.296,3120000000.0,1.347,1.0,5897000000.0,0.245,32216000000.0,463000000.0,196507000000.0,,5386000000.0,94263000000.0,,,135622000000.0,,,147011248979.0,180000000.0,-4378000000.0,0.0,-325000000.0,0.0,-482000000.0,-3769000000.0,1951000000.0,4431000000.0,0.0,2772000000.0,2772000000.0,2772000000.0,0.0,0.0,0.115,1560000000.0,4337000000.0,16995000000.0,,1.438,11.703,,32317000000.0,0.0,63.48,1.592,1.592,13621000000.0,55329000000.0,24106000000.0,24106000000.0,0.0,,,,,0.0,1560000000.0,3.724,621800951.0,621800951.0,,10.409,207786000000.0,0.0,1451000000.0,17176000000.0,89.723,
60,BRK.B,MRQ,2006-06-30,2006-06-30,2006-06-30,2021-08-09,18572000000.0,232331000000.0,,,,,42.078,-1083000000.0,42069000000.0,42069000000.0,17843000000.0,2347000000.0,,1.361,30557000000.0,,,30557000000.0,7795000000.0,0.0,0.0,0.0,0.0,4001000000.0,4001000000.0,0.176,4001000000.0,4001000000.0,3555000000.0,,,,97613000000.0,,97613000000.0,128803033257.0,8.0,7.217,9000000.0,0.004,1.0,4929000000.0,0.216,29867000000.0,446000000.0,190952000000.0,,4371000000.0,92988000000.0,,,132865000000.0,,,141182033257.0,-789000000.0,-296000000.0,0.0,-101000000.0,0.0,-26000000.0,-1855000000.0,-1166000000.0,1092000000.0,0.0,2347000000.0,2347000000.0,2347000000.0,0.0,0.0,0.103,1440000000.0,3489000000.0,15552000000.0,,1.446,13.607,,30551000000.0,0.0,60.86,1.612,1.612,13520000000.0,52557000000.0,22772000000.0,22772000000.0,0.0,,,,,0.0,1440000000.0,5.465,424459258.0,424459258.0,,9.816,202464000000.0,0.0,1208000000.0,16081000000.0,87.277,
61,BRK.B,MRQ,2006-03-31,2006-03-31,2006-03-31,2021-08-09,18707000000.0,230206000000.0,,,,,41.232,-747000000.0,42858000000.0,42858000000.0,16588000000.0,2313000000.0,,1.396,30479000000.0,,,30479000000.0,7496000000.0,0.0,0.0,0.0,0.0,3917000000.0,3917000000.0,0.183,3917000000.0,3917000000.0,3555000000.0,,,,95349000000.0,,95349000000.0,110255930376.0,7.0,6.814,1612000000.0,0.697,1.0,4815000000.0,0.225,29501000000.0,362000000.0,188326000000.0,,4227000000.0,91282000000.0,,,133118000000.0,,,139304930376.0,-2160000000.0,-5463000000.0,0.0,1525000000.0,0.0,1619000000.0,-6138000000.0,-11000000.0,2359000000.0,0.0,2313000000.0,2313000000.0,2313000000.0,0.0,0.0,0.108,1378000000.0,3437000000.0,14964000000.0,,1.461,14.698,,29762000000.0,0.0,60.24,1.702,1.702,13097000000.0,50210000000.0,21403000000.0,21403000000.0,0.0,,,,,0.0,1378000000.0,5.486,421525748.0,421525748.0,,9.255,200705000000.0,0.0,1242000000.0,17084000000.0,86.791,
62,BRK.B,MRQ,2005-12-31,2005-12-31,2005-12-31,2021-08-09,17360000000.0,198325000000.0,,,,,39.329,-1143000000.0,44660000000.0,44660000000.0,15113000000.0,5130000000.0,,1.159,14451000000.0,,,14451000000.0,6206000000.0,982000000.0,0.0,0.0,0.0,7935000000.0,8917000000.0,0.37,8917000000.0,7935000000.0,7766000000.0,,,,91484000000.0,,91484000000.0,105995916515.0,8.0,7.365,2650000000.0,1.139,1.0,8970000000.0,0.372,23644000000.0,169000000.0,144472000000.0,,4143000000.0,92788000000.0,,,106025000000.0,,,136567916515.0,-1372000000.0,-565000000.0,0.0,282000000.0,0.0,426000000.0,-5468000000.0,-4929000000.0,3793000000.0,-123000000.0,5130000000.0,5130000000.0,5130000000.0,0.0,0.0,0.213,1506000000.0,7464000000.0,13050000000.0,,1.493,16.014,,7500000000.0,0.0,58.71,1.773,1.773,12397000000.0,47717000000.0,24083000000.0,24083000000.0,0.0,,,,,0.0,1506000000.0,5.541,419806119.0,419806119.0,,10.353,174681000000.0,0.0,2636000000.0,12252000000.0,75.095,
63,BRK.B,MRQ,2005-09-30,2005-09-30,2005-09-30,2021-08-09,20561000000.0,196710000000.0,,,,,38.798,-365000000.0,46032000000.0,46032000000.0,17549000000.0,586000000.0,,1.188,15460000000.0,,,15460000000.0,6882000000.0,0.0,0.0,0.0,0.0,1011000000.0,1011000000.0,0.052,1011000000.0,1011000000.0,818000000.0,,,,89518000000.0,,89518000000.0,96619862243.0,9.0,8.088,2195000000.0,0.951,1.0,1787000000.0,0.092,23652000000.0,193000000.0,142486000000.0,,4031000000.0,89805000000.0,,,106391000000.0,,,126022862243.0,-1730000000.0,-1598000000.0,0.0,368000000.0,0.0,415000000.0,-4705000000.0,-2823000000.0,2560000000.0,0.0,586000000.0,586000000.0,586000000.0,0.0,0.0,0.03,1289000000.0,498000000.0,8968000000.0,,1.408,18.706,,7026000000.0,0.0,54.62,1.821,1.821,13104000000.0,42587000000.0,19336000000.0,19336000000.0,0.0,,,,,0.0,1289000000.0,5.539,416515354.0,416515354.0,,8.38,173058000000.0,0.0,232000000.0,11409000000.0,75.006,
64,BRK.B,MRQ,2005-06-30,2005-06-30,2005-06-30,2021-08-09,19737000000.0,194835000000.0,,,,,38.153,-384000000.0,47762000000.0,47762000000.0,13897000000.0,1449000000.0,,1.203,18359000000.0,,,18359000000.0,6935000000.0,0.0,0.0,0.0,0.0,2335000000.0,2335000000.0,0.137,2335000000.0,2335000000.0,2140000000.0,,,,88086000000.0,,88086000000.0,99637178986.0,8.0,7.813,1350000000.0,0.585,1.0,3107000000.0,0.183,23208000000.0,195000000.0,142224000000.0,,3875000000.0,87382000000.0,,,105971000000.0,,,128529178986.0,1053000000.0,-33000000.0,0.0,1365000000.0,0.0,1331000000.0,-2012000000.0,-1989000000.0,1734000000.0,0.0,1449000000.0,1449000000.0,1449000000.0,0.0,0.0,0.085,1242000000.0,1865000000.0,8485000000.0,,1.459,17.636,,6770000000.0,0.0,55.67,1.862,1.862,12483000000.0,42001000000.0,17004000000.0,17004000000.0,0.0,,,,,0.0,1242000000.0,5.616,411128844.0,411128844.0,,7.365,171627000000.0,0.0,691000000.0,11259000000.0,74.337,
65,BRK.B,MRQ,2005-03-31,2005-03-31,2005-03-31,2021-08-09,19581000000.0,191075000000.0,,,,,37.253,-303000000.0,46709000000.0,46709000000.0,13673000000.0,1363000000.0,,1.201,17817000000.0,,,17817000000.0,7217000000.0,0.0,0.0,0.0,0.0,2129000000.0,2129000000.0,0.128,2129000000.0,2129000000.0,1963000000.0,,,,86456000000.0,,86456000000.0,103745480786.0,9.0,8.4,1056000000.0,0.455,1.0,2934000000.0,0.177,23009000000.0,166000000.0,139174000000.0,,3835000000.0,85135000000.0,,,103854000000.0,,,132562480786.0,3282000000.0,-191000000.0,0.0,3548000000.0,0.0,3579000000.0,-1656000000.0,-1279000000.0,1359000000.0,0.0,1363000000.0,1363000000.0,1363000000.0,0.0,0.0,0.082,1291000000.0,1643000000.0,7256000000.0,,1.533,18.616,,6583000000.0,0.0,57.12,1.893,1.893,12256000000.0,40552000000.0,16607000000.0,16607000000.0,0.0,,,,,0.0,1291000000.0,5.67,409335297.0,409335297.0,,7.156,168066000000.0,0.0,600000000.0,11392000000.0,72.418,
66,BRK.B,MRQ,2004-12-31,2004-12-31,2004-12-31,2021-08-09,20435000000.0,188874000000.0,,,,,37.037,-421000000.0,43427000000.0,43427000000.0,10755000000.0,3339000000.0,,1.19,14610000000.0,,,14610000000.0,6283000000.0,941000000.0,0.0,0.0,0.0,5530000000.0,6471000000.0,0.398,6471000000.0,5530000000.0,4909000000.0,,,,85900000000.0,,85900000000.0,108422605618.0,9.0,8.647,1813000000.0,0.782,1.0,5487000000.0,0.338,23012000000.0,621000000.0,137045000000.0,,3842000000.0,82164000000.0,,,102216000000.0,,,136187605618.0,410000000.0,-37000000.0,0.0,-212000000.0,0.0,-43000000.0,-1781000000.0,-1905000000.0,2234000000.0,0.0,3339000000.0,3339000000.0,3339000000.0,0.0,0.0,0.206,1335000000.0,4152000000.0,7500000000.0,,1.585,18.635,,6516000000.0,0.0,58.72,1.929,1.929,11291000000.0,39189000000.0,16242000000.0,16242000000.0,0.0,,,,,0.0,1335000000.0,5.741,403955283.0,403955283.0,,7.003,165862000000.0,0.0,1570000000.0,12247000000.0,71.515,
67,BRK.B,MRQ,2004-09-30,2004-09-30,2004-09-30,2021-08-09,18591000000.0,181860000000.0,,,,,34.956,-317000000.0,43017000000.0,43017000000.0,15978000000.0,1137000000.0,,1.245,15252000000.0,,,15252000000.0,6723000000.0,0.0,0.0,0.0,0.0,1817000000.0,1817000000.0,0.095,1817000000.0,1817000000.0,1786000000.0,,,,80677000000.0,,80677000000.0,129961084742.0,13.0,12.381,2561000000.0,1.11,1.0,3194000000.0,0.167,23027000000.0,31000000.0,131068000000.0,,3767000000.0,77624000000.0,,,100455000000.0,,,132524084742.0,2816000000.0,-28000000.0,0.0,813000000.0,0.0,751000000.0,-813000000.0,104000000.0,2878000000.0,0.0,1137000000.0,1137000000.0,1137000000.0,0.0,0.0,0.059,1231000000.0,1963000000.0,6821000000.0,,1.643,20.854,,6308000000.0,0.0,57.42,1.786,1.786,11721000000.0,35850000000.0,19172000000.0,19172000000.0,0.0,,,,,0.0,1231000000.0,5.775,399681036.0,399681036.0,,8.307,158833000000.0,0.0,649000000.0,11199000000.0,68.819,
68,BRK.B,MRQ,2004-06-30,2004-06-30,2004-06-30,2021-08-09,19505000000.0,203426000000.0,,,,,34.777,-292000000.0,40201000000.0,40201000000.0,14877000000.0,1282000000.0,,1.519,37638000000.0,,,37638000000.0,7212000000.0,0.0,0.0,0.0,0.0,1934000000.0,1934000000.0,0.107,1934000000.0,1934000000.0,1899000000.0,,,,80438000000.0,,80438000000.0,137692300824.0,13.0,12.202,-272000000.0,-0.118,1.0,3119000000.0,0.173,22965000000.0,35000000.0,177898000000.0,,3623000000.0,102904000000.0,,,122147000000.0,,,136697300824.0,-710000000.0,-330000000.0,0.0,-821000000.0,0.0,-834000000.0,104000000.0,710000000.0,20000000.0,0.0,1282000000.0,1282000000.0,1282000000.0,0.0,0.0,0.071,1241000000.0,1878000000.0,6919000000.0,,1.699,19.461,,6247000000.0,0.0,59.1,1.866,1.866,11862000000.0,34713000000.0,17996000000.0,17996000000.0,0.0,,,,,0.0,1241000000.0,5.864,394416931.0,394416931.0,,7.78,180461000000.0,0.0,617000000.0,11623000000.0,78.021,
69,BRK.B,MRQ,2004-03-31,2004-03-31,2004-03-31,2021-08-09,20097000000.0,210954000000.0,,,,,34.51,-248000000.0,40911000000.0,40911000000.0,13806000000.0,1550000000.0,,1.636,41906000000.0,,,41906000000.0,7742000000.0,0.0,0.0,0.0,0.0,2317000000.0,2317000000.0,0.135,2317000000.0,2317000000.0,2283000000.0,,,,79724000000.0,,79724000000.0,124830356022.0,11.0,9.829,1931000000.0,0.836,1.0,3378000000.0,0.197,22958000000.0,34000000.0,188991000000.0,,3693000000.0,109303000000.0,,,130399000000.0,,,143737356022.0,4954000000.0,-19000000.0,0.0,-102000000.0,0.0,-30000000.0,2805000000.0,2364000000.0,2179000000.0,0.0,1550000000.0,1550000000.0,1550000000.0,0.0,0.0,0.09,1182000000.0,2196000000.0,6259000000.0,,1.803,18.033,,6202000000.0,0.0,62.22,2.063,2.063,12706000000.0,33431000000.0,17184000000.0,17184000000.0,0.0,,,,,0.0,1182000000.0,5.93,389593086.0,389593086.0,,7.439,187996000000.0,0.0,733000000.0,12467000000.0,81.379,
70,BRK.B,MRQ,2003-12-31,2003-12-31,2003-12-31,2021-08-09,19556000000.0,180559000000.0,,,,,33.599,-1066000000.0,35957000000.0,35957000000.0,15069000000.0,2386000000.0,,1.317,17050000000.0,,,17050000000.0,6308000000.0,849000000.0,0.0,0.0,0.0,3580000000.0,4429000000.0,0.223,4429000000.0,3580000000.0,3542000000.0,,,,77596000000.0,,77596000000.0,115355667069.0,10.0,8.902,1255000000.0,0.543,1.0,4786000000.0,0.241,22948000000.0,38000000.0,138704000000.0,,3656000000.0,84575000000.0,,,102218000000.0,,,130023667069.0,5212000000.0,-216000000.0,0.0,1600000000.0,0.0,1646000000.0,1245000000.0,1620000000.0,2321000000.0,0.0,2386000000.0,2386000000.0,2386000000.0,0.0,0.0,0.12,1294000000.0,3492000000.0,6871000000.0,,1.676,15.952,,6260000000.0,0.0,56.3,2.036,2.036,12314000000.0,31881000000.0,19855000000.0,19855000000.0,0.0,,,,,0.0,1294000000.0,6.179,373761724.0,373761724.0,,8.597,157611000000.0,0.0,1156000000.0,10994000000.0,68.245,
71,BRK.B,MRQ,2003-09-30,2003-09-30,2003-09-30,2021-08-09,16365000000.0,172239000000.0,,,,,31.256,0.0,30745000000.0,30745000000.0,14535000000.0,1806000000.0,,1.383,16077000000.0,,,16077000000.0,6941000000.0,0.0,0.0,0.0,0.0,2604000000.0,2604000000.0,0.143,2604000000.0,2604000000.0,2572000000.0,,,,71968000000.0,,71968000000.0,102940270874.0,10.0,9.304,2407000000.0,1.045,1.0,3697000000.0,0.203,22742000000.0,32000000.0,134829000000.0,,3755000000.0,77771000000.0,,,99556000000.0,,,114942270874.0,2301000000.0,-1570000000.0,0.0,-589000000.0,0.0,-1587000000.0,1481000000.0,3238000000.0,2407000000.0,0.0,1806000000.0,1806000000.0,1806000000.0,0.0,0.0,0.099,1195000000.0,2502000000.0,6807000000.0,,1.597,16.541,,6040000000.0,0.0,49.92,2.049,2.049,18372000000.0,29495000000.0,18232000000.0,18232000000.0,0.0,,,,,0.0,1195000000.0,6.34,363192450.0,363192450.0,,7.918,149497000000.0,0.0,766000000.0,9877000000.0,64.927,
72,BRK.B,MRQ,2003-06-30,2003-06-30,2003-06-30,2021-08-09,16842000000.0,172930000000.0,,,,,30.667,0.0,28444000000.0,28444000000.0,10189000000.0,2229000000.0,,1.428,16442000000.0,,,16442000000.0,7143000000.0,0.0,0.0,0.0,0.0,3350000000.0,3350000000.0,0.233,3350000000.0,3350000000.0,3307000000.0,,,,70605000000.0,,70605000000.0,112172291706.0,12.0,11.033,972000000.0,0.422,1.0,4207000000.0,0.292,22358000000.0,43000000.0,138570000000.0,,3772000000.0,82653000000.0,,,100823000000.0,,,111891291706.0,8952000000.0,-1424000000.0,0.0,-336000000.0,0.0,-167000000.0,8147000000.0,9751000000.0,972000000.0,0.0,2229000000.0,2229000000.0,2229000000.0,0.0,0.0,0.155,919000000.0,3288000000.0,6246000000.0,,1.585,17.806,,5993000000.0,0.0,48.6,2.308,2.308,16557000000.0,27689000000.0,14396000000.0,14396000000.0,0.0,,,,,0.0,919000000.0,6.592,349268609.0,349268609.0,,6.253,150572000000.0,0.0,1078000000.0,9995000000.0,65.401,
73,BRK.B,MRQ,2003-03-31,2003-03-31,2003-03-31,2021-08-09,13846000000.0,169616000000.0,,,,,28.444,0.0,19492000000.0,19492000000.0,8094000000.0,1730000000.0,,1.573,19773000000.0,,,19773000000.0,7651000000.0,0.0,0.0,0.0,0.0,2575000000.0,2575000000.0,0.226,2575000000.0,2575000000.0,2535000000.0,,,,65358000000.0,,65358000000.0,108537594399.0,14.0,12.952,2641000000.0,1.149,1.0,3282000000.0,0.289,22302000000.0,40000000.0,147595000000.0,,3066000000.0,91035000000.0,,,102832000000.0,,,98208594399.0,6744000000.0,-3000000.0,0.0,-1122000000.0,0.0,-1053000000.0,5156000000.0,5295000000.0,2641000000.0,0.0,1730000000.0,1730000000.0,1730000000.0,0.0,0.0,0.152,820000000.0,2462000000.0,4705000000.0,,1.503,19.257,,5466000000.0,0.0,42.74,2.227,2.227,13983000000.0,25460000000.0,11376000000.0,11376000000.0,0.0,,,,,0.0,820000000.0,6.769,339484073.0,339484073.0,,4.951,147314000000.0,0.0,805000000.0,8621000000.0,64.11,
74,BRK.B,MRQ,2002-12-31,2002-12-31,2002-12-31,2021-08-09,14271000000.0,169544000000.0,,,,,27.796,-928000000.0,12748000000.0,12748000000.0,9643000000.0,1184000000.0,,1.626,23077000000.0,,,23077000000.0,6694000000.0,679000000.0,0.0,0.0,0.0,1856000000.0,2535000000.0,0.21,2535000000.0,1856000000.0,1810000000.0,,,,64037000000.0,,64037000000.0,125299541504.0,19.0,17.364,897000000.0,0.389,1.0,2453000000.0,0.203,22298000000.0,46000000.0,157575000000.0,,3030000000.0,96513000000.0,,,104116000000.0,,,111643541504.0,2310000000.0,-1332000000.0,0.0,225000000.0,0.0,265000000.0,220000000.0,1746000000.0,1825000000.0,0.0,1184000000.0,1184000000.0,1184000000.0,0.0,0.0,0.098,690000000.0,1763000000.0,4995000000.0,,1.743,26.048,,5368000000.0,0.0,48.46,2.643,2.643,13153000000.0,23730000000.0,12096000000.0,12096000000.0,0.0,,,,,0.0,690000000.0,6.93,332420826.0,332420826.0,,5.25,147246000000.0,0.0,626000000.0,8051000000.0,63.914,
75,BRK.B,MRQ,2002-09-30,2002-09-30,2002-09-30,2021-08-09,14061000000.0,167749000000.0,,,,,27.082,0.0,10438000000.0,10438000000.0,8218000000.0,1141000000.0,,1.657,24094000000.0,,,24094000000.0,6777000000.0,0.0,0.0,0.0,0.0,1707000000.0,1707000000.0,0.161,1707000000.0,1707000000.0,1656000000.0,,,,62617000000.0,,62617000000.0,110818879470.0,22.0,18.732,2564000000.0,1.109,1.0,2385000000.0,0.225,22281000000.0,51000000.0,159124000000.0,,2906000000.0,93679000000.0,,,103774000000.0,,,113987879470.0,1715000000.0,-212000000.0,0.0,-476000000.0,0.0,-389000000.0,-460000000.0,-58000000.0,2564000000.0,0.0,1141000000.0,1141000000.0,1141000000.0,0.0,0.0,0.108,809000000.0,1576000000.0,11430000000.0,,1.82,35.655,,5157000000.0,0.0,49.3,2.849,2.849,18573000000.0,22546000000.0,10603000000.0,10603000000.0,0.0,,,,,0.0,809000000.0,7.085,326325967.0,326325967.0,,4.586,145468000000.0,0.0,515000000.0,7925000000.0,62.915,
76,BRK.B,MRQ,2002-06-30,2002-06-30,2002-06-30,2021-08-09,14972000000.0,167497000000.0,,,,,27.114,0.0,7260000000.0,7260000000.0,7768000000.0,1045000000.0,,1.686,4091000000.0,,,4091000000.0,6223000000.0,0.0,0.0,0.0,0.0,1563000000.0,1563000000.0,0.156,1563000000.0,1563000000.0,1514000000.0,,,,62370000000.0,,62370000000.0,99127667547.0,44.0,30.862,3319000000.0,1.443,1.0,2262000000.0,0.226,22143000000.0,49000000.0,142185000000.0,,2815000000.0,72691000000.0,,,105127000000.0,,,102777667547.0,178000000.0,-719000000.0,0.0,-2856000000.0,0.0,-2800000000.0,-341000000.0,520000000.0,3319000000.0,0.0,1045000000.0,1045000000.0,1045000000.0,0.0,0.0,0.104,776000000.0,1486000000.0,11217000000.0,,1.648,74.639,,5120000000.0,0.0,44.68,2.638,2.638,12623000000.0,21405000000.0,10030000000.0,10030000000.0,0.0,,,,,0.0,776000000.0,7.198,319557280.0,319557280.0,,4.36,145354000000.0,0.0,469000000.0,8434000000.0,63.189,
77,BRK.B,MRQ,2002-03-31,2002-03-31,2002-03-31,2021-08-09,14172000000.0,164624000000.0,,,,,26.293,0.0,7374000000.0,7374000000.0,7381000000.0,916000000.0,,1.721,3724000000.0,,,3724000000.0,5642000000.0,0.0,0.0,0.0,0.0,1422000000.0,1422000000.0,0.149,1422000000.0,1422000000.0,1376000000.0,,,,60498000000.0,,60498000000.0,107190978838.0,53.0,36.311,3427000000.0,1.489,1.0,2140000000.0,0.225,22035000000.0,46000000.0,138939000000.0,,2360000000.0,69685000000.0,,,104126000000.0,,,109018978838.0,2047000000.0,-357000000.0,0.0,-613000000.0,0.0,-650000000.0,-730000000.0,-119000000.0,3427000000.0,0.0,916000000.0,916000000.0,916000000.0,0.0,0.0,0.096,758000000.0,1382000000.0,9894000000.0,,1.802,98.66,,4880000000.0,0.0,47.38,2.754,2.754,11374000000.0,20360000000.0,9521000000.0,9521000000.0,0.0,,,,,0.0,758000000.0,7.272,316400756.0,316400756.0,,4.138,142589000000.0,0.0,460000000.0,8165000000.0,61.97,
78,BRK.B,MRQ,2001-12-31,2001-12-31,2001-12-31,2021-08-09,12891000000.0,162752000000.0,,,,,25.316,0.0,6498000000.0,6498000000.0,8948000000.0,95000000.0,,1.785,33969000000.0,,,33969000000.0,4814000000.0,945000000.0,0.0,0.0,0.0,279000000.0,1224000000.0,0.124,1224000000.0,279000000.0,234000000.0,,,,57950000000.0,,57950000000.0,114203946951.0,72.0,45.051,2280000000.0,0.996,1.0,901000000.0,0.091,21510000000.0,45000000.0,168713000000.0,,2213000000.0,99671000000.0,,,103453000000.0,,,115598946951.0,137000000.0,-217000000.0,0.0,-930000000.0,0.0,-831000000.0,-1312000000.0,-997000000.0,2280000000.0,0.0,95000000.0,95000000.0,95000000.0,0.0,0.0,0.01,631000000.0,270000000.0,4249000000.0,,1.995,145.407,,4776000000.0,0.0,50.5,2.995,2.995,15231000000.0,19444000000.0,9849000000.0,9849000000.0,0.0,,,,,0.0,490000000.0,7.514,304649090.0,304649090.0,,4.303,141242000000.0,0.0,139000000.0,7021000000.0,61.702,
79,BRK.B,MRQ,2001-09-30,2001-09-30,2001-09-30,2021-08-09,12179000000.0,160054000000.0,,,,,24.875,0.0,4981000000.0,4981000000.0,9692000000.0,-679000000.0,,1.803,3586000000.0,,,3586000000.0,4805000000.0,0.0,0.0,0.0,0.0,-997000000.0,-997000000.0,-0.104,-997000000.0,-997000000.0,-1040000000.0,,,,57108000000.0,,57108000000.0,103501497610.0,33.0,25.177,1680000000.0,0.732,1.0,-138000000.0,-0.014,21611000000.0,43000000.0,137048000000.0,,2354000000.0,64148000000.0,,,102946000000.0,,,106984497610.0,-1850000000.0,-760000000.0,0.0,5832000000.0,0.0,5855000000.0,-9385000000.0,-8410000000.0,1680000000.0,0.0,-679000000.0,-679000000.0,-679000000.0,0.0,0.0,-0.071,904000000.0,-1042000000.0,9209000000.0,,1.873,59.969,,4699000000.0,0.0,46.6,2.562,2.562,11858000000.0,19349000000.0,9554000000.0,9554000000.0,0.0,,,,,0.0,759000000.0,7.909,290277935.0,290277935.0,,4.162,138443000000.0,0.0,-361000000.0,6524000000.0,60.303,
80,BRK.B,MRQ,2001-06-30,2001-06-30,2001-06-30,2021-08-09,13139000000.0,148776000000.0,,,,,25.705,0.0,7143000000.0,7143000000.0,8432000000.0,773000000.0,,1.533,3660000000.0,,,3660000000.0,4753000000.0,0.0,0.0,0.0,0.0,1303000000.0,1303000000.0,0.122,1303000000.0,1303000000.0,1246000000.0,,,,58730000000.0,,58730000000.0,103310081422.0,19.0,16.087,1881000000.0,0.823,1.0,2224000000.0,0.209,21244000000.0,57000000.0,124049000000.0,,2270000000.0,62164000000.0,,,90046000000.0,,,105099081422.0,1771000000.0,16000000.0,0.0,140000000.0,0.0,148000000.0,-258000000.0,-100000000.0,1881000000.0,0.0,773000000.0,773000000.0,773000000.0,0.0,0.0,0.073,900000000.0,1324000000.0,9503000000.0,,1.79,32.239,,4597000000.0,0.0,46.0,2.586,2.586,11789000000.0,20028000000.0,10656000000.0,10656000000.0,0.0,,,,,0.0,756000000.0,8.196,278751175.0,278751175.0,,4.664,127532000000.0,0.0,473000000.0,7098000000.0,55.818,
81,BRK.B,MRQ,2001-03-31,2001-03-31,2001-03-31,2021-08-09,13582000000.0,146690000000.0,,,,,25.439,0.0,5845000000.0,5845000000.0,6253000000.0,606000000.0,,1.512,4056000000.0,,,4056000000.0,4561000000.0,0.0,0.0,0.0,0.0,1005000000.0,1005000000.0,0.123,1005000000.0,1005000000.0,945000000.0,,,,58390000000.0,,58390000000.0,97290544202.0,19.0,15.722,733000000.0,0.319,1.0,1889000000.0,0.232,21389000000.0,60000000.0,123512000000.0,,2261000000.0,62288000000.0,,,88300000000.0,,,99890544202.0,836000000.0,-3736000000.0,0.0,856000000.0,0.0,842000000.0,-739000000.0,3194000000.0,733000000.0,0.0,606000000.0,606000000.0,606000000.0,0.0,0.0,0.074,872000000.0,1017000000.0,9417000000.0,,1.711,31.945,,4543000000.0,0.0,43.52,2.733,2.733,11553000000.0,19255000000.0,8142000000.0,8142000000.0,0.0,,,,,0.0,730000000.0,8.288,276951100.0,276951100.0,,3.547,125301000000.0,0.0,339000000.0,7278000000.0,54.591,
82,BRK.B,MRQ,2000-12-31,2000-12-31,2000-12-31,2021-08-09,17543000000.0,135792000000.0,,,,,26.73,0.0,5263000000.0,5263000000.0,10767000000.0,1084000000.0,,1.2,2663000000.0,,,2663000000.0,3885000000.0,997000000.0,0.0,0.0,0.0,1803000000.0,2800000000.0,0.209,2800000000.0,1803000000.0,1764000000.0,,,,61724000000.0,,61724000000.0,108577959576.0,20.0,16.738,1064000000.0,0.461,1.0,2645000000.0,0.197,18875000000.0,39000000.0,114317000000.0,,1275000000.0,71905000000.0,,,74068000000.0,,,108713959576.0,1931000000.0,-2675000000.0,0.0,564000000.0,0.0,598000000.0,269000000.0,3216000000.0,1064000000.0,0.0,1084000000.0,1084000000.0,1084000000.0,0.0,0.0,0.081,880000000.0,1765000000.0,8374000000.0,,1.761,32.666,,2699000000.0,0.0,47.08,3.116,3.116,11764000000.0,18649000000.0,13412000000.0,13412000000.0,0.0,,,,,0.0,534000000.0,8.433,273833310.0,273833310.0,,5.808,116917000000.0,0.0,680000000.0,10125000000.0,50.632,
83,BRK.B,MRQ,2000-09-30,2000-09-30,2000-09-30,2021-08-09,16335000000.0,130482000000.0,,,,,25.377,0.0,2770000000.0,2770000000.0,6483000000.0,797000000.0,,1.197,2634000000.0,,,2634000000.0,4273000000.0,0.0,0.0,0.0,0.0,1314000000.0,1314000000.0,0.156,1314000000.0,1314000000.0,1276000000.0,,,,59391000000.0,,59391000000.0,97430247416.0,26.0,21.993,940000000.0,0.402,1.0,1951000000.0,0.231,18526000000.0,38000000.0,111820000000.0,,1444000000.0,70566000000.0,,,71091000000.0,,,96891247416.0,460000000.0,-742000000.0,0.0,-183000000.0,0.0,-225000000.0,-255000000.0,555000000.0,940000000.0,0.0,797000000.0,797000000.0,797000000.0,0.0,0.0,0.094,537000000.0,1414000000.0,7443000000.0,,1.631,42.721,,2406000000.0,0.0,41.4,3.518,3.518,9238000000.0,17565000000.0,8434000000.0,8434000000.0,0.0,,,,,0.0,413000000.0,8.59,272446768.0,272446768.0,,3.604,111956000000.0,0.0,479000000.0,9201000000.0,47.837,
84,BRK.B,MRQ,2000-06-30,2000-06-30,2000-06-30,2021-08-09,15569000000.0,134797000000.0,,,,,24.227,0.0,1907000000.0,1907000000.0,4915000000.0,640000000.0,,1.341,2446000000.0,,,2446000000.0,4294000000.0,0.0,0.0,0.0,0.0,1069000000.0,1069000000.0,0.163,1069000000.0,1069000000.0,1035000000.0,,,,57588000000.0,,57588000000.0,83133134525.0,27.0,21.831,667000000.0,0.281,1.0,1649000000.0,0.251,18285000000.0,34000000.0,117051000000.0,,1117000000.0,67183000000.0,,,77209000000.0,,,83670134525.0,-211000000.0,0.0,0.0,150000000.0,0.0,34000000.0,-912000000.0,-736000000.0,667000000.0,0.0,640000000.0,640000000.0,640000000.0,0.0,0.0,0.098,501000000.0,1148000000.0,8556000000.0,,1.453,44.247,,2182000000.0,0.0,35.2,3.199,3.199,10074000000.0,16768000000.0,6564000000.0,6564000000.0,0.0,,,,,0.0,378000000.0,8.767,271121553.0,271121553.0,,2.761,116512000000.0,0.0,395000000.0,8811000000.0,49.017,
85,BRK.B,MRQ,2000-03-31,2000-03-31,2000-03-31,2021-08-09,14934000000.0,134201000000.0,,,,,24.38,0.0,2891000000.0,2891000000.0,4636000000.0,807000000.0,,1.384,2354000000.0,,,2354000000.0,3865000000.0,0.0,0.0,0.0,0.0,1304000000.0,1304000000.0,0.201,1304000000.0,1304000000.0,1271000000.0,,,,56289000000.0,,56289000000.0,82672598912.0,28.0,22.75,276000000.0,0.12,1.0,1838000000.0,0.284,18409000000.0,33000000.0,115255000000.0,,1076000000.0,64465000000.0,,,77912000000.0,,,84042598912.0,-1034000000.0,-381000000.0,0.0,14000000.0,0.0,63000000.0,-1373000000.0,-926000000.0,276000000.0,0.0,807000000.0,807000000.0,807000000.0,0.0,0.0,0.125,500000000.0,1338000000.0,6901000000.0,,1.493,46.101,,2034000000.0,0.0,36.4,3.354,3.354,8427000000.0,16128000000.0,6474000000.0,6474000000.0,0.0,,,,,0.0,378000000.0,8.529,270714905.0,270714905.0,,2.804,115792000000.0,0.0,464000000.0,8766000000.0,50.151,
86,BRK.B,MRQ,1999-12-31,1999-12-31,1999-12-31,2021-08-09,17223000000.0,131416000000.0,,,,,24.806,0.0,3835000000.0,3835000000.0,5522000000.0,24000000.0,,1.275,2465000000.0,,,2465000000.0,3718000000.0,688000000.0,0.0,0.0,0.0,55000000.0,743000000.0,0.122,743000000.0,55000000.0,21000000.0,,,,57761000000.0,,57761000000.0,82955763177.0,33.0,25.675,872000000.0,0.374,1.0,548000000.0,0.09,18281000000.0,34000000.0,111765000000.0,,844000000.0,67994000000.0,,,73655000000.0,,,85222763177.0,-1106000000.0,-153000000.0,0.0,115000000.0,0.0,19000000.0,-1997000000.0,-1864000000.0,872000000.0,0.0,24000000.0,24000000.0,24000000.0,0.0,0.0,0.004,480000000.0,68000000.0,7458000000.0,,1.475,54.735,,1903000000.0,0.0,36.6,3.547,3.547,8558000000.0,15321000000.0,6070000000.0,6070000000.0,0.0,,,,,0.0,359000000.0,8.674,268456170.0,268456170.0,,2.607,113135000000.0,0.0,-3000000.0,9566000000.0,48.587,
87,BRK.B,MRQ,1999-09-30,1999-09-30,1999-09-30,2021-08-09,14811000000.0,126592000000.0,,,,,23.344,0.0,4715000000.0,4715000000.0,5961000000.0,420000000.0,,1.289,2448000000.0,,,2448000000.0,3875000000.0,0.0,0.0,0.0,0.0,692000000.0,692000000.0,0.098,692000000.0,692000000.0,657000000.0,,,,55305000000.0,,55305000000.0,86305914072.0,26.0,23.723,2388000000.0,1.008,1.0,1090000000.0,0.155,18270000000.0,35000000.0,106055000000.0,,780000000.0,66035000000.0,,,71287000000.0,,,87940914072.0,1146000000.0,0.0,0.0,-125000000.0,0.0,-190000000.0,-1052000000.0,-822000000.0,2388000000.0,0.0,420000000.0,420000000.0,420000000.0,0.0,0.0,0.06,386000000.0,704000000.0,7605000000.0,,1.59,41.877,,1782000000.0,0.0,37.12,4.068,4.068,7207000000.0,15297000000.0,7051000000.0,7051000000.0,0.0,,,,,0.0,267000000.0,8.858,267440473.0,267440473.0,,2.976,108322000000.0,0.0,237000000.0,8288000000.0,45.723,
88,BRK.B,MRQ,1999-06-30,1999-06-30,1999-06-30,2021-08-09,17977000000.0,125166000000.0,,,,,24.876,0.0,4229000000.0,4229000000.0,4176000000.0,572000000.0,,1.157,2594000000.0,,,2594000000.0,3920000000.0,0.0,0.0,0.0,0.0,895000000.0,895000000.0,0.164,895000000.0,895000000.0,863000000.0,,,,58041000000.0,,58041000000.0,92781176124.0,29.0,26.373,-895000000.0,-0.384,1.0,1285000000.0,0.235,18371000000.0,32000000.0,105160000000.0,,752000000.0,69349000000.0,,,67125000000.0,,,104526176124.0,-11088000000.0,0.0,0.0,444000000.0,0.0,660000000.0,-10853000000.0,-10746000000.0,-895000000.0,0.0,572000000.0,572000000.0,572000000.0,0.0,0.0,0.105,388000000.0,897000000.0,7439000000.0,,1.801,51.113,,1667000000.0,0.0,44.8,5.98,5.98,8058000000.0,14877000000.0,5461000000.0,5461000000.0,0.0,,,,,0.0,269000000.0,8.752,266597524.0,266597524.0,,2.341,106795000000.0,0.0,291000000.0,10254000000.0,45.772,
89,BRK.B,MRQ,1999-03-31,1999-03-31,1999-03-31,2021-08-09,18433000000.0,123774000000.0,,,,,25.0,0.0,14207000000.0,14207000000.0,4144000000.0,541000000.0,,1.138,2462000000.0,,,2462000000.0,3513000000.0,0.0,0.0,0.0,0.0,901000000.0,901000000.0,0.165,901000000.0,901000000.0,868000000.0,,,,57884000000.0,,57884000000.0,97670430285.0,23.0,21.948,-165000000.0,-0.071,1.0,1302000000.0,0.239,18326000000.0,33000000.0,93703000000.0,,739000000.0,60767000000.0,,,65890000000.0,,,108867430285.0,1017000000.0,0.0,0.0,70000000.0,0.0,-122000000.0,1304000000.0,1404000000.0,-165000000.0,0.0,541000000.0,541000000.0,541000000.0,0.0,0.0,0.099,387000000.0,915000000.0,8008000000.0,,1.881,41.098,,1616000000.0,0.0,47.02,6.824,6.824,7514000000.0,14305000000.0,5446000000.0,5446000000.0,0.0,,,,,0.0,269000000.0,8.736,265044857.0,265044857.0,,2.352,105448000000.0,0.0,327000000.0,11088000000.0,45.543,
90,BRK.B,MRQ,1998-12-31,1998-12-31,1998-12-31,2021-08-09,18510000000.0,122237000000.0,,,,,30.84,0.0,13582000000.0,13582000000.0,2423000000.0,567000000.0,,1.129,2385000000.0,,,2385000000.0,3324000000.0,265000000.0,0.0,0.0,0.0,885000000.0,1150000000.0,0.314,1150000000.0,885000000.0,858000000.0,,,,57403000000.0,,57403000000.0,82382225524.0,19.0,17.675,643000000.0,0.345,1.0,1239000000.0,0.338,18570000000.0,27000000.0,92470000000.0,,767000000.0,61007000000.0,,,64834000000.0,,,87482225524.0,7585000000.0,5520000000.0,0.0,156000000.0,0.0,156000000.0,6786000000.0,1366000000.0,643000000.0,0.0,567000000.0,567000000.0,567000000.0,0.0,0.0,0.155,350000000.0,889000000.0,7182000000.0,,1.524,30.912,,1509000000.0,0.0,47.0,6.325,6.325,7224000000.0,13764000000.0,3662000000.0,3662000000.0,0.0,,,,,0.0,312000000.0,19.515,95376779.0,95376779.0,,1.967,103667000000.0,0.0,291000000.0,11762000000.0,55.695,
91,BRK.B,MRQ,1998-09-30,1998-09-30,1998-09-30,2021-08-09,14758000000.0,54110000000.0,,,,,16.718,0.0,6892000000.0,6892000000.0,2059000000.0,365000000.0,,0.748,1792000000.0,,,1792000000.0,1583000000.0,0.0,0.0,0.0,0.0,572000000.0,572000000.0,0.197,572000000.0,572000000.0,544000000.0,,,,30957000000.0,,30957000000.0,68882517222.0,14.0,13.143,145000000.0,0.078,1.0,850000000.0,0.292,4042000000.0,28000000.0,44968000000.0,,762000000.0,36262000000.0,,,23153000000.0,,,73808517222.0,-236000000.0,-339000000.0,0.0,-18000000.0,0.0,-15000000.0,-366000000.0,71000000.0,145000000.0,0.0,365000000.0,365000000.0,365000000.0,0.0,0.0,0.125,274000000.0,576000000.0,2226000000.0,,2.384,22.816,,1325000000.0,0.0,39.86,5.343,5.343,1900000000.0,13197000000.0,2909000000.0,2909000000.0,0.0,,,,,0.0,248000000.0,21.142,87584756.0,87584756.0,,1.571,50068000000.0,0.0,179000000.0,8345000000.0,27.039,
92,BRK.B,MRQ,1998-06-30,1998-06-30,1998-06-30,2021-08-09,21437000000.0,63947000000.0,,,,,19.939,0.0,7118000000.0,7118000000.0,1823000000.0,1176000000.0,,0.732,2192000000.0,,,2192000000.0,1468000000.0,0.0,0.0,0.0,0.0,1827000000.0,1827000000.0,0.464,1827000000.0,1827000000.0,1800000000.0,,,,36917000000.0,,36917000000.0,97987605392.0,20.0,18.721,-100000000.0,-0.054,1.0,2113000000.0,0.537,3410000000.0,27000000.0,55611000000.0,,686000000.0,47112000000.0,,,27030000000.0,,,96757605392.0,6075000000.0,0.0,0.0,62000000.0,0.0,62000000.0,6113000000.0,6172000000.0,-100000000.0,0.0,1176000000.0,1176000000.0,1176000000.0,0.0,0.0,0.299,271000000.0,1842000000.0,2014000000.0,,2.621,29.891,,1127000000.0,0.0,52.26,7.287,7.287,1735000000.0,12832000000.0,3936000000.0,3936000000.0,0.0,,,,,0.0,247000000.0,25.143,73638805.0,73638805.0,,2.126,60537000000.0,0.0,624000000.0,12409000000.0,32.697,
93,BRK.B,MRQ,1998-03-31,1998-03-31,1998-03-31,2021-08-09,20476000000.0,61166000000.0,,,,,18.681,0.0,1032000000.0,1032000000.0,1937000000.0,722000000.0,,0.759,2262000000.0,,,2262000000.0,1499000000.0,0.0,0.0,0.0,0.0,1112000000.0,1112000000.0,0.334,1112000000.0,1112000000.0,1085000000.0,,,,34779000000.0,,34779000000.0,84857993006.0,24.0,22.168,-31000000.0,-0.017,1.0,1388000000.0,0.417,3433000000.0,27000000.0,58963000000.0,,681000000.0,50469000000.0,,,26387000000.0,,,83593693006.0,7000000.0,-210000000.0,0.0,-142000000.0,0.0,-142000000.0,180000000.0,435000000.0,-31000000.0,0.0,722000000.0,722000000.0,722000000.0,0.0,0.0,0.217,272000000.0,1116000000.0,1850000000.0,,2.404,35.739,,1092000000.0,0.0,44.9,7.157,7.157,1803000000.0,11656000000.0,3325000000.0,3325000000.0,0.0,,,,,0.0,249000000.0,28.201,66017870.0,66017870.0,,1.786,57733000000.0,0.0,363000000.0,11974000000.0,31.01,
94,BRK.B,MRQ,1997-12-31,1997-12-31,1997-12-31,2021-08-09,18198000000.0,56111000000.0,,,,,16.895,0.0,1002000000.0,1002000000.0,1833000000.0,972000000.0,,0.784,2267000000.0,,,2267000000.0,1274000000.0,227000000.0,0.0,0.0,0.0,1503000000.0,1730000000.0,0.475,1730000000.0,1503000000.0,1475000000.0,,,,31455000000.0,,31455000000.0,,,,480000000.0,0.258,1.0,1811000000.0,0.497,3067000000.0,28000000.0,54309000000.0,,639000000.0,46546000000.0,,,24656000000.0,,,57305431419.0,521000000.0,0.0,0.0,112000000.0,0.0,112000000.0,-71000000.0,-36000000.0,480000000.0,0.0,972000000.0,972000000.0,972000000.0,0.0,0.0,0.267,291000000.0,1520000000.0,2202000000.0,,1.822,30.145,,1057000000.0,0.0,30.78,5.494,5.494,1711000000.0,10934000000.0,3644000000.0,3644000000.0,0.0,,,,,0.0,271000000.0,28.201,66017870.0,66017870.0,,1.957,53044000000.0,0.0,503000000.0,10539000000.0,28.491,
95,BRK.B,MRQ,1997-09-30,1997-09-30,1997-09-30,2021-08-09,,,,,,,,0.0,,,1563000000.0,367000000.0,,,,,,,,0.0,,0.0,0.0,565000000.0,565000000.0,0.238,565000000.0,565000000.0,536000000.0,,,,,,,,,,688000000.0,,1.0,810000000.0,0.341,,29000000.0,,,,,,,,,,,-530000000.0,0.0,0.0,-77000000.0,0.0,-78000000.0,-1140000000.0,-1075000000.0,688000000.0,0.0,367000000.0,367000000.0,367000000.0,0.0,0.0,0.155,242000000.0,568000000.0,,,,,,,0.0,29.9,,,,,2373000000.0,2373000000.0,0.0,,,,,0.0,221000000.0,28.201,,,,,,,169000000.0,,,
96,BRK.B,MRQ,1997-06-30,1997-06-30,1997-06-30,2021-08-09,,,,,,,,0.0,,,1677000000.0,278000000.0,,,,,,,,0.0,,0.0,0.0,421000000.0,421000000.0,0.18,421000000.0,421000000.0,394000000.0,,,,,,,,,,677000000.0,,1.0,661000000.0,0.283,,27000000.0,,,,,,,,,,,-63000000.0,0.0,0.0,-16000000.0,0.0,-16000000.0,-724000000.0,-678000000.0,677000000.0,0.0,278000000.0,278000000.0,278000000.0,0.0,0.0,0.119,236000000.0,425000000.0,,,,,,,0.0,31.6,,,,,2338000000.0,2338000000.0,0.0,,,,,0.0,215000000.0,28.201,,,,,,,116000000.0,,,
97,BRK.B,MRQ,1997-03-31,1997-03-31,1997-03-31,2021-08-09,,,,,,,,0.0,,,1414000000.0,284000000.0,,,,,,,,0.0,,0.0,0.0,422000000.0,422000000.0,0.203,422000000.0,422000000.0,394000000.0,,,,,,,,,,490000000.0,,1.0,661000000.0,0.319,,28000000.0,,,,,,,,,,,-220000000.0,-775000000.0,0.0,-114000000.0,0.0,-114000000.0,-596000000.0,215000000.0,490000000.0,0.0,284000000.0,284000000.0,284000000.0,0.0,0.0,0.137,235000000.0,426000000.0,,,,,,,0.0,24.2,,,,,2075000000.0,2075000000.0,0.0,,,,,0.0,214000000.0,28.201,,,,,,,110000000.0,,,
98,BRK.B,MRQ,1996-12-31,1996-12-31,1996-12-31,2021-08-09,12143900000.0,43409400000.0,,,,,,,1339800000.0,1339800000.0,,,,0.853,1944400000.0,,,1944400000.0,1183500000.0,,0.0,0.0,0.0,,,,,,,,,,23426300000.0,,23426300000.0,,,,,,1.0,,,3110300000.0,,40903700000.0,,619600000.0,34197500000.0,,,19983100000.0,,,,,,,,,,,,,,,,,,,,,,2556800000.0,,,,,1034200000.0,,22.24,,,1523200000.0,9032700000.0,,,,,,,,,,28.201,,,,,40299100000.0,0.0,,6837600000.0,,
0,BRK.B,MRT,2021-06-30,2021-06-30,2021-06-30,2021-08-09,-4219000000.0,912493000000.0,875140250000.0,,,0.417,205.745,-12488000000.0,42298000000.0,42298000000.0,203275000000.0,106808000000.0,,0.922,115223000000.0,,,115223000000.0,29551000000.0,10832000000.0,0.0,0.0,0.0,136734000000.0,147566000000.0,0.404,147566000000.0,136734000000.0,132551000000.0,45.09,45.09,45.09,470409000000.0,444178750000.0,470409000000.0,689904383894.0,5.0,4.675,29378000000.0,12.849,1.0,161873000000.0,0.443,102611000000.0,4183000000.0,882807000000.0,841884750000.0,19393000000.0,466604000000.0,,,433693000000.0,,,635427383894.0,6245000000.0,-2554000000.0,-30527000000.0,1979000000.0,0.0,-29102000000.0,-6639000000.0,10729000000.0,41866000000.0,120000000.0,105777000000.0,105777000000.0,105777000000.0,0.0,1031000000.0,0.29,25189000000.0,136684000000.0,45544000000.0,0.0,1.351,6.007,6.164,188311000000.0,0.0,277.92,1.74,1.74,40273000000.0,484431000000.0,365148000000.0,365148000000.0,0.0,0.121,0.238,0.162,0.374,0.0,19641000000.0,1.723,1327210118.0,1327210118.0,,159.707,809882000000.0,0.0,26774000000.0,81577000000.0,354.222,
1,BRK.B,MRT,2021-03-31,2021-03-31,2021-03-31,2021-08-09,-4570000000.0,884393000000.0,844050250000.0,,,0.433,194.156,-12563000000.0,60054000000.0,60054000000.0,193904000000.0,104790000000.0,,0.956,114531000000.0,,,114531000000.0,29473000000.0,10684000000.0,0.0,0.0,0.0,136567000000.0,147251000000.0,0.403,147251000000.0,136567000000.0,132458000000.0,43.64,43.64,43.64,447987000000.0,424950250000.0,447987000000.0,658365043870.0,5.0,4.471,29718000000.0,12.88,1.0,171661000000.0,0.47,102879000000.0,4109000000.0,835991000000.0,810470000000.0,18886000000.0,423491000000.0,,,428217000000.0,,,589460043870.0,17392000000.0,-2553000000.0,-29545000000.0,3600000000.0,0.0,-26347000000.0,1243000000.0,19573000000.0,42281000000.0,215000000.0,103978000000.0,103978000000.0,103978000000.0,0.0,812000000.0,0.284,34959000000.0,136702000000.0,43693000000.0,0.0,1.316,5.669,5.854,187356000000.0,0.0,255.47,1.612,1.612,39052000000.0,456337000000.0,365565000000.0,365565000000.0,0.0,0.123,0.245,0.169,0.374,0.0,19248000000.0,1.726,1336989195.0,1336989195.0,,158.435,781514000000.0,0.0,28480000000.0,76392000000.0,338.706,
2,BRK.B,MRT,2020-12-31,2020-12-31,2020-12-31,2021-08-09,-4243000000.0,873729000000.0,813064000000.0,,,0.352,189.395,-13012000000.0,47990000000.0,47990000000.0,191930000000.0,43253000000.0,,0.953,116895000000.0,,,116895000000.0,27251000000.0,10596000000.0,0.0,0.0,0.0,59044000000.0,69640000000.0,0.243,69640000000.0,59044000000.0,54961000000.0,17.78,17.78,17.78,443164000000.0,405844750000.0,443164000000.0,623424719549.0,11.0,8.952,26761000000.0,11.437,1.0,94326000000.0,0.33,103196000000.0,4083000000.0,839438000000.0,778894500000.0,19208000000.0,428384000000.0,,,422393000000.0,,,542550719549.0,-16236000000.0,-2532000000.0,-24706000000.0,6791000000.0,0.0,-18344000000.0,-37757000000.0,-18631000000.0,39773000000.0,92000000.0,42521000000.0,42521000000.0,42521000000.0,0.0,732000000.0,0.149,35276000000.0,59050000000.0,44503000000.0,0.0,1.224,12.76,13.041,187017000000.0,0.0,231.87,1.895,1.895,35852000000.0,444626000000.0,286256000000.0,286256000000.0,0.0,0.052,0.105,0.076,0.206,0.0,19809000000.0,1.706,1371600928.0,1371600928.0,,122.337,770533000000.0,0.0,12440000000.0,74098000000.0,329.303,
3,BRK.B,MRT,2020-09-30,2020-09-30,2020-09-30,2021-08-09,-5190000000.0,829946000000.0,799064000000.0,,,0.349,173.844,-14356000000.0,26817000000.0,26817000000.0,193589000000.0,36353000000.0,,0.989,107691000000.0,,,107691000000.0,27408000000.0,10349000000.0,0.0,0.0,0.0,50602000000.0,60951000000.0,0.218,60951000000.0,50602000000.0,46583000000.0,15.02,15.02,15.02,415155000000.0,401251500000.0,415155000000.0,579135238447.0,11.0,9.502,26948000000.0,11.284,1.0,85611000000.0,0.307,101517000000.0,4019000000.0,809303000000.0,755032250000.0,19361000000.0,419394000000.0,,,410731000000.0,,,508520238447.0,-47854000000.0,-1062000000.0,-17755000000.0,4652000000.0,0.0,-13455000000.0,-75483000000.0,-57951000000.0,41304000000.0,-220000000.0,35845000000.0,35845000000.0,35845000000.0,0.0,508000000.0,0.128,35074000000.0,50537000000.0,44026000000.0,0.0,1.225,14.187,14.177,176253000000.0,0.0,212.94,1.821,1.821,37815000000.0,408791000000.0,279200000000.0,279200000000.0,0.0,0.045,0.089,0.067,0.181,0.0,19885000000.0,1.703,1402014360.0,1402014360.0,,116.913,728429000000.0,0.0,10738000000.0,67340000000.0,305.026,
4,BRK.B,MRT,2020-06-30,2020-06-30,2020-06-30,2021-08-09,-5967000000.0,788133000000.0,788698000000.0,,,0.33,161.89,-15419000000.0,36074000000.0,36074000000.0,193832000000.0,22597000000.0,,0.993,106689000000.0,,,106689000000.0,26381000000.0,10300000000.0,0.0,0.0,0.0,33289000000.0,43589000000.0,0.167,43589000000.0,33289000000.0,29285000000.0,9.11,9.11,9.11,393495000000.0,396865000000.0,393495000000.0,495486260688.0,15.0,11.367,23972000000.0,9.862,1.0,66660000000.0,0.256,101600000000.0,4004000000.0,757148000000.0,728677500000.0,19277000000.0,372489000000.0,,,390880000000.0,,,433893260688.0,-8515000000.0,-1185000000.0,-9456000000.0,7387000000.0,0.0,-2501000000.0,-45264000000.0,-26426000000.0,39391000000.0,-141000000.0,22232000000.0,22232000000.0,22232000000.0,0.0,365000000.0,0.085,33933000000.0,32727000000.0,40665000000.0,0.0,1.103,19.517,19.595,174789000000.0,0.0,178.51,1.666,1.666,36766000000.0,378654000000.0,260492000000.0,260492000000.0,0.0,0.028,0.056,0.046,0.128,0.0,19088000000.0,1.747,1391400255.0,1391400255.0,,107.17,686533000000.0,0.0,7053000000.0,61270000000.0,282.45,
5,BRK.B,MRT,2020-03-31,2020-03-31,2020-03-31,2021-08-09,-6721000000.0,760448000000.0,781691750000.0,,,0.303,152.365,-15796000000.0,42640000000.0,42640000000.0,198968000000.0,10363000000.0,,1.037,104233000000.0,,,104233000000.0,27009000000.0,10232000000.0,0.0,0.0,0.0,15641000000.0,25873000000.0,0.109,25873000000.0,15641000000.0,11647000000.0,3.97,3.97,3.97,371565000000.0,394127250000.0,371565000000.0,485052902285.0,31.0,18.747,22112000000.0,9.067,1.0,38245000000.0,0.161,112352000000.0,3994000000.0,709689000000.0,715160500000.0,20172000000.0,328471000000.0,,,385213000000.0,,,445859902285.0,16572000000.0,-1447000000.0,-5006000000.0,7435000000.0,0.0,2062000000.0,-23224000000.0,-4499000000.0,37908000000.0,-174000000.0,10010000000.0,10010000000.0,10010000000.0,0.0,353000000.0,0.042,23559000000.0,14686000000.0,39614000000.0,0.0,1.2,44.541,46.053,173421000000.0,0.0,182.83,1.88,1.88,37957000000.0,352359000000.0,237213000000.0,237213000000.0,0.0,0.013,0.025,0.022,0.066,0.0,19265000000.0,1.759,1386695355.0,1386695355.0,,97.272,648096000000.0,0.0,1637000000.0,52571000000.0,265.759,
6,BRK.B,MRT,2019-12-31,2019-12-31,2019-12-31,2021-08-09,-5243000000.0,817729000000.0,776260750000.0,,,0.422,173.775,-15979000000.0,64175000000.0,64175000000.0,198418000000.0,81792000000.0,,0.916,103368000000.0,,,103368000000.0,25063000000.0,10064000000.0,0.0,0.0,0.0,106282000000.0,116346000000.0,0.356,116346000000.0,106282000000.0,102321000000.0,33.22,33.22,33.22,424791000000.0,393455250000.0,424791000000.0,581096235407.0,5.0,4.995,22708000000.0,9.289,1.0,128805000000.0,0.394,112933000000.0,3961000000.0,743989000000.0,712061250000.0,19852000000.0,365566000000.0,,,389166000000.0,,,553678235407.0,33821000000.0,-1683000000.0,-4850000000.0,6077000000.0,0.0,730000000.0,-5621000000.0,13537000000.0,38687000000.0,25000000.0,81417000000.0,81417000000.0,81417000000.0,0.0,375000000.0,0.249,23324000000.0,105481000000.0,42319000000.0,0.0,1.303,6.801,6.818,174341000000.0,0.0,226.5,1.692,1.692,35835000000.0,402493000000.0,327223000000.0,327223000000.0,0.0,0.105,0.207,0.149,0.325,0.0,19226000000.0,1.766,1384122742.0,1384122742.0,,133.861,704796000000.0,0.0,20904000000.0,66799000000.0,288.32,
7,BRK.B,MRT,2019-09-30,2019-09-30,2019-09-30,2021-08-09,-5408000000.0,788482000000.0,748777000000.0,,,0.346,161.937,-15636000000.0,74776000000.0,74776000000.0,197004000000.0,27171000000.0,,0.973,102194000000.0,,,102194000000.0,25870000000.0,10017000000.0,0.0,0.0,0.0,36808000000.0,46825000000.0,0.181,46825000000.0,36808000000.0,32869000000.0,11.01,11.01,11.01,397609000000.0,374433250000.0,397609000000.0,566032302673.0,15.0,12.088,21819000000.0,8.886,1.0,61746000000.0,0.239,112016000000.0,3939000000.0,703884000000.0,691663750000.0,19951000000.0,327271000000.0,,,386924000000.0,,,510759302673.0,33190000000.0,-3490000000.0,-3225000000.0,5855000000.0,0.0,2223000000.0,-6362000000.0,14159000000.0,37455000000.0,-126000000.0,26866000000.0,26866000000.0,26866000000.0,0.0,305000000.0,0.104,22358000000.0,39388000000.0,41189000000.0,0.0,1.285,19.011,18.894,171490000000.0,0.0,208.02,1.974,1.974,38267000000.0,373334000000.0,258750000000.0,258750000000.0,0.0,0.036,0.072,0.053,0.142,0.0,18067000000.0,1.77,1387021309.0,1387021309.0,,105.383,676466000000.0,0.0,6003000000.0,60389000000.0,275.508,
8,BRK.B,MRT,2019-06-30,2019-06-30,2019-06-30,2021-08-09,-4678000000.0,760108000000.0,735771250000.0,,,0.355,155.899,-14955000000.0,44634000000.0,44634000000.0,196269000000.0,29221000000.0,,0.977,99907000000.0,,,99907000000.0,25259000000.0,9878000000.0,0.0,0.0,0.0,39397000000.0,49275000000.0,0.189,49275000000.0,39397000000.0,35493000000.0,11.78,11.78,11.78,382544000000.0,368932500000.0,382544000000.0,594129802055.0,15.0,12.057,23116000000.0,9.421,1.0,64739000000.0,0.248,112301000000.0,3904000000.0,703080000000.0,685619750000.0,19834000000.0,332238000000.0,,,373717000000.0,,,523075802055.0,-20074000000.0,-3486000000.0,-3479000000.0,3963000000.0,0.0,115000000.0,-58187000000.0,-39472000000.0,38071000000.0,-73000000.0,28882000000.0,28882000000.0,28882000000.0,0.0,339000000.0,0.111,22400000000.0,42339000000.0,40588000000.0,0.0,1.367,18.111,18.096,169460000000.0,0.0,213.17,2.004,2.004,37582000000.0,356846000000.0,261008000000.0,261008000000.0,0.0,0.039,0.078,0.057,0.151,0.0,18177000000.0,1.792,1368966612.0,1368966612.0,,106.369,647807000000.0,0.0,6611000000.0,59622000000.0,264.002,
9,BRK.B,MRT,2019-03-31,2019-03-31,2019-03-31,2021-08-09,-4727000000.0,738724000000.0,723727250000.0,,,0.354,149.897,-15099000000.0,26139000000.0,26139000000.0,194723000000.0,27125000000.0,,0.993,97193000000.0,,,97193000000.0,25243000000.0,9809000000.0,0.0,0.0,0.0,36735000000.0,46544000000.0,0.182,46544000000.0,36735000000.0,32866000000.0,10.91,10.91,10.91,368877000000.0,362820000000.0,368877000000.0,561493250111.0,15.0,12.064,22322000000.0,9.071,1.0,61201000000.0,0.239,112486000000.0,3869000000.0,697292000000.0,667592000000.0,19454000000.0,332955000000.0,,,366133000000.0,,,494364250111.0,-31850000000.0,-3429000000.0,-2931000000.0,-235000000.0,0.0,-3696000000.0,-65358000000.0,-46979000000.0,37421000000.0,-217000000.0,26820000000.0,26820000000.0,26820000000.0,0.0,305000000.0,0.105,21761000000.0,39440000000.0,39807000000.0,0.0,1.34,18.433,18.413,167424000000.0,0.0,200.89,1.932,1.932,37170000000.0,342773000000.0,255924000000.0,255924000000.0,0.0,0.037,0.074,0.055,0.144,0.0,17580000000.0,1.792,1373477638.0,1373477638.0,,103.997,626238000000.0,0.0,6046000000.0,56852000000.0,254.478,
10,BRK.B,MRT,2018-12-31,2018-12-31,2018-12-31,2021-08-09,-5015000000.0,707794000000.0,714709000000.0,,,0.315,141.687,-14537000000.0,30361000000.0,30361000000.0,193228000000.0,4322000000.0,,1.019,97490000000.0,,,97490000000.0,22686000000.0,9779000000.0,0.0,0.0,0.0,7553000000.0,17332000000.0,0.077,17332000000.0,7553000000.0,3700000000.0,1.63,1.63,1.63,348703000000.0,357451000000.0,348703000000.0,558705308030.0,74.0,32.235,22863000000.0,9.29,1.0,32154000000.0,0.143,112524000000.0,3853000000.0,662399000000.0,650833500000.0,19069000000.0,307766000000.0,,,355294000000.0,,,502503308030.0,-1401000000.0,-3279000000.0,-1346000000.0,-4123000000.0,0.0,-5812000000.0,-32849000000.0,-14962000000.0,37400000000.0,-140000000.0,4021000000.0,4021000000.0,4021000000.0,0.0,301000000.0,0.018,22133000000.0,10021000000.0,37186000000.0,0.0,1.441,124.97,125.264,166706000000.0,0.0,204.18,2.23,2.23,35230000000.0,321112000000.0,225382000000.0,225382000000.0,0.0,0.006,0.011,0.012,0.034,0.0,17856000000.0,1.805,1363526058.0,1363526058.0,,91.578,595270000000.0,0.0,-321000000.0,51375000000.0,241.873,
11,BRK.B,MRT,2018-09-30,2018-09-30,2018-09-30,2021-08-09,-3927000000.0,736459000000.0,713284250000.0,,,0.359,152.164,-13337000000.0,41438000000.0,41438000000.0,187397000000.0,62369000000.0,,0.951,97640000000.0,,,97640000000.0,19011000000.0,9522000000.0,0.0,0.0,0.0,46176000000.0,55698000000.0,0.217,55698000000.0,46176000000.0,42708000000.0,25.13,25.13,25.13,375606000000.0,357349250000.0,375606000000.0,562629438580.0,12.0,10.101,21447000000.0,8.689,1.0,68742000000.0,0.268,112953000000.0,3468000000.0,679708000000.0,650064500000.0,16793000000.0,313632000000.0,,,357040000000.0,,,530417438580.0,-1250000000.0,-589000000.0,-928000000.0,-3839000000.0,0.0,-5057000000.0,-30894000000.0,-13767000000.0,34784000000.0,-83000000.0,61964000000.0,61964000000.0,61964000000.0,0.0,405000000.0,0.242,25287000000.0,43455000000.0,40199000000.0,0.0,1.412,8.56,8.52,165017000000.0,0.0,214.11,2.071,2.063,31884000000.0,346503000000.0,256139000000.0,256139000000.0,0.0,0.087,0.173,0.071,0.18,0.0,19080000000.0,1.813,1366575275.0,1361677152.0,,103.766,623506000000.0,0.0,-19256000000.0,59340000000.0,252.592,
12,BRK.B,MRT,2018-06-30,2018-06-30,2018-06-30,2021-08-09,-3808000000.0,711932000000.0,699558000000.0,,,0.341,145.117,-12888000000.0,64561000000.0,64561000000.0,188028000000.0,47865000000.0,,0.978,96773000000.0,,,96773000000.0,18292000000.0,9423000000.0,0.0,0.0,0.0,28973000000.0,38396000000.0,0.161,38396000000.0,28973000000.0,25222000000.0,19.26,19.26,19.26,358094000000.0,340517250000.0,358094000000.0,501787215665.0,17.0,13.069,22309000000.0,9.041,1.0,50427000000.0,0.211,113175000000.0,3751000000.0,630969000000.0,636758000000.0,16194000000.0,270836000000.0,,,350174000000.0,,,460583215665.0,38194000000.0,-1360000000.0,0.0,-6163000000.0,0.0,-6445000000.0,9418000000.0,26910000000.0,35197000000.0,24000000.0,47491000000.0,47491000000.0,47491000000.0,0.0,374000000.0,0.199,24195000000.0,26232000000.0,39032000000.0,0.0,1.286,9.698,9.691,163229000000.0,0.0,186.65,1.932,1.932,31280000000.0,327963000000.0,238455000000.0,238455000000.0,0.0,0.068,0.139,0.046,0.122,0.0,19082000000.0,1.832,1346824640.0,1346824640.0,,96.633,598757000000.0,0.0,-22269000000.0,56514000000.0,242.645,
13,BRK.B,MRT,2018-03-31,2018-03-31,2018-03-31,2021-08-09,-2477000000.0,702651000000.0,687972500000.0,,,0.33,140.754,-11942000000.0,57881000000.0,57881000000.0,186268000000.0,40143000000.0,,1.012,99085000000.0,,,99085000000.0,18448000000.0,9332000000.0,0.0,0.0,0.0,20520000000.0,29852000000.0,0.131,29852000000.0,20520000000.0,16226000000.0,16.12,16.12,16.12,347401000000.0,326158500000.0,347401000000.0,563349826611.0,27.0,18.871,23047000000.0,9.338,1.0,41106000000.0,0.181,113597000000.0,4294000000.0,630258000000.0,636027500000.0,16244000000.0,268791000000.0,,,351599000000.0,,,492345826611.0,31892000000.0,-1221000000.0,0.0,-7007000000.0,0.0,-7207000000.0,3831000000.0,20574000000.0,34989000000.0,279000000.0,39742000000.0,39742000000.0,39742000000.0,0.0,401000000.0,0.175,23319000000.0,17787000000.0,38134000000.0,0.0,1.417,12.389,12.375,162112000000.0,0.0,199.48,2.165,2.165,30906000000.0,315952000000.0,227374000000.0,227374000000.0,0.0,0.058,0.122,0.032,0.09,0.0,19339000000.0,1.835,1345080784.0,1345080784.0,,92.123,589054000000.0,0.0,-23516000000.0,55718000000.0,238.663,
14,BRK.B,MRT,2017-12-31,2017-12-31,2017-12-31,2021-08-09,58571000000.0,702095000000.0,675922500000.0,,,0.358,141.272,-11708000000.0,31583000000.0,31583000000.0,194431000000.0,45353000000.0,,1.005,102587000000.0,,,102587000000.0,16040000000.0,9188000000.0,0.0,0.0,0.0,27811000000.0,36999000000.0,0.153,36999000000.0,27811000000.0,23425000000.0,18.22,18.22,18.22,348296000000.0,312521000000.0,348296000000.0,547482317310.0,20.0,14.797,34020000000.0,13.799,1.0,47630000000.0,0.197,113776000000.0,4386000000.0,659323000000.0,615593000000.0,17366000000.0,311036000000.0,,,350141000000.0,,,488698317310.0,3569000000.0,-2708000000.0,0.0,-1277000000.0,0.0,-1398000000.0,-41009000000.0,-22985000000.0,45728000000.0,248000000.0,44940000000.0,44940000000.0,44940000000.0,0.0,413000000.0,0.186,22420000000.0,25210000000.0,35903000000.0,0.0,1.403,10.874,10.879,158219000000.0,0.0,198.22,2.019,2.019,32923000000.0,255786000000.0,242061000000.0,242061000000.0,0.0,0.066,0.144,0.045,0.115,0.0,19189000000.0,1.843,1337645811.0,1337645811.0,,98.182,588319000000.0,0.0,-21515000000.0,56607000000.0,238.627,
15,BRK.B,MRT,2017-09-30,2017-09-30,2017-09-30,2021-08-09,50183000000.0,681554000000.0,655612250000.0,,,0.368,125.087,-11936000000.0,42706000000.0,42706000000.0,190210000000.0,19052000000.0,,1.199,101490000000.0,,,101490000000.0,16552000000.0,9131000000.0,0.0,0.0,0.0,30982000000.0,40113000000.0,0.166,40113000000.0,30982000000.0,26384000000.0,,,,308278000000.0,295964500000.0,308278000000.0,528181548378.0,17.0,13.167,33113000000.0,13.436,1.0,51046000000.0,0.212,113856000000.0,4598000000.0,626482000000.0,596133000000.0,16931000000.0,273052000000.0,,,369702000000.0,,,452329548378.0,13641000000.0,-3224000000.0,0.0,-1307000000.0,0.0,-1272000000.0,-30196000000.0,-15120000000.0,45049000000.0,60000000.0,18675000000.0,18675000000.0,18675000000.0,0.0,377000000.0,0.077,21057000000.0,29989000000.0,35091000000.0,,1.467,24.221,,156829000000.0,0.0,183.32,1.875,1.873,29652000000.0,224166000000.0,241256000000.0,241256000000.0,0.0,0.028,0.063,0.052,0.128,0.0,18468000000.0,1.849,1334527624.0,1332949445.0,,97.892,567698000000.0,0.0,7709000000.0,86559000000.0,230.349,
16,BRK.B,MRT,2017-06-30,2017-06-30,2017-06-30,2021-08-09,46652000000.0,665590000000.0,636233250000.0,,,0.377,121.839,-11959000000.0,26418000000.0,26418000000.0,183868000000.0,22182000000.0,,1.202,102270000000.0,,,102270000000.0,16129000000.0,9081000000.0,0.0,0.0,0.0,35688000000.0,44769000000.0,0.187,44769000000.0,35688000000.0,31280000000.0,,,,300659000000.0,286211000000.0,300659000000.0,425442043605.0,12.0,9.503,32046000000.0,12.986,1.0,55759000000.0,0.233,113395000000.0,4408000000.0,628047000000.0,566156250000.0,16442000000.0,282852000000.0,,,361497000000.0,,,417950043605.0,-17383000000.0,-2680000000.0,0.0,503000000.0,0.0,569000000.0,-61966000000.0,-47209000000.0,44005000000.0,9000000.0,21806000000.0,21806000000.0,21806000000.0,0.0,376000000.0,0.091,20985000000.0,34774000000.0,33807000000.0,,1.39,19.167,,154909000000.0,0.0,169.37,1.744,1.744,28953000000.0,220099000000.0,239627000000.0,239627000000.0,0.0,0.034,0.076,0.063,0.149,0.0,18396000000.0,1.878,1314270563.0,1314270563.0,,97.106,552195000000.0,0.0,9474000000.0,84314000000.0,223.771,
17,BRK.B,MRT,2017-03-31,2017-03-31,2017-03-31,2021-08-09,43070000000.0,654451000000.0,618039750000.0,,,0.382,118.759,-12466000000.0,96464000000.0,96464000000.0,180011000000.0,22909000000.0,,1.223,103956000000.0,,,103956000000.0,16106000000.0,9019000000.0,0.0,0.0,0.0,36170000000.0,45189000000.0,0.191,45189000000.0,36170000000.0,32535000000.0,,,,292851000000.0,276802500000.0,292851000000.0,426295463820.0,12.0,9.434,31022000000.0,12.58,1.0,56389000000.0,0.239,113423000000.0,3635000000.0,548520000000.0,535943000000.0,16115000000.0,188620000000.0,,,358171000000.0,,,411021463820.0,-16334000000.0,-2813000000.0,0.0,3129000000.0,0.0,3193000000.0,-62897000000.0,-47450000000.0,43488000000.0,-118000000.0,22545000000.0,22545000000.0,22545000000.0,0.0,364000000.0,0.095,21005000000.0,35384000000.0,33123000000.0,,1.404,18.231,,153645000000.0,0.0,166.68,1.739,1.739,28870000000.0,215837000000.0,236400000000.0,236400000000.0,0.0,0.036,0.081,0.067,0.153,0.0,18416000000.0,1.889,1305367202.0,1305367202.0,,95.866,541028000000.0,0.0,9990000000.0,82132000000.0,219.401,
18,BRK.B,MRT,2016-12-31,2016-12-31,2016-12-31,2021-08-09,37298000000.0,620854000000.0,601005750000.0,,,0.372,114.35,-12954000000.0,28048000000.0,28048000000.0,166557000000.0,24427000000.0,,1.189,101644000000.0,,,101644000000.0,14245000000.0,8901000000.0,0.0,0.0,0.0,37055000000.0,45956000000.0,0.206,45956000000.0,37055000000.0,33314000000.0,9.76,9.76,9.76,282070000000.0,268255000000.0,282070000000.0,418988619955.0,11.0,9.117,19693000000.0,7.983,1.0,56861000000.0,0.255,112967000000.0,3741000000.0,581483000000.0,527595750000.0,15727000000.0,245234000000.0,,,335426000000.0,,,402025619955.0,-38959000000.0,-31399000000.0,0.0,12679000000.0,0.0,12791000000.0,-84225000000.0,-39495000000.0,32647000000.0,-172000000.0,24074000000.0,24074000000.0,24074000000.0,0.0,353000000.0,0.108,20562000000.0,36299000000.0,35042000000.0,0.0,1.425,16.7,16.699,152773000000.0,0.0,162.98,1.799,1.799,27097000000.0,210846000000.0,223418000000.0,223418000000.0,0.0,0.04,0.09,0.07,0.166,0.0,17973000000.0,1.912,1289839991.0,1289839991.0,,90.573,507887000000.0,0.0,9240000000.0,77442000000.0,205.896,
19,BRK.B,MRT,2016-09-30,2016-09-30,2016-09-30,2021-08-09,29798000000.0,604038000000.0,583856500000.0,,,0.372,109.312,-13708000000.0,84835000000.0,84835000000.0,165262000000.0,23619000000.0,,1.231,101798000000.0,,,101798000000.0,15223000000.0,8583000000.0,0.0,0.0,0.0,35132000000.0,43715000000.0,0.201,43715000000.0,35132000000.0,31381000000.0,,,,269264000000.0,261625000000.0,269264000000.0,384601887147.0,11.0,8.798,18725000000.0,7.602,1.0,51940000000.0,0.239,114426000000.0,3751000000.0,506575000000.0,505465000000.0,15763000000.0,156708000000.0,,,331423000000.0,,,355867887147.0,-33755000000.0,-30915000000.0,0.0,12213000000.0,0.0,12201000000.0,-78328000000.0,-33238000000.0,32433000000.0,-61000000.0,23266000000.0,23266000000.0,23266000000.0,0.0,353000000.0,0.107,17004000000.0,34936000000.0,35632000000.0,,1.322,15.296,,152068000000.0,0.0,144.47,1.638,1.638,27544000000.0,205491000000.0,217202000000.0,217202000000.0,0.0,0.04,0.089,0.07,0.162,0.0,17004000000.0,1.92,1283231455.0,1283231455.0,,88.176,489612000000.0,0.0,8115000000.0,73570000000.0,198.765,
20,BRK.B,MRT,2016-06-30,2016-06-30,2016-06-30,2021-08-09,30777000000.0,592816000000.0,569214000000.0,,,0.382,106.662,-15390000000.0,72679000000.0,72679000000.0,162108000000.0,25813000000.0,,1.242,101413000000.0,,,101413000000.0,14768000000.0,8326000000.0,0.0,0.0,0.0,38537000000.0,46863000000.0,0.216,46863000000.0,38537000000.0,34964000000.0,,,,263025000000.0,256379750000.0,263025000000.0,400245693932.0,10.0,8.541,17422000000.0,7.065,1.0,55240000000.0,0.254,114356000000.0,3573000000.0,507194000000.0,504178000000.0,15720000000.0,161846000000.0,,,326558000000.0,,,357048693932.0,-19427000000.0,-36100000000.0,0.0,12456000000.0,0.0,12360000000.0,-64513000000.0,-12750000000.0,32812000000.0,-86000000.0,25496000000.0,25496000000.0,25496000000.0,0.0,317000000.0,0.117,16710000000.0,38530000000.0,33613000000.0,,1.357,14.004,,150711000000.0,0.0,144.79,1.643,1.643,27162000000.0,198293000000.0,217348000000.0,217348000000.0,0.0,0.045,0.099,0.076,0.177,0.0,16710000000.0,1.963,1256405411.0,1256405411.0,,88.139,478460000000.0,0.0,9468000000.0,72180000000.0,194.025,
21,BRK.B,MRT,2016-03-31,2016-03-31,2016-03-31,2021-08-09,31454000000.0,586315000000.0,556203500000.0,,,0.386,104.593,-15478000000.0,58342000000.0,58342000000.0,161031000000.0,24838000000.0,,1.254,101539000000.0,,,101539000000.0,14832000000.0,8033000000.0,0.0,0.0,0.0,37238000000.0,45271000000.0,0.211,45271000000.0,37238000000.0,33425000000.0,,,,258661000000.0,252134250000.0,258661000000.0,363431489011.0,10.0,8.028,17504000000.0,7.078,1.0,53431000000.0,0.249,114381000000.0,3813000000.0,515131000000.0,501371000000.0,15837000000.0,171523000000.0,,,324478000000.0,,,350872489011.0,-18100000000.0,-36350000000.0,0.0,12696000000.0,0.0,12598000000.0,-63729000000.0,-11669000000.0,32982000000.0,49000000.0,24508000000.0,24508000000.0,24508000000.0,0.0,330000000.0,0.114,15981000000.0,37450000000.0,32809000000.0,,1.356,14.317,,149535000000.0,0.0,141.88,1.636,1.636,27190000000.0,193292000000.0,214462000000.0,214462000000.0,0.0,0.044,0.097,0.074,0.174,0.0,15981000000.0,1.972,1254287170.0,1254287170.0,,86.721,471934000000.0,0.0,8917000000.0,70963000000.0,190.833,
22,BRK.B,MRT,2015-12-31,2015-12-31,2015-12-31,2021-08-09,33982000000.0,552257000000.0,542393750000.0,,,0.389,104.019,-16082000000.0,71730000000.0,71730000000.0,157051000000.0,24414000000.0,,1.149,84289000000.0,,,84289000000.0,13311000000.0,7779000000.0,0.0,0.0,0.0,38130000000.0,45909000000.0,0.218,45909000000.0,38130000000.0,34615000000.0,9.77,9.77,9.77,255550000000.0,247833500000.0,255550000000.0,343040616944.0,9.0,7.472,15409000000.0,6.272,1.0,53892000000.0,0.255,71856000000.0,3515000000.0,492960000000.0,494658500000.0,11916000000.0,178841000000.0,,,293630000000.0,,,324389616944.0,7128000000.0,-10160000000.0,0.0,4036000000.0,0.0,3803000000.0,-28001000000.0,-1924000000.0,31491000000.0,-165000000.0,24083000000.0,24083000000.0,24083000000.0,0.0,331000000.0,0.114,15309000000.0,38583000000.0,31271000000.0,0.0,1.269,13.47,13.515,145166000000.0,0.0,132.04,1.538,1.538,23303000000.0,187703000000.0,210943000000.0,210943000000.0,0.0,0.044,0.097,0.077,0.181,0.0,15309000000.0,1.967,1249170150.0,1249170150.0,,85.863,480401000000.0,0.0,10532000000.0,63126000000.0,195.543,
23,BRK.B,MRT,2015-09-30,2015-09-30,2015-09-30,2021-08-09,32203000000.0,545468000000.0,535796250000.0,,,0.387,100.692,-16816000000.0,66260000000.0,66260000000.0,155232000000.0,23085000000.0,,1.185,84911000000.0,,,84911000000.0,14254000000.0,7735000000.0,0.0,0.0,0.0,36618000000.0,44353000000.0,0.214,44353000000.0,36618000000.0,33081000000.0,,,,248283000000.0,243988500000.0,248283000000.0,339528586075.0,9.0,7.655,15192000000.0,6.161,1.0,52054000000.0,0.251,62692000000.0,3537000000.0,501427000000.0,489561250000.0,11995000000.0,178040000000.0,,,294147000000.0,,,321537586075.0,2923000000.0,-13815000000.0,0.0,5620000000.0,0.0,5353000000.0,-34208000000.0,-3544000000.0,32008000000.0,-230000000.0,22760000000.0,22760000000.0,22760000000.0,0.0,325000000.0,0.11,15085000000.0,36969000000.0,41741000000.0,,1.295,14.127,,143333000000.0,0.0,130.4,1.551,1.551,24484000000.0,182225000000.0,207286000000.0,207286000000.0,0.0,0.042,0.093,0.075,0.177,0.0,15085000000.0,1.976,1248177918.0,1248177918.0,,84.065,482776000000.0,0.0,10321000000.0,62266000000.0,195.79,
24,BRK.B,MRT,2015-06-30,2015-06-30,2015-06-30,2021-08-09,39417000000.0,540774000000.0,528770000000.0,,,0.377,99.656,-15928000000.0,66587000000.0,66587000000.0,155558000000.0,18279000000.0,,1.185,84578000000.0,,,84578000000.0,13268000000.0,7600000000.0,0.0,0.0,0.0,29243000000.0,36843000000.0,0.185,36843000000.0,29243000000.0,25754000000.0,,,,246043000000.0,241281750000.0,246043000000.0,356128596427.0,12.0,9.666,18192000000.0,7.368,1.0,43938000000.0,0.22,62799000000.0,3489000000.0,495966000000.0,481986000000.0,12072000000.0,173662000000.0,,,291572000000.0,,,336044596427.0,10175000000.0,-8648000000.0,0.0,5846000000.0,0.0,5688000000.0,-29246000000.0,-4785000000.0,34120000000.0,-387000000.0,17949000000.0,17949000000.0,17949000000.0,0.0,330000000.0,0.09,14339000000.0,29599000000.0,41620000000.0,,1.366,18.722,,140879000000.0,0.0,136.11,1.684,1.684,24606000000.0,172797000000.0,199496000000.0,199496000000.0,0.0,0.034,0.074,0.061,0.147,0.0,14339000000.0,2.01,1228276783.0,1228276783.0,,80.803,477975000000.0,0.0,7805000000.0,62678000000.0,193.597,
25,BRK.B,MRT,2015-03-31,2015-03-31,2015-03-31,2021-08-09,38864000000.0,531076000000.0,519671250000.0,,,0.381,98.034,-15838000000.0,63711000000.0,63711000000.0,151416000000.0,20630000000.0,,1.185,83795000000.0,,,83795000000.0,13531000000.0,7469000000.0,0.0,0.0,0.0,32201000000.0,39670000000.0,0.2,39670000000.0,32201000000.0,28855000000.0,,,,241458000000.0,238272250000.0,241458000000.0,372401667357.0,12.0,9.387,17207000000.0,6.986,1.0,46474000000.0,0.235,62879000000.0,3346000000.0,488281000000.0,474049250000.0,11681000000.0,171613000000.0,,,286237000000.0,,,355461667357.0,13806000000.0,-8119000000.0,0.0,5963000000.0,0.0,5860000000.0,-24603000000.0,-775000000.0,33045000000.0,-496000000.0,20331000000.0,20331000000.0,20331000000.0,0.0,299000000.0,0.103,13948000000.0,32526000000.0,39801000000.0,,1.472,17.484,,138740000000.0,0.0,144.32,1.796,1.796,24006000000.0,168784000000.0,197890000000.0,197890000000.0,0.0,0.039,0.085,0.068,0.163,0.0,13948000000.0,2.007,1226984221.0,1226984221.0,,80.345,468197000000.0,0.0,8524000000.0,61609000000.0,190.091,
26,BRK.B,MRT,2014-12-31,2014-12-31,2014-12-31,2021-08-09,42732000000.0,525867000000.0,510638250000.0,,,0.381,97.564,-15185000000.0,63269000000.0,63269000000.0,149594000000.0,20170000000.0,,1.178,79890000000.0,,,79890000000.0,11944000000.0,7370000000.0,0.0,0.0,0.0,31060000000.0,38430000000.0,0.197,38430000000.0,31060000000.0,27807000000.0,,,,240170000000.0,234810750000.0,240170000000.0,382052473594.0,12.0,9.942,16825000000.0,6.835,1.0,45105000000.0,0.232,69917000000.0,3253000000.0,472571000000.0,467217750000.0,10236000000.0,174429000000.0,,,282840000000.0,,,369620473594.0,14126000000.0,-4824000000.0,0.0,3996000000.0,0.0,2731000000.0,-20326000000.0,-653000000.0,32010000000.0,-289000000.0,19872000000.0,19872000000.0,19872000000.0,0.0,298000000.0,0.102,13721000000.0,31384000000.0,30556000000.0,,1.539,18.6,,137244000000.0,0.0,150.15,1.898,1.898,21852000000.0,163620000000.0,194699000000.0,194699000000.0,0.0,0.039,0.085,0.066,0.16,0.0,13721000000.0,2.023,1216764787.0,1216764787.0,,79.092,455950000000.0,0.0,7935000000.0,61235000000.0,185.219,
27,BRK.B,MRT,2014-09-30,2014-09-30,2014-09-30,2021-08-09,44186000000.0,517363000000.0,500404250000.0,,,0.387,96.249,-13532000000.0,62380000000.0,62380000000.0,147201000000.0,21015000000.0,,1.167,74812000000.0,,,74812000000.0,12703000000.0,7111000000.0,0.0,0.0,0.0,32329000000.0,39440000000.0,0.204,39440000000.0,32329000000.0,29188000000.0,,,,237456000000.0,230240750000.0,237456000000.0,359436000374.0,11.0,9.113,17592000000.0,7.131,1.0,46262000000.0,0.239,58669000000.0,3141000000.0,471126000000.0,462064500000.0,10182000000.0,176853000000.0,,,277061000000.0,,,340804000374.0,20301000000.0,-6670000000.0,0.0,3560000000.0,0.0,2350000000.0,-13037000000.0,6459000000.0,31124000000.0,-136000000.0,20707000000.0,20707000000.0,20707000000.0,0.0,308000000.0,0.107,13625000000.0,32637000000.0,39939000000.0,,1.435,16.458,,129802000000.0,0.0,138.14,1.762,1.762,24017000000.0,159465000000.0,193463000000.0,193463000000.0,0.0,0.041,0.09,0.07,0.167,0.0,13625000000.0,2.037,1210970305.0,1210970305.0,,78.417,458694000000.0,0.0,8481000000.0,61106000000.0,185.925,
28,BRK.B,MRT,2014-06-30,2014-06-30,2014-06-30,2021-08-09,45421000000.0,504379000000.0,485583750000.0,,,0.389,94.841,-12422000000.0,55455000000.0,55455000000.0,142162000000.0,21447000000.0,,1.144,74087000000.0,,,74087000000.0,12393000000.0,6873000000.0,0.0,0.0,0.0,32850000000.0,39723000000.0,0.21,39723000000.0,32850000000.0,29820000000.0,,,,234005000000.0,222972250000.0,234005000000.0,336541777860.0,10.0,8.472,14204000000.0,5.757,1.0,46643000000.0,0.247,58792000000.0,3030000000.0,464219000000.0,451037000000.0,10199000000.0,177576000000.0,,,267619000000.0,,,312266777860.0,19760000000.0,-6953000000.0,0.0,4143000000.0,0.0,2905000000.0,-9896000000.0,8257000000.0,26626000000.0,125000000.0,21143000000.0,21143000000.0,21143000000.0,0.0,304000000.0,0.112,13489000000.0,33154000000.0,37668000000.0,,1.334,14.769,,127635000000.0,0.0,126.56,1.654,1.654,22997000000.0,154848000000.0,188805000000.0,188805000000.0,0.0,0.044,0.095,0.073,0.174,0.0,13489000000.0,2.086,1182716384.0,1182716384.0,,76.522,445587000000.0,0.0,8677000000.0,60601000000.0,180.594,
29,BRK.B,MRT,2014-03-31,2014-03-31,2014-03-31,2021-08-09,45049000000.0,494944000000.0,471129750000.0,,,0.39,92.186,-11674000000.0,48948000000.0,48948000000.0,139355000000.0,19601000000.0,,1.163,73223000000.0,,,73223000000.0,12271000000.0,6679000000.0,0.0,0.0,0.0,30684000000.0,37363000000.0,0.203,37363000000.0,30684000000.0,27787000000.0,,,,227612000000.0,214975000000.0,227612000000.0,332593745817.0,11.0,8.902,14903000000.0,6.036,1.0,44381000000.0,0.242,58264000000.0,2897000000.0,460955000000.0,440094500000.0,10245000000.0,177088000000.0,,,264655000000.0,,,308555745817.0,-141000000.0,-19289000000.0,0.0,4292000000.0,0.0,593000000.0,-27434000000.0,3300000000.0,26577000000.0,123000000.0,19289000000.0,19289000000.0,19289000000.0,0.0,312000000.0,0.105,13385000000.0,30996000000.0,36677000000.0,,1.356,15.996,,125080000000.0,0.0,124.97,1.679,1.679,22717000000.0,148453000000.0,183736000000.0,183736000000.0,0.0,0.041,0.09,0.07,0.167,0.0,13385000000.0,2.092,1179999238.0,1179999238.0,,74.416,436680000000.0,0.0,8498000000.0,60001000000.0,176.862,
30,BRK.B,MRT,2013-12-31,2013-12-31,2013-12-31,2021-08-09,44025000000.0,484931000000.0,457969250000.0,,,0.398,89.928,-11087000000.0,48186000000.0,48186000000.0,137271000000.0,19845000000.0,,1.174,72224000000.0,,,72224000000.0,10770000000.0,6508000000.0,0.0,0.0,0.0,31228000000.0,37736000000.0,0.207,37736000000.0,31228000000.0,28427000000.0,,,,221890000000.0,207589750000.0,221890000000.0,316207271451.0,10.0,8.379,16617000000.0,6.735,1.0,44879000000.0,0.246,57011000000.0,2801000000.0,451958000000.0,425369500000.0,9860000000.0,176309000000.0,,,260446000000.0,,,292537271451.0,1194000000.0,-18681000000.0,0.0,3985000000.0,0.0,961000000.0,-27535000000.0,3443000000.0,27704000000.0,64000000.0,19476000000.0,19476000000.0,19476000000.0,0.0,369000000.0,0.107,13282000000.0,31597000000.0,37835000000.0,,1.318,15.02,,123805000000.0,0.0,118.56,1.606,1.606,20280000000.0,143748000000.0,182150000000.0,182150000000.0,0.0,0.043,0.094,0.073,0.171,0.0,13282000000.0,2.108,1170733669.0,1170733669.0,,73.822,427920000000.0,0.0,8951000000.0,57739000000.0,173.428,
31,BRK.B,MRT,2013-09-30,2013-09-30,2013-09-30,2021-08-09,34897000000.0,458081000000.0,443599500000.0,,,0.41,84.572,-10309000000.0,42079000000.0,42079000000.0,136654000000.0,19443000000.0,,1.184,65749000000.0,,,65749000000.0,11670000000.0,7173000000.0,0.0,0.0,0.0,30660000000.0,37833000000.0,0.208,37833000000.0,30660000000.0,27912000000.0,,,,208382000000.0,199029000000.0,208382000000.0,307941442786.0,10.0,8.139,15218000000.0,6.176,1.0,45189000000.0,0.249,54735000000.0,2748000000.0,427016000000.0,409548250000.0,9880000000.0,176273000000.0,,,246650000000.0,,,279683442786.0,-5697000000.0,-14437000000.0,0.0,2338000000.0,0.0,-2698000000.0,-28572000000.0,-2232000000.0,25527000000.0,46000000.0,19037000000.0,19037000000.0,19037000000.0,0.0,406000000.0,0.105,14136000000.0,31053000000.0,36391000000.0,,1.342,14.692,,110556000000.0,0.0,113.51,1.538,1.538,27145000000.0,138758000000.0,181843000000.0,181843000000.0,0.0,0.043,0.096,0.075,0.169,0.0,14136000000.0,2.117,1163845982.0,1163845982.0,,73.801,403346000000.0,0.0,8875000000.0,50849000000.0,163.699,
32,BRK.B,MRT,2013-06-30,2013-06-30,2013-06-30,2021-08-09,33565000000.0,446563000000.0,435108000000.0,,,0.404,81.962,-9954000000.0,35695000000.0,35695000000.0,132610000000.0,18344000000.0,,1.196,63953000000.0,,,63953000000.0,11360000000.0,6853000000.0,0.0,0.0,0.0,29170000000.0,36023000000.0,0.205,36023000000.0,29170000000.0,26436000000.0,,,,202016000000.0,193084000000.0,202016000000.0,290015726031.0,10.0,8.051,14398000000.0,5.842,1.0,43037000000.0,0.245,54372000000.0,2734000000.0,420449000000.0,398970500000.0,9877000000.0,179012000000.0,,,241575000000.0,,,275855726031.0,-4966000000.0,-15123000000.0,0.0,1935000000.0,0.0,-3170000000.0,-26224000000.0,870000000.0,24352000000.0,76000000.0,17904000000.0,17904000000.0,17904000000.0,0.0,440000000.0,0.102,13461000000.0,29576000000.0,35531000000.0,,1.366,15.407,,108349000000.0,0.0,111.92,1.571,1.571,21956000000.0,133705000000.0,175647000000.0,175647000000.0,0.0,0.041,0.093,0.073,0.166,0.0,13461000000.0,2.183,1129319165.0,1129319165.0,,71.263,392191000000.0,0.0,8532000000.0,49547000000.0,159.119,
33,BRK.B,MRT,2013-03-31,2013-03-31,2013-03-31,2021-08-09,32992000000.0,442302000000.0,426306250000.0,,,0.396,80.453,-9822000000.0,49089000000.0,49089000000.0,128843000000.0,16963000000.0,,1.213,63249000000.0,,,63249000000.0,11504000000.0,6502000000.0,0.0,0.0,0.0,26847000000.0,33349000000.0,0.198,33349000000.0,26847000000.0,24108000000.0,,,,198071000000.0,186924750000.0,198071000000.0,272277686267.0,10.0,8.164,12533000000.0,5.091,1.0,39971000000.0,0.237,54407000000.0,2739000000.0,402055000000.0,388528750000.0,9673000000.0,145164000000.0,,,240196000000.0,,,256533686267.0,11263000000.0,-2941000000.0,0.0,498000000.0,0.0,-2092000000.0,-8989000000.0,4529000000.0,22355000000.0,-11000000.0,16471000000.0,16471000000.0,16471000000.0,0.0,492000000.0,0.098,12652000000.0,27319000000.0,34385000000.0,,1.295,15.575,,107267000000.0,0.0,104.2,1.52,1.52,23470000000.0,129164000000.0,168814000000.0,168814000000.0,0.0,0.039,0.088,0.069,0.159,0.0,12652000000.0,2.185,1126588359.0,1126588359.0,,68.57,387895000000.0,0.0,7637000000.0,49599000000.0,157.557,
34,BRK.B,MRT,2012-12-31,2012-12-31,2012-12-31,2021-08-09,27500000000.0,427452000000.0,418571250000.0,,,0.388,75.653,-9775000000.0,46992000000.0,46992000000.0,125613000000.0,15312000000.0,,1.257,62736000000.0,,,62736000000.0,10237000000.0,6154000000.0,0.0,0.0,0.0,24492000000.0,30646000000.0,0.189,30646000000.0,24492000000.0,21748000000.0,,,,187647000000.0,181406250000.0,187647000000.0,237222976488.0,10.0,7.741,11175000000.0,4.505,1.0,36850000000.0,0.227,54523000000.0,2744000000.0,388673000000.0,383566250000.0,9675000000.0,142912000000.0,,,235864000000.0,,,222489976488.0,9693000000.0,-3188000000.0,0.0,1242000000.0,0.0,-806000000.0,-10574000000.0,2572000000.0,20950000000.0,123000000.0,14824000000.0,14824000000.0,14824000000.0,0.0,488000000.0,0.091,11870000000.0,24980000000.0,35361000000.0,,1.186,15.009,,106872000000.0,0.0,89.7,1.369,1.369,21753000000.0,124272000000.0,162463000000.0,162463000000.0,0.0,0.035,0.082,0.064,0.151,0.0,11870000000.0,2.253,1100711929.0,1100711929.0,,65.499,372929000000.0,0.0,6924000000.0,44494000000.0,150.352,
35,BRK.B,MRT,2012-09-30,2012-09-30,2012-09-30,2021-08-09,27050000000.0,424115000000.0,409870000000.0,,,0.373,74.456,-9711000000.0,47776000000.0,47776000000.0,120413000000.0,13842000000.0,,1.273,62509000000.0,,,62509000000.0,11042000000.0,5888000000.0,0.0,0.0,0.0,22167000000.0,28055000000.0,0.183,28055000000.0,22167000000.0,19413000000.0,,,,184602000000.0,175707000000.0,184602000000.0,239148299563.0,11.0,8.524,10943000000.0,4.414,1.0,32623000000.0,0.213,54143000000.0,2754000000.0,384705000000.0,377027750000.0,9476000000.0,136926000000.0,,,235041000000.0,,,218677299563.0,13000000000.0,-2532000000.0,0.0,1346000000.0,0.0,1220000000.0,-8869000000.0,3441000000.0,20654000000.0,-5000000.0,13321000000.0,13321000000.0,13321000000.0,0.0,521000000.0,0.087,9885000000.0,22738000000.0,33110000000.0,,1.185,16.416,,104847000000.0,0.0,88.2,1.429,1.429,21327000000.0,119721000000.0,153036000000.0,153036000000.0,0.0,0.033,0.076,0.059,0.145,0.0,9885000000.0,2.28,1087308550.0,1087308550.0,,61.725,369972000000.0,0.0,6092000000.0,44514000000.0,149.222,
36,BRK.B,MRT,2012-06-30,2012-06-30,2012-06-30,2021-08-09,23781000000.0,411356000000.0,400214750000.0,,,0.364,71.435,-9326000000.0,40661000000.0,40661000000.0,116154000000.0,12198000000.0,,1.295,61132000000.0,,,61132000000.0,10603000000.0,5734000000.0,0.0,0.0,0.0,19573000000.0,25307000000.0,0.174,25307000000.0,19573000000.0,16842000000.0,,,,177379000000.0,169545750000.0,177379000000.0,230923812025.0,12.0,9.125,10676000000.0,4.3,1.0,29620000000.0,0.203,53145000000.0,2731000000.0,378682000000.0,370324500000.0,9525000000.0,134757000000.0,,,229641000000.0,,,206914812025.0,-7230000000.0,-8982000000.0,0.0,2258000000.0,0.0,2148000000.0,-29195000000.0,-10535000000.0,20002000000.0,-185000000.0,11679000000.0,11679000000.0,11679000000.0,0.0,519000000.0,0.08,9417000000.0,20203000000.0,31841000000.0,,1.167,17.717,,102831000000.0,0.0,83.33,1.419,1.419,21192000000.0,115801000000.0,145774000000.0,145774000000.0,0.0,0.029,0.069,0.053,0.134,0.0,9417000000.0,2.296,1081299807.0,1081299807.0,,58.707,358211000000.0,0.0,5163000000.0,42721000000.0,144.261,
37,BRK.B,MRT,2012-03-31,2012-03-31,2012-03-31,2021-08-09,25517000000.0,411362000000.0,393049750000.0,,,0.37,71.08,-8869000000.0,37826000000.0,37826000000.0,115659000000.0,12507000000.0,,1.313,61835000000.0,,,61835000000.0,11010000000.0,5610000000.0,0.0,0.0,0.0,20189000000.0,25799000000.0,0.177,25799000000.0,20189000000.0,17492000000.0,,,,175997000000.0,165952750000.0,175997000000.0,224016501760.0,11.0,8.683,12755000000.0,5.151,1.0,29866000000.0,0.205,53166000000.0,2697000000.0,382205000000.0,361253250000.0,9055000000.0,137915000000.0,,,231093000000.0,,,200931501760.0,-3352000000.0,-8893000000.0,0.0,3087000000.0,0.0,2685000000.0,-27591000000.0,-9117000000.0,21624000000.0,-70000000.0,11988000000.0,11988000000.0,11988000000.0,0.0,519000000.0,0.082,9063000000.0,20803000000.0,32281000000.0,,1.142,16.761,,101727000000.0,0.0,81.15,1.381,1.381,21366000000.0,112693000000.0,145525000000.0,145525000000.0,0.0,0.03,0.072,0.056,0.139,0.0,9063000000.0,2.307,1073198709.0,1073198709.0,,58.773,358196000000.0,0.0,5504000000.0,43238000000.0,144.664,
38,BRK.B,MRT,2011-12-31,2011-12-31,2011-12-31,2021-08-09,17654000000.0,392647000000.0,384333250000.0,,,0.367,66.593,-8191000000.0,37299000000.0,37299000000.0,114402000000.0,10746000000.0,,1.357,60384000000.0,,,60384000000.0,8910000000.0,5492000000.0,0.0,0.0,0.0,17486000000.0,22978000000.0,0.163,22978000000.0,17486000000.0,14822000000.0,,,,164850000000.0,161967250000.0,164850000000.0,214587310587.0,12.0,9.339,12285000000.0,4.963,1.0,26777000000.0,0.19,53213000000.0,2664000000.0,362519000000.0,351398000000.0,8975000000.0,125995000000.0,,,223686000000.0,,,188879310587.0,-928000000.0,-8685000000.0,0.0,-357000000.0,0.0,-2217000000.0,-19189000000.0,-2376000000.0,20476000000.0,2000000.0,10254000000.0,10254000000.0,10254000000.0,0.0,492000000.0,0.073,8670000000.0,18107000000.0,32706000000.0,,1.146,18.42,,100391000000.0,0.0,76.3,1.338,1.338,19012000000.0,109448000000.0,141179000000.0,141179000000.0,0.0,0.027,0.063,0.05,0.124,0.0,8670000000.0,2.318,1068158398.0,1068158398.0,,57.031,339434000000.0,0.0,4568000000.0,37804000000.0,137.118,
39,BRK.B,MRT,2011-09-30,2011-09-30,2011-09-30,2021-08-09,15781000000.0,385494000000.0,379228750000.0,,,0.368,64.433,-7362000000.0,34776000000.0,34776000000.0,110959000000.0,12028000000.0,,1.385,60484000000.0,,,60484000000.0,9609000000.0,4588000000.0,0.0,0.0,0.0,19547000000.0,24135000000.0,0.173,24135000000.0,19547000000.0,16898000000.0,,,,159957000000.0,160084250000.0,159957000000.0,185185109065.0,9.0,7.673,12684000000.0,5.109,1.0,28434000000.0,0.204,53310000000.0,2649000000.0,357892000000.0,346660750000.0,9265000000.0,119162000000.0,,,221613000000.0,,,176359109065.0,315000000.0,-8532000000.0,0.0,-18000000.0,0.0,-1874000000.0,-17913000000.0,-2361000000.0,20046000000.0,56000000.0,11583000000.0,11583000000.0,11583000000.0,0.0,445000000.0,0.083,8316000000.0,20118000000.0,31235000000.0,,1.103,15.226,,98446000000.0,0.0,71.04,1.265,1.265,19834000000.0,106400000000.0,139393000000.0,139393000000.0,0.0,0.031,0.072,0.056,0.14,0.0,8316000000.0,2.325,1067894085.0,1067894085.0,,56.15,332184000000.0,0.0,5315000000.0,37156000000.0,133.809,
40,BRK.B,MRT,2011-06-30,2011-06-30,2011-06-30,2021-08-09,21106000000.0,382696000000.0,373850000000.0,,,0.379,65.919,-6708000000.0,47891000000.0,47891000000.0,112492000000.0,12737000000.0,,1.325,56717000000.0,,,56717000000.0,9630000000.0,4540000000.0,0.0,0.0,0.0,20719000000.0,25259000000.0,0.178,25259000000.0,20719000000.0,18071000000.0,,,,163007000000.0,157512750000.0,163007000000.0,206739532474.0,10.0,8.185,14310000000.0,5.787,1.0,29381000000.0,0.207,49125000000.0,2648000000.0,342397000000.0,341934000000.0,7960000000.0,119234000000.0,,,215912000000.0,,,191371532474.0,19938000000.0,-733000000.0,0.0,-1372000000.0,0.0,-3162000000.0,1816000000.0,9513000000.0,21018000000.0,266000000.0,12294000000.0,12294000000.0,12294000000.0,0.0,443000000.0,0.087,8107000000.0,21274000000.0,29718000000.0,,1.174,15.566,,94952000000.0,0.0,77.39,1.349,1.349,19396000000.0,104122000000.0,141873000000.0,141873000000.0,0.0,0.033,0.078,0.061,0.146,0.0,8107000000.0,2.329,1061950705.0,1061950705.0,,57.373,333571000000.0,0.0,5777000000.0,37809000000.0,134.895,
41,BRK.B,MRT,2011-03-31,2011-03-31,2011-03-31,2021-08-09,21764000000.0,376496000000.0,365472750000.0,,,0.37,64.62,-6292000000.0,41178000000.0,41178000000.0,108328000000.0,11287000000.0,,1.326,56546000000.0,,,56546000000.0,9701000000.0,4499000000.0,0.0,0.0,0.0,18368000000.0,22867000000.0,0.169,22867000000.0,18368000000.0,15745000000.0,,,,160055000000.0,152451750000.0,160055000000.0,227488338208.0,12.0,9.948,11792000000.0,4.761,1.0,26854000000.0,0.199,49080000000.0,2623000000.0,342784000000.0,338857500000.0,7564000000.0,115368000000.0,,,212231000000.0,,,207141338208.0,15508000000.0,-1144000000.0,0.0,-1105000000.0,0.0,-2628000000.0,-45000000.0,7535000000.0,18084000000.0,97000000.0,10845000000.0,10845000000.0,10845000000.0,0.0,442000000.0,0.08,7900000000.0,18954000000.0,29582000000.0,,1.294,19.1,,93773000000.0,0.0,83.63,1.532,1.532,19577000000.0,100705000000.0,135182000000.0,135182000000.0,0.0,0.03,0.071,0.054,0.136,0.0,7900000000.0,2.339,1058851927.0,1058851927.0,,54.578,327416000000.0,0.0,4900000000.0,37198000000.0,132.189,
42,BRK.B,MRT,2010-12-31,2010-12-31,2010-12-31,2021-08-09,20583000000.0,372229000000.0,360428750000.0,,,0.37,63.645,-5980000000.0,38227000000.0,38227000000.0,103958000000.0,13494000000.0,,1.33,58574000000.0,,,58574000000.0,7997000000.0,4279000000.0,0.0,0.0,0.0,21132000000.0,25411000000.0,0.19,25411000000.0,21132000000.0,18574000000.0,,,,157318000000.0,149240250000.0,157318000000.0,222217897187.0,11.0,8.745,11915000000.0,4.82,1.0,29446000000.0,0.221,49006000000.0,2558000000.0,343570000000.0,338052250000.0,7101000000.0,113604000000.0,,,209295000000.0,,,198015897187.0,7669000000.0,-15924000000.0,0.0,8220000000.0,0.0,8125000000.0,-18277000000.0,4103000000.0,17895000000.0,-74000000.0,12967000000.0,12967000000.0,12967000000.0,0.0,527000000.0,0.097,7704000000.0,21742000000.0,29361000000.0,,1.259,15.271,,93126000000.0,0.0,80.11,1.484,1.484,20917000000.0,99194000000.0,133404000000.0,133404000000.0,0.0,0.036,0.087,0.063,0.158,0.0,7704000000.0,2.38,1038755057.0,1038755057.0,,53.97,323223000000.0,0.0,5607000000.0,36352000000.0,130.764,
43,BRK.B,MRT,2010-09-30,2010-09-30,2010-09-30,2021-08-09,16723000000.0,363979000000.0,341651250000.0,,,0.373,60.596,-5425000000.0,34461000000.0,34461000000.0,100060000000.0,12175000000.0,,1.399,58663000000.0,,,58663000000.0,9063000000.0,3921000000.0,0.0,0.0,0.0,19074000000.0,22995000000.0,0.181,22995000000.0,19074000000.0,16676000000.0,,,,149671000000.0,142686250000.0,149671000000.0,234235111369.0,12.0,10.186,12226000000.0,4.95,1.0,27272000000.0,0.214,49196000000.0,2398000000.0,338985000000.0,319784250000.0,6924000000.0,110132000000.0,,,209382000000.0,,,204218111369.0,7542000000.0,-15409000000.0,0.0,8169000000.0,0.0,8087000000.0,-18182000000.0,3493000000.0,17651000000.0,-14000000.0,11646000000.0,11646000000.0,11646000000.0,0.0,529000000.0,0.091,7716000000.0,19556000000.0,29365000000.0,,1.364,17.535,,92024000000.0,0.0,82.68,1.604,1.604,18079000000.0,94817000000.0,127332000000.0,127332000000.0,0.0,0.034,0.082,0.06,0.15,0.0,7716000000.0,2.451,1007611469.0,1007611469.0,,51.552,314783000000.0,0.0,5030000000.0,32606000000.0,127.443,
44,BRK.B,MRT,2010-06-30,2010-06-30,2010-06-30,2021-08-09,12850000000.0,349187000000.0,323659000000.0,,,0.373,57.818,-5020000000.0,27953000000.0,27953000000.0,93376000000.0,12405000000.0,,1.413,57970000000.0,,,57970000000.0,8874000000.0,3606000000.0,0.0,0.0,0.0,19335000000.0,22941000000.0,0.19,22941000000.0,19335000000.0,17111000000.0,,,,142763000000.0,136786750000.0,142763000000.0,228725027574.0,12.0,9.97,10189000000.0,4.126,1.0,27505000000.0,0.228,49113000000.0,2224000000.0,330091000000.0,302322500000.0,6563000000.0,105721000000.0,,,201673000000.0,,,196768027574.0,3442000000.0,-15250000000.0,0.0,6835000000.0,0.0,6738000000.0,-18420000000.0,1967000000.0,15209000000.0,-85000000.0,11895000000.0,11895000000.0,11895000000.0,0.0,510000000.0,0.098,7835000000.0,19670000000.0,28361000000.0,,1.378,16.542,,91147000000.0,0.0,79.69,1.628,1.628,17407000000.0,91828000000.0,120881000000.0,120881000000.0,0.0,0.037,0.087,0.064,0.16,0.0,7835000000.0,2.546,969747703.0,969747703.0,,48.956,300074000000.0,0.0,5216000000.0,30080000000.0,121.528,
45,BRK.B,MRT,2010-03-31,2010-03-31,2010-03-31,2021-08-09,19307000000.0,356320000000.0,305273750000.0,,,0.389,59.62,-4734000000.0,25670000000.0,25670000000.0,89446000000.0,13699000000.0,,1.388,57627000000.0,,,57627000000.0,9164000000.0,3284000000.0,0.0,0.0,0.0,21207000000.0,24491000000.0,0.206,24491000000.0,21207000000.0,19110000000.0,,,,147209000000.0,129727750000.0,147209000000.0,208017479232.0,10.0,8.494,9783000000.0,3.962,1.0,29292000000.0,0.247,48714000000.0,2097000000.0,339563000000.0,283799000000.0,6451000000.0,113408000000.0,,,204396000000.0,,,200666479232.0,119000000.0,-14489000000.0,0.0,6976000000.0,0.0,6502000000.0,-21105000000.0,-1829000000.0,14517000000.0,205000000.0,13222000000.0,13222000000.0,13222000000.0,0.0,477000000.0,0.111,7993000000.0,21299000000.0,28266000000.0,,1.363,15.177,,90514000000.0,0.0,81.27,1.69,1.69,17799000000.0,89860000000.0,118738000000.0,118738000000.0,0.0,0.043,0.102,0.075,0.179,0.0,7993000000.0,3.028,815453685.0,815453685.0,,48.089,307606000000.0,0.0,5888000000.0,34603000000.0,124.581,
46,BRK.B,MRT,2009-12-31,2009-12-31,2009-12-31,2021-08-09,17793000000.0,297119000000.0,281329250000.0,,,0.389,56.456,-4937000000.0,30558000000.0,30558000000.0,87810000000.0,8441000000.0,,1.231,37909000000.0,,,37909000000.0,7925000000.0,3127000000.0,0.0,0.0,0.0,13585000000.0,16712000000.0,0.153,16712000000.0,13585000000.0,11593000000.0,,,,131102000000.0,118625000000.0,131102000000.0,163716567506.0,12.0,9.796,10909000000.0,4.698,1.0,21751000000.0,0.199,33972000000.0,1992000000.0,270498000000.0,258665000000.0,6147000000.0,110842000000.0,,,161334000000.0,,,152614567506.0,5019000000.0,-108000000.0,0.0,643000000.0,0.0,233000000.0,-11161000000.0,-7296000000.0,15846000000.0,101000000.0,8055000000.0,8055000000.0,8055000000.0,0.0,386000000.0,0.074,8117000000.0,13634000000.0,22362000000.0,,1.164,18.947,,46656000000.0,0.0,65.72,1.393,1.393,14792000000.0,86227000000.0,109561000000.0,109561000000.0,0.0,0.029,0.068,0.053,0.124,0.0,8117000000.0,3.124,743324684.0,743324684.0,,47.18,263147000000.0,0.0,3538000000.0,19225000000.0,113.318,
47,BRK.B,MRT,2009-09-30,2009-09-30,2009-09-30,2021-08-09,15816000000.0,292010000000.0,273899250000.0,,,0.38,53.512,-5740000000.0,26919000000.0,26919000000.0,86257000000.0,5602000000.0,,1.28,38021000000.0,,,38021000000.0,8753000000.0,3054000000.0,0.0,0.0,0.0,9028000000.0,12082000000.0,0.116,12082000000.0,9028000000.0,7056000000.0,,,,126073000000.0,113166250000.0,126073000000.0,170850391901.0,19.0,14.141,9110000000.0,3.867,1.0,17841000000.0,0.171,33974000000.0,1972000000.0,269138000000.0,252280750000.0,6051000000.0,105949000000.0,,,161328000000.0,,,156577391901.0,-6450000000.0,-265000000.0,0.0,339000000.0,0.0,-83000000.0,-21174000000.0,-17253000000.0,14850000000.0,-43000000.0,5116000000.0,5116000000.0,5116000000.0,0.0,486000000.0,0.049,8333000000.0,9508000000.0,23684000000.0,,1.242,30.605,,46999000000.0,0.0,66.46,1.504,1.504,16047000000.0,83171000000.0,104098000000.0,104098000000.0,0.0,0.019,0.045,0.036,0.087,0.0,8333000000.0,3.172,742760359.0,742760359.0,,44.185,258036000000.0,0.0,1940000000.0,16903000000.0,109.525,
48,BRK.B,MRT,2009-06-30,2009-06-30,2009-06-30,2021-08-09,7505000000.0,275646000000.0,271329000000.0,,,0.374,48.732,-6233000000.0,24511000000.0,24511000000.0,87625000000.0,3461000000.0,,1.369,38784000000.0,,,38784000000.0,8831000000.0,4346000000.0,0.0,0.0,0.0,5560000000.0,9906000000.0,0.098,9906000000.0,5560000000.0,3568000000.0,,,,114527000000.0,111686750000.0,114527000000.0,148370275955.0,27.0,14.978,7525000000.0,3.202,1.0,13975000000.0,0.138,33922000000.0,1992000000.0,255997000000.0,248093000000.0,6387000000.0,95593000000.0,,,156809000000.0,,,136106275955.0,-6648000000.0,-847000000.0,0.0,2594000000.0,0.0,2106000000.0,-22283000000.0,-16249000000.0,13758000000.0,-229000000.0,2935000000.0,2935000000.0,2935000000.0,0.0,526000000.0,0.029,8179000000.0,5796000000.0,23056000000.0,,1.188,46.374,,47003000000.0,0.0,57.915,1.34,1.34,15778000000.0,79933000000.0,101600000000.0,101600000000.0,0.0,0.011,0.026,0.022,0.055,0.0,8179000000.0,3.165,742499528.0,742499528.0,,43.232,241724000000.0,0.0,633000000.0,11074000000.0,102.856,
49,BRK.B,MRT,2009-03-31,2009-03-31,2009-03-31,2021-08-09,-930000000.0,260542000000.0,271865500000.0,,,0.374,43.139,-6470000000.0,25551000000.0,25551000000.0,88342000000.0,3105000000.0,,1.494,37815000000.0,,,37815000000.0,9137000000.0,3568000000.0,0.0,0.0,0.0,5051000000.0,8619000000.0,0.085,8619000000.0,5051000000.0,3076000000.0,,,,102798000000.0,112553500000.0,102798000000.0,145740962998.0,29.0,16.909,6071000000.0,2.548,1.0,13232000000.0,0.13,33779000000.0,1975000000.0,239027000000.0,246429750000.0,6802000000.0,84492000000.0,,,153623000000.0,,,134397962998.0,-10015000000.0,-1707000000.0,0.0,2191000000.0,0.0,2006000000.0,-24151000000.0,-16965000000.0,12541000000.0,-411000000.0,2520000000.0,2520000000.0,2520000000.0,0.0,585000000.0,0.025,8155000000.0,5077000000.0,22690000000.0,,1.307,53.333,,45869000000.0,0.0,56.4,1.323,1.323,15951000000.0,76638000000.0,101574000000.0,101574000000.0,0.0,0.009,0.022,0.02,0.05,0.0,8155000000.0,3.2,744604970.0,744604970.0,,42.625,226763000000.0,0.0,556000000.0,6447000000.0,95.161,
50,BRK.B,MRT,2008-12-31,2008-12-31,2008-12-31,2021-08-09,3954000000.0,267399000000.0,276991750000.0,,,0.373,46.326,-6138000000.0,25539000000.0,25539000000.0,86778000000.0,5596000000.0,,1.407,36882000000.0,,,36882000000.0,7861000000.0,2810000000.0,0.0,0.0,0.0,8935000000.0,11745000000.0,0.114,11745000000.0,8935000000.0,6972000000.0,,,,109267000000.0,116697000000.0,109267000000.0,155803520037.0,17.0,13.266,5114000000.0,2.168,1.0,16564000000.0,0.16,33781000000.0,1963000000.0,244961000000.0,248701500000.0,7500000000.0,97763000000.0,,,153692000000.0,,,151614520037.0,-18790000000.0,-6050000000.0,0.0,2418000000.0,0.0,2286000000.0,-32066000000.0,-20727000000.0,11252000000.0,-262000000.0,4994000000.0,4994000000.0,4994000000.0,0.0,602000000.0,0.048,8052000000.0,8512000000.0,23818000000.0,,1.388,30.359,,45157000000.0,0.0,64.28,1.467,1.467,14925000000.0,78172000000.0,103342000000.0,103342000000.0,0.0,0.018,0.043,0.036,0.086,0.0,8052000000.0,3.214,733914807.0,733914807.0,,43.814,233618000000.0,0.0,1978000000.0,10280000000.0,99.047,
51,BRK.B,MRT,2008-09-30,2008-09-30,2008-09-30,2021-08-09,15984000000.0,281729000000.0,278432000000.0,,,0.387,51.61,-5657000000.0,33369000000.0,33369000000.0,86242000000.0,8582000000.0,,1.309,37558000000.0,,,37558000000.0,8162000000.0,4478000000.0,0.0,0.0,0.0,13341000000.0,17819000000.0,0.165,17819000000.0,13341000000.0,11361000000.0,,,,120155000000.0,119563500000.0,120155000000.0,209720768851.0,16.0,11.77,3970000000.0,1.705,1.0,21605000000.0,0.2,33531000000.0,1980000000.0,252387000000.0,244910000000.0,7319000000.0,124071000000.0,,,157225000000.0,,,204644768851.0,-13714000000.0,-5834000000.0,0.0,1944000000.0,0.0,1823000000.0,-25050000000.0,-13858000000.0,9627000000.0,-114000000.0,7824000000.0,7824000000.0,7824000000.0,0.0,758000000.0,0.073,7734000000.0,13871000000.0,20577000000.0,,1.703,26.156,,44390000000.0,0.0,87.9,1.898,1.898,16131000000.0,77030000000.0,107847000000.0,107847000000.0,0.0,0.028,0.065,0.054,0.124,0.0,7734000000.0,3.242,718128738.0,718128738.0,,46.323,248198000000.0,0.0,3537000000.0,16918000000.0,106.607,
52,BRK.B,MRT,2008-06-30,2008-06-30,2008-06-30,2021-08-09,14881000000.0,277792000000.0,277128750000.0,,,0.396,50.745,-5359000000.0,31159000000.0,31159000000.0,83079000000.0,11927000000.0,,1.318,36235000000.0,,,36235000000.0,8177000000.0,2407000000.0,0.0,0.0,0.0,18707000000.0,21114000000.0,0.192,21114000000.0,18707000000.0,16760000000.0,,,,117994000000.0,119500500000.0,117994000000.0,187187088669.0,10.0,8.866,4750000000.0,2.043,1.0,26672000000.0,0.243,33524000000.0,1947000000.0,249344000000.0,239670250000.0,7081000000.0,122869000000.0,,,155568000000.0,,,186576088669.0,-15791000000.0,-5808000000.0,0.0,1395000000.0,0.0,1398000000.0,-27372000000.0,-17778000000.0,10109000000.0,74000000.0,11320000000.0,11320000000.0,11320000000.0,0.0,607000000.0,0.103,7605000000.0,19067000000.0,21236000000.0,,1.581,16.482,,43708000000.0,0.0,80.24,1.7,1.7,16547000000.0,75973000000.0,109751000000.0,109751000000.0,0.0,0.041,0.095,0.078,0.17,0.0,7605000000.0,3.303,704043313.0,704043313.0,,47.2,244268000000.0,0.0,5440000000.0,16821000000.0,105.051,
53,BRK.B,MRT,2008-03-31,2008-03-31,2008-03-31,2021-08-09,19171000000.0,281047000000.0,274943500000.0,,,0.389,51.444,-5186000000.0,35566000000.0,35566000000.0,80261000000.0,12017000000.0,,1.319,36177000000.0,,,36177000000.0,8004000000.0,2407000000.0,0.0,0.0,0.0,19095000000.0,21502000000.0,0.201,21502000000.0,19095000000.0,17172000000.0,,,,119372000000.0,118820000000.0,119372000000.0,197081324729.0,10.0,9.166,6092000000.0,2.625,1.0,26662000000.0,0.249,33544000000.0,1923000000.0,248114000000.0,233151250000.0,6715000000.0,124149000000.0,,,157401000000.0,,,207584324729.0,-10461000000.0,-5605000000.0,0.0,1766000000.0,0.0,2159000000.0,-24022000000.0,-14812000000.0,11278000000.0,124000000.0,11558000000.0,11558000000.0,11558000000.0,0.0,459000000.0,0.108,7317000000.0,19345000000.0,19800000000.0,,1.739,17.96,,42776000000.0,0.0,89.46,1.941,1.941,15505000000.0,73093000000.0,106923000000.0,106923000000.0,0.0,0.042,0.097,0.082,0.179,0.0,7317000000.0,3.305,702165516.0,702165516.0,,46.079,247503000000.0,0.0,5614000000.0,19370000000.0,106.663,
54,BRK.B,MRT,2007-12-31,2007-12-31,2007-12-31,2021-08-09,21620000000.0,273160000000.0,270101250000.0,,,0.424,51.889,-5373000000.0,44329000000.0,44329000000.0,85582000000.0,13567000000.0,,1.24,33826000000.0,,,33826000000.0,6680000000.0,2407000000.0,0.0,0.0,0.0,21717000000.0,24124000000.0,0.21,24124000000.0,21717000000.0,19807000000.0,,,,120733000000.0,116449750000.0,120733000000.0,208031896777.0,10.0,8.623,7177000000.0,3.085,1.0,29025000000.0,0.253,32862000000.0,1910000000.0,229795000000.0,225138750000.0,5793000000.0,118929000000.0,,,149759000000.0,,,220390896777.0,586000000.0,-1602000000.0,0.0,979000000.0,0.0,1366000000.0,-13428000000.0,-7251000000.0,12550000000.0,98000000.0,13213000000.0,13213000000.0,13213000000.0,0.0,354000000.0,0.115,7098000000.0,21927000000.0,19646000000.0,,1.825,16.68,,36190000000.0,0.0,94.72,1.923,1.923,13157000000.0,72153000000.0,114607000000.0,114607000000.0,0.0,0.049,0.113,0.096,0.189,0.0,7098000000.0,3.353,693867153.0,693867153.0,,49.256,240298000000.0,0.0,6594000000.0,18825000000.0,103.276,
55,BRK.B,MRT,2007-09-30,2007-09-30,2007-09-30,2021-08-09,23743000000.0,276516000000.0,263920500000.0,,,0.419,51.018,-5347000000.0,47083000000.0,47083000000.0,83360000000.0,13849000000.0,,1.285,34724000000.0,,,34724000000.0,7567000000.0,2066000000.0,0.0,0.0,0.0,22521000000.0,24587000000.0,0.222,24587000000.0,22521000000.0,20655000000.0,,,,119903000000.0,113371250000.0,119903000000.0,172404222496.0,8.0,7.012,8317000000.0,3.539,1.0,27343000000.0,0.247,32729000000.0,1866000000.0,231428000000.0,218955250000.0,5928000000.0,119299000000.0,,,154051000000.0,,,185759222496.0,4834000000.0,-1623000000.0,0.0,3185000000.0,0.0,3678000000.0,-12714000000.0,-6501000000.0,13664000000.0,206000000.0,13849000000.0,13849000000.0,13849000000.0,0.0,0.0,0.125,6688000000.0,20655000000.0,19974000000.0,,1.549,13.413,,35407000000.0,0.0,79.04,1.678,1.678,14171000000.0,69206000000.0,110703000000.0,110703000000.0,0.0,0.052,0.122,0.103,0.203,0.0,6688000000.0,3.412,688768378.0,688768378.0,,47.104,243787000000.0,0.0,6806000000.0,21517000000.0,103.731,
56,BRK.B,MRT,2007-06-30,2007-06-30,2007-06-30,2021-08-09,23684000000.0,269051000000.0,254792000000.0,,,0.417,49.699,-5293000000.0,46950000000.0,46950000000.0,81609000000.0,12068000000.0,,1.313,33595000000.0,,,33595000000.0,7505000000.0,2066000000.0,0.0,0.0,0.0,19976000000.0,22042000000.0,0.207,22042000000.0,19976000000.0,18128000000.0,,,,115272000000.0,108956500000.0,115272000000.0,154223539150.0,8.0,6.997,8883000000.0,3.83,1.0,24682000000.0,0.232,32428000000.0,1848000000.0,223268000000.0,210225000000.0,5598000000.0,113355000000.0,,,151346000000.0,,,167227539150.0,4881000000.0,-5591000000.0,0.0,1853000000.0,0.0,2121000000.0,-11564000000.0,-1108000000.0,14176000000.0,148000000.0,12068000000.0,12068000000.0,12068000000.0,0.0,0.0,0.114,6516000000.0,18166000000.0,20409000000.0,,1.451,13.857,,34567000000.0,0.0,72.1,1.573,1.573,14095000000.0,64653000000.0,106291000000.0,106291000000.0,0.0,0.047,0.111,0.095,0.188,0.0,6516000000.0,3.387,684795606.0,684795606.0,,45.827,236623000000.0,0.0,6060000000.0,21112000000.0,102.02,
57,BRK.B,MRT,2007-03-31,2007-03-31,2007-03-31,2021-08-09,21799000000.0,261678000000.0,245612000000.0,,,0.42,47.491,-5052000000.0,46027000000.0,46027000000.0,80083000000.0,11297000000.0,,1.36,33023000000.0,,,33023000000.0,7755000000.0,2066000000.0,0.0,0.0,0.0,18773000000.0,20839000000.0,0.202,20839000000.0,18773000000.0,16948000000.0,,,,109891000000.0,104541750000.0,109891000000.0,157316395005.0,8.0,7.549,7409000000.0,3.202,1.0,23057000000.0,0.224,32610000000.0,1825000000.0,216064000000.0,202146000000.0,5437000000.0,101305000000.0,,,149424000000.0,,,168454395005.0,3169000000.0,-5539000000.0,0.0,1267000000.0,0.0,1283000000.0,-10687000000.0,-1128000000.0,12461000000.0,112000000.0,11297000000.0,11297000000.0,11297000000.0,0.0,0.0,0.11,6195000000.0,16862000000.0,19640000000.0,,1.533,14.911,,34088000000.0,0.0,72.8,1.633,1.633,20336000000.0,61535000000.0,103140000000.0,103140000000.0,0.0,0.046,0.108,0.093,0.182,0.0,6195000000.0,3.588,644887499.0,644887499.0,,44.573,229068000000.0,0.0,5651000000.0,19665000000.0,98.995,
58,BRK.B,MRT,2006-12-31,2006-12-31,2006-12-31,2021-08-09,22977000000.0,248437000000.0,237744000000.0,,,0.392,46.87,-4571000000.0,43743000000.0,43743000000.0,70731000000.0,11015000000.0,,1.271,32605000000.0,,,32605000000.0,7058000000.0,2066000000.0,0.0,0.0,0.0,18244000000.0,20310000000.0,0.218,20310000000.0,18244000000.0,16520000000.0,,,,108419000000.0,100906250000.0,108419000000.0,158322088241.0,9.0,7.795,5624000000.0,2.431,1.0,22354000000.0,0.24,32238000000.0,1724000000.0,205061000000.0,195211500000.0,5257000000.0,101343000000.0,,,137756000000.0,,,169601088241.0,-1275000000.0,-10132000000.0,0.0,2406000000.0,0.0,2490000000.0,-14077000000.0,-391000000.0,10195000000.0,117000000.0,11015000000.0,11015000000.0,11015000000.0,0.0,0.0,0.118,5932000000.0,16422000000.0,19890000000.0,,1.564,15.397,,33342000000.0,0.0,73.32,1.822,1.822,12881000000.0,58912000000.0,93085000000.0,93085000000.0,0.0,0.046,0.109,0.093,0.196,0.0,5932000000.0,3.687,627407558.0,627407558.0,,40.241,216199000000.0,0.0,5505000000.0,19170000000.0,93.465,
59,BRK.B,MRT,2006-09-30,2006-09-30,2006-09-30,2021-08-09,20409000000.0,240002000000.0,225216000000.0,,,0.41,44.149,-4284000000.0,42249000000.0,42249000000.0,67753000000.0,12562000000.0,,1.326,30970000000.0,,,30970000000.0,7793000000.0,982000000.0,0.0,0.0,0.0,20539000000.0,21521000000.0,0.233,21521000000.0,20539000000.0,19099000000.0,,,,102244000000.0,96672500000.0,102244000000.0,135499248979.0,7.0,6.296,7391000000.0,3.191,1.0,24611000000.0,0.266,32216000000.0,1440000000.0,196507000000.0,180064250000.0,5386000000.0,94263000000.0,,,135622000000.0,,,147011248979.0,-4141000000.0,-10702000000.0,0.0,1381000000.0,0.0,1537000000.0,-17230000000.0,-4155000000.0,11675000000.0,-123000000.0,12562000000.0,12562000000.0,12562000000.0,0.0,0.0,0.136,5884000000.0,18727000000.0,16995000000.0,,1.438,11.703,,32317000000.0,0.0,63.48,1.592,1.592,13621000000.0,55329000000.0,92364000000.0,92364000000.0,0.0,0.056,0.13,0.114,0.222,0.0,5884000000.0,3.724,621800951.0,621800951.0,,39.883,207786000000.0,0.0,6537000000.0,17176000000.0,89.723,
60,BRK.B,MRT,2006-06-30,2006-06-30,2006-06-30,2021-08-09,18572000000.0,232331000000.0,214393000000.0,,,0.409,42.078,-3338000000.0,42069000000.0,42069000000.0,67093000000.0,10376000000.0,,1.361,30557000000.0,,,30557000000.0,7795000000.0,982000000.0,0.0,0.0,0.0,16864000000.0,17846000000.0,0.204,17846000000.0,16864000000.0,15694000000.0,,,,97613000000.0,93491000000.0,97613000000.0,128803033257.0,8.0,7.217,6466000000.0,2.787,1.0,20501000000.0,0.234,29867000000.0,1170000000.0,190952000000.0,166559000000.0,4371000000.0,92988000000.0,,,132865000000.0,,,141182033257.0,-6051000000.0,-7922000000.0,0.0,2074000000.0,0.0,2434000000.0,-18166000000.0,-8929000000.0,9804000000.0,-123000000.0,10376000000.0,10376000000.0,10376000000.0,0.0,0.0,0.118,5613000000.0,14888000000.0,15552000000.0,,1.446,13.607,,30551000000.0,0.0,60.86,1.612,1.612,13520000000.0,52557000000.0,87594000000.0,87594000000.0,0.0,0.048,0.111,0.101,0.193,0.0,5613000000.0,5.465,424459258.0,424459258.0,,37.76,202464000000.0,0.0,5318000000.0,16081000000.0,87.277,
61,BRK.B,MRT,2006-03-31,2006-03-31,2006-03-31,2021-08-09,18707000000.0,230206000000.0,205019000000.0,,,0.399,41.232,-2639000000.0,42858000000.0,42858000000.0,63147000000.0,9478000000.0,,1.396,30479000000.0,,,30479000000.0,7496000000.0,982000000.0,0.0,0.0,0.0,15198000000.0,16180000000.0,0.198,16180000000.0,15198000000.0,14279000000.0,,,,95349000000.0,91109250000.0,95349000000.0,110255930376.0,7.0,6.814,7807000000.0,3.376,1.0,18679000000.0,0.228,29501000000.0,919000000.0,188326000000.0,154377000000.0,4227000000.0,91282000000.0,,,133118000000.0,,,139304930376.0,-4209000000.0,-7659000000.0,0.0,3540000000.0,0.0,3791000000.0,-18323000000.0,-9752000000.0,10446000000.0,-123000000.0,9478000000.0,9478000000.0,9478000000.0,0.0,0.0,0.116,5415000000.0,13264000000.0,14964000000.0,,1.461,14.698,,29762000000.0,0.0,60.24,1.702,1.702,13097000000.0,50210000000.0,81826000000.0,81826000000.0,0.0,0.046,0.104,0.098,0.186,0.0,5415000000.0,5.486,421525748.0,421525748.0,,35.384,200705000000.0,0.0,4801000000.0,17084000000.0,86.791,
62,BRK.B,MRT,2005-12-31,2005-12-31,2005-12-31,2021-08-09,17360000000.0,198325000000.0,195236250000.0,,,0.395,39.329,-2195000000.0,44660000000.0,44660000000.0,60232000000.0,8528000000.0,,1.159,14451000000.0,,,14451000000.0,6206000000.0,982000000.0,0.0,0.0,0.0,13410000000.0,14392000000.0,0.187,14392000000.0,13410000000.0,12687000000.0,,,,91484000000.0,88886000000.0,91484000000.0,105995916515.0,8.0,7.365,7251000000.0,3.117,1.0,16798000000.0,0.218,23644000000.0,723000000.0,144472000000.0,142089000000.0,4143000000.0,92788000000.0,,,106025000000.0,,,136567916515.0,1233000000.0,-2387000000.0,0.0,5563000000.0,0.0,5751000000.0,-13841000000.0,-11020000000.0,9446000000.0,-123000000.0,8528000000.0,8528000000.0,8528000000.0,0.0,0.0,0.111,5328000000.0,11470000000.0,13050000000.0,,1.493,16.014,,7500000000.0,0.0,58.71,1.773,1.773,12397000000.0,47717000000.0,77030000000.0,77030000000.0,0.0,0.044,0.096,0.094,0.174,0.0,5328000000.0,5.541,419806119.0,419806119.0,,33.115,174681000000.0,0.0,4159000000.0,12252000000.0,75.095,
63,BRK.B,MRT,2005-09-30,2005-09-30,2005-09-30,2021-08-09,20561000000.0,196710000000.0,192873500000.0,,,0.359,38.798,-1473000000.0,46032000000.0,46032000000.0,55874000000.0,6737000000.0,,1.188,15460000000.0,,,15460000000.0,6882000000.0,941000000.0,0.0,0.0,0.0,11005000000.0,11946000000.0,0.173,11946000000.0,11005000000.0,9830000000.0,,,,89518000000.0,87490000000.0,89518000000.0,96619862243.0,9.0,8.088,6414000000.0,2.78,1.0,13315000000.0,0.192,23652000000.0,1175000000.0,142486000000.0,140232250000.0,4031000000.0,89805000000.0,,,106391000000.0,,,126022862243.0,3015000000.0,-1859000000.0,0.0,5069000000.0,0.0,5282000000.0,-10154000000.0,-7996000000.0,7887000000.0,0.0,6737000000.0,6737000000.0,6737000000.0,0.0,0.0,0.097,5157000000.0,8158000000.0,8968000000.0,,1.408,18.706,,7026000000.0,0.0,54.62,1.821,1.821,13104000000.0,42587000000.0,69189000000.0,69189000000.0,0.0,0.035,0.077,0.078,0.159,0.0,5157000000.0,5.539,416515354.0,416515354.0,,29.987,173058000000.0,0.0,3093000000.0,11409000000.0,75.006,
64,BRK.B,MRT,2005-06-30,2005-06-30,2005-06-30,2021-08-09,19737000000.0,194835000000.0,189161000000.0,,,0.365,38.153,-1425000000.0,47762000000.0,47762000000.0,54303000000.0,7288000000.0,,1.203,18359000000.0,,,18359000000.0,6935000000.0,941000000.0,0.0,0.0,0.0,11811000000.0,12752000000.0,0.185,12752000000.0,11811000000.0,10798000000.0,,,,88086000000.0,85279750000.0,88086000000.0,99637178986.0,8.0,7.813,6780000000.0,2.937,1.0,14722000000.0,0.213,23208000000.0,1013000000.0,142224000000.0,137377750000.0,3875000000.0,87382000000.0,,,105971000000.0,,,128529178986.0,7561000000.0,-289000000.0,0.0,5514000000.0,0.0,5618000000.0,-6262000000.0,-5069000000.0,8205000000.0,0.0,7288000000.0,7288000000.0,7288000000.0,0.0,0.0,0.106,5099000000.0,9623000000.0,8485000000.0,,1.459,17.636,,6770000000.0,0.0,55.67,1.862,1.862,12483000000.0,42001000000.0,69025000000.0,69025000000.0,0.0,0.039,0.085,0.086,0.171,0.0,5099000000.0,5.616,411128844.0,411128844.0,,29.897,171627000000.0,0.0,3510000000.0,11259000000.0,74.337,
65,BRK.B,MRT,2005-03-31,2005-03-31,2005-03-31,2021-08-09,19581000000.0,191075000000.0,191308750000.0,,,0.366,37.253,-1333000000.0,46709000000.0,46709000000.0,55283000000.0,7121000000.0,,1.201,17817000000.0,,,17817000000.0,7217000000.0,941000000.0,0.0,0.0,0.0,11410000000.0,12351000000.0,0.176,12351000000.0,11410000000.0,10557000000.0,,,,86456000000.0,83367750000.0,86456000000.0,103745480786.0,9.0,8.4,5158000000.0,2.223,1.0,14734000000.0,0.21,23009000000.0,853000000.0,139174000000.0,146296250000.0,3835000000.0,85135000000.0,,,103854000000.0,,,132562480786.0,5798000000.0,-586000000.0,0.0,3328000000.0,0.0,3453000000.0,-4146000000.0,-2370000000.0,6491000000.0,0.0,7121000000.0,7121000000.0,7121000000.0,0.0,0.0,0.102,5098000000.0,9636000000.0,7256000000.0,,1.533,18.616,,6583000000.0,0.0,57.12,1.893,1.893,12256000000.0,40552000000.0,70017000000.0,70017000000.0,0.0,0.037,0.085,0.078,0.163,0.0,5098000000.0,5.67,409335297.0,409335297.0,,30.17,168066000000.0,0.0,3436000000.0,11392000000.0,72.418,
66,BRK.B,MRT,2004-12-31,2004-12-31,2004-12-31,2021-08-09,20435000000.0,188874000000.0,196278500000.0,,,0.36,37.037,-1278000000.0,43427000000.0,43427000000.0,55416000000.0,7308000000.0,,1.19,14610000000.0,,,14610000000.0,6283000000.0,941000000.0,0.0,0.0,0.0,11598000000.0,12539000000.0,0.178,12539000000.0,11598000000.0,10877000000.0,,,,85900000000.0,81684750000.0,85900000000.0,108422605618.0,9.0,8.647,6033000000.0,2.601,1.0,15178000000.0,0.215,23012000000.0,721000000.0,137045000000.0,158750500000.0,3842000000.0,82164000000.0,,,102216000000.0,,,136187605618.0,7470000000.0,-414000000.0,0.0,-322000000.0,0.0,-156000000.0,315000000.0,1273000000.0,7311000000.0,0.0,7308000000.0,7308000000.0,7308000000.0,0.0,0.0,0.104,4989000000.0,10189000000.0,7500000000.0,,1.585,18.635,,6516000000.0,0.0,58.72,1.929,1.929,11291000000.0,39189000000.0,70594000000.0,70594000000.0,0.0,0.037,0.089,0.073,0.164,0.0,4989000000.0,5.741,403955283.0,403955283.0,,30.438,165862000000.0,0.0,3569000000.0,12247000000.0,71.515,
67,BRK.B,MRT,2004-09-30,2004-09-30,2004-09-30,2021-08-09,18591000000.0,181860000000.0,194199750000.0,,,0.382,34.956,-1923000000.0,43017000000.0,43017000000.0,59730000000.0,6355000000.0,,1.245,15252000000.0,,,15252000000.0,6723000000.0,849000000.0,0.0,0.0,0.0,9648000000.0,10497000000.0,0.141,10497000000.0,9648000000.0,9510000000.0,,,,80677000000.0,79608750000.0,80677000000.0,129961084742.0,13.0,12.381,5475000000.0,2.372,1.0,14477000000.0,0.195,23027000000.0,138000000.0,131068000000.0,159165250000.0,3767000000.0,77624000000.0,,,100455000000.0,,,132524084742.0,12272000000.0,-593000000.0,0.0,1490000000.0,0.0,1533000000.0,3341000000.0,4798000000.0,7398000000.0,0.0,6355000000.0,6355000000.0,6355000000.0,0.0,0.0,0.086,4948000000.0,9529000000.0,6821000000.0,,1.643,20.854,,6308000000.0,0.0,57.42,1.786,1.786,11721000000.0,35850000000.0,74207000000.0,74207000000.0,0.0,0.033,0.08,0.061,0.13,0.0,4948000000.0,5.775,399681036.0,399681036.0,,32.152,158833000000.0,0.0,3155000000.0,11199000000.0,68.819,
68,BRK.B,MRT,2004-06-30,2004-06-30,2004-06-30,2021-08-09,19505000000.0,203426000000.0,191794500000.0,,,0.382,34.777,-1606000000.0,40201000000.0,40201000000.0,58287000000.0,7024000000.0,,1.519,37638000000.0,,,37638000000.0,7212000000.0,849000000.0,0.0,0.0,0.0,10435000000.0,11284000000.0,0.154,11284000000.0,10435000000.0,10296000000.0,,,,80438000000.0,77431500000.0,80438000000.0,137692300824.0,13.0,12.202,5321000000.0,2.3,1.0,14980000000.0,0.204,22965000000.0,139000000.0,177898000000.0,160105500000.0,3623000000.0,102904000000.0,,,122147000000.0,,,136697300824.0,11757000000.0,-2135000000.0,0.0,88000000.0,0.0,-805000000.0,5635000000.0,7932000000.0,6927000000.0,0.0,7024000000.0,7024000000.0,7024000000.0,0.0,0.0,0.096,4912000000.0,10068000000.0,6919000000.0,,1.699,19.461,,6247000000.0,0.0,59.1,1.866,1.866,11862000000.0,34713000000.0,73267000000.0,73267000000.0,0.0,0.037,0.091,0.065,0.142,0.0,4912000000.0,5.864,394416931.0,394416931.0,,31.676,180461000000.0,0.0,3272000000.0,11623000000.0,78.021,
69,BRK.B,MRT,2004-03-31,2004-03-31,2004-03-31,2021-08-09,20097000000.0,210954000000.0,184170500000.0,,,0.378,34.51,-1314000000.0,40911000000.0,40911000000.0,53599000000.0,7971000000.0,,1.636,41906000000.0,,,41906000000.0,7742000000.0,849000000.0,0.0,0.0,0.0,11851000000.0,12700000000.0,0.182,12700000000.0,11851000000.0,11704000000.0,,,,79724000000.0,74973250000.0,79724000000.0,124830356022.0,11.0,9.829,6565000000.0,2.842,1.0,16068000000.0,0.231,22958000000.0,147000000.0,188991000000.0,150273500000.0,3693000000.0,109303000000.0,,,130399000000.0,,,143737356022.0,21419000000.0,-3229000000.0,0.0,573000000.0,0.0,-138000000.0,13678000000.0,16973000000.0,7879000000.0,0.0,7971000000.0,7971000000.0,7971000000.0,0.0,0.0,0.114,4590000000.0,11478000000.0,6259000000.0,,1.803,18.033,,6202000000.0,0.0,62.22,2.063,2.063,12706000000.0,33431000000.0,69667000000.0,69667000000.0,0.0,0.043,0.106,0.079,0.17,0.0,4590000000.0,5.93,389593086.0,389593086.0,,30.157,187996000000.0,0.0,3733000000.0,12467000000.0,81.379,
70,BRK.B,MRT,2003-12-31,2003-12-31,2003-12-31,2021-08-09,19556000000.0,180559000000.0,173836000000.0,,,0.367,33.599,-1066000000.0,35957000000.0,35957000000.0,47887000000.0,8151000000.0,,1.317,17050000000.0,,,17050000000.0,6308000000.0,849000000.0,0.0,0.0,0.0,12109000000.0,12958000000.0,0.203,12958000000.0,12109000000.0,11956000000.0,,,,77596000000.0,71381750000.0,77596000000.0,115355667069.0,10.0,8.902,7275000000.0,3.15,1.0,15972000000.0,0.25,22948000000.0,153000000.0,138704000000.0,139924500000.0,3656000000.0,84575000000.0,,,102218000000.0,,,130023667069.0,23209000000.0,-3213000000.0,0.0,-447000000.0,0.0,-1161000000.0,16029000000.0,19904000000.0,8341000000.0,0.0,8151000000.0,8151000000.0,8151000000.0,0.0,0.0,0.128,4228000000.0,11744000000.0,6871000000.0,,1.676,15.952,,6260000000.0,0.0,56.3,2.036,2.036,12314000000.0,31881000000.0,63859000000.0,63859000000.0,0.0,0.047,0.114,0.087,0.19,0.0,4228000000.0,6.179,373761724.0,373761724.0,,27.651,157611000000.0,0.0,3805000000.0,10994000000.0,68.245,
71,BRK.B,MRT,2003-09-30,2003-09-30,2003-09-30,2021-08-09,16365000000.0,172239000000.0,171082250000.0,,,0.328,31.256,-928000000.0,30745000000.0,30745000000.0,42461000000.0,6949000000.0,,1.383,16077000000.0,,,16077000000.0,6941000000.0,679000000.0,0.0,0.0,0.0,10385000000.0,11064000000.0,0.197,11064000000.0,10385000000.0,10224000000.0,,,,71968000000.0,67992000000.0,71968000000.0,102940270874.0,10.0,9.304,6917000000.0,3.004,1.0,13639000000.0,0.243,22742000000.0,161000000.0,134829000000.0,144642250000.0,3755000000.0,77771000000.0,,,99556000000.0,,,114942270874.0,20307000000.0,-4329000000.0,0.0,-1822000000.0,0.0,-2542000000.0,15004000000.0,20030000000.0,7845000000.0,0.0,6949000000.0,6949000000.0,6949000000.0,0.0,0.0,0.124,3624000000.0,10015000000.0,6807000000.0,,1.597,16.541,,6040000000.0,0.0,49.92,2.049,2.049,18372000000.0,29495000000.0,56100000000.0,56100000000.0,0.0,0.041,0.102,0.072,0.185,0.0,3624000000.0,6.34,363192450.0,363192450.0,,24.365,149497000000.0,0.0,3275000000.0,9877000000.0,64.927,
72,BRK.B,MRT,2003-06-30,2003-06-30,2003-06-30,2021-08-09,16842000000.0,172930000000.0,169959750000.0,,,0.285,30.667,-928000000.0,28444000000.0,28444000000.0,36144000000.0,6284000000.0,,1.428,16442000000.0,,,16442000000.0,7143000000.0,679000000.0,0.0,0.0,0.0,9488000000.0,10167000000.0,0.21,10167000000.0,9488000000.0,9308000000.0,,,,70605000000.0,65654250000.0,70605000000.0,112172291706.0,12.0,11.033,7074000000.0,3.073,1.0,12327000000.0,0.254,22358000000.0,180000000.0,138570000000.0,150716000000.0,3772000000.0,82653000000.0,,,100823000000.0,,,111891291706.0,19721000000.0,-2971000000.0,0.0,-1709000000.0,0.0,-1344000000.0,13063000000.0,16734000000.0,8002000000.0,0.0,6284000000.0,6284000000.0,6284000000.0,0.0,0.0,0.13,3238000000.0,9089000000.0,6246000000.0,,1.585,17.806,,5993000000.0,0.0,48.6,2.308,2.308,16557000000.0,27689000000.0,48471000000.0,48471000000.0,0.0,0.037,0.096,0.063,0.196,0.0,3238000000.0,6.592,349268609.0,349268609.0,,21.053,150572000000.0,0.0,3024000000.0,9995000000.0,65.401,
73,BRK.B,MRT,2003-03-31,2003-03-31,2003-03-31,2021-08-09,13846000000.0,169616000000.0,168601500000.0,,,0.262,28.444,-928000000.0,19492000000.0,19492000000.0,33723000000.0,5100000000.0,,1.573,19773000000.0,,,19773000000.0,7651000000.0,679000000.0,0.0,0.0,0.0,7701000000.0,8380000000.0,0.19,8380000000.0,7701000000.0,7515000000.0,,,,65358000000.0,63595500000.0,65358000000.0,108537594399.0,14.0,12.952,9421000000.0,4.1,1.0,10382000000.0,0.235,22302000000.0,186000000.0,147595000000.0,151619750000.0,3066000000.0,91035000000.0,,,102832000000.0,,,98208594399.0,10947000000.0,-2266000000.0,0.0,-4229000000.0,0.0,-3977000000.0,4575000000.0,7503000000.0,10349000000.0,0.0,5100000000.0,5100000000.0,5100000000.0,0.0,0.0,0.116,3095000000.0,7287000000.0,4705000000.0,,1.503,19.257,,5466000000.0,0.0,42.74,2.227,2.227,13983000000.0,25460000000.0,44105000000.0,44105000000.0,0.0,0.03,0.08,0.051,0.175,0.0,3095000000.0,6.769,339484073.0,339484073.0,,19.194,147314000000.0,0.0,2415000000.0,8621000000.0,64.11,
74,BRK.B,MRT,2002-12-31,2002-12-31,2002-12-31,2021-08-09,14271000000.0,169544000000.0,167353500000.0,,,0.252,27.796,-928000000.0,12748000000.0,12748000000.0,33010000000.0,4286000000.0,,1.626,23077000000.0,,,23077000000.0,6694000000.0,679000000.0,0.0,0.0,0.0,6537000000.0,7216000000.0,0.171,7216000000.0,6537000000.0,6345000000.0,,,,64037000000.0,62380500000.0,64037000000.0,125299541504.0,19.0,17.364,10207000000.0,4.43,1.0,9225000000.0,0.218,22298000000.0,192000000.0,157575000000.0,149455750000.0,3030000000.0,96513000000.0,,,104116000000.0,,,111643541504.0,6250000000.0,-2620000000.0,0.0,-3720000000.0,0.0,-3574000000.0,-1311000000.0,2089000000.0,11135000000.0,0.0,4286000000.0,4286000000.0,4286000000.0,0.0,0.0,0.101,3033000000.0,6192000000.0,4995000000.0,,1.743,26.048,,5368000000.0,0.0,48.46,2.643,2.643,13153000000.0,23730000000.0,42235000000.0,42235000000.0,0.0,0.026,0.069,0.044,0.155,0.0,3033000000.0,6.93,332420826.0,332420826.0,,18.333,147246000000.0,0.0,2059000000.0,8051000000.0,63.914,
75,BRK.B,MRT,2002-09-30,2002-09-30,2002-09-30,2021-08-09,14061000000.0,167749000000.0,165655500000.0,,,0.241,27.082,0.0,10438000000.0,10438000000.0,32315000000.0,3197000000.0,,1.657,24094000000.0,,,24094000000.0,6777000000.0,945000000.0,0.0,0.0,0.0,4971000000.0,5916000000.0,0.148,5916000000.0,4971000000.0,4780000000.0,,,,62617000000.0,60858750000.0,62617000000.0,110818879470.0,22.0,18.732,11590000000.0,5.013,1.0,7688000000.0,0.192,22281000000.0,191000000.0,159124000000.0,152240250000.0,2906000000.0,93679000000.0,,,103774000000.0,,,113987879470.0,4077000000.0,-1505000000.0,0.0,-4875000000.0,0.0,-4670000000.0,-2843000000.0,-654000000.0,11590000000.0,0.0,3197000000.0,3197000000.0,3197000000.0,0.0,0.0,0.08,2974000000.0,4714000000.0,11430000000.0,,1.82,35.655,,5157000000.0,0.0,49.3,2.849,2.849,18573000000.0,22546000000.0,40003000000.0,40003000000.0,0.0,0.019,0.053,0.033,0.124,0.0,2833000000.0,7.085,326325967.0,326325967.0,,17.301,145468000000.0,0.0,1583000000.0,7925000000.0,62.915,
76,BRK.B,MRT,2002-06-30,2002-06-30,2002-06-30,2021-08-09,14972000000.0,167497000000.0,163731750000.0,,,0.238,27.114,0.0,7260000000.0,7260000000.0,33789000000.0,1377000000.0,,1.686,4091000000.0,,,4091000000.0,6223000000.0,945000000.0,0.0,0.0,0.0,2267000000.0,3212000000.0,0.082,3212000000.0,2267000000.0,2084000000.0,,,,62370000000.0,59481500000.0,62370000000.0,99127667547.0,44.0,30.862,10706000000.0,4.654,1.0,5165000000.0,0.133,22143000000.0,183000000.0,142185000000.0,146721250000.0,2815000000.0,72691000000.0,,,105127000000.0,,,102777667547.0,512000000.0,-2053000000.0,0.0,1433000000.0,0.0,1574000000.0,-11768000000.0,-9006000000.0,10706000000.0,0.0,1377000000.0,1377000000.0,1377000000.0,0.0,0.0,0.035,3069000000.0,2096000000.0,11217000000.0,,1.648,74.639,,5120000000.0,0.0,44.68,2.638,2.638,12623000000.0,21405000000.0,38954000000.0,38954000000.0,0.0,0.008,0.023,0.015,0.058,0.0,2783000000.0,7.198,319557280.0,319557280.0,,16.934,145354000000.0,0.0,707000000.0,8434000000.0,63.189,
77,BRK.B,MRT,2002-03-31,2002-03-31,2002-03-31,2021-08-09,14172000000.0,164624000000.0,159051500000.0,,,0.249,26.293,0.0,7374000000.0,7374000000.0,34453000000.0,1105000000.0,,1.721,3724000000.0,,,3724000000.0,5642000000.0,945000000.0,0.0,0.0,0.0,2007000000.0,2952000000.0,0.075,2952000000.0,2007000000.0,1816000000.0,,,,60498000000.0,58571500000.0,60498000000.0,107190978838.0,53.0,36.311,9268000000.0,4.028,1.0,5127000000.0,0.13,22035000000.0,191000000.0,138939000000.0,142187250000.0,2360000000.0,69685000000.0,,,104126000000.0,,,109018978838.0,2105000000.0,-1318000000.0,0.0,4429000000.0,0.0,4522000000.0,-11685000000.0,-9626000000.0,9268000000.0,0.0,1105000000.0,1105000000.0,1105000000.0,0.0,0.0,0.028,3193000000.0,1934000000.0,9894000000.0,,1.802,98.66,,4880000000.0,0.0,47.38,2.754,2.754,11374000000.0,20360000000.0,39580000000.0,39580000000.0,0.0,0.007,0.019,0.014,0.051,0.0,2763000000.0,7.272,316400756.0,316400756.0,,17.202,142589000000.0,0.0,711000000.0,8165000000.0,61.97,
78,BRK.B,MRT,2001-12-31,2001-12-31,2001-12-31,2021-08-09,12891000000.0,162752000000.0,154568000000.0,,,0.25,25.316,0.0,6498000000.0,6498000000.0,33777000000.0,795000000.0,,1.785,33969000000.0,,,33969000000.0,4814000000.0,945000000.0,0.0,0.0,0.0,1590000000.0,2535000000.0,0.066,2535000000.0,1590000000.0,1385000000.0,,,,57950000000.0,58044500000.0,57950000000.0,114203946951.0,72.0,45.051,6574000000.0,2.872,1.0,4816000000.0,0.125,21510000000.0,205000000.0,168713000000.0,138330500000.0,2213000000.0,99671000000.0,,,103453000000.0,,,115598946951.0,894000000.0,-4697000000.0,0.0,5898000000.0,0.0,6014000000.0,-11694000000.0,-6313000000.0,6574000000.0,0.0,795000000.0,795000000.0,795000000.0,0.0,0.0,0.021,3307000000.0,1509000000.0,4249000000.0,,1.995,145.407,,4776000000.0,0.0,50.5,2.995,2.995,15231000000.0,19444000000.0,38593000000.0,38593000000.0,0.0,0.005,0.014,0.011,0.041,0.0,2735000000.0,7.514,304649090.0,304649090.0,,16.86,141242000000.0,0.0,590000000.0,7021000000.0,61.702,
79,BRK.B,MRT,2001-09-30,2001-09-30,2001-09-30,2021-08-09,12179000000.0,160054000000.0,147828000000.0,,,0.283,24.875,0.0,4981000000.0,4981000000.0,35144000000.0,1784000000.0,,1.803,3586000000.0,,,3586000000.0,4805000000.0,997000000.0,0.0,0.0,0.0,3114000000.0,4111000000.0,0.098,4111000000.0,3114000000.0,2915000000.0,,,,57108000000.0,58988000000.0,57108000000.0,103501497610.0,33.0,25.177,5358000000.0,2.334,1.0,6620000000.0,0.159,21611000000.0,199000000.0,137048000000.0,124731500000.0,2354000000.0,64148000000.0,,,102946000000.0,,,106984497610.0,2688000000.0,-7155000000.0,0.0,7392000000.0,0.0,7443000000.0,-10113000000.0,-2100000000.0,5358000000.0,0.0,1784000000.0,1784000000.0,1784000000.0,0.0,0.0,0.043,3556000000.0,3064000000.0,9209000000.0,,1.873,59.969,,4699000000.0,0.0,46.6,2.562,2.562,11858000000.0,19349000000.0,41764000000.0,41764000000.0,0.0,0.012,0.03,0.025,0.075,0.0,2779000000.0,7.909,290277935.0,290277935.0,,18.191,138443000000.0,0.0,1131000000.0,6524000000.0,60.303,
80,BRK.B,MRT,2001-06-30,2001-06-30,2001-06-30,2021-08-09,13139000000.0,148776000000.0,140435000000.0,,,0.289,25.705,0.0,7143000000.0,7143000000.0,31935000000.0,3260000000.0,,1.533,3660000000.0,,,3660000000.0,4753000000.0,997000000.0,0.0,0.0,0.0,5425000000.0,6422000000.0,0.158,6422000000.0,5425000000.0,5231000000.0,,,,58730000000.0,59558750000.0,58730000000.0,103310081422.0,19.0,16.087,4618000000.0,2.021,1.0,8709000000.0,0.214,21244000000.0,194000000.0,124049000000.0,118424500000.0,2270000000.0,62164000000.0,,,90046000000.0,,,105099081422.0,4998000000.0,-7137000000.0,0.0,1377000000.0,0.0,1363000000.0,-983000000.0,6865000000.0,4618000000.0,0.0,3260000000.0,3260000000.0,3260000000.0,0.0,0.0,0.08,3189000000.0,5520000000.0,9503000000.0,,1.79,32.239,,4597000000.0,0.0,46.0,2.586,2.586,11789000000.0,20028000000.0,40644000000.0,40644000000.0,0.0,0.023,0.055,0.046,0.133,0.0,2433000000.0,8.196,278751175.0,278751175.0,,17.789,127532000000.0,0.0,1971000000.0,7098000000.0,55.818,
81,BRK.B,MRT,2001-03-31,2001-03-31,2001-03-31,2021-08-09,13582000000.0,146690000000.0,136940250000.0,,,0.267,25.439,0.0,5845000000.0,5845000000.0,28418000000.0,3127000000.0,,1.512,4056000000.0,,,4056000000.0,4561000000.0,997000000.0,0.0,0.0,0.0,5191000000.0,6188000000.0,0.169,6188000000.0,5191000000.0,5020000000.0,,,,58390000000.0,59273250000.0,58390000000.0,97290544202.0,19.0,15.722,3404000000.0,1.483,1.0,8134000000.0,0.223,21389000000.0,171000000.0,123512000000.0,116675000000.0,2261000000.0,62288000000.0,,,88300000000.0,,,99890544202.0,3016000000.0,-7153000000.0,0.0,1387000000.0,0.0,1249000000.0,-1637000000.0,6229000000.0,3404000000.0,0.0,3127000000.0,3127000000.0,3127000000.0,0.0,0.0,0.086,2790000000.0,5344000000.0,9417000000.0,,1.711,31.945,,4543000000.0,0.0,43.52,2.733,2.733,11553000000.0,19255000000.0,36552000000.0,36552000000.0,0.0,0.023,0.053,0.044,0.142,0.0,2055000000.0,8.288,276951100.0,276951100.0,,15.925,125301000000.0,0.0,1893000000.0,7278000000.0,54.591,
82,BRK.B,MRT,2000-12-31,2000-12-31,2000-12-31,2021-08-09,17543000000.0,135792000000.0,133818000000.0,,,0.261,26.73,0.0,5263000000.0,5263000000.0,26806000000.0,3328000000.0,,1.2,2663000000.0,,,2663000000.0,3885000000.0,997000000.0,0.0,0.0,0.0,5490000000.0,6487000000.0,0.186,6487000000.0,5490000000.0,5346000000.0,,,,61724000000.0,58748000000.0,61724000000.0,108577959576.0,20.0,16.738,2947000000.0,1.276,1.0,8083000000.0,0.232,18875000000.0,144000000.0,114317000000.0,114610750000.0,1275000000.0,71905000000.0,,,74068000000.0,,,108713959576.0,1146000000.0,-3798000000.0,0.0,545000000.0,0.0,470000000.0,-2271000000.0,2109000000.0,2947000000.0,0.0,3328000000.0,3328000000.0,3328000000.0,0.0,0.0,0.095,2418000000.0,5665000000.0,8374000000.0,,1.761,32.666,,2699000000.0,0.0,47.08,3.116,3.116,11764000000.0,18649000000.0,34889000000.0,34889000000.0,0.0,0.025,0.057,0.048,0.157,0.0,1703000000.0,8.433,273833310.0,273833310.0,,15.109,116917000000.0,0.0,2018000000.0,10125000000.0,50.632,
83,BRK.B,MRT,2000-09-30,2000-09-30,2000-09-30,2021-08-09,16335000000.0,130482000000.0,132724000000.0,,,0.208,25.377,0.0,2770000000.0,2770000000.0,21556000000.0,2268000000.0,,1.197,2634000000.0,,,2634000000.0,4273000000.0,688000000.0,0.0,0.0,0.0,3742000000.0,4430000000.0,0.161,4430000000.0,3742000000.0,3603000000.0,,,,59391000000.0,57757250000.0,59391000000.0,97430247416.0,26.0,21.993,2755000000.0,1.177,1.0,5986000000.0,0.217,18526000000.0,139000000.0,111820000000.0,113972750000.0,1444000000.0,70566000000.0,,,71091000000.0,,,96891247416.0,-1891000000.0,-1276000000.0,0.0,96000000.0,0.0,-109000000.0,-4537000000.0,-2971000000.0,2755000000.0,0.0,2268000000.0,2268000000.0,2268000000.0,0.0,0.0,0.082,2018000000.0,3968000000.0,7443000000.0,,1.631,42.721,,2406000000.0,0.0,41.4,3.518,3.518,9238000000.0,17565000000.0,27542000000.0,27542000000.0,0.0,0.017,0.039,0.033,0.136,0.0,1528000000.0,8.59,272446768.0,272446768.0,,11.768,111956000000.0,0.0,1335000000.0,9201000000.0,47.837,
84,BRK.B,MRT,2000-06-30,2000-06-30,2000-06-30,2021-08-09,15569000000.0,134797000000.0,131751500000.0,,,0.199,24.227,0.0,1907000000.0,1907000000.0,21034000000.0,1891000000.0,,1.341,2446000000.0,,,2446000000.0,4294000000.0,688000000.0,0.0,0.0,0.0,3120000000.0,3808000000.0,0.146,3808000000.0,3120000000.0,2984000000.0,,,,57588000000.0,56735750000.0,57588000000.0,83133134525.0,27.0,21.831,4203000000.0,1.768,1.0,5125000000.0,0.196,18285000000.0,136000000.0,117051000000.0,112531500000.0,1117000000.0,67183000000.0,,,77209000000.0,,,83670134525.0,-1205000000.0,-534000000.0,0.0,154000000.0,0.0,-74000000.0,-5334000000.0,-4348000000.0,4203000000.0,0.0,1891000000.0,1891000000.0,1891000000.0,0.0,0.0,0.072,1867000000.0,3258000000.0,8556000000.0,,1.453,44.247,,2182000000.0,0.0,35.2,3.199,3.199,10074000000.0,16768000000.0,26159000000.0,26159000000.0,0.0,0.014,0.033,0.028,0.119,0.0,1382000000.0,8.767,271121553.0,271121553.0,,11.005,116512000000.0,0.0,1093000000.0,8811000000.0,49.017,
85,BRK.B,MRT,2000-03-31,2000-03-31,2000-03-31,2021-08-09,14934000000.0,134201000000.0,129343750000.0,,,0.194,24.38,0.0,2891000000.0,2891000000.0,20295000000.0,1823000000.0,,1.384,2354000000.0,,,2354000000.0,3865000000.0,688000000.0,0.0,0.0,0.0,2946000000.0,3634000000.0,0.145,3634000000.0,2946000000.0,2812000000.0,,,,56289000000.0,56849000000.0,56289000000.0,82672598912.0,28.0,22.75,2641000000.0,1.144,1.0,4761000000.0,0.19,18409000000.0,134000000.0,115255000000.0,109558750000.0,1076000000.0,64465000000.0,,,77912000000.0,,,84042598912.0,-12082000000.0,-534000000.0,0.0,448000000.0,0.0,552000000.0,-15275000000.0,-14358000000.0,2641000000.0,0.0,1823000000.0,1823000000.0,1823000000.0,0.0,0.0,0.073,1754000000.0,3007000000.0,6901000000.0,,1.493,46.101,,2034000000.0,0.0,36.4,3.354,3.354,8427000000.0,16128000000.0,25056000000.0,25056000000.0,0.0,0.014,0.032,0.027,0.118,0.0,1273000000.0,8.529,270714905.0,270714905.0,,10.852,115792000000.0,0.0,989000000.0,8766000000.0,50.151,
86,BRK.B,MRT,1999-12-31,1999-12-31,1999-12-31,2021-08-09,17223000000.0,131416000000.0,126737000000.0,,,0.19,24.806,0.0,3835000000.0,3835000000.0,19803000000.0,1557000000.0,,1.275,2465000000.0,,,2465000000.0,3718000000.0,688000000.0,0.0,0.0,0.0,2543000000.0,3231000000.0,0.134,3231000000.0,2543000000.0,2409000000.0,,,,57761000000.0,57247750000.0,57761000000.0,82955763177.0,33.0,25.675,2200000000.0,0.945,1.0,4225000000.0,0.176,18281000000.0,134000000.0,111765000000.0,104170750000.0,844000000.0,67994000000.0,,,73655000000.0,,,85222763177.0,-10031000000.0,-153000000.0,0.0,504000000.0,0.0,367000000.0,-12598000000.0,-12028000000.0,2200000000.0,0.0,1557000000.0,1557000000.0,1557000000.0,0.0,0.0,0.065,1641000000.0,2584000000.0,7458000000.0,,1.475,54.735,,1903000000.0,0.0,36.6,3.547,3.547,8558000000.0,15321000000.0,24028000000.0,24028000000.0,0.0,0.012,0.027,0.024,0.106,0.0,1164000000.0,8.674,268456170.0,268456170.0,,10.319,113135000000.0,0.0,852000000.0,9566000000.0,48.587,
87,BRK.B,MRT,1999-09-30,1999-09-30,1999-09-30,2021-08-09,14811000000.0,126592000000.0,124442250000.0,,,0.174,23.344,0.0,4715000000.0,4715000000.0,16704000000.0,2100000000.0,,1.289,2448000000.0,,,2448000000.0,3875000000.0,265000000.0,0.0,0.0,0.0,3373000000.0,3638000000.0,0.168,3638000000.0,3373000000.0,3246000000.0,,,,55305000000.0,57158250000.0,55305000000.0,86305914072.0,26.0,23.723,1971000000.0,0.832,1.0,4916000000.0,0.227,18270000000.0,127000000.0,106055000000.0,99347000000.0,780000000.0,66035000000.0,,,71287000000.0,,,87940914072.0,-1340000000.0,5520000000.0,0.0,545000000.0,0.0,504000000.0,-3815000000.0,-8798000000.0,1971000000.0,0.0,2100000000.0,2100000000.0,2100000000.0,0.0,0.0,0.097,1511000000.0,3405000000.0,7605000000.0,,1.59,41.877,,1782000000.0,0.0,37.12,4.068,4.068,7207000000.0,15297000000.0,21620000000.0,21620000000.0,0.0,0.017,0.037,0.034,0.156,0.0,1117000000.0,8.858,267440473.0,267440473.0,,9.126,108322000000.0,0.0,1146000000.0,8288000000.0,45.723,
88,BRK.B,MRT,1999-06-30,1999-06-30,1999-06-30,2021-08-09,17977000000.0,125166000000.0,106321750000.0,,,0.164,24.876,0.0,4229000000.0,4229000000.0,12802000000.0,2045000000.0,,1.157,2594000000.0,,,2594000000.0,3920000000.0,265000000.0,0.0,0.0,0.0,3253000000.0,3518000000.0,0.201,3518000000.0,3253000000.0,3133000000.0,,,,58041000000.0,51071250000.0,58041000000.0,92781176124.0,29.0,26.373,-272000000.0,-0.117,1.0,4676000000.0,0.268,18371000000.0,120000000.0,105160000000.0,84075250000.0,752000000.0,69349000000.0,,,67125000000.0,,,104526176124.0,-2722000000.0,5181000000.0,0.0,652000000.0,0.0,679000000.0,-3129000000.0,-7905000000.0,-272000000.0,0.0,2045000000.0,2045000000.0,2045000000.0,0.0,0.0,0.117,1399000000.0,3277000000.0,7439000000.0,,1.801,51.113,,1667000000.0,0.0,44.8,5.98,5.98,8058000000.0,14877000000.0,17478000000.0,17478000000.0,0.0,0.019,0.04,0.039,0.186,0.0,1098000000.0,8.752,266597524.0,266597524.0,,7.491,106795000000.0,0.0,1088000000.0,10254000000.0,45.772,
89,BRK.B,MRT,1999-03-31,1999-03-31,1999-03-31,2021-08-09,18433000000.0,123774000000.0,91017000000.0,,,0.175,25.0,0.0,14207000000.0,14207000000.0,10449000000.0,2649000000.0,,1.138,2462000000.0,,,2462000000.0,3513000000.0,265000000.0,0.0,0.0,0.0,4185000000.0,4450000000.0,0.279,4450000000.0,4185000000.0,4070000000.0,,,,57884000000.0,45790250000.0,57884000000.0,97670430285.0,23.0,21.948,523000000.0,0.226,1.0,5504000000.0,0.345,18326000000.0,115000000.0,93703000000.0,71688000000.0,739000000.0,60767000000.0,,,65890000000.0,,,108867430285.0,14441000000.0,5181000000.0,0.0,270000000.0,0.0,81000000.0,13837000000.0,9013000000.0,523000000.0,0.0,2649000000.0,2649000000.0,2649000000.0,0.0,0.0,0.166,1282000000.0,4222000000.0,8008000000.0,,1.881,41.098,,1616000000.0,0.0,47.02,6.824,6.824,7514000000.0,14305000000.0,15953000000.0,15953000000.0,0.0,0.029,0.058,0.058,0.262,0.0,1076000000.0,8.736,265044857.0,265044857.0,,6.89,105448000000.0,0.0,1421000000.0,11088000000.0,45.543,
90,BRK.B,MRT,1998-12-31,1998-12-31,1998-12-31,2021-08-09,18510000000.0,122237000000.0,75365000000.0,,,0.184,30.84,0.0,13582000000.0,13582000000.0,8242000000.0,2830000000.0,,1.129,2385000000.0,,,2385000000.0,3324000000.0,265000000.0,0.0,0.0,0.0,4396000000.0,4661000000.0,0.337,4661000000.0,4396000000.0,4287000000.0,,,,57403000000.0,40014000000.0,57403000000.0,82382225524.0,19.0,17.675,657000000.0,0.353,1.0,5590000000.0,0.404,18570000000.0,109000000.0,92470000000.0,63003000000.0,767000000.0,61007000000.0,,,64834000000.0,,,87482225524.0,13431000000.0,4971000000.0,0.0,58000000.0,0.0,61000000.0,12713000000.0,8044000000.0,657000000.0,0.0,2830000000.0,2830000000.0,2830000000.0,0.0,0.0,0.205,1167000000.0,4423000000.0,7182000000.0,,1.524,30.912,,1509000000.0,0.0,47.0,6.325,6.325,7224000000.0,13764000000.0,13832000000.0,13832000000.0,0.0,0.038,0.071,0.07,0.318,0.0,1056000000.0,19.515,95376779.0,95376779.0,,7.431,103667000000.0,0.0,1457000000.0,11762000000.0,55.695,
91,BRK.B,MRT,1998-09-30,1998-09-30,1998-09-30,2021-08-09,14758000000.0,54110000000.0,58833500000.0,,,0.235,16.718,0.0,6892000000.0,6892000000.0,7652000000.0,3235000000.0,,0.748,1792000000.0,,,1792000000.0,1583000000.0,227000000.0,0.0,0.0,0.0,5014000000.0,5241000000.0,0.379,5241000000.0,5014000000.0,4904000000.0,,,,30957000000.0,33527000000.0,30957000000.0,68882517222.0,14.0,13.143,494000000.0,0.267,1.0,6162000000.0,0.446,4042000000.0,110000000.0,44968000000.0,53462750000.0,762000000.0,36262000000.0,,,23153000000.0,,,73808517222.0,6367000000.0,-549000000.0,0.0,14000000.0,0.0,17000000.0,5856000000.0,6642000000.0,494000000.0,0.0,3235000000.0,3235000000.0,3235000000.0,0.0,0.0,0.234,1108000000.0,5054000000.0,2226000000.0,,2.384,22.816,,1325000000.0,0.0,39.86,5.343,5.343,1900000000.0,13197000000.0,13814000000.0,13814000000.0,0.0,0.055,0.096,0.094,0.363,0.0,1015000000.0,21.142,87584756.0,87584756.0,,7.46,50068000000.0,0.0,1669000000.0,8345000000.0,27.039,
92,BRK.B,MRT,1998-06-30,1998-06-30,1998-06-30,2021-08-09,21437000000.0,63947000000.0,,,,,19.939,0.0,7118000000.0,7118000000.0,7156000000.0,3237000000.0,,0.732,2192000000.0,,,2192000000.0,1468000000.0,227000000.0,0.0,0.0,0.0,5007000000.0,5234000000.0,0.394,5234000000.0,5007000000.0,4896000000.0,,,,36917000000.0,,36917000000.0,97987605392.0,20.0,18.721,1037000000.0,0.56,1.0,6122000000.0,0.461,3410000000.0,111000000.0,55611000000.0,,686000000.0,47112000000.0,,,27030000000.0,,,96757605392.0,6073000000.0,-210000000.0,0.0,-45000000.0,0.0,-46000000.0,5082000000.0,5496000000.0,1037000000.0,0.0,3237000000.0,3237000000.0,3237000000.0,0.0,0.0,0.244,1076000000.0,5046000000.0,2014000000.0,,2.621,29.891,,1127000000.0,0.0,52.26,7.287,7.287,1735000000.0,12832000000.0,13278000000.0,13278000000.0,0.0,,,,0.377,0.0,988000000.0,25.143,73638805.0,73638805.0,,7.172,60537000000.0,0.0,1659000000.0,12409000000.0,32.697,
93,BRK.B,MRT,1998-03-31,1998-03-31,1998-03-31,2021-08-09,20476000000.0,61166000000.0,,,,,18.681,0.0,1032000000.0,1032000000.0,7010000000.0,2339000000.0,,0.759,2262000000.0,,,2262000000.0,1499000000.0,227000000.0,0.0,0.0,0.0,3601000000.0,3828000000.0,0.328,3828000000.0,3601000000.0,3490000000.0,,,,34779000000.0,,34779000000.0,84857993006.0,24.0,22.168,1814000000.0,0.974,1.0,4670000000.0,0.4,3433000000.0,111000000.0,58963000000.0,,681000000.0,50469000000.0,,,26387000000.0,,,83593693006.0,-65000000.0,-210000000.0,0.0,-123000000.0,0.0,-124000000.0,-1755000000.0,-1354000000.0,1814000000.0,0.0,2339000000.0,2339000000.0,2339000000.0,0.0,0.0,0.2,1041000000.0,3629000000.0,1850000000.0,,2.404,35.739,,1092000000.0,0.0,44.9,7.157,7.157,1803000000.0,11656000000.0,11680000000.0,11680000000.0,0.0,,,,0.308,0.0,956000000.0,28.201,66017870.0,66017870.0,,6.274,57733000000.0,0.0,1151000000.0,11974000000.0,31.01,
94,BRK.B,MRT,1997-12-31,1997-12-31,1997-12-31,2021-08-09,18198000000.0,56111000000.0,49760200000.0,,,0.21,16.895,0.0,1002000000.0,1002000000.0,6487000000.0,1901000000.0,,0.784,2267000000.0,,,2267000000.0,1274000000.0,227000000.0,0.0,0.0,0.0,2911000000.0,3138000000.0,0.301,3138000000.0,2911000000.0,2799000000.0,,,,31455000000.0,27440650000.0,31455000000.0,,,,2335000000.0,1.254,1.0,3943000000.0,0.378,3067000000.0,112000000.0,54309000000.0,47606350000.0,639000000.0,46546000000.0,,,24656000000.0,,,57305431419.0,-292000000.0,-775000000.0,0.0,-95000000.0,0.0,-96000000.0,-2531000000.0,-1574000000.0,2335000000.0,0.0,1901000000.0,1901000000.0,1901000000.0,0.0,0.0,0.182,1004000000.0,2939000000.0,2202000000.0,,1.822,30.145,,1057000000.0,0.0,30.78,5.494,5.494,1711000000.0,10934000000.0,10430000000.0,10430000000.0,0.0,0.038,0.069,0.061,0.279,0.0,921000000.0,28.201,66017870.0,66017870.0,,5.602,53044000000.0,0.0,898000000.0,10539000000.0,28.491,
95,BRK.B,MRT,1997-09-30,1997-09-30,1997-09-30,2021-08-09,,,,,,,,,,,,,,,,,,,,,,0.0,0.0,,,,,,,,,,,,,,,,,,1.0,,,,,,,,,,,,,,,,,,,,,,,,,,,,,,,,,,,,,,,,29.9,,,,,,,,,,,,,,28.201,,,,,,,,,,
96,BRK.B,MRT,1997-06-30,1997-06-30,1997-06-30,2021-08-09,,,,,,,,,,,,,,,,,,,,,,0.0,0.0,,,,,,,,,,,,,,,,,,1.0,,,,,,,,,,,,,,,,,,,,,,,,,,,,,,,,,,,,,,,,31.6,,,,,,,,,,,,,,28.201,,,,,,,,,,
97,BRK.B,MRT,1997-03-31,1997-03-31,1997-03-31,2021-08-09,,,,,,,,,,,,,,,,,,,,,,0.0,0.0,,,,,,,,,,,,,,,,,,1.0,,,,,,,,,,,,,,,,,,,,,,,,,,,,,,,,,,,,,,,,24.2,,,,,,,,,,,,,,28.201,,,,,,,,,,
98,BRK.B,MRT,1996-12-31,1996-12-31,1996-12-31,2021-08-09,12143900000.0,43409400000.0,,,,,,0.0,1339800000.0,1339800000.0,5771000000.0,2489000000.0,,0.853,1944400000.0,,,1944400000.0,1183500000.0,151000000.0,0.0,0.0,0.0,3786000000.0,3937000000.0,0.375,3937000000.0,3786000000.0,3686000000.0,,,,23426300000.0,,23426300000.0,,,,1260000000.0,,1.0,4729000000.0,0.45,3110300000.0,100000000.0,40903700000.0,,619600000.0,34197500000.0,,,19983100000.0,,,,-1394000000.0,-1975000000.0,565000000.0,292000000.0,0.0,854000000.0,-3508000000.0,-1514000000.0,1260000000.0,0.0,2489000000.0,2489000000.0,2489000000.0,0.0,0.0,0.237,923000000.0,3806000000.0,2556800000.0,,,,,1034200000.0,0.0,22.24,,,1523200000.0,9032700000.0,10500000000.0,10500000000.0,0.0,,,,0.361,0.0,862000000.0,28.201,,,,,40299100000.0,0.0,1197000000.0,6837600000.0,,
99,BRK.B,MRT,1995-12-31,1995-12-31,1995-12-31,2021-08-09,,,,,,,,0.0,,,2643700000.0,794900000.0,,,,,,,,75700000.0,,,0.0,1130400000.0,1206100000.0,0.264,1206100000.0,1130400000.0,1071100000.0,,,,,,,,,,1127900000.0,,1.0,1919600000.0,0.421,,59300000.0,,,,,,,,,,,2454600000.0,0.0,0.0,114600000.0,0.0,113100000.0,1213600000.0,1225000000.0,1127900000.0,0.0,794900000.0,794900000.0,794900000.0,0.0,0.0,0.174,775900000.0,1143700000.0,,,,,,,0.0,,,,,,4563300000.0,4563300000.0,0.0,,,,0.248,0.0,759600000.0,28.201,,,,,,,276200000.0,,,
