None,ticker,dimension,calendardate,datekey,reportperiod,lastupdated,accoci,assets,assetsavg,assetsc,assetsnc,assetturnover,bvps,capex,cashneq,cashnequsd,cor,consolinc,currentratio,de,debt,debtc,debtnc,debtusd,deferredrev,depamor,deposits,divyield,dps,ebit,ebitda,ebitdamargin,ebitdausd,ebitusd,ebt,eps,epsdil,epsusd,equity,equityavg,equityusd,ev,evebit,evebitda,fcf,fcfps,fxusd,gp,grossmargin,intangibles,intexp,invcap,invcapavg,inventory,investments,investmentsc,investmentsnc,liabilities,liabilitiesc,liabilitiesnc,marketcap,ncf,ncfbus,ncfcommon,ncfdebt,ncfdiv,ncff,ncfi,ncfinv,ncfo,ncfx,netinc,netinccmn,netinccmnusd,netincdis,netincnci,netmargin,opex,opinc,payables,payoutratio,pb,pe,pe1,ppnenet,prefdivis,price,ps,ps1,receivables,retearn,revenue,revenueusd,rnd,roa,roe,roic,ros,sbcomp,sgna,sharefactor,sharesbas,shareswa,shareswadil,sps,tangibles,taxassets,taxexp,taxliabilities,tbvps,workingcapital
0,TKR,MRY,2020-12-31,2020-12-31,2020-12-31,2021-08-25,41300000.0,5041600000.0,4957925000.0,2000300000.0,3041300000.0,0.709,28.57,-120100000.0,321100000.0,321100000.0,2503300000.0,292400000.0,2.359,1.308,1667300000.0,157900000.0,1509400000.0,1667300000.0,0.0,167100000.0,0.0,0.015,1.13,456000000.0,623100000.0,0.177,623100000.0,456000000.0,388400000.0,3.78,3.72,3.78,2152900000.0,1970500000.0,2152900000.0,7216754704.0,16.0,11.582,457500000.0,6.071,1.0,1009900000.0,0.287,1789000000.0,67600000.0,3750800000.0,3920250000.0,841300000.0,0.0,0.0,0.0,2816400000.0,848000000.0,1968400000.0,5829554704.0,104900000.0,-24000000.0,-11900000.0,-197600000.0,-87000000.0,-331100000.0,-153500000.0,-9400000.0,577600000.0,11900000.0,284500000.0,284500000.0,284500000.0,0.0,7900000.0,0.081,555000000.0,454900000.0,351400000.0,0.299,2.708,20.491,20.466,1153800000.0,0.0,77.36,1.659,1.659,692000000.0,1339500000.0,3513200000.0,3513200000.0,0.0,0.057,0.144,0.116,0.13,23200000.0,533800000.0,1.0,75356188.0,75356188.0,,46.621,3252600000.0,77000000.0,103900000.0,164800000.0,43.163,1152300000.0
1,TKR,MRY,2019-12-31,2019-12-31,2019-12-31,2021-08-25,-50100000.0,4859900000.0,4695025000.0,1874600000.0,2985300000.0,0.807,24.802,-134300000.0,216200000.0,216200000.0,2648100000.0,374700000.0,2.545,1.555,1829700000.0,110300000.0,1719400000.0,1829700000.0,0.0,160600000.0,0.0,0.02,1.12,531900000.0,692500000.0,0.183,692500000.0,531900000.0,459800000.0,4.78,4.71,4.78,1868200000.0,1740700000.0,1868200000.0,5810005083.0,11.0,8.39,415800000.0,5.52,1.0,1141800000.0,0.301,1752200000.0,72100000.0,3984600000.0,3907275000.0,842000000.0,0.0,0.0,0.0,2905100000.0,736600000.0,2168500000.0,4241505083.0,83100000.0,-226500000.0,-35200000.0,37000000.0,-84900000.0,-100700000.0,-364900000.0,-4100000.0,550100000.0,-1400000.0,362100000.0,362100000.0,362100000.0,0.0,12600000.0,0.096,625400000.0,516400000.0,301700000.0,0.234,2.27,11.714,11.78,1103300000.0,0.0,56.31,1.119,1.119,674300000.0,1907400000.0,3789900000.0,3789900000.0,0.0,0.077,0.208,0.136,0.14,27100000.0,618600000.0,1.0,75324189.0,75324189.0,,50.315,3107700000.0,71800000.0,97700000.0,186000000.0,41.258,1138000000.0
2,TKR,MRY,2018-12-31,2018-12-31,2018-12-31,2021-08-25,-95300000.0,4445200000.0,4005550000.0,1737200000.0,2708000000.0,0.894,20.551,-111100000.0,133100000.0,133100000.0,2540700000.0,305500000.0,2.534,1.774,1681600000.0,43000000.0,1638600000.0,1681600000.0,0.0,146000000.0,0.0,0.03,1.11,457100000.0,603100000.0,0.168,603100000.0,457100000.0,405400000.0,3.93,3.86,3.93,1579600000.0,1548050000.0,1579600000.0,4443547071.0,10.0,7.368,221400000.0,2.881,1.0,1040100000.0,0.29,1693700000.0,51700000.0,3614400000.0,3255125000.0,835700000.0,0.0,0.0,0.0,2802500000.0,685600000.0,2116900000.0,2868447071.0,7700000.0,-751400000.0,-85700000.0,732700000.0,-85700000.0,553100000.0,-865200000.0,-2700000.0,332500000.0,-12700000.0,302800000.0,302800000.0,302800000.0,0.0,2700000.0,0.085,585600000.0,454500000.0,273200000.0,0.282,1.816,9.473,9.496,912100000.0,0.0,37.32,0.801,0.801,663200000.0,1630200000.0,3580800000.0,3580800000.0,0.0,0.076,0.196,0.14,0.128,32300000.0,580700000.0,1.0,76860854.0,76860854.0,,46.588,2751500000.0,59000000.0,102600000.0,161500000.0,35.798,1051600000.0
3,TKR,MRY,2017-12-31,2017-12-31,2017-12-31,2021-08-25,-38300000.0,3402400000.0,3205025000.0,1500100000.0,1902300000.0,0.937,18.587,-97600000.0,125400000.0,125400000.0,2191700000.0,202300000.0,2.233,1.336,962300000.0,108100000.0,854200000.0,962300000.0,0.0,137700000.0,0.0,0.022,1.07,298100000.0,435800000.0,0.145,435800000.0,298100000.0,261000000.0,2.62,2.58,2.62,1442700000.0,1393450000.0,1442700000.0,4680281546.0,16.0,10.74,139200000.0,1.793,1.0,812100000.0,0.27,932400000.0,37100000.0,2635200000.0,2537100000.0,738900000.0,0.0,0.0,0.0,1927500000.0,671700000.0,1255800000.0,3814881546.0,-26100000.0,-346800000.0,-10500000.0,277200000.0,-83300000.0,168200000.0,-448700000.0,-3600000.0,236800000.0,17600000.0,203400000.0,203400000.0,203400000.0,0.0,-1100000.0,0.068,512600000.0,299500000.0,265200000.0,0.408,2.644,18.756,18.76,864200000.0,0.0,49.15,1.27,1.27,524900000.0,1408400000.0,3003800000.0,3003800000.0,0.0,0.063,0.146,0.117,0.099,24700000.0,508300000.0,1.0,77617122.0,77617122.0,,38.7,2470000000.0,61000000.0,57600000.0,53800000.0,31.823,828400000.0
4,TKR,MRY,2016-12-31,2016-12-31,2016-12-31,2021-08-25,-77900000.0,2763200000.0,2806725000.0,1211900000.0,1551300000.0,0.951,16.445,-136000000.0,151500000.0,151500000.0,1963500000.0,141100000.0,2.677,1.135,659200000.0,24200000.0,635000000.0,659200000.0,0.0,131700000.0,0.0,0.026,1.04,234800000.0,366500000.0,0.137,366500000.0,234800000.0,201300000.0,1.79,1.78,1.79,1279700000.0,1325575000.0,1279700000.0,3621445059.0,15.0,9.881,267900000.0,3.443,1.0,706300000.0,0.265,628500000.0,33500000.0,2189700000.0,2257775000.0,553700000.0,0.0,0.0,0.0,1452300000.0,452700000.0,999600000.0,3089245059.0,21700000.0,-72600000.0,-96700000.0,2300000.0,-81600000.0,-168800000.0,-211000000.0,-2600000.0,403900000.0,-2400000.0,140800000.0,140800000.0,140800000.0,0.0,300000.0,0.053,461900000.0,244400000.0,176200000.0,0.581,2.414,21.941,22.179,804400000.0,0.0,39.7,1.157,1.157,438000000.0,1289300000.0,2669800000.0,2669800000.0,0.0,0.05,0.106,0.104,0.088,14100000.0,440200000.0,1.0,77814737.0,77814737.0,,34.31,2134700000.0,51400000.0,60500000.0,20800000.0,27.433,759200000.0
5,TKR,MRY,2015-12-31,2015-12-31,2015-12-31,2021-08-25,-287000000.0,2784100000.0,2859675000.0,1206400000.0,1577700000.0,1.004,15.959,-95800000.0,129800000.0,129800000.0,2052800000.0,191400000.0,2.387,1.087,656500000.0,77100000.0,579400000.0,656500000.0,0.0,130800000.0,0.0,0.036,1.03,248300000.0,379100000.0,0.132,379100000.0,248300000.0,214900000.0,2.23,2.21,2.23,1324500000.0,1353875000.0,1324500000.0,2927585737.0,12.0,7.722,284500000.0,3.428,1.0,819500000.0,0.285,598600000.0,33400000.0,2206900000.0,2214750000.0,543200000.0,0.0,0.0,0.0,1439500000.0,505300000.0,934200000.0,2372785737.0,-149200000.0,-167100000.0,-305600000.0,130100000.0,-87000000.0,-247100000.0,-265200000.0,-1800000.0,380300000.0,-17200000.0,188600000.0,188600000.0,188600000.0,0.0,2800000.0,0.066,563600000.0,255900000.0,159700000.0,0.462,1.791,12.581,12.821,777800000.0,0.0,28.59,0.826,0.826,454600000.0,1457600000.0,2872300000.0,2872300000.0,0.0,0.066,0.139,0.112,0.086,18400000.0,457700000.0,1.0,82993555.0,82993555.0,,34.609,2185500000.0,65900000.0,26300000.0,16700000.0,26.333,701100000.0
6,TKR,MRY,2014-12-31,2014-12-31,2014-12-31,2021-08-25,-482500000.0,3001400000.0,3447825000.0,1481900000.0,1519500000.0,0.892,17.773,-108300000.0,294100000.0,294100000.0,2178200000.0,173300000.0,2.776,0.896,530100000.0,8000000.0,522100000.0,530100000.0,0.0,137000000.0,0.0,0.02,0.86,254200000.0,391200000.0,0.127,391200000.0,254200000.0,225500000.0,1.89,1.87,1.89,1576200000.0,1899500000.0,1576200000.0,4063047246.0,16.0,10.386,198700000.0,2.24,1.0,898000000.0,0.292,499300000.0,28700000.0,2204300000.0,2425075000.0,585500000.0,0.0,0.0,0.0,1412300000.0,533800000.0,878500000.0,3785147246.0,-105800000.0,-14300000.0,-254100000.0,85700000.0,-90300000.0,-202200000.0,-194700000.0,4900000.0,307000000.0,-15900000.0,170800000.0,170800000.0,170800000.0,-24000000.0,2500000.0,0.056,689600000.0,208400000.0,143900000.0,0.455,2.401,22.161,22.582,780500000.0,0.0,42.68,1.23,1.23,475700000.0,1615400000.0,3076200000.0,3076200000.0,0.0,0.05,0.09,0.105,0.083,21800000.0,542500000.0,1.0,88686674.0,88686674.0,,34.686,2502100000.0,61100000.0,54700000.0,84300000.0,28.213,948100000.0
7,TKR,MRY,2013-12-31,2013-12-31,2013-12-31,2021-08-25,-626100000.0,4477900000.0,4235550000.0,1937500000.0,2540400000.0,0.717,27.004,-126500000.0,399700000.0,399700000.0,2167000000.0,263000000.0,1.977,0.694,445700000.0,269300000.0,176400000.0,445700000.0,0.0,142400000.0,0.0,0.012,0.64,401700000.0,544100000.0,0.179,544100000.0,401700000.0,377300000.0,2.76,2.74,2.76,2636600000.0,2402525000.0,2636600000.0,5435351637.0,14.0,9.99,303500000.0,3.108,1.0,868400000.0,0.286,553500000.0,24400000.0,2990300000.0,2883400000.0,582600000.0,0.0,0.0,0.0,1829300000.0,980100000.0,849200000.0,5376851637.0,-201800000.0,-64200000.0,-176100000.0,-3200000.0,-87500000.0,-249300000.0,-376000000.0,5500000.0,430000000.0,-6500000.0,262700000.0,262700000.0,262700000.0,0.0,300000.0,0.087,562500000.0,305900000.0,139900000.0,0.232,2.039,20.468,19.953,855800000.0,0.0,55.07,1.771,1.771,444000000.0,2586400000.0,3035400000.0,3035400000.0,0.0,0.062,0.109,0.139,0.132,16300000.0,546600000.0,1.0,97636674.0,97636674.0,,31.089,3924400000.0,56200000.0,114600000.0,189600000.0,40.194,957400000.0
8,TKR,MRY,2012-12-31,2012-12-31,2012-12-31,2021-08-25,-1013200000.0,4244200000.0,4310250000.0,2162000000.0,2082200000.0,0.779,23.289,-116500000.0,601500000.0,601500000.0,2331500000.0,495900000.0,3.237,0.895,479000000.0,23900000.0,455100000.0,479000000.0,0.0,149600000.0,0.0,0.013,0.64,712900000.0,862500000.0,0.257,862500000.0,712900000.0,681800000.0,5.11,5.07,5.11,2232200000.0,2262100000.0,2232200000.0,4587764688.0,6.0,5.319,507600000.0,5.296,1.0,1028000000.0,0.306,563600000.0,31100000.0,2890300000.0,2975425000.0,862100000.0,0.0,0.0,0.0,1997600000.0,667800000.0,1329800000.0,4584364688.0,121600000.0,-20700000.0,-98500000.0,-26100000.0,-89000000.0,-208600000.0,-297700000.0,14300000.0,624100000.0,3800000.0,495500000.0,495500000.0,495500000.0,-164400000.0,400000.0,0.147,584000000.0,444000000.0,216200000.0,0.125,2.054,9.252,9.36,1405300000.0,0.0,47.83,1.365,1.365,546700000.0,2411200000.0,3359500000.0,3359500000.0,0.0,0.115,0.219,0.24,0.212,15900000.0,554500000.0,1.0,95847056.0,95847056.0,,35.051,3680600000.0,160600000.0,186300000.0,40800000.0,38.401,1494200000.0
9,TKR,MRY,2011-12-31,2011-12-31,2011-12-31,2021-08-25,-889500000.0,4327400000.0,4201525000.0,2292900000.0,2034500000.0,1.231,20.771,-199600000.0,468400000.0,468400000.0,3800500000.0,456600000.0,2.797,1.127,515100000.0,36300000.0,478800000.0,515100000.0,0.0,192500000.0,0.0,0.014,0.55,731300000.0,923800000.0,0.179,923800000.0,731300000.0,694500000.0,4.65,4.59,4.65,2028300000.0,2117450000.0,2028300000.0,3885650236.0,5.0,4.206,9800000.0,0.1,1.0,1369700000.0,0.265,568400000.0,36800000.0,2985800000.0,2942625000.0,964400000.0,0.0,0.0,0.0,2284900000.0,819900000.0,1465000000.0,3780050236.0,-412300000.0,-287300000.0,-27200000.0,1600000.0,-76000000.0,-104300000.0,-508000000.0,-22700000.0,209400000.0,-9400000.0,454300000.0,454300000.0,454300000.0,0.0,2300000.0,0.088,640600000.0,729100000.0,287300000.0,0.118,1.864,8.321,8.325,1308900000.0,0.0,38.71,0.731,0.731,645500000.0,2004700000.0,5170200000.0,5170200000.0,0.0,0.108,0.215,0.249,0.141,16900000.0,626200000.0,1.0,97650484.0,97650484.0,,52.946,3759000000.0,230900000.0,240200000.0,56100000.0,38.494,1473000000.0
10,TKR,MRY,2010-12-31,2010-12-31,2010-12-31,2021-08-25,-624700000.0,4180400000.0,4105653500.0,2399200000.0,1781200000.0,0.988,19.826,-113900000.0,877100000.0,877100000.0,3033800000.0,276900000.0,3.374,1.163,513700000.0,32000000.0,481700000.0,513700000.0,0.0,189700000.0,0.0,0.008,0.37,449000000.0,638700000.0,0.157,638700000.0,449000000.0,410800000.0,2.83,2.81,2.83,1925000000.0,1738229750.0,1925000000.0,4227607115.0,9.0,6.619,198800000.0,2.047,1.0,1021700000.0,0.252,353600000.0,38200000.0,2752400000.0,2783572500.0,828500000.0,0.0,0.0,0.0,2238600000.0,711000000.0,1527600000.0,4634407115.0,121600000.0,-22600000.0,21200000.0,700000.0,-51300000.0,-32900000.0,-152900000.0,-15000000.0,312700000.0,-5300000.0,274800000.0,274800000.0,274800000.0,-7400000.0,2100000.0,0.068,585500000.0,436200000.0,263500000.0,0.131,2.407,16.865,16.866,1267700000.0,0.0,47.73,1.143,1.143,516600000.0,1626400000.0,4055500000.0,4055500000.0,0.0,0.067,0.158,0.161,0.111,16900000.0,563800000.0,1.0,97096315.0,97096315.0,,41.768,3826800000.0,221900000.0,136000000.0,20700000.0,39.412,1688200000.0
11,TKR,MRY,2009-12-31,2009-12-31,2009-12-31,2021-08-25,-717100000.0,4006900000.0,4251237250.0,2022500000.0,1984400000.0,0.739,16.29,-111500000.0,755500000.0,755500000.0,2558900000.0,-138600000.0,3.743,1.528,512700000.0,43400000.0,469300000.0,512700000.0,0.0,201500000.0,0.0,0.013,0.31,-120300000.0,81200000.0,0.026,81200000.0,-120300000.0,-162200000.0,-1.39,-1.39,-1.39,1577600000.0,1581860250.0,1577600000.0,2466103548.0,-20.0,30.371,476200000.0,4.917,1.0,582700000.0,0.185,353800000.0,41900000.0,2869900000.0,3287342000.0,671200000.0,0.0,0.0,0.0,2411300000.0,540400000.0,1870900000.0,2296222548.0,622100000.0,303200000.0,900000.0,-124900000.0,-43200000.0,-178000000.0,194200000.0,0.0,587700000.0,18200000.0,-134000000.0,-134000000.0,-134000000.0,0.0,-4600000.0,-0.043,636800000.0,-54100000.0,156000000.0,-0.223,1.456,-17.136,-17.058,1335200000.0,0.0,23.71,0.731,0.731,411200000.0,1402900000.0,3141600000.0,3141600000.0,0.0,-0.032,-0.085,-0.037,-0.038,14900000.0,472700000.0,1.0,96846164.0,96846164.0,,32.439,3653100000.0,310100000.0,-28200000.0,15300000.0,37.721,1482100000.0
12,TKR,MRY,2008-12-31,2008-12-31,2008-12-31,2021-08-25,-819633000.0,4536050000.0,4672323000.0,2033465000.0,2502585000.0,1.079,16.988,-221700000.0,133383000.0,133383000.0,3888900000.0,271300000.0,2.547,1.752,623840000.0,108590000.0,515250000.0,623840000.0,0.0,200800000.0,0.0,0.025,0.5,469100000.0,669900000.0,0.133,669900000.0,469100000.0,424700000.0,2.78,2.77,2.78,1640244000.0,2023653000.0,1640244000.0,2539808595.0,5.0,3.791,355900000.0,3.686,1.0,1151900000.0,0.229,362334000.0,44400000.0,3865860000.0,3949699000.0,1000493000.0,0.0,0.0,0.0,2873012000.0,798313000.0,2074699000.0,1895308595.0,90500000.0,-86000000.0,16900000.0,-95300000.0,-67500000.0,-145900000.0,-320700000.0,0.0,577600000.0,-20500000.0,267700000.0,267700000.0,267700000.0,11300000.0,3600000.0,0.053,689900000.0,462000000.0,423523000.0,0.18,1.156,7.08,7.061,1516972000.0,0.0,19.63,0.376,0.376,575915000.0,1580084000.0,5040800000.0,5040800000.0,0.0,0.057,0.132,0.119,0.093,16800000.0,657100000.0,1.0,96551635.0,96551635.0,,52.208,4173716000.0,398397000.0,157000000.0,36138000.0,43.228,1235152000.0
13,TKR,MRY,2007-12-31,2007-12-31,2007-12-31,2021-08-25,-271251000.0,4379237000.0,4216499500.0,2045251000.0,2333986000.0,1.075,20.469,-269203000.0,30144000.0,30144000.0,3577083000.0,223656000.0,2.261,1.234,723155000.0,142568000.0,580587000.0,723155000.0,0.0,187918000.0,0.0,0.014,0.46,316310000.0,504228000.0,0.111,504228000.0,316310000.0,273996000.0,2.31,2.29,2.31,1960669000.0,1738898000.0,1960669000.0,3660262174.0,12.0,7.259,72710000.0,0.759,1.0,954983000.0,0.211,432236000.0,42314000.0,3735590000.0,3607171750.0,1087712000.0,0.0,0.0,0.0,2418568000.0,904422000.0,1514146000.0,3146617174.0,-65004000.0,-203724000.0,37804000.0,104241000.0,-62966000.0,79079000.0,-496571000.0,0.0,341913000.0,10575000.0,220054000.0,220054000.0,220054000.0,0.0,3602000.0,0.049,659567000.0,295416000.0,528052000.0,0.199,1.605,14.299,14.221,1722081000.0,0.0,32.85,0.694,0.694,748483000.0,1379876000.0,4532066000.0,4532066000.0,0.0,0.052,0.127,0.088,0.07,16127000.0,631162000.0,1.0,95787433.0,95787433.0,,47.314,3947001000.0,170009000.0,53942000.0,32422000.0,41.206,1140829000.0
14,TKR,MRY,2006-12-31,2006-12-31,2006-12-31,2021-08-25,-544562000.0,4027111000.0,4087728500.0,1910308000.0,2116803000.0,1.217,15.681,-286886000.0,101072000.0,101072000.0,3968271000.0,222527000.0,2.298,1.728,597843000.0,50453000.0,547390000.0,597843000.0,0.0,196592000.0,0.0,0.015,0.44,349709000.0,546301000.0,0.11,546301000.0,349709000.0,300322000.0,2.38,2.36,2.38,1476180000.0,1601751750.0,1476180000.0,3445575966.0,10.0,6.307,50042000.0,0.532,1.0,1005094000.0,0.202,305969000.0,49387000.0,3386765000.0,3341608000.0,952310000.0,0.0,0.0,0.0,2550931000.0,831148000.0,1719783000.0,2746867966.0,35655000.0,185363000.0,22963000.0,-141442000.0,-58231000.0,-176710000.0,-130868000.0,0.0,336928000.0,6305000.0,222527000.0,222527000.0,222527000.0,-46088000.0,0.0,0.045,722223000.0,282871000.0,501880000.0,0.185,1.861,12.344,12.261,1601559000.0,0.0,29.18,0.552,0.552,685836000.0,1217167000.0,4973365000.0,4973365000.0,0.0,0.054,0.139,0.105,0.07,15594000.0,677342000.0,1.0,94135297.0,94135297.0,,52.832,3721142000.0,254993000.0,77795000.0,60065000.0,39.53,1079160000.0
15,TKR,MRY,2005-12-31,2005-12-31,2005-12-31,2021-08-25,-323449000.0,3993734000.0,4060184750.0,1983309000.0,2010425000.0,1.188,16.193,-212140000.0,65417000.0,65417000.0,3823210000.0,260281000.0,1.851,1.668,721026000.0,159279000.0,561747000.0,721026000.0,0.0,209656000.0,0.0,0.014,0.44,424748000.0,634404000.0,0.132,634404000.0,424748000.0,373163000.0,2.84,2.81,2.84,1497067000.0,1387787750.0,1497067000.0,3699782466.0,9.0,5.832,106561000.0,1.153,1.0,999957000.0,0.207,383172000.0,51585000.0,3194845000.0,3255907000.0,900294000.0,0.0,0.0,0.0,2496667000.0,1071326000.0,1425341000.0,2960277466.0,14450000.0,-27158000.0,39793000.0,-40939000.0,-55148000.0,-56294000.0,-242802000.0,0.0,318701000.0,-5155000.0,260281000.0,260281000.0,260281000.0,-26625000.0,0.0,0.054,672997000.0,326960000.0,470966000.0,0.155,1.977,11.373,11.275,1474074000.0,0.0,32.02,0.614,0.614,657237000.0,1052871000.0,4823167000.0,4823167000.0,0.0,0.064,0.188,0.13,0.088,9293000.0,646904000.0,1.0,92450889.0,92450889.0,,52.17,3610562000.0,99630000.0,112882000.0,71933000.0,39.054,911983000.0
16,TKR,MRY,2004-12-31,2004-12-31,2004-12-31,2021-08-25,-289486000.0,3942909000.0,,1839198000.0,2103711000.0,,,-138558000.0,50967000.0,50967000.0,3462821000.0,135656000.0,1.785,2.105,779324000.0,158690000.0,620634000.0,779324000.0,0.0,201173000.0,0.0,0.014,0.36,250035000.0,451208000.0,0.105,451208000.0,250035000.0,199201000.0,1.51,1.49,1.51,1269848000.0,,1269848000.0,,,,-18029000.0,,1.0,824376000.0,0.192,368285000.0,50834000.0,3272358000.0,,874833000.0,0.0,0.0,0.0,2673061000.0,1030623000.0,1642438000.0,,22341000.0,41331000.0,17628000.0,27277000.0,-46767000.0,-1862000.0,-108581000.0,0.0,120529000.0,12255000.0,135656000.0,135656000.0,135656000.0,-1610000.0,0.0,0.032,589448000.0,234928000.0,501832000.0,0.238,,,17.232,1583425000.0,0.0,26.02,,,706098000.0,847738000.0,4287197000.0,4287197000.0,0.0,,,,0.058,2775000.0,575910000.0,1.0,,,,,3574624000.0,198492000.0,63545000.0,50560000.0,,808575000.0
17,TKR,MRY,2003-12-31,2003-12-31,2003-12-31,2021-08-25,,,,,,,,-92153000.0,,,3148979000.0,36481000.0,,,,,,,,208851000.0,,0.018,0.36,109203000.0,318054000.0,0.084,318054000.0,109203000.0,60802000.0,0.44,0.44,0.44,,,,,,,111691000.0,,1.0,639118000.0,0.169,,48401000.0,,,,,,,,,,,-53424000.0,-725120000.0,236039000.0,208928000.0,-42078000.0,402889000.0,-664994000.0,0.0,203844000.0,4837000.0,36481000.0,36481000.0,36481000.0,0.0,0.0,0.01,540871000.0,98247000.0,,0.818,,,45.591,,0.0,20.06,,,,,3788097000.0,3788097000.0,0.0,,,,0.029,2744000.0,521717000.0,1.0,,,,,,,24321000.0,,,
0,TKR,MRQ,2021-06-30,2021-06-30,2021-06-30,2021-08-25,19800000.0,5166200000.0,,2195000000.0,2971200000.0,,30.15,-31100000.0,306300000.0,306300000.0,760600000.0,107200000.0,2.56,1.222,1610900000.0,114100000.0,1496800000.0,1610900000.0,0.0,42200000.0,0.0,0.014,0.3,149500000.0,191700000.0,0.18,191700000.0,149500000.0,134200000.0,1.38,1.36,1.38,2290900000.0,,2290900000.0,7519508089.0,14.0,10.88,116000000.0,1.527,1.0,302300000.0,0.284,1739000000.0,15300000.0,3874500000.0,,919500000.0,0.0,0.0,0.0,2798900000.0,857300000.0,1941600000.0,6123508089.0,3200000.0,100000.0,11300000.0,-95200000.0,-22900000.0,-112500000.0,-34500000.0,-3900000.0,147100000.0,3100000.0,104800000.0,104800000.0,104800000.0,0.0,2400000.0,0.099,150300000.0,152000000.0,385100000.0,0.217,2.673,17.01,16.931,1140400000.0,0.0,80.59,1.58,1.58,804800000.0,1510900000.0,1062900000.0,1062900000.0,0.0,,,,,6000000.0,149000000.0,1.0,75983473.0,75983473.0,,13.989,3427200000.0,70900000.0,29400000.0,159800000.0,45.105,1337700000.0
1,TKR,MRQ,2021-03-31,2021-03-31,2021-03-31,2021-08-25,-2100000.0,5106200000.0,,2143600000.0,2962600000.0,,28.734,-29400000.0,303100000.0,303100000.0,726200000.0,116000000.0,2.338,1.313,1699100000.0,204500000.0,1494600000.0,1699100000.0,0.0,43000000.0,0.0,0.014,0.29,153500000.0,196500000.0,0.192,196500000.0,153500000.0,138600000.0,1.49,1.47,1.49,2175500000.0,,2175500000.0,7491640360.0,16.0,11.527,2300000.0,0.03,1.0,299200000.0,0.292,1741000000.0,14900000.0,3844400000.0,,864800000.0,0.0,0.0,0.0,2856100000.0,916800000.0,1939300000.0,6145440360.0,-18000000.0,0.0,-12200000.0,47400000.0,-23800000.0,-6400000.0,-39400000.0,-9900000.0,31700000.0,-3900000.0,113300000.0,113300000.0,113300000.0,0.0,2700000.0,0.11,148500000.0,150700000.0,362600000.0,0.195,2.825,19.38,19.326,1133700000.0,0.0,81.17,1.7,1.7,825600000.0,1429000000.0,1025400000.0,1025400000.0,0.0,,,,,6500000.0,144500000.0,1.0,75710735.0,75710735.0,,13.544,3365200000.0,69800000.0,25300000.0,163200000.0,44.448,1226800000.0
2,TKR,MRQ,2020-12-31,2020-12-31,2020-12-31,2021-08-25,41300000.0,5041600000.0,,2000300000.0,3041300000.0,,28.57,-34400000.0,321100000.0,321100000.0,654700000.0,55300000.0,2.359,1.308,1667300000.0,157900000.0,1509400000.0,1667300000.0,0.0,41900000.0,0.0,0.015,0.29,88100000.0,130000000.0,0.146,130000000.0,88100000.0,72800000.0,0.71,0.68,0.71,2152900000.0,,2152900000.0,7216754704.0,16.0,11.582,86000000.0,1.141,1.0,237000000.0,0.266,1789000000.0,15300000.0,3750800000.0,,841300000.0,0.0,0.0,0.0,2816400000.0,848000000.0,1968400000.0,5829554704.0,7100000.0,-17300000.0,12200000.0,-58400000.0,-22000000.0,-73400000.0,-52100000.0,1000000.0,120400000.0,12200000.0,53100000.0,53100000.0,53100000.0,0.0,2200000.0,0.06,138200000.0,98800000.0,351400000.0,0.408,2.708,20.491,20.466,1153800000.0,0.0,77.36,1.659,1.659,692000000.0,1339500000.0,891700000.0,891700000.0,0.0,,,,,4000000.0,135700000.0,1.0,75356188.0,75356188.0,,11.833,3252600000.0,77000000.0,19700000.0,164800000.0,43.163,1152300000.0
3,TKR,MRQ,2020-09-30,2020-09-30,2020-09-30,2021-08-25,-39300000.0,4909100000.0,,1964500000.0,2944600000.0,,27.006,-29200000.0,314000000.0,314000000.0,630900000.0,91300000.0,2.653,1.386,1701200000.0,102200000.0,1599000000.0,1701200000.0,0.0,41200000.0,0.0,0.021,0.28,131700000.0,172900000.0,0.193,172900000.0,131700000.0,115400000.0,1.18,1.16,1.18,2028100000.0,,2028100000.0,5544828037.0,11.0,8.521,124400000.0,1.656,1.0,263700000.0,0.295,1758300000.0,16300000.0,3797600000.0,,789900000.0,0.0,0.0,0.0,2810100000.0,740400000.0,2069700000.0,4071828037.0,-102100000.0,0.0,10700000.0,-198600000.0,-21100000.0,-226400000.0,-36700000.0,-8800000.0,153600000.0,7400000.0,88800000.0,88800000.0,88800000.0,0.0,2500000.0,0.099,144700000.0,119000000.0,306700000.0,0.237,2.008,11.806,11.864,1085600000.0,0.0,54.22,1.158,1.158,712600000.0,2073400000.0,894600000.0,894600000.0,0.0,,,,,7800000.0,132700000.0,1.0,75098267.0,75098267.0,,11.912,3150800000.0,72900000.0,26600000.0,185600000.0,41.956,1224100000.0
4,TKR,MRQ,2020-06-30,2020-06-30,2020-06-30,2021-08-25,-99200000.0,4901000000.0,,2006900000.0,2894100000.0,,25.093,-24700000.0,416100000.0,416100000.0,573200000.0,61800000.0,3.019,1.557,1889100000.0,88800000.0,1800300000.0,1889100000.0,0.0,41700000.0,0.0,0.025,0.28,108800000.0,150500000.0,0.187,150500000.0,108800000.0,89900000.0,0.82,0.82,0.82,1883600000.0,,1883600000.0,5079059118.0,11.0,8.0,222700000.0,2.967,1.0,230300000.0,0.287,1727900000.0,18900000.0,3981300000.0,,784000000.0,0.0,0.0,0.0,2933400000.0,664800000.0,2268600000.0,3414759118.0,22100000.0,-6700000.0,0.0,-175000000.0,-21000000.0,-197800000.0,-33100000.0,-1800000.0,247400000.0,5600000.0,61900000.0,61900000.0,61900000.0,0.0,-100000.0,0.077,114900000.0,115400000.0,267300000.0,0.341,1.813,10.661,10.729,1072400000.0,0.0,45.49,0.965,0.965,667800000.0,2005700000.0,803500000.0,803500000.0,0.0,,,,,5800000.0,111800000.0,1.0,75066149.0,75066149.0,,10.704,3173100000.0,69700000.0,28000000.0,189300000.0,42.271,1342100000.0
5,TKR,MRQ,2020-03-31,2020-03-31,2020-03-31,2021-08-25,-118900000.0,4980000000.0,,2092200000.0,2887800000.0,,24.051,-31800000.0,394000000.0,394000000.0,644500000.0,84000000.0,2.718,1.695,2058300000.0,201700000.0,1856600000.0,2058300000.0,0.0,42300000.0,0.0,0.035,0.28,127400000.0,169700000.0,0.184,169700000.0,127400000.0,110300000.0,1.07,1.06,1.07,1817400000.0,,1817400000.0,4057283775.0,8.0,6.042,24400000.0,0.323,1.0,278900000.0,0.302,1723200000.0,17100000.0,4151300000.0,,819700000.0,0.0,0.0,0.0,3079700000.0,769800000.0,2309900000.0,2443783775.0,177800000.0,0.0,-34800000.0,234400000.0,-22900000.0,166500000.0,-31600000.0,200000.0,56200000.0,-13300000.0,80700000.0,80700000.0,80700000.0,0.0,3300000.0,0.087,157200000.0,121700000.0,296000000.0,0.262,1.345,6.964,6.97,1074400000.0,0.0,32.34,0.655,0.655,715100000.0,1964800000.0,923400000.0,923400000.0,0.0,,,,,5600000.0,153600000.0,1.0,75565361.0,75565361.0,,12.22,3256800000.0,67400000.0,29600000.0,174500000.0,43.099,1322400000.0
6,TKR,MRQ,2019-12-31,2019-12-31,2019-12-31,2021-08-25,-50100000.0,4859900000.0,,1874600000.0,2985300000.0,,24.802,-51400000.0,216200000.0,216200000.0,640200000.0,117800000.0,2.545,1.555,1829700000.0,110300000.0,1719400000.0,1829700000.0,0.0,40200000.0,0.0,0.02,0.28,117400000.0,157600000.0,0.176,157600000.0,117400000.0,100800000.0,1.5,1.48,1.5,1868200000.0,,1868200000.0,5810005083.0,11.0,8.39,143900000.0,1.91,1.0,256000000.0,0.286,1752200000.0,16600000.0,3984600000.0,,842000000.0,0.0,0.0,0.0,2905100000.0,736600000.0,2168500000.0,4241505083.0,34300000.0,-143800000.0,11000000.0,52900000.0,-21100000.0,36700000.0,-202700000.0,-4200000.0,195300000.0,5000000.0,113500000.0,113500000.0,113500000.0,0.0,4300000.0,0.127,162500000.0,93500000.0,301700000.0,0.187,2.27,11.714,11.78,1103300000.0,0.0,56.31,1.119,1.119,674300000.0,1907400000.0,896200000.0,896200000.0,0.0,,,,,6400000.0,159200000.0,1.0,75324189.0,75324189.0,,11.898,3107700000.0,71800000.0,-12700000.0,186000000.0,41.258,1138000000.0
7,TKR,MRQ,2019-09-30,2019-09-30,2019-09-30,2021-08-25,-80100000.0,4565300000.0,,1807400000.0,2757900000.0,,22.945,-43700000.0,181900000.0,181900000.0,636500000.0,66700000.0,2.565,1.575,1750400000.0,124600000.0,1625800000.0,1750400000.0,0.0,39200000.0,0.0,0.026,0.28,117900000.0,157100000.0,0.172,157100000.0,117900000.0,99700000.0,0.85,0.84,0.85,1744800000.0,,1744800000.0,4932566231.0,10.0,7.334,101200000.0,1.331,1.0,277500000.0,0.304,1657500000.0,18200000.0,3771700000.0,,805300000.0,0.0,0.0,0.0,2747800000.0,704600000.0,2043200000.0,3308566231.0,14500000.0,300000.0,-31500000.0,-26300000.0,-21200000.0,-80500000.0,-42400000.0,-100000.0,144900000.0,-7500000.0,64200000.0,64200000.0,64200000.0,0.0,2500000.0,0.07,149600000.0,127900000.0,265200000.0,0.329,1.896,10.721,10.69,1021800000.0,0.0,43.51,0.87,0.87,699900000.0,1815000000.0,914000000.0,914000000.0,0.0,,,,,5800000.0,148000000.0,1.0,76041513.0,76041513.0,,12.02,2907800000.0,27300000.0,35500000.0,154900000.0,38.24,1102800000.0
8,TKR,MRQ,2019-06-30,2019-06-30,2019-06-30,2021-08-25,-97500000.0,4674200000.0,,1866700000.0,2807500000.0,,22.482,-25100000.0,167400000.0,167400000.0,694300000.0,94900000.0,2.681,1.689,1791400000.0,75800000.0,1715600000.0,1791400000.0,0.0,41700000.0,0.0,0.022,0.28,145400000.0,187100000.0,0.187,187100000.0,145400000.0,126100000.0,1.22,1.2,1.22,1711300000.0,,1711300000.0,5549783447.0,11.0,8.413,132500000.0,1.741,1.0,305700000.0,0.306,1700900000.0,19300000.0,3901000000.0,,843800000.0,0.0,0.0,0.0,2890600000.0,696300000.0,2194300000.0,3907983447.0,-72700000.0,-80100000.0,-7400000.0,-98000000.0,-21300000.0,-130300000.0,-100200000.0,2800000.0,157600000.0,200000.0,92500000.0,92500000.0,92500000.0,0.0,2400000.0,0.092,160600000.0,145100000.0,291600000.0,0.23,2.284,12.367,12.371,1029300000.0,0.0,51.34,1.036,1.036,743200000.0,1772000000.0,1000000000.0,1000000000.0,0.0,,,,,7100000.0,158700000.0,1.0,76119662.0,76119662.0,,13.137,2973300000.0,49400000.0,33600000.0,155100000.0,39.061,1170400000.0
9,TKR,MRQ,2019-03-31,2019-03-31,2019-03-31,2021-08-25,-101100000.0,4680700000.0,,1919600000.0,2761100000.0,,21.625,-14100000.0,240100000.0,240100000.0,677100000.0,95300000.0,2.808,1.816,1881900000.0,64300000.0,1817600000.0,1881900000.0,0.0,39500000.0,0.0,0.026,0.28,151200000.0,190700000.0,0.195,190700000.0,151200000.0,133200000.0,1.21,1.19,1.21,1638500000.0,,1638500000.0,4853486856.0,10.0,7.59,38200000.0,0.504,1.0,302600000.0,0.309,1667100000.0,18000000.0,3971800000.0,,839400000.0,0.0,0.0,0.0,2974800000.0,683600000.0,2291200000.0,3304986856.0,107000000.0,-2900000.0,-7300000.0,108400000.0,-21300000.0,73400000.0,-19600000.0,-2600000.0,52300000.0,900000.0,91900000.0,91900000.0,91900000.0,0.0,3400000.0,0.094,152700000.0,149900000.0,294300000.0,0.231,2.017,10.509,10.613,1011100000.0,0.0,43.62,0.899,0.899,734500000.0,1700800000.0,979700000.0,979700000.0,0.0,,,,,7800000.0,152700000.0,1.0,75767695.0,75767695.0,,12.93,3013600000.0,49700000.0,41300000.0,168600000.0,39.774,1236000000.0
10,TKR,MRQ,2018-12-31,2018-12-31,2018-12-31,2021-08-25,-95300000.0,4445200000.0,,1737200000.0,2708000000.0,,20.551,-48300000.0,133100000.0,133100000.0,655600000.0,60800000.0,2.534,1.774,1681600000.0,43000000.0,1638600000.0,1681600000.0,0.0,40100000.0,0.0,0.03,0.28,97600000.0,137700000.0,0.151,137700000.0,97600000.0,79100000.0,0.79,0.77,0.79,1579600000.0,,1579600000.0,4443547071.0,10.0,7.368,89200000.0,1.161,1.0,254500000.0,0.28,1693700000.0,18500000.0,3614400000.0,,835700000.0,0.0,0.0,0.0,2802500000.0,685600000.0,2116900000.0,2868447071.0,-21900000.0,0.0,-35400000.0,-46700000.0,-21500000.0,-104200000.0,-54900000.0,-2700000.0,137500000.0,-300000.0,60000000.0,60000000.0,60000000.0,0.0,800000.0,0.066,150100000.0,104400000.0,273200000.0,0.354,1.816,9.473,9.496,912100000.0,0.0,37.32,0.801,0.801,663200000.0,1630200000.0,910100000.0,910100000.0,0.0,,,,,6800000.0,148300000.0,1.0,76860854.0,76860854.0,,11.841,2751500000.0,59000000.0,19100000.0,161500000.0,35.798,1051600000.0
11,TKR,MRQ,2018-09-30,2018-09-30,2018-09-30,2021-08-25,-88800000.0,4499500000.0,,1786300000.0,2713200000.0,,20.49,-23200000.0,155000000.0,155000000.0,628000000.0,72300000.0,2.721,1.81,1730100000.0,48400000.0,1681700000.0,1730100000.0,0.0,35100000.0,0.0,0.022,0.28,109100000.0,144200000.0,0.164,144200000.0,109100000.0,96600000.0,0.93,0.91,0.93,1579900000.0,,1579900000.0,4743596213.0,11.0,8.329,114000000.0,1.478,1.0,253300000.0,0.287,1708500000.0,12500000.0,3709500000.0,,841000000.0,0.0,0.0,0.0,2859100000.0,656600000.0,2202500000.0,3843796213.0,8400000.0,-751400000.0,-11300000.0,683800000.0,-21500000.0,649400000.0,-774300000.0,0.0,137200000.0,-3900000.0,71600000.0,71600000.0,71600000.0,0.0,700000.0,0.081,144600000.0,108700000.0,282800000.0,0.301,2.433,14.132,14.162,886800000.0,0.0,49.85,1.115,1.115,685900000.0,1595400000.0,881300000.0,881300000.0,0.0,,,,,7700000.0,142000000.0,1.0,77107246.0,77107246.0,,11.43,2791000000.0,52300000.0,25000000.0,171600000.0,36.196,1129700000.0
12,TKR,MRQ,2018-06-30,2018-06-30,2018-06-30,2021-08-25,-69900000.0,3528000000.0,,1699800000.0,1828200000.0,,19.612,-21900000.0,146600000.0,146600000.0,638900000.0,91900000.0,2.39,1.298,1046400000.0,165000000.0,881400000.0,1046400000.0,0.0,35000000.0,0.0,0.025,0.28,131900000.0,166900000.0,0.184,166900000.0,131900000.0,121200000.0,1.18,1.16,1.18,1521800000.0,,1521800000.0,4325348958.0,11.0,7.926,80200000.0,1.034,1.0,267400000.0,0.295,882700000.0,10700000.0,2833900000.0,,777400000.0,0.0,0.0,0.0,1975700000.0,711200000.0,1264500000.0,3379348958.0,26300000.0,0.0,-24700000.0,2400000.0,-21600000.0,-44400000.0,-22000000.0,-3700000.0,102100000.0,-9400000.0,91000000.0,91000000.0,91000000.0,0.0,900000.0,0.1,142100000.0,125300000.0,253200000.0,0.237,2.221,13.31,13.277,834500000.0,0.0,43.55,1.012,1.012,530200000.0,1545300000.0,906300000.0,906300000.0,0.0,,,,,7500000.0,141800000.0,1.0,77596991.0,77596991.0,,11.68,2645300000.0,55100000.0,30200000.0,55500000.0,34.09,988600000.0
13,TKR,MRQ,2018-03-31,2018-03-31,2018-03-31,2021-08-25,-29200000.0,3549500000.0,,1645800000.0,1903700000.0,,19.4,-17700000.0,120300000.0,120300000.0,618200000.0,80500000.0,2.343,1.328,1066300000.0,169800000.0,896500000.0,1066300000.0,0.0,35800000.0,0.0,0.024,0.27,118500000.0,154300000.0,0.175,154300000.0,118500000.0,108500000.0,1.03,1.02,1.03,1510900000.0,,1510900000.0,4388359510.0,12.0,8.855,-62000000.0,-0.796,1.0,264900000.0,0.3,930500000.0,10000000.0,2862700000.0,,776800000.0,0.0,0.0,0.0,2006700000.0,702300000.0,1304400000.0,3551459510.0,-5100000.0,0.0,-14300000.0,93200000.0,-21100000.0,52300000.0,-14000000.0,3700000.0,-44300000.0,900000.0,80200000.0,80200000.0,80200000.0,0.0,300000.0,0.091,148800000.0,116100000.0,266600000.0,0.262,2.351,14.472,14.43,865400000.0,0.0,45.6,1.116,1.116,535100000.0,1475900000.0,883100000.0,883100000.0,0.0,,,,,10300000.0,148600000.0,1.0,77882884.0,77882884.0,,11.339,2619000000.0,58000000.0,28300000.0,56200000.0,33.627,943500000.0
14,TKR,MRQ,2017-12-31,2017-12-31,2017-12-31,2021-08-25,-38300000.0,3402400000.0,,1500100000.0,1902300000.0,,18.587,-41900000.0,125400000.0,125400000.0,565300000.0,28100000.0,2.233,1.336,962300000.0,108100000.0,854200000.0,962300000.0,0.0,35200000.0,0.0,0.022,0.27,68900000.0,104100000.0,0.134,104100000.0,68900000.0,58300000.0,0.38,0.37,0.38,1442700000.0,,1442700000.0,4680281546.0,16.0,10.74,52000000.0,0.67,1.0,212700000.0,0.273,932400000.0,10600000.0,2635200000.0,,738900000.0,0.0,0.0,0.0,1927500000.0,671700000.0,1255800000.0,3814881546.0,-15000000.0,400000.0,2800000.0,-49800000.0,-20900000.0,-68600000.0,-41300000.0,600000.0,93900000.0,1000000.0,29200000.0,29200000.0,29200000.0,0.0,-1100000.0,0.038,133300000.0,79400000.0,265200000.0,0.711,2.644,18.756,18.76,864200000.0,0.0,49.15,1.27,1.27,524900000.0,1408400000.0,778000000.0,778000000.0,0.0,,,,,6500000.0,132800000.0,1.0,77617122.0,77617122.0,,10.024,2470000000.0,61000000.0,29100000.0,53800000.0,31.823,828400000.0
15,TKR,MRQ,2017-09-30,2017-09-30,2017-09-30,2021-08-25,-41000000.0,3363600000.0,,1474300000.0,1889300000.0,,18.28,-18300000.0,140500000.0,140500000.0,555300000.0,54100000.0,2.592,1.341,1005900000.0,46100000.0,959800000.0,1005900000.0,0.0,35700000.0,0.0,0.022,0.27,84700000.0,120400000.0,0.156,120400000.0,84700000.0,74600000.0,0.69,0.68,0.69,1423000000.0,,1423000000.0,4332976679.0,19.0,11.993,10100000.0,0.13,1.0,216100000.0,0.28,939200000.0,10100000.0,2721100000.0,,687500000.0,0.0,0.0,0.0,1907700000.0,568700000.0,1339000000.0,3779276679.0,-307400000.0,-283100000.0,-12000000.0,-5100000.0,-21000000.0,-43200000.0,-298500000.0,2900000.0,28400000.0,5900000.0,53500000.0,53500000.0,53500000.0,0.0,600000.0,0.069,135300000.0,80800000.0,248100000.0,0.391,2.656,22.59,22.477,842200000.0,0.0,48.55,1.312,1.312,542200000.0,1400200000.0,771400000.0,771400000.0,0.0,,,,,7800000.0,134000000.0,1.0,77842980.0,77842980.0,,9.91,2424400000.0,47900000.0,21100000.0,52300000.0,31.145,905600000.0
16,TKR,MRQ,2017-06-30,2017-06-30,2017-06-30,2021-08-25,-50100000.0,3238500000.0,,1659500000.0,1579000000.0,,17.784,-18200000.0,447900000.0,447900000.0,549500000.0,82000000.0,3.085,1.311,1001600000.0,54500000.0,947100000.0,1001600000.0,0.0,33900000.0,0.0,0.023,0.27,82900000.0,116800000.0,0.156,116800000.0,82900000.0,74400000.0,1.06,1.04,1.06,1387000000.0,,1387000000.0,4112097618.0,21.0,12.423,49600000.0,0.636,1.0,201100000.0,0.268,661700000.0,8500000.0,2592600000.0,,617000000.0,0.0,0.0,0.0,1818900000.0,537900000.0,1281000000.0,3607197618.0,315500000.0,-63500000.0,-9800000.0,355000000.0,-21100000.0,322900000.0,-82000000.0,-300000.0,67800000.0,6800000.0,82500000.0,82500000.0,82500000.0,0.0,-500000.0,0.11,124700000.0,76400000.0,233400000.0,0.255,2.601,24.472,24.342,811600000.0,0.0,46.25,1.304,1.304,501700000.0,1367700000.0,750600000.0,750600000.0,0.0,,,,,4800000.0,123900000.0,1.0,77993462.0,77993462.0,,9.624,2576800000.0,46400000.0,-8100000.0,9700000.0,33.039,1121600000.0
17,TKR,MRQ,2017-03-31,2017-03-31,2017-03-31,2021-08-25,-60800000.0,2815600000.0,,1270700000.0,1544900000.0,,17.032,-19200000.0,132400000.0,132400000.0,521600000.0,38100000.0,2.55,1.106,637300000.0,37200000.0,600100000.0,637300000.0,0.0,32900000.0,0.0,0.023,0.26,61600000.0,94500000.0,0.134,94500000.0,61600000.0,53700000.0,0.49,0.48,0.49,1321100000.0,,1321100000.0,4013671086.0,21.0,12.35,27500000.0,0.355,1.0,182200000.0,0.259,622600000.0,7900000.0,2199500000.0,,566200000.0,0.0,0.0,0.0,1460800000.0,498400000.0,962400000.0,3505971086.0,-19200000.0,-600000.0,8500000.0,-22900000.0,-20300000.0,-42900000.0,-26900000.0,-6800000.0,46700000.0,3900000.0,38200000.0,38200000.0,38200000.0,0.0,-100000.0,0.054,119300000.0,62900000.0,226600000.0,0.531,2.654,30.999,31.172,807600000.0,0.0,45.2,1.304,1.304,492700000.0,1306300000.0,703800000.0,703800000.0,0.0,,,,,5600000.0,117600000.0,1.0,77565732.0,77565732.0,,9.074,2193000000.0,50700000.0,15500000.0,28200000.0,28.273,772300000.0
18,TKR,MRQ,2016-12-31,2016-12-31,2016-12-31,2021-08-25,-77900000.0,2763200000.0,,1211900000.0,1551300000.0,,16.445,-53100000.0,151500000.0,151500000.0,485800000.0,-6900000.0,2.677,1.135,659200000.0,24200000.0,635000000.0,659200000.0,0.0,33400000.0,0.0,0.026,0.26,-3800000.0,29600000.0,0.045,29600000.0,-3800000.0,-12200000.0,-0.08,-0.08,-0.08,1279700000.0,,1279700000.0,3621445059.0,15.0,9.881,72100000.0,0.927,1.0,169000000.0,0.258,628500000.0,8400000.0,2189700000.0,,553700000.0,0.0,0.0,0.0,1452300000.0,452700000.0,999600000.0,3089245059.0,22300000.0,-9800000.0,-14100000.0,-1600000.0,-20200000.0,-29100000.0,-67700000.0,-4700000.0,125200000.0,-6100000.0,-6900000.0,-6900000.0,-6900000.0,0.0,0.0,-0.011,110600000.0,58400000.0,176200000.0,-3.25,2.414,21.941,22.179,804400000.0,0.0,39.7,1.157,1.157,438000000.0,1289300000.0,654800000.0,654800000.0,0.0,,,,,3200000.0,108900000.0,1.0,77814737.0,77814737.0,,8.415,2134700000.0,51400000.0,-5300000.0,20800000.0,27.433,759200000.0
19,TKR,MRQ,2016-09-30,2016-09-30,2016-09-30,2021-08-25,-264800000.0,2819200000.0,,1226800000.0,1592400000.0,,17.111,-32600000.0,131700000.0,131700000.0,487700000.0,34000000.0,2.723,1.085,663900000.0,22500000.0,641400000.0,663900000.0,0.0,33300000.0,0.0,0.03,0.26,56800000.0,90100000.0,0.137,90100000.0,56800000.0,48800000.0,0.43,0.43,0.43,1339500000.0,,1339500000.0,3227310899.0,7.0,5.145,42000000.0,0.537,1.0,169700000.0,0.258,633500000.0,8000000.0,2267400000.0,,575900000.0,0.0,0.0,0.0,1453000000.0,450500000.0,1002500000.0,2750910899.0,-27000000.0,-62100000.0,-14800000.0,28300000.0,-20300000.0,-9700000.0,-92300000.0,2200000.0,74600000.0,400000.0,33600000.0,33600000.0,33600000.0,0.0,400000.0,0.051,112600000.0,57100000.0,184500000.0,0.605,2.054,7.407,7.792,796600000.0,0.0,35.14,1.008,1.008,452800000.0,1524700000.0,657400000.0,657400000.0,0.0,,,,,4200000.0,107200000.0,1.0,78284317.0,78284317.0,,8.398,2185700000.0,50600000.0,15200000.0,15400000.0,27.92,776300000.0
20,TKR,MRQ,2016-06-30,2016-06-30,2016-06-30,2021-08-25,-281500000.0,2794400000.0,,1237100000.0,1557300000.0,,16.831,-26100000.0,156200000.0,156200000.0,489100000.0,48200000.0,2.604,1.076,632600000.0,28400000.0,604200000.0,632600000.0,0.0,32400000.0,0.0,0.034,0.26,78400000.0,110800000.0,0.164,110800000.0,78400000.0,69700000.0,0.61,0.61,0.61,1333400000.0,,1333400000.0,2980171109.0,6.0,4.695,129400000.0,1.633,1.0,184500000.0,0.274,586700000.0,8700000.0,2209100000.0,,555400000.0,0.0,0.0,0.0,1435200000.0,475000000.0,960200000.0,2428971109.0,18700000.0,-700000.0,-33100000.0,-55600000.0,-20400000.0,-109100000.0,-26400000.0,400000.0,155500000.0,-1300000.0,48200000.0,48200000.0,48200000.0,0.0,0.0,0.072,110900000.0,73600000.0,172900000.0,0.426,1.822,6.054,6.335,772500000.0,0.0,30.66,0.874,0.874,452300000.0,1524400000.0,673600000.0,673600000.0,0.0,,,,,2100000.0,108000000.0,1.0,79222802.0,79222802.0,,8.503,2207700000.0,62000000.0,21500000.0,37900000.0,27.867,762100000.0
21,TKR,MRQ,2016-03-31,2016-03-31,2016-03-31,2021-08-25,-271900000.0,2850100000.0,,1274900000.0,1575200000.0,,16.865,-24200000.0,137500000.0,137500000.0,500900000.0,65800000.0,2.88,1.092,688700000.0,15300000.0,673400000.0,688700000.0,0.0,32600000.0,0.0,0.031,0.26,103400000.0,136000000.0,0.199,136000000.0,103400000.0,95000000.0,0.83,0.82,0.83,1349700000.0,,1349700000.0,3208106475.0,6.0,5.091,24400000.0,0.305,1.0,183100000.0,0.268,593800000.0,8400000.0,2364900000.0,,551300000.0,0.0,0.0,0.0,1474500000.0,442600000.0,1031900000.0,2680206475.0,7700000.0,0.0,-34700000.0,31200000.0,-20700000.0,-20900000.0,-24600000.0,-500000.0,48600000.0,4600000.0,65900000.0,65900000.0,65900000.0,0.0,-100000.0,0.096,127800000.0,55300000.0,177900000.0,0.313,1.986,6.878,7.187,780100000.0,0.0,33.49,0.946,0.946,465000000.0,1499900000.0,684000000.0,684000000.0,0.0,,,,,4600000.0,116100000.0,1.0,80030053.0,80030053.0,,8.547,2256300000.0,64900000.0,29100000.0,33800000.0,28.193,832300000.0
22,TKR,MRQ,2015-12-31,2015-12-31,2015-12-31,2021-08-25,-287000000.0,2784100000.0,,1206400000.0,1577700000.0,,15.959,-41700000.0,129800000.0,129800000.0,497900000.0,224000000.0,2.387,1.087,656500000.0,77100000.0,579400000.0,656500000.0,0.0,33000000.0,0.0,0.036,0.26,257400000.0,290400000.0,0.406,290400000.0,257400000.0,249000000.0,2.64,2.62,2.64,1324500000.0,,1324500000.0,2927585737.0,12.0,7.722,92300000.0,1.112,1.0,216500000.0,0.303,598600000.0,8400000.0,2206900000.0,,543200000.0,0.0,0.0,0.0,1439500000.0,505300000.0,934200000.0,2372785737.0,-25400000.0,46500000.0,-81700000.0,-65900000.0,-21300000.0,-156900000.0,3600000.0,-1200000.0,134000000.0,-6100000.0,223700000.0,223700000.0,223700000.0,0.0,300000.0,0.313,-46900000.0,263400000.0,159700000.0,0.098,1.791,12.581,12.821,777800000.0,0.0,28.59,0.826,0.826,454600000.0,1457600000.0,714400000.0,714400000.0,0.0,,,,,4300000.0,82400000.0,1.0,82993555.0,82993555.0,,8.608,2185500000.0,65900000.0,25300000.0,16700000.0,26.333,701100000.0
23,TKR,MRQ,2015-09-30,2015-09-30,2015-09-30,2021-08-25,-411600000.0,2946600000.0,,1378900000.0,1567700000.0,,15.783,-16200000.0,169800000.0,169800000.0,512000000.0,64500000.0,2.277,1.195,724600000.0,98700000.0,625900000.0,724600000.0,0.0,32200000.0,0.0,0.037,0.26,65400000.0,97600000.0,0.138,97600000.0,65400000.0,56800000.0,0.76,0.75,0.76,1334300000.0,,1334300000.0,2705865784.0,58.0,15.167,124600000.0,1.474,1.0,195400000.0,0.276,604900000.0,8600000.0,2290900000.0,,595400000.0,0.0,0.0,0.0,1595000000.0,605600000.0,989400000.0,2323965784.0,-81800000.0,-216400000.0,-50700000.0,86600000.0,-21700000.0,18100000.0,-235500000.0,-3200000.0,140800000.0,-5200000.0,63400000.0,63400000.0,63400000.0,0.0,1100000.0,0.09,128700000.0,66700000.0,176000000.0,0.342,1.742,203.857,161.706,783100000.0,0.0,27.49,0.796,0.796,469800000.0,1514600000.0,707400000.0,707400000.0,0.0,,,,,5000000.0,120700000.0,1.0,84538588.0,84538588.0,,8.368,2341700000.0,66300000.0,-6600000.0,78800000.0,27.7,773300000.0
24,TKR,MRQ,2015-06-30,2015-06-30,2015-06-30,2021-08-25,-396000000.0,2887600000.0,,1436000000.0,1451600000.0,,15.669,-21000000.0,255900000.0,255900000.0,522900000.0,37700000.0,2.418,1.12,637800000.0,82200000.0,555600000.0,637800000.0,0.0,32100000.0,0.0,0.028,0.26,74000000.0,106100000.0,0.146,106100000.0,74000000.0,65600000.0,0.43,0.43,0.43,1353700000.0,,1353700000.0,3513622912.0,-105.0,35.171,67500000.0,0.781,1.0,205100000.0,0.282,482800000.0,8400000.0,2192700000.0,,574200000.0,0.0,0.0,0.0,1516500000.0,594000000.0,922500000.0,3159422912.0,82400000.0,2800000.0,-77500000.0,114100000.0,-22100000.0,12500000.0,-19300000.0,-300000.0,88500000.0,700000.0,36700000.0,36700000.0,36700000.0,0.0,1000000.0,0.05,131900000.0,73200000.0,170100000.0,0.605,2.334,-42.753,-44.06,759100000.0,0.0,36.57,1.053,1.053,487500000.0,1472900000.0,728000000.0,728000000.0,0.0,,,,,5000000.0,126100000.0,1.0,86393845.0,86393845.0,,8.427,2404800000.0,85700000.0,28900000.0,91400000.0,27.835,842000000.0
25,TKR,MRQ,2015-03-31,2015-03-31,2015-03-31,2021-08-25,-405200000.0,2820400000.0,,1363800000.0,1456600000.0,,15.904,-16900000.0,169200000.0,169200000.0,520000000.0,-134800000.0,2.626,1.001,523400000.0,3700000.0,519700000.0,523400000.0,0.0,33500000.0,0.0,0.022,0.25,-148500000.0,-115000000.0,-0.159,-115000000.0,-148500000.0,-156500000.0,-1.54,-1.54,-1.54,1403000000.0,,1403000000.0,3953354942.0,-350.0,31.856,100000.0,0.001,1.0,202500000.0,0.28,486700000.0,8000000.0,2168500000.0,,580300000.0,0.0,0.0,0.0,1404200000.0,519400000.0,884800000.0,3717354942.0,-124400000.0,0.0,-95700000.0,-4700000.0,-21900000.0,-120800000.0,-14000000.0,2900000.0,17000000.0,-6600000.0,-135200000.0,-135200000.0,-135200000.0,0.0,400000.0,-0.187,349900000.0,-147400000.0,168400000.0,-0.162,2.65,-77.607,-73.93,760200000.0,0.0,42.14,1.214,1.214,491500000.0,1458300000.0,722500000.0,722500000.0,0.0,,,,,4100000.0,128500000.0,1.0,88214403.0,88214403.0,,8.19,2333700000.0,85000000.0,-21300000.0,108300000.0,26.455,844400000.0
26,TKR,MRQ,2014-12-31,2014-12-31,2014-12-31,2021-08-25,-482500000.0,3001400000.0,,1481900000.0,1519500000.0,,17.773,-36300000.0,294100000.0,294100000.0,541400000.0,46900000.0,2.776,0.896,530100000.0,8000000.0,522100000.0,530100000.0,0.0,33600000.0,0.0,0.02,0.25,56100000.0,89700000.0,0.118,89700000.0,56100000.0,47800000.0,0.52,0.52,0.52,1576200000.0,,1576200000.0,4063047246.0,16.0,10.386,75300000.0,0.849,1.0,220800000.0,0.29,499300000.0,8300000.0,2204300000.0,,585500000.0,0.0,0.0,0.0,1412300000.0,533800000.0,878500000.0,3785147246.0,40600000.0,-2300000.0,-4300000.0,-400000.0,-22100000.0,-27100000.0,-37600000.0,1000000.0,111600000.0,-6300000.0,46500000.0,46500000.0,46500000.0,-5300000.0,400000.0,0.061,170100000.0,50700000.0,143900000.0,0.481,2.401,22.161,22.582,780500000.0,0.0,42.68,1.23,1.23,475700000.0,1615400000.0,762200000.0,762200000.0,0.0,,,,,3300000.0,131700000.0,1.0,88686674.0,88686674.0,,8.594,2502100000.0,61100000.0,1300000.0,84300000.0,28.213,948100000.0
27,TKR,MRQ,2014-09-30,2014-09-30,2014-09-30,2021-08-25,-408500000.0,3106700000.0,,1499700000.0,1607000000.0,,17.955,-34700000.0,253500000.0,253500000.0,562500000.0,-21200000.0,2.668,0.897,531400000.0,9400000.0,522000000.0,531400000.0,0.0,34100000.0,0.0,0.018,0.25,-15000000.0,19100000.0,0.024,19100000.0,-15000000.0,-24100000.0,-0.24,-0.24,-0.24,1629900000.0,,1629900000.0,4028655980.0,14.0,9.289,44600000.0,0.491,1.0,225500000.0,0.286,449000000.0,9100000.0,2373500000.0,,618300000.0,0.0,0.0,0.0,1462800000.0,562100000.0,900700000.0,3847955980.0,-56600000.0,0.0,-104100000.0,40900000.0,-22500000.0,-88500000.0,-37400000.0,-3300000.0,79300000.0,-10000000.0,-21900000.0,-21900000.0,-21900000.0,11000000.0,700000.0,-0.028,231600000.0,-6100000.0,185300000.0,-1.042,2.361,21.752,22.194,833400000.0,0.0,42.39,1.256,1.256,488700000.0,1594800000.0,788000000.0,788000000.0,0.0,,,,,4800000.0,132200000.0,1.0,90775088.0,90775088.0,,8.681,2657700000.0,59300000.0,-2200000.0,152000000.0,29.278,937600000.0
28,TKR,MRQ,2014-06-30,2014-06-30,2014-06-30,2021-08-25,-397800000.0,3265200000.0,,1562100000.0,1703100000.0,,19.62,-24000000.0,310100000.0,310100000.0,555600000.0,63800000.0,1.838,0.816,490800000.0,314600000.0,176200000.0,490800000.0,0.0,34200000.0,0.0,0.01,0.18,96100000.0,130300000.0,0.165,130300000.0,96100000.0,90300000.0,0.69,0.68,0.69,1790300000.0,,1790300000.0,6406256718.0,17.0,12.17,51900000.0,0.569,1.0,233600000.0,0.296,552800000.0,5800000.0,2043200000.0,,625000000.0,0.0,0.0,0.0,1461100000.0,849900000.0,611200000.0,6190356718.0,46500000.0,-12000000.0,-31600000.0,41300000.0,-22600000.0,44300000.0,-74700000.0,4500000.0,75900000.0,1000000.0,62700000.0,62700000.0,62700000.0,-6200000.0,1100000.0,0.079,142200000.0,91400000.0,178000000.0,0.261,3.458,24.663,25.126,838300000.0,0.0,67.84,2.059,2.059,486500000.0,1642200000.0,789200000.0,789200000.0,0.0,,,,,6100000.0,136800000.0,1.0,91249362.0,91249362.0,,8.649,2712400000.0,74400000.0,27600000.0,181000000.0,29.725,712200000.0
29,TKR,MRQ,2014-03-31,2014-03-31,2014-03-31,2021-08-25,-614000000.0,4418000000.0,,1869600000.0,2548400000.0,,28.04,-13300000.0,263400000.0,263400000.0,518700000.0,83800000.0,1.903,0.693,479300000.0,272900000.0,206400000.0,479300000.0,0.0,35100000.0,0.0,0.011,0.18,117000000.0,152100000.0,0.206,152100000.0,117000000.0,111500000.0,0.9,0.9,0.9,2601600000.0,,2601600000.0,5529889281.0,13.0,10.244,26900000.0,0.29,1.0,218100000.0,0.296,572400000.0,5500000.0,3079300000.0,,829700000.0,0.0,0.0,0.0,1803600000.0,982200000.0,821400000.0,5453689281.0,-136300000.0,0.0,-114100000.0,3900000.0,-23100000.0,-130900000.0,-45000000.0,2700000.0,40200000.0,-600000.0,83500000.0,83500000.0,83500000.0,0.0,300000.0,0.113,145700000.0,72400000.0,266400000.0,0.2,2.096,20.117,20.481,1559900000.0,0.0,58.78,1.812,1.812,618200000.0,2646800000.0,736800000.0,736800000.0,0.0,,,,,7600000.0,141800000.0,1.0,92781376.0,92781376.0,,7.941,3845600000.0,79700000.0,28000000.0,297800000.0,41.448,887400000.0
30,TKR,MRQ,2013-12-31,2013-12-31,2013-12-31,2021-08-25,-626100000.0,4477900000.0,,1937500000.0,2540400000.0,,27.004,-36000000.0,399700000.0,399700000.0,541600000.0,52700000.0,1.977,0.694,445700000.0,269300000.0,176400000.0,445700000.0,0.0,36100000.0,0.0,0.012,0.16,96100000.0,132200000.0,0.176,132200000.0,96100000.0,89200000.0,0.56,0.56,0.56,2636600000.0,,2636600000.0,5435351637.0,14.0,9.99,144100000.0,1.476,1.0,207900000.0,0.277,553500000.0,6900000.0,2990300000.0,,582600000.0,0.0,0.0,0.0,1829300000.0,980100000.0,849200000.0,5376851637.0,-33500000.0,300000.0,-81700000.0,-1000000.0,-21500000.0,-105500000.0,-109400000.0,-100000.0,180100000.0,1300000.0,52600000.0,52600000.0,52600000.0,68600000.0,100000.0,0.07,138300000.0,69600000.0,139900000.0,0.286,2.039,20.468,19.953,855800000.0,0.0,55.07,1.771,1.771,444000000.0,2586400000.0,749500000.0,749500000.0,0.0,,,,,5900000.0,134000000.0,1.0,97636674.0,97636674.0,,7.676,3924400000.0,56200000.0,36600000.0,189600000.0,40.194,957400000.0
31,TKR,MRQ,2013-09-30,2013-09-30,2013-09-30,2021-08-25,-953600000.0,4192900000.0,,2050000000.0,2142900000.0,,24.77,-27600000.0,418100000.0,418100000.0,529400000.0,52500000.0,2.095,0.776,476600000.0,271200000.0,205400000.0,476600000.0,0.0,34700000.0,0.0,0.011,0.16,77100000.0,111800000.0,0.153,111800000.0,77100000.0,72100000.0,0.55,0.54,0.55,2353300000.0,,2353300000.0,5804076775.0,17.0,12.821,84800000.0,0.893,1.0,202000000.0,0.276,581700000.0,5000000.0,2691300000.0,,856100000.0,0.0,0.0,0.0,1825800000.0,978400000.0,847400000.0,5738376775.0,21300000.0,2800000.0,-23400000.0,14400000.0,-21800000.0,-30700000.0,-63000000.0,-1400000.0,112400000.0,2600000.0,52200000.0,52200000.0,52200000.0,-17700000.0,300000.0,0.071,143100000.0,58900000.0,252500000.0,0.291,2.438,20.106,20.268,1498300000.0,0.0,60.4,2.778,2.778,593700000.0,2555300000.0,731400000.0,731400000.0,0.0,,,,,3200000.0,139400000.0,1.0,95006238.0,95006238.0,,7.698,3611200000.0,105700000.0,19900000.0,127500000.0,38.01,1071600000.0
32,TKR,MRQ,2013-06-30,2013-06-30,2013-06-30,2021-08-25,-985400000.0,4106300000.0,,2003100000.0,2103200000.0,,24.041,-100000.0,396800000.0,396800000.0,551700000.0,82900000.0,3.022,0.769,462500000.0,7200000.0,455300000.0,462500000.0,0.0,23200000.0,0.0,0.011,0.16,120500000.0,143700000.0,0.182,143700000.0,120500000.0,114400000.0,0.86,0.86,0.86,2311600000.0,,2311600000.0,5426142674.0,13.0,10.334,175200000.0,1.822,1.0,239600000.0,0.303,589200000.0,6100000.0,2919900000.0,,818600000.0,0.0,0.0,0.0,1778500000.0,662900000.0,1115600000.0,5411542674.0,-61100000.0,-52900000.0,-77500000.0,-9600000.0,-22100000.0,-95000000.0,-134500000.0,-1000000.0,175300000.0,-6900000.0,82800000.0,82800000.0,82800000.0,-27500000.0,100000.0,0.105,146100000.0,93500000.0,241900000.0,0.186,2.341,17.229,17.211,1469100000.0,0.0,56.28,2.185,2.185,624200000.0,2524900000.0,791300000.0,791300000.0,0.0,,,,,3100000.0,139400000.0,1.0,96153921.0,96153921.0,,8.23,3517100000.0,75400000.0,31600000.0,102100000.0,36.578,1340200000.0
33,TKR,MRQ,2013-03-31,2013-03-31,2013-03-31,2021-08-25,-998900000.0,4165100000.0,,2073200000.0,2091900000.0,,24.064,-62800000.0,457900000.0,457900000.0,815400000.0,75000000.0,3.064,0.798,472500000.0,17200000.0,455300000.0,472500000.0,0.0,48400000.0,0.0,0.011,0.16,120300000.0,168700000.0,0.155,168700000.0,120300000.0,113900000.0,0.78,0.77,0.78,2308600000.0,,2308600000.0,5320721967.0,9.0,7.233,-100600000.0,-1.049,1.0,274500000.0,0.252,571000000.0,6400000.0,2932100000.0,,833800000.0,0.0,0.0,0.0,1842200000.0,676600000.0,1165600000.0,5428121967.0,-128500000.0,-14400000.0,6500000.0,-7000000.0,-22100000.0,-18100000.0,-69100000.0,8000000.0,-37800000.0,-3500000.0,75100000.0,75100000.0,75100000.0,0.0,-100000.0,0.069,154800000.0,119700000.0,229700000.0,0.205,2.351,13.083,13.189,1423600000.0,0.0,56.58,1.792,1.792,607200000.0,2464200000.0,1089900000.0,1089900000.0,0.0,,,,,4100000.0,153600000.0,1.0,95937115.0,95937115.0,,11.361,3594100000.0,138700000.0,38800000.0,112000000.0,37.463,1396600000.0
34,TKR,MRQ,2012-12-31,2012-12-31,2012-12-31,2021-08-25,-1013200000.0,4244200000.0,,2162000000.0,2082200000.0,,23.289,69000000.0,601500000.0,601500000.0,-487400000.0,75400000.0,3.237,0.895,479000000.0,23900000.0,455100000.0,479000000.0,0.0,800000.0,0.0,0.013,0.16,27700000.0,28500000.0,-0.052,28500000.0,27700000.0,20600000.0,0.79,0.79,0.79,2232200000.0,,2232200000.0,4587764688.0,6.0,5.319,326600000.0,3.408,1.0,-59800000.0,0.109,563600000.0,7100000.0,2890300000.0,,862100000.0,0.0,0.0,0.0,1997600000.0,667800000.0,1329800000.0,4584364688.0,100900000.0,-20500000.0,-6400000.0,400000.0,-22200000.0,-26800000.0,-132700000.0,-2900000.0,257600000.0,2800000.0,75300000.0,75300000.0,75300000.0,-164400000.0,100000.0,-0.138,74800000.0,-134600000.0,216200000.0,0.203,2.054,9.252,9.36,1405300000.0,0.0,47.83,1.365,1.365,546700000.0,2411200000.0,-547200000.0,-547200000.0,0.0,,,,,2500000.0,74100000.0,1.0,95847056.0,95847056.0,,-5.709,3680600000.0,160600000.0,-54700000.0,40800000.0,38.401,1494200000.0
35,TKR,MRQ,2012-09-30,2012-09-30,2012-09-30,2021-08-25,-854900000.0,4218500000.0,,2233700000.0,1984800000.0,,23.954,-71600000.0,485500000.0,485500000.0,843600000.0,81100000.0,2.799,0.803,488900000.0,27500000.0,461400000.0,488900000.0,0.0,49000000.0,0.0,0.017,0.16,135200000.0,184200000.0,0.161,184200000.0,135200000.0,127900000.0,0.84,0.83,0.84,2331400000.0,,2331400000.0,3601073064.0,4.0,3.421,58500000.0,0.601,1.0,298900000.0,0.262,553800000.0,7300000.0,2870200000.0,,928100000.0,0.0,0.0,0.0,1872700000.0,797900000.0,1074800000.0,3616773064.0,-24400000.0,0.0,-60200000.0,-5900000.0,-21900000.0,-88000000.0,-71700000.0,-1000000.0,130100000.0,5200000.0,80900000.0,80900000.0,80900000.0,0.0,200000.0,0.071,164600000.0,134300000.0,270000000.0,0.19,1.551,6.833,6.843,1344300000.0,0.0,37.16,0.699,0.699,629800000.0,2358100000.0,1142500000.0,1142500000.0,0.0,,,,,4100000.0,152700000.0,1.0,97329738.0,97329738.0,,11.738,3664700000.0,161500000.0,47000000.0,123000000.0,37.652,1435800000.0
36,TKR,MRQ,2012-06-30,2012-06-30,2012-06-30,2021-08-25,-882500000.0,4404800000.0,,2365500000.0,2039300000.0,,23.572,-68800000.0,509900000.0,509900000.0,965900000.0,183400000.0,2.858,0.908,494200000.0,20300000.0,473900000.0,494200000.0,0.0,50000000.0,0.0,0.013,0.16,304200000.0,354200000.0,0.264,354200000.0,304200000.0,296100000.0,1.88,1.86,1.88,2301000000.0,,2301000000.0,4615485905.0,5.0,4.167,206300000.0,2.113,1.0,377300000.0,0.281,558400000.0,8100000.0,3003000000.0,,943300000.0,0.0,0.0,0.0,2089600000.0,827700000.0,1261900000.0,4469785905.0,154600000.0,0.0,-18300000.0,-9200000.0,-22400000.0,-46300000.0,-64100000.0,700000.0,275100000.0,-10100000.0,183600000.0,183600000.0,183600000.0,0.0,-200000.0,0.137,179700000.0,197600000.0,283700000.0,0.085,1.943,7.99,8.005,1320000000.0,0.0,45.79,0.835,0.835,715700000.0,2299100000.0,1343200000.0,1343200000.0,0.0,,,,,4900000.0,163000000.0,1.0,97614892.0,97614892.0,,13.76,3846400000.0,233800000.0,112500000.0,151000000.0,39.404,1537800000.0
37,TKR,MRQ,2012-03-31,2012-03-31,2012-03-31,2021-08-25,-853200000.0,4373500000.0,,2316500000.0,2057000000.0,,22.343,-45100000.0,358900000.0,358900000.0,1009400000.0,156000000.0,2.837,0.996,504600000.0,25800000.0,478800000.0,504600000.0,0.0,49800000.0,0.0,0.011,0.16,245800000.0,295600000.0,0.208,295600000.0,245800000.0,237200000.0,1.59,1.58,1.59,2183800000.0,,2183800000.0,5006012987.0,6.0,5.046,-83800000.0,-0.857,1.0,411600000.0,0.29,564500000.0,8600000.0,3138200000.0,,993100000.0,0.0,0.0,0.0,2175300000.0,816500000.0,1358800000.0,4959312987.0,-109500000.0,-200000.0,-13600000.0,-11400000.0,-22500000.0,-47500000.0,-29200000.0,17500000.0,-38700000.0,5900000.0,155700000.0,155700000.0,155700000.0,0.0,300000.0,0.11,164900000.0,246700000.0,310600000.0,0.101,2.271,9.972,9.988,1313300000.0,0.0,50.74,0.929,0.929,762000000.0,2137900000.0,1421000000.0,1421000000.0,0.0,,,,,4400000.0,164700000.0,1.0,97739712.0,97739712.0,,14.539,3809000000.0,247200000.0,81500000.0,132100000.0,38.971,1500000000.0
38,TKR,MRQ,2011-12-31,2011-12-31,2011-12-31,2021-08-25,-889500000.0,4327400000.0,,2292900000.0,2034500000.0,,20.771,-99300000.0,468400000.0,468400000.0,922100000.0,108300000.0,2.797,1.127,515100000.0,36300000.0,478800000.0,515100000.0,0.0,49600000.0,0.0,0.014,0.14,168900000.0,218500000.0,0.173,218500000.0,168900000.0,160300000.0,1.12,1.11,1.12,2028300000.0,,2028300000.0,3885650236.0,5.0,4.206,177500000.0,1.818,1.0,342600000.0,0.271,568400000.0,8600000.0,2985800000.0,,964400000.0,0.0,0.0,0.0,2284900000.0,819900000.0,1465000000.0,3780050236.0,61900000.0,-93200000.0,-6800000.0,3600000.0,-19400000.0,-18200000.0,-190500000.0,1200000.0,276800000.0,-6200000.0,109100000.0,109100000.0,109100000.0,0.0,-800000.0,0.086,173000000.0,169600000.0,287300000.0,0.125,1.864,8.321,8.325,1308900000.0,0.0,38.71,0.731,0.731,645500000.0,2004700000.0,1264700000.0,1264700000.0,0.0,,,,,3800000.0,167100000.0,1.0,97650484.0,97650484.0,,12.951,3759000000.0,230900000.0,51200000.0,56100000.0,38.494,1473000000.0
39,TKR,MRQ,2011-09-30,2011-09-30,2011-09-30,2021-08-25,-619400000.0,4123000000.0,,2266500000.0,1856500000.0,,22.464,-45900000.0,406500000.0,406500000.0,978500000.0,112200000.0,2.68,0.861,512100000.0,21200000.0,490900000.0,512100000.0,0.0,49100000.0,0.0,0.016,0.14,190200000.0,239300000.0,0.181,239300000.0,190200000.0,181100000.0,1.13,1.12,1.13,2204700000.0,,2204700000.0,3104402785.0,5.0,3.585,49600000.0,0.505,1.0,343300000.0,0.26,514400000.0,9100000.0,2868500000.0,,949200000.0,0.0,0.0,0.0,1898300000.0,845700000.0,1052600000.0,3221102785.0,-229900000.0,-198900000.0,-18300000.0,-8200000.0,-19500000.0,-44200000.0,-256500000.0,-10600000.0,95500000.0,-24700000.0,111000000.0,111000000.0,111000000.0,0.0,1200000.0,0.084,156300000.0,187000000.0,308400000.0,0.124,1.461,7.396,7.392,1242500000.0,0.0,32.82,0.647,0.647,715900000.0,1915000000.0,1321800000.0,1321800000.0,0.0,,,,,3900000.0,155100000.0,1.0,98144509.0,98144509.0,,13.468,3608600000.0,154800000.0,70100000.0,102900000.0,36.768,1420800000.0
40,TKR,MRQ,2011-06-30,2011-06-30,2011-06-30,2021-08-25,-559400000.0,4175100000.0,,2470800000.0,1704300000.0,,22.355,-34700000.0,637600000.0,637600000.0,979100000.0,122300000.0,3.269,0.9,520900000.0,30300000.0,490600000.0,520900000.0,0.0,46400000.0,0.0,0.01,0.14,192300000.0,238700000.0,0.18,238700000.0,192300000.0,183000000.0,1.24,1.22,1.24,2188700000.0,,2188700000.0,4814490473.0,8.0,6.082,0.0,0.0,1.0,350500000.0,0.264,350700000.0,9300000.0,2951800000.0,,928900000.0,0.0,0.0,0.0,1968800000.0,755900000.0,1212900000.0,4934490473.0,-4800000.0,4800000.0,8000000.0,-2100000.0,-19500000.0,-18000000.0,-28800000.0,0.0,34700000.0,7300000.0,121500000.0,121500000.0,121500000.0,0.0,800000.0,0.091,159900000.0,190600000.0,314600000.0,0.113,2.255,12.499,12.475,1243100000.0,0.0,50.4,1.047,1.047,718800000.0,1823500000.0,1329600000.0,1329600000.0,0.0,,,,,5800000.0,153700000.0,1.0,97906557.0,97906557.0,,13.58,3824400000.0,168500000.0,61500000.0,30600000.0,39.062,1714900000.0
41,TKR,MRQ,2011-03-31,2011-03-31,2011-03-31,2021-08-25,-585100000.0,4180600000.0,,2417400000.0,1763200000.0,,20.923,-19700000.0,642400000.0,642400000.0,920800000.0,113800000.0,3.253,1.032,522400000.0,39100000.0,483300000.0,522400000.0,0.0,47400000.0,0.0,0.008,0.13,179900000.0,227300000.0,0.181,227300000.0,179900000.0,170100000.0,1.15,1.13,1.15,2048100000.0,,2048100000.0,4756156678.0,9.0,6.478,-217300000.0,-2.22,1.0,333300000.0,0.266,353000000.0,9800000.0,2964400000.0,,917500000.0,0.0,0.0,0.0,2114300000.0,743200000.0,1371100000.0,5119556678.0,-239500000.0,0.0,-10100000.0,8300000.0,-17600000.0,-23900000.0,-32200000.0,-13300000.0,-197600000.0,14200000.0,112700000.0,112700000.0,112700000.0,0.0,1100000.0,0.09,151400000.0,181900000.0,320900000.0,0.113,2.5,14.265,14.212,1250900000.0,0.0,52.3,1.165,1.165,672500000.0,1721500000.0,1254100000.0,1254100000.0,0.0,,,,,3400000.0,150300000.0,1.0,97888273.0,97888273.0,,12.812,3827600000.0,216700000.0,57400000.0,54200000.0,39.102,1674200000.0
42,TKR,MRQ,2010-12-31,2010-12-31,2010-12-31,2021-08-25,-624700000.0,4180400000.0,,2399200000.0,1781200000.0,,19.826,-53700000.0,877100000.0,877100000.0,805100000.0,90600000.0,3.374,1.163,513700000.0,32000000.0,481700000.0,513700000.0,0.0,47500000.0,0.0,0.008,0.13,113100000.0,160600000.0,0.15,160600000.0,113100000.0,103600000.0,0.92,0.92,0.92,1925000000.0,,1925000000.0,4227607115.0,9.0,6.619,-54400000.0,-0.56,1.0,265600000.0,0.248,353600000.0,9500000.0,2752400000.0,,828500000.0,0.0,0.0,0.0,2238600000.0,711000000.0,1527600000.0,4634407115.0,-22700000.0,-6500000.0,20900000.0,20100000.0,-17500000.0,23500000.0,-45700000.0,15000000.0,-700000.0,200000.0,90300000.0,90300000.0,90300000.0,-4000000.0,300000.0,0.084,162100000.0,103500000.0,263500000.0,0.141,2.407,16.865,16.866,1267700000.0,0.0,47.73,1.143,1.143,516600000.0,1626400000.0,1070700000.0,1070700000.0,0.0,,,,,4800000.0,149800000.0,1.0,97096315.0,97096315.0,,11.027,3826800000.0,221900000.0,13300000.0,20700000.0,39.412,1688200000.0
43,TKR,MRQ,2010-09-30,2010-09-30,2010-09-30,2021-08-25,-676000000.0,4249000000.0,,2368800000.0,1880200000.0,,18.37,-21700000.0,899800000.0,899800000.0,794600000.0,71100000.0,3.311,1.381,493000000.0,13600000.0,479400000.0,493000000.0,0.0,47000000.0,0.0,0.008,0.09,118000000.0,165000000.0,0.156,165000000.0,118000000.0,108900000.0,0.73,0.72,0.73,1777100000.0,,1777100000.0,3408172523.0,11.0,6.924,127700000.0,1.32,1.0,265100000.0,0.25,353400000.0,9100000.0,2773300000.0,,771400000.0,0.0,0.0,0.0,2455000000.0,715500000.0,1739500000.0,3710972523.0,103600000.0,-16100000.0,10100000.0,-600000.0,-12500000.0,-6500000.0,-69800000.0,-30000000.0,149400000.0,30500000.0,70300000.0,70300000.0,70300000.0,1100000.0,800000.0,0.066,143200000.0,121900000.0,257800000.0,0.123,2.088,22.587,22.698,1256600000.0,0.0,38.36,0.987,0.987,552200000.0,1553600000.0,1059700000.0,1059700000.0,0.0,,,,,3600000.0,140300000.0,1.0,96740681.0,96740681.0,,10.954,3895600000.0,293500000.0,38600000.0,69900000.0,40.268,1653300000.0
44,TKR,MRQ,2010-06-30,2010-06-30,2010-06-30,2021-08-25,-743800000.0,4005100000.0,,2114300000.0,1890800000.0,,16.935,-24700000.0,796200000.0,796200000.0,743100000.0,86200000.0,3.579,1.431,493400000.0,17300000.0,476100000.0,493400000.0,0.0,47500000.0,0.0,0.01,0.09,133800000.0,181300000.0,0.179,181300000.0,133800000.0,123800000.0,0.88,0.88,0.88,1639700000.0,,1639700000.0,2322993133.0,16.0,6.765,153200000.0,1.582,1.0,268300000.0,0.265,345800000.0,10000000.0,2765700000.0,,699500000.0,0.0,0.0,0.0,2346800000.0,590800000.0,1756000000.0,2516428133.0,86900000.0,0.0,-4100000.0,-22500000.0,-12600000.0,-39200000.0,-22300000.0,0.0,177900000.0,-29500000.0,85600000.0,85600000.0,85600000.0,-4200000.0,600000.0,0.085,141700000.0,126600000.0,220500000.0,0.102,1.535,57.453,59.068,1263500000.0,0.0,25.99,0.727,0.727,500300000.0,1495800000.0,1011400000.0,1011400000.0,0.0,,,,,4000000.0,140700000.0,1.0,96822937.0,96822937.0,,10.446,3659300000.0,295000000.0,38200000.0,15200000.0,37.794,1523500000.0
45,TKR,MRQ,2010-03-31,2010-03-31,2010-03-31,2021-08-25,-699291000.0,3988114000.0,,2058991000.0,1929123000.0,,16.626,-13800000.0,709301000.0,709301000.0,691000000.0,29000000.0,3.426,1.464,515866000.0,44637000.0,471229000.0,515866000.0,0.0,47700000.0,0.0,0.008,0.06,84100000.0,131800000.0,0.144,131800000.0,84100000.0,74500000.0,0.3,0.29,0.3,1611119000.0,,1611119000.0,2665177609.0,-41.0,19.778,-27700000.0,-0.286,1.0,222700000.0,0.244,350800000.0,9600000.0,2842890000.0,,689372000.0,0.0,0.0,0.0,2358625000.0,600989000.0,1757636000.0,2908055609.0,-46200000.0,0.0,-5700000.0,3700000.0,-8700000.0,-10700000.0,-15100000.0,0.0,-13900000.0,-6500000.0,28600000.0,28600000.0,28600000.0,-300000.0,400000.0,0.031,138500000.0,84200000.0,221852000.0,0.2,1.805,-27.357,-27.036,1302542000.0,0.0,30.01,0.912,0.912,489054000.0,1422782000.0,913700000.0,913700000.0,0.0,,,,,4500000.0,133000000.0,1.0,96902886.0,96902886.0,,9.429,3637314000.0,297021000.0,45900000.0,15810000.0,37.536,1458002000.0
46,TKR,MRQ,2009-12-31,2009-12-31,2009-12-31,2021-08-25,-717100000.0,4006900000.0,,2022500000.0,1984400000.0,,16.29,-33400000.0,755500000.0,755500000.0,601400000.0,-19900000.0,3.743,1.528,512700000.0,43400000.0,469300000.0,512700000.0,0.0,50700000.0,0.0,0.013,0.06,-36600000.0,14100000.0,0.018,14100000.0,-36600000.0,-51300000.0,-0.22,-0.22,-0.22,1577600000.0,,1577600000.0,2466103548.0,-20.0,30.371,130100000.0,1.343,1.0,173200000.0,0.224,353800000.0,14700000.0,2869900000.0,,671200000.0,0.0,0.0,0.0,2411300000.0,540400000.0,1870900000.0,2296222548.0,372700000.0,303600000.0,200000.0,-288600000.0,-8600000.0,-59600000.0,269900000.0,0.0,163500000.0,-1100000.0,-20200000.0,-20200000.0,-20200000.0,-59900000.0,300000.0,-0.026,194000000.0,-20800000.0,156000000.0,-0.273,1.456,-17.136,-17.058,1335200000.0,0.0,23.71,0.731,0.731,411200000.0,1402900000.0,774600000.0,774600000.0,0.0,,,,,3300000.0,114000000.0,1.0,96846164.0,96846164.0,,7.998,3653100000.0,310100000.0,-31100000.0,15300000.0,37.721,1482100000.0
47,TKR,MRQ,2009-09-30,2009-09-30,2009-09-30,2021-08-25,-747157000.0,4458021000.0,,2316697000.0,2141324000.0,,16.245,-28300000.0,631036000.0,631036000.0,634100000.0,-49800000.0,2.628,1.823,800917000.0,331860000.0,469057000.0,800917000.0,0.0,49000000.0,0.0,0.016,0.06,-32800000.0,16200000.0,0.021,16200000.0,-32800000.0,-43100000.0,-0.52,-0.52,-0.52,1572834000.0,,1572834000.0,2583893282.0,-24.0,28.789,142500000.0,1.472,1.0,129500000.0,0.17,356662000.0,10300000.0,3389733000.0,,716948000.0,0.0,0.0,0.0,2867048000.0,881507000.0,1985541000.0,2268437282.0,105700000.0,-100000.0,700000.0,206100000.0,-8500000.0,-49900000.0,-26500000.0,0.0,170800000.0,11300000.0,-50200000.0,-50200000.0,-50200000.0,30800000.0,400000.0,-0.066,126900000.0,2600000.0,352558000.0,-0.115,1.442,-15.128,-15.019,1425960000.0,0.0,23.43,0.655,0.655,458393000.0,1431701000.0,763600000.0,763600000.0,0.0,,,,,3400000.0,107300000.0,1.0,96817639.0,96817639.0,,7.887,4101359000.0,380561000.0,7100000.0,13539000.0,42.362,1435190000.0
48,TKR,MRQ,2009-06-30,2009-06-30,2009-06-30,2021-08-25,-791226000.0,4222155000.0,,1818777000.0,2403378000.0,,16.358,-19449000.0,277086000.0,277086000.0,611400000.0,-63900000.0,2.257,1.655,592542000.0,337697000.0,254845000.0,592542000.0,0.0,51652000.0,0.0,0.026,0.06,-79000000.0,-27348000.0,-0.037,-27348000.0,-79000000.0,-87500000.0,-0.67,-0.67,-0.67,1583404000.0,,1583404000.0,2171548594.0,16.0,6.765,200825000.0,2.075,1.0,125400000.0,0.17,395963000.0,8500000.0,3335873000.0,,930141000.0,0.0,0.0,0.0,2621008000.0,805775000.0,1815233000.0,1653286594.0,152972000.0,-258000.0,-1648000.0,-48434000.0,-8676000.0,-58758000.0,-19630000.0,0.0,220274000.0,11086000.0,-64500000.0,-64500000.0,-64500000.0,0.0,600000.0,-0.088,178700000.0,-53300000.0,316284000.0,-0.09,1.044,53.92,55.097,1653212000.0,0.0,17.08,0.409,0.409,465068000.0,1490299000.0,736800000.0,736800000.0,0.0,,,,,3791000.0,128000000.0,1.0,96796639.0,96796639.0,,7.612,3826192000.0,397612000.0,-23000000.0,15107000.0,39.528,1013002000.0
49,TKR,MRQ,2009-03-31,2009-03-31,2009-03-31,2021-08-25,-854260000.0,4317873000.0,,1871133000.0,2446740000.0,,16.503,-30351000.0,112012000.0,112012000.0,712002000.0,-5078000.0,2.116,1.699,630274000.0,368861000.0,261413000.0,630274000.0,0.0,50148000.0,0.0,0.037,0.13,28092000.0,78240000.0,0.09,78240000.0,28092000.0,19663000.0,0.01,0.01,0.01,1593603000.0,,1593603000.0,1855594285.0,5.0,3.355,2775000.0,0.029,1.0,154614000.0,0.178,397952000.0,8429000.0,3553862000.0,,1060399000.0,0.0,0.0,0.0,2707007000.0,884321000.0,1822686000.0,1348060285.0,-9272000.0,-42000.0,1648000.0,6034000.0,-17424000.0,-9742000.0,-29570000.0,0.0,33126000.0,-3086000.0,870000.0,870000.0,870000.0,0.0,-5948000.0,0.001,137166000.0,17448000.0,342475000.0,13.0,0.846,7.322,7.347,1698258000.0,0.0,13.96,0.279,0.279,538804000.0,1563530000.0,866616000.0,866616000.0,0.0,,,,,4409000.0,123411000.0,1.0,96565923.0,96565923.0,,8.974,3919921000.0,393513000.0,18793000.0,25716000.0,40.593,986812000.0
50,TKR,MRQ,2008-12-31,2008-12-31,2008-12-31,2021-08-25,-819633000.0,4536050000.0,,2033465000.0,2502585000.0,,16.988,-75545000.0,133383000.0,133383000.0,920083000.0,-35481000.0,2.547,1.752,623840000.0,108590000.0,515250000.0,623840000.0,0.0,45835000.0,0.0,0.025,0.13,-23174000.0,22661000.0,0.021,22661000.0,-23174000.0,-34199000.0,-0.38,-0.37,-0.38,1640244000.0,,1640244000.0,2539808595.0,5.0,3.791,193199000.0,2.001,1.0,177869000.0,0.162,362334000.0,11025000.0,3865860000.0,,1000493000.0,0.0,0.0,0.0,2873012000.0,798313000.0,2074699000.0,1895308595.0,18281000.0,-28822000.0,21000.0,-115762000.0,-17417000.0,-133158000.0,-111288000.0,0.0,268744000.0,-6017000.0,-36121000.0,-36121000.0,-36121000.0,11300000.0,640000.0,-0.033,164890000.0,12979000.0,423523000.0,-0.342,1.156,7.08,7.061,1516972000.0,0.0,19.63,0.376,0.376,575915000.0,1580084000.0,1097952000.0,1097952000.0,0.0,,,,,3629000.0,139532000.0,1.0,96551635.0,96551635.0,,11.372,4173716000.0,398397000.0,1922000.0,36138000.0,43.228,1235152000.0
51,TKR,MRQ,2008-09-30,2008-09-30,2008-09-30,2021-08-25,-303070000.0,4707119000.0,,2377332000.0,2329787000.0,,22.867,-48449000.0,94709000.0,94709000.0,954812000.0,131510000.0,2.254,1.133,739209000.0,217313000.0,521896000.0,739209000.0,0.0,37885000.0,0.0,0.017,0.13,209537000.0,247422000.0,0.185,247422000.0,209537000.0,198534000.0,1.35,1.35,1.35,2206702000.0,,2206702000.0,3522514699.0,6.0,4.666,169691000.0,1.758,1.0,381540000.0,0.286,441210000.0,11003000.0,3855514000.0,,1297928000.0,0.0,0.0,0.0,2500417000.0,1054895000.0,1445522000.0,2735875699.0,21662000.0,-272000.0,1171000.0,-106678000.0,-17374000.0,-122881000.0,-53194000.0,0.0,218140000.0,-20403000.0,130413000.0,130413000.0,130413000.0,0.0,1097000.0,0.098,178870000.0,202670000.0,535693000.0,0.096,1.24,7.77,7.788,1733445000.0,0.0,28.35,0.553,0.553,814702000.0,1633614000.0,1336352000.0,1336352000.0,0.0,,,,,3599000.0,176491000.0,1.0,96503552.0,96503552.0,,13.848,4265909000.0,146954000.0,68121000.0,76151000.0,44.205,1322437000.0
52,TKR,MRQ,2008-06-30,2008-06-30,2008-06-30,2021-08-25,-214215000.0,4794879000.0,,2396947000.0,2397932000.0,,22.68,-74917000.0,74735000.0,74735000.0,1191805000.0,89921000.0,2.115,1.201,861374000.0,302059000.0,559315000.0,861374000.0,0.0,59605000.0,0.0,0.015,0.12,145170000.0,204775000.0,0.133,204775000.0,145170000.0,133527000.0,0.92,0.92,0.92,2178173000.0,,2178173000.0,3968635447.0,9.0,6.273,28710000.0,0.299,1.0,343744000.0,0.224,449744000.0,11643000.0,3998685000.0,,1247759000.0,0.0,0.0,0.0,2616706000.0,1133089000.0,1483617000.0,3163570447.0,12495000.0,-1577000.0,14121000.0,-12416000.0,-16389000.0,-14684000.0,-77647000.0,0.0,103627000.0,1199000.0,88943000.0,88943000.0,88943000.0,0.0,978000.0,0.058,198410000.0,145334000.0,576630000.0,0.13,1.452,12.031,12.11,1774744000.0,0.0,32.94,0.65,0.65,909409000.0,1520575000.0,1535549000.0,1535549000.0,0.0,,,,,4886000.0,196603000.0,1.0,96040390.0,96040390.0,,15.989,4345135000.0,170915000.0,44584000.0,43944000.0,45.243,1263858000.0
53,TKR,MRQ,2008-03-31,2008-03-31,2008-03-31,2021-08-25,-234134000.0,4651244000.0,,2264938000.0,2386306000.0,,21.601,-22789000.0,68206000.0,68206000.0,1123133000.0,85350000.0,2.442,1.248,873271000.0,148032000.0,725239000.0,873271000.0,0.0,57475000.0,0.0,0.016,0.12,146703000.0,204178000.0,0.142,204178000.0,146703000.0,135705000.0,0.88,0.88,0.88,2069493000.0,,2069493000.0,3540402737.0,9.0,6.154,-35700000.0,-0.373,1.0,311537000.0,0.217,450256000.0,10998000.0,4078737000.0,,1185498000.0,0.0,0.0,0.0,2581751000.0,927316000.0,1654435000.0,2847391737.0,38062000.0,-55329000.0,1587000.0,139556000.0,-16320000.0,124823000.0,-78571000.0,0.0,-12911000.0,4721000.0,84465000.0,84465000.0,84465000.0,0.0,885000.0,0.059,180822000.0,130715000.0,519616000.0,0.136,1.376,12.416,12.435,1753656000.0,0.0,29.72,0.608,0.608,845927000.0,1448021000.0,1434670000.0,1434670000.0,0.0,,,,,4686000.0,177946000.0,1.0,95807259.0,95807259.0,,14.975,4200988000.0,172684000.0,51240000.0,71600000.0,43.848,1337622000.0
54,TKR,MRQ,2007-12-31,2007-12-31,2007-12-31,2021-08-25,-271251000.0,4379237000.0,,2045251000.0,2333986000.0,,20.469,-84638000.0,30144000.0,30144000.0,476507000.0,51893000.0,2.261,1.234,723155000.0,142568000.0,580587000.0,723155000.0,0.0,27323000.0,0.0,0.014,0.12,71211000.0,98534000.0,0.155,98534000.0,71211000.0,59319000.0,0.49,0.49,0.49,1960669000.0,,1960669000.0,3660262174.0,12.0,7.259,71096000.0,0.742,1.0,160576000.0,0.252,432236000.0,11892000.0,3735590000.0,,1087712000.0,0.0,0.0,0.0,2418568000.0,904422000.0,1514146000.0,3146617174.0,-51699000.0,-202899000.0,817000.0,119100000.0,-16284000.0,103633000.0,-312269000.0,0.0,155734000.0,1203000.0,48291000.0,48291000.0,48291000.0,665000.0,3602000.0,0.076,111924000.0,48652000.0,528052000.0,0.245,1.605,14.299,14.221,1722081000.0,0.0,32.85,0.694,0.694,748483000.0,1379876000.0,637083000.0,637083000.0,0.0,,,,,3456000.0,116389000.0,1.0,95787433.0,95787433.0,,6.651,3947001000.0,170009000.0,11028000.0,32422000.0,41.206,1140829000.0
55,TKR,MRQ,2007-09-30,2007-09-30,2007-09-30,2021-08-25,-441460000.0,4197052000.0,,2018368000.0,2178684000.0,,18.353,-70252000.0,87767000.0,87767000.0,1010830000.0,41243000.0,2.498,1.392,601412000.0,74891000.0,526521000.0,601412000.0,0.0,58120000.0,0.0,0.012,0.12,67006000.0,125126000.0,0.099,125126000.0,67006000.0,56309000.0,0.43,0.43,0.43,1754273000.0,,1754273000.0,4076128726.0,13.0,7.912,25304000.0,0.265,1.0,250409000.0,0.199,312743000.0,10697000.0,3589924000.0,,1021961000.0,0.0,0.0,0.0,2442779000.0,808030000.0,1634749000.0,3550962726.0,14428000.0,698000.0,6342000.0,-7006000.0,-16281000.0,-16945000.0,-69757000.0,0.0,95556000.0,5574000.0,41243000.0,41243000.0,41243000.0,0.0,0.0,0.033,182681000.0,67728000.0,502458000.0,0.279,2.024,17.145,16.963,1644965000.0,0.0,37.15,0.693,0.693,734771000.0,1347871000.0,1261239000.0,1261239000.0,0.0,,,,,3551000.0,170841000.0,1.0,95584461.0,95584461.0,,13.195,3884309000.0,225717000.0,15066000.0,25742000.0,40.637,1210338000.0
56,TKR,MRQ,2007-06-30,2007-06-30,2007-06-30,2021-08-25,-483163000.0,4165646000.0,,2006823000.0,2158823000.0,,17.687,-57001000.0,73339000.0,73339000.0,1061252000.0,55326000.0,2.453,1.482,598505000.0,64649000.0,533856000.0,598505000.0,0.0,47975000.0,0.0,0.012,0.11,99522000.0,147497000.0,0.109,147497000.0,99522000.0,89442000.0,0.59,0.58,0.59,1678393000.0,,1678393000.0,3994254122.0,13.0,7.774,39324000.0,0.414,1.0,287979000.0,0.213,310337000.0,10080000.0,3562292000.0,,981287000.0,0.0,0.0,0.0,2487253000.0,818183000.0,1669070000.0,3426573122.0,-27479000.0,0.0,18759000.0,-74668000.0,-15249000.0,-71158000.0,-55204000.0,0.0,96325000.0,2558000.0,55326000.0,55326000.0,55326000.0,275000.0,0.0,0.041,186883000.0,101096000.0,525945000.0,0.186,2.042,16.131,15.978,1623747000.0,0.0,36.11,0.678,0.678,759285000.0,1322909000.0,1349231000.0,1349231000.0,0.0,,,,,4886000.0,179629000.0,1.0,94892637.0,94892637.0,,14.219,3855309000.0,254666000.0,34116000.0,42488000.0,40.628,1188640000.0
57,TKR,MRQ,2007-03-31,2007-03-31,2007-03-31,2021-08-25,-537753000.0,4124063000.0,,1997598000.0,2126465000.0,,16.589,-57312000.0,100818000.0,100818000.0,1028494000.0,75194000.0,2.363,1.64,668499000.0,137909000.0,530590000.0,668499000.0,0.0,54500000.0,0.0,0.015,0.11,78570000.0,133070000.0,0.104,133070000.0,78570000.0,68926000.0,0.8,0.79,0.8,1562257000.0,,1562257000.0,3351214371.0,10.0,6.363,-63014000.0,-0.669,1.0,256019000.0,0.199,305321000.0,9644000.0,3540881000.0,,974967000.0,0.0,0.0,0.0,2561806000.0,845542000.0,1716264000.0,2854443371.0,-254000.0,-1523000.0,11886000.0,66815000.0,-15152000.0,63549000.0,-59341000.0,0.0,-5702000.0,1240000.0,75194000.0,75194000.0,75194000.0,-940000.0,0.0,0.059,178079000.0,77940000.0,528742000.0,0.138,1.827,12.315,12.271,1598160000.0,0.0,30.31,0.57,0.57,740837000.0,1282832000.0,1284513000.0,1284513000.0,0.0,,,,,4234000.0,164303000.0,1.0,94174971.0,94174971.0,,13.64,3818742000.0,255171000.0,-6268000.0,23679000.0,40.549,1152056000.0
58,TKR,MRQ,2006-12-31,2006-12-31,2006-12-31,2021-08-25,-544562000.0,4027111000.0,,1910308000.0,2116803000.0,,15.681,-117915000.0,101072000.0,101072000.0,1021886000.0,35349000.0,2.298,1.728,597843000.0,50453000.0,547390000.0,597843000.0,0.0,51466000.0,0.0,0.015,0.11,57995000.0,109461000.0,0.089,109461000.0,57995000.0,46095000.0,0.37,0.37,0.37,1476180000.0,,1476180000.0,3445575966.0,10.0,6.307,46663000.0,0.496,1.0,209035000.0,0.17,305969000.0,11900000.0,3386765000.0,,952310000.0,0.0,0.0,0.0,2550931000.0,831148000.0,1719783000.0,2746867966.0,47003000.0,192385000.0,897000.0,-156564000.0,-15061000.0,-170728000.0,49415000.0,0.0,164578000.0,3738000.0,35349000.0,35349000.0,35349000.0,-19580000.0,0.0,0.029,207092000.0,1943000.0,501880000.0,0.297,1.861,12.344,12.261,1601559000.0,0.0,29.18,0.552,0.552,685836000.0,1217167000.0,1230921000.0,1230921000.0,0.0,,,,,3834000.0,173402000.0,1.0,94135297.0,94135297.0,,13.076,3721142000.0,254993000.0,10746000.0,60065000.0,39.53,1079160000.0
59,TKR,MRQ,2006-09-30,2006-09-30,2006-09-30,2021-08-25,-298628000.0,4144054000.0,,2063507000.0,2080547000.0,,18.153,-68131000.0,54069000.0,54069000.0,953565000.0,46547000.0,1.902,1.442,752777000.0,204166000.0,548611000.0,752777000.0,0.0,47748000.0,0.0,0.015,0.11,76000000.0,123748000.0,0.104,123748000.0,76000000.0,64296000.0,0.5,0.49,0.5,1697303000.0,,1697303000.0,3464603302.0,8.0,5.501,5407000.0,0.058,1.0,232397000.0,0.196,397075000.0,11704000.0,3360947000.0,,1077792000.0,0.0,0.0,0.0,2446751000.0,1084740000.0,1362011000.0,2799356302.0,15317000.0,-4299000.0,3967000.0,26847000.0,-15048000.0,15766000.0,-73893000.0,0.0,73538000.0,-94000.0,46547000.0,46547000.0,46547000.0,-7859000.0,0.0,0.039,163361000.0,69036000.0,506866000.0,0.22,1.649,9.925,9.796,1606782000.0,0.0,29.78,0.598,0.595,734631000.0,1196878000.0,1185962000.0,1185962000.0,0.0,,,,,3568000.0,160679000.0,1.0,94001219.0,93500491.0,94376937.0,12.684,3746979000.0,109074000.0,17749000.0,0.0,40.074,978767000.0
60,TKR,MRQ,2006-06-30,2006-06-30,2006-06-30,2021-08-25,-295663000.0,4095938000.0,,2071296000.0,2024642000.0,,17.813,-63004000.0,38752000.0,38752000.0,1008325000.0,74691000.0,1.9,1.465,703999000.0,174983000.0,529016000.0,703999000.0,0.0,47888000.0,0.0,0.013,0.11,112543000.0,160431000.0,0.123,160431000.0,112543000.0,99825000.0,0.8,0.79,0.8,1661302000.0,,1661302000.0,3872151580.0,9.0,6.238,72484000.0,0.777,1.0,293849000.0,0.226,388429000.0,12718000.0,3282727000.0,,1046956000.0,0.0,0.0,0.0,2434636000.0,1090029000.0,1344607000.0,3134913580.0,7467000.0,-3598000.0,11967000.0,-60901000.0,-14095000.0,-63029000.0,-66505000.0,0.0,135488000.0,1513000.0,74691000.0,74691000.0,74691000.0,-9803000.0,0.0,0.057,179978000.0,113871000.0,515055000.0,0.138,1.887,11.385,11.283,1549643000.0,0.0,33.51,0.66,0.658,790171000.0,1165380000.0,1302174000.0,1302174000.0,0.0,,,,,4365000.0,172509000.0,1.0,93551584.0,93261154.0,94313670.0,13.963,3707509000.0,108826000.0,25134000.0,0.0,39.754,981267000.0
61,TKR,MRQ,2006-03-31,2006-03-31,2006-03-31,2021-08-25,-309122000.0,4083811000.0,,2083751000.0,2000060000.0,,16.866,-37836000.0,31285000.0,31285000.0,984495000.0,65940000.0,1.898,1.597,768523000.0,208237000.0,560286000.0,768523000.0,0.0,49490000.0,0.0,0.014,0.11,103171000.0,152661000.0,0.122,152661000.0,103171000.0,90106000.0,0.71,0.7,0.71,1572222000.0,,1572222000.0,3663729754.0,9.0,5.822,-74512000.0,-0.799,1.0,269813000.0,0.215,387155000.0,13065000.0,3335993000.0,,1045580000.0,0.0,0.0,0.0,2511589000.0,1097901000.0,1413688000.0,3008120754.0,-34132000.0,875000.0,6132000.0,49176000.0,-14027000.0,41281000.0,-39885000.0,0.0,-36676000.0,1148000.0,65940000.0,65940000.0,65940000.0,-8846000.0,0.0,0.053,171792000.0,98021000.0,524228000.0,0.155,1.913,11.225,11.089,1535583000.0,0.0,32.27,0.63,0.63,784920000.0,1104784000.0,1254308000.0,1254308000.0,0.0,,,,,3827000.0,170752000.0,1.0,93217253.0,93217253.0,,13.456,3696656000.0,111771000.0,24166000.0,0.0,39.656,985850000.0
62,TKR,MRQ,2005-12-31,2005-12-31,2005-12-31,2021-08-25,-323449000.0,3993734000.0,,1983309000.0,2010425000.0,,16.193,-83535000.0,65417000.0,65417000.0,736932000.0,94881000.0,1.851,1.668,721026000.0,159279000.0,561747000.0,721026000.0,0.0,48891000.0,0.0,0.014,0.11,144111000.0,193002000.0,0.206,193002000.0,144111000.0,131902000.0,1.03,1.02,1.03,1497067000.0,,1497067000.0,3699782466.0,9.0,5.832,129472000.0,1.4,1.0,198884000.0,0.213,383172000.0,12209000.0,3194845000.0,,900294000.0,0.0,0.0,0.0,2496667000.0,1071326000.0,1425341000.0,2960277466.0,2312000.0,-32258000.0,9053000.0,-79338000.0,-13910000.0,-84195000.0,-126144000.0,0.0,213007000.0,-356000.0,94881000.0,94881000.0,94881000.0,-26625000.0,0.0,0.101,159788000.0,39096000.0,470966000.0,0.107,1.977,11.373,11.275,1474074000.0,0.0,32.02,0.614,0.614,657237000.0,1052871000.0,935816000.0,935816000.0,0.0,,,,,4895000.0,158102000.0,1.0,92450889.0,92450889.0,,10.122,3610562000.0,99630000.0,37021000.0,71933000.0,39.054,911983000.0
63,TKR,MRQ,2005-09-30,2005-09-30,2005-09-30,2021-08-25,-317868000.0,4107822000.0,,1954594000.0,2153228000.0,,15.312,-45379000.0,63105000.0,63105000.0,1005722000.0,39831000.0,1.519,1.926,802610000.0,269441000.0,533169000.0,802610000.0,0.0,53066000.0,0.0,0.014,0.11,61540000.0,114606000.0,0.091,114606000.0,61540000.0,48698000.0,0.43,0.43,0.43,1403930000.0,,1403930000.0,3487100373.0,9.0,5.963,24141000.0,0.263,1.0,252411000.0,0.201,363991000.0,12842000.0,3196393000.0,,1004939000.0,0.0,0.0,0.0,2703892000.0,1286943000.0,1416949000.0,2711966373.0,-3875000.0,775000.0,18160000.0,-37533000.0,-13824000.0,-33197000.0,-41667000.0,0.0,69520000.0,1469000.0,39831000.0,39831000.0,39831000.0,0.0,0.0,0.032,187472000.0,64939000.0,514255000.0,0.256,1.932,11.802,11.711,1516325000.0,0.0,29.63,0.559,0.56,791729000.0,971900000.0,1258133000.0,1258133000.0,0.0,,,,,1389000.0,163021000.0,1.0,91527721.0,91688231.0,92821344.0,13.722,3743831000.0,181997000.0,8867000.0,0.0,40.832,667651000.0
64,TKR,MRQ,2005-06-30,2005-06-30,2005-06-30,2021-08-25,-332140000.0,4085943000.0,,1930140000.0,2155803000.0,,14.718,-50863000.0,66980000.0,66980000.0,1047866000.0,67334000.0,1.624,2.044,842114000.0,232487000.0,609627000.0,842114000.0,0.0,53599000.0,0.0,0.017,0.11,115474000.0,169073000.0,0.128,169073000.0,115474000.0,101614000.0,0.74,0.73,0.74,1342163000.0,,1342163000.0,2897108169.0,8.0,5.15,5030000.0,0.055,1.0,276812000.0,0.209,362793000.0,13860000.0,3309750000.0,,963862000.0,0.0,0.0,0.0,2743780000.0,1188534000.0,1555246000.0,2111363169.0,15212000.0,10881000.0,2505000.0,10470000.0,-13728000.0,-753000.0,-36360000.0,0.0,55893000.0,-3568000.0,67334000.0,67334000.0,67334000.0,0.0,0.0,0.051,161698000.0,115114000.0,518388000.0,0.149,1.573,10.179,10.087,1522606000.0,0.0,23.1,0.45,0.449,808276000.0,945893000.0,1324678000.0,1324678000.0,0.0,,,,,1713000.0,161742000.0,1.0,91401003.0,91189208.0,91817375.0,14.527,3723150000.0,176306000.0,34280000.0,0.0,40.829,741606000.0
65,TKR,MRQ,2005-03-31,2005-03-31,2005-03-31,2021-08-25,-308341000.0,4053240000.0,,1866918000.0,2186322000.0,,14.404,-32363000.0,51768000.0,51768000.0,1032690000.0,58235000.0,1.624,2.099,837513000.0,226556000.0,610957000.0,837513000.0,0.0,54100000.0,0.0,0.014,0.11,103624000.0,157724000.0,0.121,157724000.0,103624000.0,90949000.0,0.64,0.63,0.64,1307991000.0,,1307991000.0,,,,-52082000.0,-0.574,1.0,271850000.0,0.208,367076000.0,12675000.0,3322640000.0,,936764000.0,0.0,0.0,0.0,2745249000.0,1149269000.0,1595980000.0,2498903422.0,801000.0,-6556000.0,10075000.0,65462000.0,-13686000.0,61851000.0,-38631000.0,0.0,-19719000.0,-2700000.0,58235000.0,58235000.0,58235000.0,0.0,0.0,0.045,164039000.0,107811000.0,528382000.0,0.172,1.91,15.106,14.94,1547875000.0,0.0,27.34,0.556,0.553,790294000.0,892287000.0,1304540000.0,1304540000.0,0.0,,,,,1296000.0,164039000.0,1.0,91401003.0,90804936.0,91871363.0,14.366,3686164000.0,171080000.0,32714000.0,0.0,40.594,717649000.0
66,TKR,MRQ,2004-12-31,2004-12-31,2004-12-31,2021-08-25,-289486000.0,3942909000.0,,1839198000.0,2103711000.0,,,-43329000.0,50967000.0,50967000.0,729180000.0,64382000.0,1.785,2.105,779324000.0,158690000.0,620634000.0,779324000.0,0.0,44257000.0,0.0,0.014,0.09,99136000.0,143393000.0,0.149,143393000.0,99136000.0,84243000.0,0.72,0.7,0.72,1269848000.0,,1269848000.0,,,,103348000.0,,1.0,232221000.0,0.242,368285000.0,14893000.0,3272358000.0,,874833000.0,0.0,0.0,0.0,2673061000.0,1030623000.0,1642438000.0,,-1904000.0,51564000.0,3884000.0,-146038000.0,-11753000.0,-153907000.0,-2822000.0,0.0,146677000.0,8148000.0,64382000.0,64382000.0,64382000.0,-1610000.0,0.0,0.067,147426000.0,84795000.0,501832000.0,0.125,,,17.232,1583425000.0,0.0,26.02,,,706098000.0,847738000.0,961401000.0,961401000.0,0.0,,,,,2775000.0,150810000.0,1.0,,,,,3574624000.0,198492000.0,19861000.0,50560000.0,,808575000.0
67,TKR,MRQ,2004-09-30,2004-09-30,2004-09-30,2021-08-25,,,,,,,,-39533000.0,,,912679000.0,17463000.0,,,,,,,,51579000.0,,0.015,0.09,40797000.0,92376000.0,0.084,92376000.0,40797000.0,28166000.0,0.19,0.19,0.19,,,,,,,-63608000.0,-0.705,1.0,184045000.0,0.168,,12631000.0,,,,,,,,,,,-14598000.0,-2409000.0,3542000.0,58324000.0,-11725000.0,50141000.0,-42328000.0,0.0,-24075000.0,1664000.0,17463000.0,17463000.0,17463000.0,0.0,0.0,0.016,143556000.0,40489000.0,,0.474,,,,,0.0,24.62,,,,,1096724000.0,1096724000.0,0.0,,,,,0.0,135006000.0,1.0,,90166612.0,91058739.0,12.163,,,10703000.0,,,
68,TKR,MRQ,2004-06-30,2004-06-30,2004-06-30,2021-08-25,,,,,,,,-31247000.0,,,924700000.0,25341000.0,,,,,,,,51409000.0,,0.014,0.09,52791000.0,104200000.0,0.092,104200000.0,52791000.0,40872000.0,0.28,0.28,0.28,,,,,,,-6238000.0,-0.07,1.0,205587000.0,0.182,,11919000.0,,,,,,,,,,,32454000.0,-6275000.0,5930000.0,48110000.0,-11675000.0,42365000.0,-35334000.0,0.0,25009000.0,414000.0,25341000.0,25341000.0,25341000.0,0.0,0.0,0.022,153008000.0,52579000.0,,0.321,,,,,0.0,26.49,,,,,1130287000.0,1130287000.0,0.0,,,,,0.0,147391000.0,1.0,,89698030.0,90552362.0,12.601,,,15531000.0,,,
69,TKR,MRQ,2004-03-31,2004-03-31,2004-03-31,2021-08-25,,,,,,,,-24449000.0,,,896262000.0,28470000.0,,,,,,,,53928000.0,,0.015,0.09,57311000.0,111239000.0,0.101,111239000.0,57311000.0,45920000.0,0.32,0.32,0.32,,,,,,,-51531000.0,-0.577,1.0,202523000.0,0.184,,11391000.0,,,,,,,,,,,6389000.0,-1549000.0,4272000.0,66881000.0,-11614000.0,59539000.0,-28097000.0,0.0,-27082000.0,2029000.0,28470000.0,28470000.0,28470000.0,0.0,0.0,0.026,143433000.0,59090000.0,,0.281,,,,,0.0,23.23,,,,,1098785000.0,1098785000.0,0.0,,,,,0.0,142703000.0,1.0,,89265382.0,90137140.0,12.309,,,17450000.0,,,
0,TKR,MRT,2021-06-30,2021-06-30,2021-06-30,2021-08-25,19800000.0,5166200000.0,5055775000.0,2195000000.0,2971200000.0,0.766,30.15,-124100000.0,306300000.0,306300000.0,2772400000.0,369800000.0,2.56,1.222,1610900000.0,114100000.0,1496800000.0,1610900000.0,0.0,168300000.0,0.0,0.014,1.16,522800000.0,691100000.0,0.178,691100000.0,522800000.0,461000000.0,4.76,4.67,4.76,2290900000.0,2161850000.0,2290900000.0,7519508089.0,14.0,10.88,328700000.0,4.326,1.0,1102200000.0,0.284,1739000000.0,61800000.0,3874500000.0,3816825000.0,919500000.0,0.0,0.0,0.0,2798900000.0,857300000.0,1941600000.0,6123508089.0,-109800000.0,-17200000.0,22000000.0,-304800000.0,-89800000.0,-418700000.0,-162700000.0,-21600000.0,452800000.0,18800000.0,360000000.0,360000000.0,360000000.0,0.0,9800000.0,0.093,581700000.0,520500000.0,385100000.0,0.244,2.673,17.01,16.931,1140400000.0,0.0,80.59,1.58,1.58,804800000.0,1510900000.0,3874600000.0,3874600000.0,0.0,0.071,0.167,0.137,0.135,24300000.0,561900000.0,1.0,75983473.0,75983473.0,,50.993,3427200000.0,70900000.0,101000000.0,159800000.0,45.105,1337700000.0
1,TKR,MRT,2021-03-31,2021-03-31,2021-03-31,2021-08-25,-2100000.0,5106200000.0,4989475000.0,2143600000.0,2962600000.0,0.725,28.734,-117700000.0,303100000.0,303100000.0,2585000000.0,324400000.0,2.338,1.313,1699100000.0,204500000.0,1494600000.0,1699100000.0,0.0,167800000.0,0.0,0.014,1.14,482100000.0,649900000.0,0.18,649900000.0,482100000.0,416700000.0,4.2,4.13,4.2,2175500000.0,2060025000.0,2175500000.0,7491640360.0,16.0,11.527,435400000.0,5.751,1.0,1030200000.0,0.285,1741000000.0,65400000.0,3844400000.0,3843525000.0,864800000.0,0.0,0.0,0.0,2856100000.0,916800000.0,1939300000.0,6145440360.0,-90900000.0,-24000000.0,10700000.0,-384600000.0,-87900000.0,-504000000.0,-161300000.0,-19500000.0,553100000.0,21300000.0,317100000.0,317100000.0,317100000.0,0.0,7300000.0,0.088,546300000.0,483900000.0,362600000.0,0.271,2.825,19.38,19.326,1133700000.0,0.0,81.17,1.7,1.7,825600000.0,1429000000.0,3615200000.0,3615200000.0,0.0,0.064,0.154,0.125,0.133,24100000.0,524700000.0,1.0,75710735.0,75710735.0,,47.75,3365200000.0,69800000.0,99600000.0,163200000.0,44.448,1226800000.0
2,TKR,MRT,2020-12-31,2020-12-31,2020-12-31,2021-08-25,41300000.0,5041600000.0,4957925000.0,2000300000.0,3041300000.0,0.709,28.57,-120100000.0,321100000.0,321100000.0,2503300000.0,292400000.0,2.359,1.308,1667300000.0,157900000.0,1509400000.0,1667300000.0,0.0,167100000.0,0.0,0.015,1.13,456000000.0,623100000.0,0.177,623100000.0,456000000.0,388400000.0,3.78,3.72,3.78,2152900000.0,1970500000.0,2152900000.0,7216754704.0,16.0,11.582,457500000.0,6.071,1.0,1009900000.0,0.287,1789000000.0,67600000.0,3750800000.0,3920250000.0,841300000.0,0.0,0.0,0.0,2816400000.0,848000000.0,1968400000.0,5829554704.0,104900000.0,-24000000.0,-11900000.0,-197600000.0,-87000000.0,-331100000.0,-153500000.0,-9400000.0,577600000.0,11900000.0,284500000.0,284500000.0,284500000.0,0.0,7900000.0,0.081,555000000.0,454900000.0,351400000.0,0.299,2.708,20.491,20.466,1153800000.0,0.0,77.36,1.659,1.659,692000000.0,1339500000.0,3513200000.0,3513200000.0,0.0,0.057,0.144,0.116,0.13,23200000.0,533800000.0,1.0,75356188.0,75356188.0,,46.621,3252600000.0,77000000.0,103900000.0,164800000.0,43.163,1152300000.0
3,TKR,MRT,2020-09-30,2020-09-30,2020-09-30,2021-08-25,-39300000.0,4909100000.0,4912500000.0,1964500000.0,2944600000.0,0.716,27.006,-137100000.0,314000000.0,314000000.0,2488800000.0,354900000.0,2.653,1.386,1701200000.0,102200000.0,1599000000.0,1701200000.0,0.0,165400000.0,0.0,0.021,1.12,485300000.0,650700000.0,0.185,650700000.0,485300000.0,416400000.0,4.57,4.52,4.57,2028100000.0,1899325000.0,2028100000.0,5544828037.0,11.0,8.521,515400000.0,6.863,1.0,1028900000.0,0.292,1758300000.0,68900000.0,3797600000.0,3978700000.0,789900000.0,0.0,0.0,0.0,2810100000.0,740400000.0,2069700000.0,4071828037.0,132100000.0,-150500000.0,-13100000.0,-86300000.0,-86100000.0,-221000000.0,-304100000.0,-14600000.0,652500000.0,4700000.0,344900000.0,344900000.0,344900000.0,0.0,10000000.0,0.098,579300000.0,449600000.0,306700000.0,0.245,2.008,11.806,11.864,1085600000.0,0.0,54.22,1.158,1.158,712600000.0,2073400000.0,3517700000.0,3517700000.0,0.0,0.07,0.182,0.122,0.138,25600000.0,557300000.0,1.0,75098267.0,75098267.0,,46.841,3150800000.0,72900000.0,71500000.0,185600000.0,41.956,1224100000.0
4,TKR,MRT,2020-06-30,2020-06-30,2020-06-30,2021-08-25,-99200000.0,4901000000.0,4826550000.0,2006900000.0,2894100000.0,0.733,25.093,-151600000.0,416100000.0,416100000.0,2494400000.0,330300000.0,3.019,1.557,1889100000.0,88800000.0,1800300000.0,1889100000.0,0.0,163400000.0,0.0,0.025,1.12,471500000.0,634900000.0,0.179,634900000.0,471500000.0,400700000.0,4.24,4.2,4.24,1883600000.0,1828500000.0,1883600000.0,5079059118.0,11.0,8.0,492200000.0,6.557,1.0,1042700000.0,0.295,1727900000.0,70800000.0,3981300000.0,3972225000.0,784000000.0,0.0,0.0,0.0,2933400000.0,664800000.0,2268600000.0,3414759118.0,248700000.0,-150200000.0,-55300000.0,86000000.0,-86200000.0,-75100000.0,-309800000.0,-5900000.0,643800000.0,-10200000.0,320300000.0,320300000.0,320300000.0,0.0,10000000.0,0.091,584200000.0,458500000.0,267300000.0,0.264,1.813,10.661,10.729,1072400000.0,0.0,45.49,0.965,0.965,667800000.0,2005700000.0,3537100000.0,3537100000.0,0.0,0.066,0.175,0.119,0.133,23600000.0,572600000.0,1.0,75066149.0,75066149.0,,47.12,3173100000.0,69700000.0,80400000.0,189300000.0,42.271,1342100000.0
5,TKR,MRT,2020-03-31,2020-03-31,2020-03-31,2021-08-25,-118900000.0,4980000000.0,4769850000.0,2092200000.0,2887800000.0,0.783,24.051,-152000000.0,394000000.0,394000000.0,2615500000.0,363400000.0,2.718,1.695,2058300000.0,201700000.0,1856600000.0,2058300000.0,0.0,163400000.0,0.0,0.035,1.12,508100000.0,671500000.0,0.18,671500000.0,508100000.0,436900000.0,4.64,4.58,4.64,1817400000.0,1785425000.0,1817400000.0,4057283775.0,8.0,6.042,402000000.0,5.32,1.0,1118100000.0,0.299,1723200000.0,71200000.0,4151300000.0,3952150000.0,819700000.0,0.0,0.0,0.0,3079700000.0,769800000.0,2309900000.0,2443783775.0,153900000.0,-223600000.0,-62700000.0,163000000.0,-86500000.0,-7600000.0,-376900000.0,-1300000.0,554000000.0,-15600000.0,350900000.0,350900000.0,350900000.0,0.0,12500000.0,0.094,629900000.0,488200000.0,296000000.0,0.241,1.345,6.964,6.97,1074400000.0,0.0,32.34,0.655,0.655,715100000.0,1964800000.0,3733600000.0,3733600000.0,0.0,0.074,0.197,0.129,0.136,24900000.0,619500000.0,1.0,75565361.0,75565361.0,,49.409,3256800000.0,67400000.0,86000000.0,174500000.0,43.099,1322400000.0
6,TKR,MRT,2019-12-31,2019-12-31,2019-12-31,2021-08-25,-50100000.0,4859900000.0,4695025000.0,1874600000.0,2985300000.0,0.807,24.802,-134300000.0,216200000.0,216200000.0,2648100000.0,374700000.0,2.545,1.555,1829700000.0,110300000.0,1719400000.0,1829700000.0,0.0,160600000.0,0.0,0.02,1.12,531900000.0,692500000.0,0.183,692500000.0,531900000.0,459800000.0,4.78,4.71,4.78,1868200000.0,1740700000.0,1868200000.0,5810005083.0,11.0,8.39,415800000.0,5.52,1.0,1141800000.0,0.301,1752200000.0,72100000.0,3984600000.0,3907275000.0,842000000.0,0.0,0.0,0.0,2905100000.0,736600000.0,2168500000.0,4241505083.0,83100000.0,-226500000.0,-35200000.0,37000000.0,-84900000.0,-100700000.0,-364900000.0,-4100000.0,550100000.0,-1400000.0,362100000.0,362100000.0,362100000.0,0.0,12600000.0,0.096,625400000.0,516400000.0,301700000.0,0.234,2.27,11.714,11.78,1103300000.0,0.0,56.31,1.119,1.119,674300000.0,1907400000.0,3789900000.0,3789900000.0,0.0,0.077,0.208,0.136,0.14,27100000.0,618600000.0,1.0,75324189.0,75324189.0,,50.315,3107700000.0,71800000.0,97700000.0,186000000.0,41.258,1138000000.0
7,TKR,MRT,2019-09-30,2019-09-30,2019-09-30,2021-08-25,-80100000.0,4565300000.0,4591350000.0,1807400000.0,2757900000.0,0.828,22.945,-131200000.0,181900000.0,181900000.0,2663500000.0,317700000.0,2.565,1.575,1750400000.0,124600000.0,1625800000.0,1750400000.0,0.0,160500000.0,0.0,0.026,1.12,512100000.0,672600000.0,0.177,672600000.0,512100000.0,438100000.0,4.07,4.0,4.07,1744800000.0,1668550000.0,1744800000.0,4932566231.0,10.0,7.334,361100000.0,4.749,1.0,1140300000.0,0.3,1657500000.0,74000000.0,3771700000.0,3814725000.0,805300000.0,0.0,0.0,0.0,2747800000.0,704600000.0,2043200000.0,3308566231.0,26900000.0,-82700000.0,-81600000.0,-62600000.0,-85300000.0,-241600000.0,-217100000.0,-2600000.0,492300000.0,-6700000.0,308600000.0,308600000.0,308600000.0,0.0,9100000.0,0.081,613000000.0,527300000.0,265200000.0,0.275,1.896,10.721,10.69,1021800000.0,0.0,43.51,0.87,0.87,699900000.0,1815000000.0,3803800000.0,3803800000.0,0.0,0.067,0.185,0.134,0.135,27500000.0,607700000.0,1.0,76041513.0,76041513.0,,50.023,2907800000.0,27300000.0,129500000.0,154900000.0,38.24,1102800000.0
8,TKR,MRT,2019-06-30,2019-06-30,2019-06-30,2021-08-25,-97500000.0,4674200000.0,4574900000.0,1866700000.0,2807500000.0,0.824,22.482,-110700000.0,167400000.0,167400000.0,2655000000.0,323300000.0,2.681,1.689,1791400000.0,75800000.0,1715600000.0,1791400000.0,0.0,156400000.0,0.0,0.022,1.12,503300000.0,659700000.0,0.175,659700000.0,503300000.0,435000000.0,4.15,4.07,4.15,1711300000.0,1627325000.0,1711300000.0,5549783447.0,11.0,8.413,373900000.0,4.912,1.0,1116100000.0,0.296,1700900000.0,68300000.0,3901000000.0,3799175000.0,843800000.0,0.0,0.0,0.0,2890600000.0,696300000.0,2194300000.0,3907983447.0,20800000.0,-834400000.0,-61400000.0,647500000.0,-85600000.0,488300000.0,-949000000.0,-2500000.0,484600000.0,-3100000.0,316000000.0,316000000.0,316000000.0,0.0,7300000.0,0.084,608000000.0,508100000.0,291600000.0,0.27,2.284,12.367,12.371,1029300000.0,0.0,51.34,1.036,1.036,743200000.0,1772000000.0,3771100000.0,3771100000.0,0.0,0.069,0.194,0.132,0.133,29400000.0,601700000.0,1.0,76119662.0,76119662.0,,49.542,2973300000.0,49400000.0,119000000.0,155100000.0,39.061,1170400000.0
9,TKR,MRT,2019-03-31,2019-03-31,2019-03-31,2021-08-25,-101100000.0,4680700000.0,4288350000.0,1919600000.0,2761100000.0,0.858,21.625,-107500000.0,240100000.0,240100000.0,2599600000.0,320300000.0,2.808,1.816,1881900000.0,64300000.0,1817600000.0,1881900000.0,0.0,149700000.0,0.0,0.026,1.12,489800000.0,639500000.0,0.174,639500000.0,489800000.0,430100000.0,4.11,4.03,4.11,1638500000.0,1579950000.0,1638500000.0,4853486856.0,10.0,7.59,321600000.0,4.245,1.0,1077800000.0,0.293,1667100000.0,59700000.0,3971800000.0,3532400000.0,839400000.0,0.0,0.0,0.0,2974800000.0,683600000.0,2291200000.0,3304986856.0,119800000.0,-754300000.0,-78700000.0,747900000.0,-85900000.0,574200000.0,-870800000.0,-9000000.0,429100000.0,-12700000.0,314500000.0,314500000.0,314500000.0,0.0,5800000.0,0.086,589500000.0,488300000.0,294300000.0,0.273,2.017,10.509,10.613,1011100000.0,0.0,43.62,0.899,0.899,734500000.0,1700800000.0,3677400000.0,3677400000.0,0.0,0.073,0.199,0.139,0.133,29800000.0,584800000.0,1.0,75767695.0,75767695.0,,48.535,3013600000.0,49700000.0,115600000.0,168600000.0,39.774,1236000000.0
10,TKR,MRT,2018-12-31,2018-12-31,2018-12-31,2021-08-25,-95300000.0,4445200000.0,4005550000.0,1737200000.0,2708000000.0,0.894,20.551,-111100000.0,133100000.0,133100000.0,2540700000.0,305500000.0,2.534,1.774,1681600000.0,43000000.0,1638600000.0,1681600000.0,0.0,146000000.0,0.0,0.03,1.11,457100000.0,603100000.0,0.168,603100000.0,457100000.0,405400000.0,3.93,3.86,3.93,1579600000.0,1548050000.0,1579600000.0,4443547071.0,10.0,7.368,221400000.0,2.881,1.0,1040100000.0,0.29,1693700000.0,51700000.0,3614400000.0,3255125000.0,835700000.0,0.0,0.0,0.0,2802500000.0,685600000.0,2116900000.0,2868447071.0,7700000.0,-751400000.0,-85700000.0,732700000.0,-85700000.0,553100000.0,-865200000.0,-2700000.0,332500000.0,-12700000.0,302800000.0,302800000.0,302800000.0,0.0,2700000.0,0.085,585600000.0,454500000.0,273200000.0,0.282,1.816,9.473,9.496,912100000.0,0.0,37.32,0.801,0.801,663200000.0,1630200000.0,3580800000.0,3580800000.0,0.0,0.076,0.196,0.14,0.128,32300000.0,580700000.0,1.0,76860854.0,76860854.0,,46.588,2751500000.0,59000000.0,102600000.0,161500000.0,35.798,1051600000.0
11,TKR,MRT,2018-09-30,2018-09-30,2018-09-30,2021-08-25,-88800000.0,4499500000.0,3744850000.0,1786300000.0,2713200000.0,0.921,20.49,-104700000.0,155000000.0,155000000.0,2450400000.0,272800000.0,2.721,1.81,1730100000.0,48400000.0,1681700000.0,1730100000.0,0.0,141100000.0,0.0,0.022,1.1,428400000.0,569500000.0,0.165,569500000.0,428400000.0,384600000.0,3.52,3.46,3.52,1579900000.0,1513825000.0,1579900000.0,4743596213.0,11.0,8.329,184200000.0,2.389,1.0,998300000.0,0.289,1708500000.0,43800000.0,3709500000.0,3010325000.0,841000000.0,0.0,0.0,0.0,2859100000.0,656600000.0,2202500000.0,3843796213.0,14600000.0,-751000000.0,-47500000.0,729600000.0,-85100000.0,588700000.0,-851600000.0,600000.0,288900000.0,-11400000.0,272000000.0,272000000.0,272000000.0,0.0,800000.0,0.079,568800000.0,429500000.0,282800000.0,0.312,2.433,14.132,14.162,886800000.0,0.0,49.85,1.115,1.115,685900000.0,1595400000.0,3448700000.0,3448700000.0,0.0,0.073,0.18,0.142,0.124,32000000.0,565200000.0,1.0,77107246.0,77107246.0,,44.726,2791000000.0,52300000.0,112600000.0,171600000.0,36.196,1129700000.0
12,TKR,MRT,2018-06-30,2018-06-30,2018-06-30,2021-08-25,-69900000.0,3528000000.0,3460875000.0,1699800000.0,1828200000.0,0.965,19.612,-99800000.0,146600000.0,146600000.0,2377700000.0,254600000.0,2.39,1.298,1046400000.0,165000000.0,881400000.0,1046400000.0,0.0,141700000.0,0.0,0.025,1.09,404000000.0,545700000.0,0.163,545700000.0,404000000.0,362600000.0,3.28,3.23,3.28,1521800000.0,1474600000.0,1521800000.0,4325348958.0,11.0,7.926,80300000.0,1.035,1.0,961100000.0,0.288,882700000.0,41400000.0,2833900000.0,2763225000.0,777400000.0,0.0,0.0,0.0,1975700000.0,711200000.0,1264500000.0,3379348958.0,-301200000.0,-282700000.0,-48200000.0,40700000.0,-84600000.0,-103900000.0,-375800000.0,3500000.0,180100000.0,-1600000.0,253900000.0,253900000.0,253900000.0,0.0,700000.0,0.076,559500000.0,401600000.0,253200000.0,0.332,2.221,13.31,13.277,834500000.0,0.0,43.55,1.012,1.012,530200000.0,1545300000.0,3338800000.0,3338800000.0,0.0,0.073,0.172,0.146,0.121,32100000.0,557200000.0,1.0,77596991.0,77596991.0,,43.027,2645300000.0,55100000.0,108700000.0,55500000.0,34.09,988600000.0
13,TKR,MRT,2018-03-31,2018-03-31,2018-03-31,2021-08-25,-29200000.0,3549500000.0,3388500000.0,1645800000.0,1903700000.0,0.939,19.4,-96100000.0,120300000.0,120300000.0,2288300000.0,244700000.0,2.343,1.328,1066300000.0,169800000.0,896500000.0,1066300000.0,0.0,140600000.0,0.0,0.024,1.08,355000000.0,495600000.0,0.156,495600000.0,355000000.0,315800000.0,3.16,3.11,3.16,1510900000.0,1440900000.0,1510900000.0,4388359510.0,12.0,8.855,49700000.0,0.638,1.0,894800000.0,0.281,930500000.0,39200000.0,2862700000.0,2702900000.0,776800000.0,0.0,0.0,0.0,2006700000.0,702300000.0,1304400000.0,3551459510.0,-12000000.0,-346200000.0,-33300000.0,393300000.0,-84100000.0,263400000.0,-435800000.0,6900000.0,145800000.0,14600000.0,245400000.0,245400000.0,245400000.0,0.0,-700000.0,0.077,542100000.0,352700000.0,266600000.0,0.342,2.351,14.472,14.43,865400000.0,0.0,45.6,1.116,1.116,535100000.0,1475900000.0,3183100000.0,3183100000.0,0.0,0.072,0.17,0.131,0.112,29400000.0,539300000.0,1.0,77882884.0,77882884.0,,40.87,2619000000.0,58000000.0,70400000.0,56200000.0,33.627,943500000.0
14,TKR,MRT,2017-12-31,2017-12-31,2017-12-31,2021-08-25,-38300000.0,3402400000.0,3205025000.0,1500100000.0,1902300000.0,0.937,18.587,-97600000.0,125400000.0,125400000.0,2191700000.0,202300000.0,2.233,1.336,962300000.0,108100000.0,854200000.0,962300000.0,0.0,137700000.0,0.0,0.022,1.07,298100000.0,435800000.0,0.145,435800000.0,298100000.0,261000000.0,2.62,2.58,2.62,1442700000.0,1393450000.0,1442700000.0,4680281546.0,16.0,10.74,139200000.0,1.793,1.0,812100000.0,0.27,932400000.0,37100000.0,2635200000.0,2537100000.0,738900000.0,0.0,0.0,0.0,1927500000.0,671700000.0,1255800000.0,3814881546.0,-26100000.0,-346800000.0,-10500000.0,277200000.0,-83300000.0,168200000.0,-448700000.0,-3600000.0,236800000.0,17600000.0,203400000.0,203400000.0,203400000.0,0.0,-1100000.0,0.068,512600000.0,299500000.0,265200000.0,0.408,2.644,18.756,18.76,864200000.0,0.0,49.15,1.27,1.27,524900000.0,1408400000.0,3003800000.0,3003800000.0,0.0,0.063,0.146,0.117,0.099,24700000.0,508300000.0,1.0,77617122.0,77617122.0,,38.7,2470000000.0,61000000.0,57600000.0,53800000.0,31.823,828400000.0
15,TKR,MRT,2017-09-30,2017-09-30,2017-09-30,2021-08-25,-41000000.0,3363600000.0,3045225000.0,1474300000.0,1889300000.0,0.946,18.28,-108800000.0,140500000.0,140500000.0,2112200000.0,167300000.0,2.592,1.341,1005900000.0,46100000.0,959800000.0,1005900000.0,0.0,135900000.0,0.0,0.022,1.06,225400000.0,361300000.0,0.125,361300000.0,225400000.0,190500000.0,2.16,2.12,2.16,1423000000.0,1352700000.0,1423000000.0,4332976679.0,19.0,11.993,159300000.0,2.046,1.0,768400000.0,0.267,939200000.0,34900000.0,2721100000.0,2425725000.0,687500000.0,0.0,0.0,0.0,1907700000.0,568700000.0,1339000000.0,3779276679.0,11200000.0,-357000000.0,-27400000.0,325400000.0,-82600000.0,207700000.0,-475100000.0,-8900000.0,268100000.0,10500000.0,167300000.0,167300000.0,167300000.0,0.0,0.0,0.058,489900000.0,278500000.0,248100000.0,0.491,2.656,22.59,22.477,842200000.0,0.0,48.55,1.312,1.312,542200000.0,1400200000.0,2880600000.0,2880600000.0,0.0,0.055,0.124,0.093,0.078,21400000.0,484400000.0,1.0,77842980.0,77842980.0,,37.005,2424400000.0,47900000.0,23200000.0,52300000.0,31.145,905600000.0
16,TKR,MRT,2017-06-30,2017-06-30,2017-06-30,2021-08-25,-50100000.0,3238500000.0,2909125000.0,1659500000.0,1579000000.0,0.951,17.784,-123100000.0,447900000.0,447900000.0,2044600000.0,147200000.0,3.085,1.311,1001600000.0,54500000.0,947100000.0,1001600000.0,0.0,133500000.0,0.0,0.023,1.05,197500000.0,331000000.0,0.12,331000000.0,197500000.0,164700000.0,1.9,1.87,1.9,1387000000.0,1331825000.0,1387000000.0,4112097618.0,21.0,12.423,191200000.0,2.451,1.0,722000000.0,0.261,661700000.0,32800000.0,2592600000.0,2312300000.0,617000000.0,0.0,0.0,0.0,1818900000.0,537900000.0,1281000000.0,3607197618.0,291600000.0,-136000000.0,-30200000.0,358800000.0,-81900000.0,241200000.0,-268900000.0,-9600000.0,314300000.0,5000000.0,147400000.0,147400000.0,147400000.0,0.0,-200000.0,0.053,467200000.0,254800000.0,233400000.0,0.553,2.601,24.472,24.342,811600000.0,0.0,46.25,1.304,1.304,501700000.0,1367700000.0,2766600000.0,2766600000.0,0.0,0.051,0.111,0.085,0.071,17800000.0,457600000.0,1.0,77993462.0,77993462.0,,35.472,2576800000.0,46400000.0,17300000.0,9700000.0,33.039,1121600000.0
17,TKR,MRT,2017-03-31,2017-03-31,2017-03-31,2021-08-25,-60800000.0,2815600000.0,2798100000.0,1270700000.0,1544900000.0,0.961,17.032,-131000000.0,132400000.0,132400000.0,1984200000.0,113400000.0,2.55,1.106,637300000.0,37200000.0,600100000.0,637300000.0,0.0,132000000.0,0.0,0.023,1.04,193000000.0,325000000.0,0.121,325000000.0,193000000.0,160000000.0,1.45,1.44,1.45,1321100000.0,1318425000.0,1321100000.0,4013671086.0,21.0,12.35,271000000.0,3.494,1.0,705400000.0,0.262,622600000.0,33000000.0,2199500000.0,2216425000.0,566200000.0,0.0,0.0,0.0,1460800000.0,498400000.0,962400000.0,3505971086.0,-5200000.0,-73200000.0,-53500000.0,-51800000.0,-81200000.0,-190800000.0,-213300000.0,-8900000.0,402000000.0,-3100000.0,113100000.0,113100000.0,113100000.0,0.0,300000.0,0.042,453400000.0,252000000.0,226600000.0,0.717,2.654,30.999,31.172,807600000.0,0.0,45.2,1.304,1.304,492700000.0,1306300000.0,2689600000.0,2689600000.0,0.0,0.04,0.086,0.087,0.072,15100000.0,441700000.0,1.0,77565732.0,77565732.0,,34.675,2193000000.0,50700000.0,46900000.0,28200000.0,28.273,772300000.0
18,TKR,MRT,2016-12-31,2016-12-31,2016-12-31,2021-08-25,-77900000.0,2763200000.0,2806725000.0,1211900000.0,1551300000.0,0.951,16.445,-136000000.0,151500000.0,151500000.0,1963500000.0,141100000.0,2.677,1.135,659200000.0,24200000.0,635000000.0,659200000.0,0.0,131700000.0,0.0,0.026,1.04,234800000.0,366500000.0,0.137,366500000.0,234800000.0,201300000.0,1.79,1.78,1.79,1279700000.0,1325575000.0,1279700000.0,3621445059.0,15.0,9.881,267900000.0,3.443,1.0,706300000.0,0.265,628500000.0,33500000.0,2189700000.0,2257775000.0,553700000.0,0.0,0.0,0.0,1452300000.0,452700000.0,999600000.0,3089245059.0,21700000.0,-72600000.0,-96700000.0,2300000.0,-81600000.0,-168800000.0,-211000000.0,-2600000.0,403900000.0,-2400000.0,140800000.0,140800000.0,140800000.0,0.0,300000.0,0.053,461900000.0,244400000.0,176200000.0,0.581,2.414,21.941,22.179,804400000.0,0.0,39.7,1.157,1.157,438000000.0,1289300000.0,2669800000.0,2669800000.0,0.0,0.05,0.106,0.104,0.088,14100000.0,440200000.0,1.0,77814737.0,77814737.0,,34.31,2134700000.0,51400000.0,60500000.0,20800000.0,27.433,759200000.0
19,TKR,MRT,2016-09-30,2016-09-30,2016-09-30,2021-08-25,-264800000.0,2819200000.0,2811950000.0,1226800000.0,1592400000.0,0.971,17.111,-124600000.0,131700000.0,131700000.0,1975600000.0,372000000.0,2.723,1.085,663900000.0,22500000.0,641400000.0,663900000.0,0.0,131300000.0,0.0,0.03,1.04,496000000.0,627300000.0,0.23,627300000.0,496000000.0,462500000.0,4.51,4.48,4.51,1339500000.0,1336775000.0,1339500000.0,3227310899.0,7.0,5.145,288100000.0,3.68,1.0,753800000.0,0.276,633500000.0,33500000.0,2267400000.0,2262075000.0,575900000.0,0.0,0.0,0.0,1453000000.0,450500000.0,1002500000.0,2750910899.0,-26000000.0,-16300000.0,-164300000.0,-62000000.0,-82700000.0,-296600000.0,-139700000.0,900000.0,412700000.0,-2400000.0,371400000.0,371400000.0,371400000.0,0.0,600000.0,0.136,304400000.0,449400000.0,184500000.0,0.231,2.054,7.407,7.792,796600000.0,0.0,35.14,1.008,1.008,452800000.0,1524700000.0,2729400000.0,2729400000.0,0.0,0.132,0.278,0.219,0.182,15200000.0,413700000.0,1.0,78284317.0,78284317.0,,34.865,2185700000.0,50600000.0,91100000.0,15400000.0,27.92,776300000.0
20,TKR,MRT,2016-06-30,2016-06-30,2016-06-30,2021-08-25,-281500000.0,2794400000.0,2843800000.0,1237100000.0,1557300000.0,0.977,16.831,-108200000.0,156200000.0,156200000.0,1999900000.0,402500000.0,2.604,1.076,632600000.0,28400000.0,604200000.0,632600000.0,0.0,130200000.0,0.0,0.034,1.04,504600000.0,634800000.0,0.228,634800000.0,504600000.0,470500000.0,4.84,4.8,4.84,1333400000.0,1335475000.0,1333400000.0,2980171109.0,6.0,4.695,370700000.0,4.679,1.0,779500000.0,0.28,586700000.0,34100000.0,2209100000.0,2267950000.0,555400000.0,0.0,0.0,0.0,1435200000.0,475000000.0,960200000.0,2428971109.0,-80800000.0,-170600000.0,-200200000.0,-3700000.0,-84100000.0,-268800000.0,-282900000.0,-4500000.0,478900000.0,-8000000.0,401200000.0,401200000.0,401200000.0,0.0,1300000.0,0.144,320500000.0,459000000.0,172900000.0,0.215,1.822,6.054,6.335,772500000.0,0.0,30.66,0.874,0.874,452300000.0,1524400000.0,2779400000.0,2779400000.0,0.0,0.141,0.3,0.222,0.182,16000000.0,427200000.0,1.0,79222802.0,79222802.0,,35.083,2207700000.0,62000000.0,69300000.0,37900000.0,27.867,762100000.0
21,TKR,MRT,2016-03-31,2016-03-31,2016-03-31,2021-08-25,-271900000.0,2850100000.0,2867100000.0,1274900000.0,1575200000.0,0.988,16.865,-103100000.0,137500000.0,137500000.0,2033700000.0,392000000.0,2.88,1.092,688700000.0,15300000.0,673400000.0,688700000.0,0.0,129900000.0,0.0,0.031,1.04,500200000.0,630100000.0,0.222,630100000.0,500200000.0,466400000.0,4.66,4.62,4.66,1349700000.0,1340550000.0,1349700000.0,3208106475.0,6.0,5.091,308800000.0,3.859,1.0,800100000.0,0.282,593800000.0,33800000.0,2364900000.0,2263850000.0,551300000.0,0.0,0.0,0.0,1474500000.0,442600000.0,1031900000.0,2680206475.0,-17100000.0,-167100000.0,-244600000.0,166000000.0,-85800000.0,-147200000.0,-275800000.0,-5200000.0,411900000.0,-6000000.0,389700000.0,389700000.0,389700000.0,0.0,2300000.0,0.138,341500000.0,458600000.0,177900000.0,0.223,1.986,6.878,7.187,780100000.0,0.0,33.49,0.946,0.946,465000000.0,1499900000.0,2833800000.0,2833800000.0,0.0,0.136,0.291,0.221,0.177,18900000.0,445300000.0,1.0,80030053.0,80030053.0,,35.409,2256300000.0,64900000.0,76700000.0,33800000.0,28.193,832300000.0
22,TKR,MRT,2015-12-31,2015-12-31,2015-12-31,2021-08-25,-287000000.0,2784100000.0,2859675000.0,1206400000.0,1577700000.0,1.004,15.959,-95800000.0,129800000.0,129800000.0,2052800000.0,191400000.0,2.387,1.087,656500000.0,77100000.0,579400000.0,656500000.0,0.0,130800000.0,0.0,0.036,1.03,248300000.0,379100000.0,0.132,379100000.0,248300000.0,214900000.0,2.23,2.21,2.23,1324500000.0,1353875000.0,1324500000.0,2927585737.0,12.0,7.722,284500000.0,3.428,1.0,819500000.0,0.285,598600000.0,33400000.0,2206900000.0,2214750000.0,543200000.0,0.0,0.0,0.0,1439500000.0,505300000.0,934200000.0,2372785737.0,-149200000.0,-167100000.0,-305600000.0,130100000.0,-87000000.0,-247100000.0,-265200000.0,-1800000.0,380300000.0,-17200000.0,188600000.0,188600000.0,188600000.0,0.0,2800000.0,0.066,563600000.0,255900000.0,159700000.0,0.462,1.791,12.581,12.821,777800000.0,0.0,28.59,0.826,0.826,454600000.0,1457600000.0,2872300000.0,2872300000.0,0.0,0.066,0.139,0.112,0.086,18400000.0,457700000.0,1.0,82993555.0,82993555.0,,34.609,2185500000.0,65900000.0,26300000.0,16700000.0,26.333,701100000.0
23,TKR,MRT,2015-09-30,2015-09-30,2015-09-30,2021-08-25,-411600000.0,2946600000.0,2914000000.0,1378900000.0,1567700000.0,1.002,15.783,-90400000.0,169800000.0,169800000.0,2096300000.0,14300000.0,2.277,1.195,724600000.0,98700000.0,625900000.0,724600000.0,0.0,131400000.0,0.0,0.037,1.02,47000000.0,178400000.0,0.061,178400000.0,47000000.0,13700000.0,0.17,0.16,0.17,1334300000.0,1416800000.0,1334300000.0,2705865784.0,58.0,15.167,267500000.0,3.164,1.0,823800000.0,0.282,604900000.0,33300000.0,2290900000.0,2214100000.0,595400000.0,0.0,0.0,0.0,1595000000.0,605600000.0,989400000.0,2323965784.0,-83200000.0,-215900000.0,-228200000.0,195600000.0,-87800000.0,-117300000.0,-306400000.0,400000.0,357900000.0,-17400000.0,11400000.0,11400000.0,11400000.0,-5300000.0,2900000.0,0.004,780600000.0,43200000.0,176000000.0,6.0,1.742,203.857,161.706,783100000.0,0.0,27.49,0.796,0.796,469800000.0,1514600000.0,2920100000.0,2920100000.0,0.0,0.004,0.008,0.021,0.016,17400000.0,507000000.0,1.0,84538588.0,84538588.0,,34.542,2341700000.0,66300000.0,2300000.0,78800000.0,27.7,773300000.0
24,TKR,MRT,2015-06-30,2015-06-30,2015-06-30,2021-08-25,-396000000.0,2887600000.0,2954025000.0,1436000000.0,1451600000.0,1.016,15.669,-108900000.0,255900000.0,255900000.0,2146800000.0,-71400000.0,2.418,1.12,637800000.0,82200000.0,555600000.0,637800000.0,0.0,133300000.0,0.0,0.028,1.01,-33400000.0,99900000.0,0.033,99900000.0,-33400000.0,-67200000.0,-0.83,-0.83,-0.83,1353700000.0,1490700000.0,1353700000.0,3513622912.0,-105.0,35.171,187500000.0,2.17,1.0,853900000.0,0.285,482800000.0,33800000.0,2192700000.0,2234750000.0,574200000.0,0.0,0.0,0.0,1516500000.0,594000000.0,922500000.0,3159422912.0,-58000000.0,500000.0,-281600000.0,149900000.0,-88600000.0,-223900000.0,-108300000.0,300000.0,296400000.0,-22200000.0,-73900000.0,-73900000.0,-73900000.0,5700000.0,2500000.0,-0.025,883500000.0,-29600000.0,170100000.0,-1.217,2.334,-42.753,-44.06,759100000.0,0.0,36.57,1.053,1.053,487500000.0,1472900000.0,3000700000.0,3000700000.0,0.0,-0.025,-0.05,-0.015,-0.011,17200000.0,518500000.0,1.0,86393845.0,86393845.0,,34.733,2404800000.0,85700000.0,6700000.0,91400000.0,27.835,842000000.0
25,TKR,MRT,2015-03-31,2015-03-31,2015-03-31,2021-08-25,-405200000.0,2820400000.0,3048425000.0,1363800000.0,1456600000.0,1.004,15.904,-111900000.0,169200000.0,169200000.0,2179500000.0,-45300000.0,2.626,1.001,523400000.0,3700000.0,519700000.0,523400000.0,0.0,135400000.0,0.0,0.022,0.93,-11300000.0,124100000.0,0.041,124100000.0,-11300000.0,-42500000.0,-0.57,-0.58,-0.57,1403000000.0,1599850000.0,1403000000.0,3953354942.0,-350.0,31.856,171900000.0,1.949,1.0,882400000.0,0.288,486700000.0,31200000.0,2168500000.0,2197375000.0,580300000.0,0.0,0.0,0.0,1404200000.0,519400000.0,884800000.0,3717354942.0,-93900000.0,-14300000.0,-235700000.0,77100000.0,-89100000.0,-192100000.0,-163700000.0,5100000.0,283800000.0,-21900000.0,-47900000.0,-47900000.0,-47900000.0,-500000.0,2600000.0,-0.016,893800000.0,-11400000.0,168400000.0,-1.632,2.65,-77.607,-73.93,760200000.0,0.0,42.14,1.214,1.214,491500000.0,1458300000.0,3061900000.0,3061900000.0,0.0,-0.016,-0.03,-0.005,-0.004,18300000.0,529200000.0,1.0,88214403.0,88214403.0,,34.71,2333700000.0,85000000.0,5400000.0,108300000.0,26.455,844400000.0
26,TKR,MRT,2014-12-31,2014-12-31,2014-12-31,2021-08-25,-482500000.0,3001400000.0,3447825000.0,1481900000.0,1519500000.0,0.892,17.773,-108300000.0,294100000.0,294100000.0,2178200000.0,173300000.0,2.776,0.896,530100000.0,8000000.0,522100000.0,530100000.0,0.0,137000000.0,0.0,0.02,0.86,254200000.0,391200000.0,0.127,391200000.0,254200000.0,225500000.0,1.89,1.87,1.89,1576200000.0,1899500000.0,1576200000.0,4063047246.0,16.0,10.386,198700000.0,2.24,1.0,898000000.0,0.292,499300000.0,28700000.0,2204300000.0,2425075000.0,585500000.0,0.0,0.0,0.0,1412300000.0,533800000.0,878500000.0,3785147246.0,-105800000.0,-14300000.0,-254100000.0,85700000.0,-90300000.0,-202200000.0,-194700000.0,4900000.0,307000000.0,-15900000.0,170800000.0,170800000.0,170800000.0,-24000000.0,2500000.0,0.056,689600000.0,208400000.0,143900000.0,0.455,2.401,22.161,22.582,780500000.0,0.0,42.68,1.23,1.23,475700000.0,1615400000.0,3076200000.0,3076200000.0,0.0,0.05,0.09,0.105,0.083,21800000.0,542500000.0,1.0,88686674.0,88686674.0,,34.686,2502100000.0,61100000.0,54700000.0,84300000.0,28.213,948100000.0
27,TKR,MRT,2014-09-30,2014-09-30,2014-09-30,2021-08-25,-408500000.0,3106700000.0,3816950000.0,1499700000.0,1607000000.0,0.803,17.955,-108000000.0,253500000.0,253500000.0,2178400000.0,179100000.0,2.668,0.897,531400000.0,9400000.0,522000000.0,531400000.0,0.0,139500000.0,0.0,0.018,0.77,294200000.0,433700000.0,0.142,433700000.0,294200000.0,266900000.0,1.91,1.9,1.91,1629900000.0,2164600000.0,1629900000.0,4028655980.0,14.0,9.289,267500000.0,2.947,1.0,885100000.0,0.289,449000000.0,27300000.0,2373500000.0,2621575000.0,618300000.0,0.0,0.0,0.0,1462800000.0,562100000.0,900700000.0,3847955980.0,-179900000.0,-11700000.0,-331500000.0,85100000.0,-89700000.0,-280600000.0,-266500000.0,3800000.0,375500000.0,-8300000.0,176900000.0,176900000.0,176900000.0,73400000.0,2200000.0,0.058,657800000.0,227300000.0,185300000.0,0.403,2.361,21.752,22.194,833400000.0,0.0,42.39,1.256,1.256,488700000.0,1594800000.0,3063500000.0,3063500000.0,0.0,0.046,0.082,0.112,0.096,24400000.0,544800000.0,1.0,90775088.0,90775088.0,,33.748,2657700000.0,59300000.0,90000000.0,152000000.0,29.278,937600000.0
28,TKR,MRT,2014-06-30,2014-06-30,2014-06-30,2021-08-25,-397800000.0,3265200000.0,4088500000.0,1562100000.0,1703100000.0,0.735,19.62,-100900000.0,310100000.0,310100000.0,2145300000.0,252800000.0,1.838,0.816,490800000.0,314600000.0,176200000.0,490800000.0,0.0,140100000.0,0.0,0.01,0.68,386300000.0,526400000.0,0.175,526400000.0,386300000.0,363100000.0,2.7,2.68,2.7,1790300000.0,2345450000.0,1790300000.0,6406256718.0,17.0,12.17,307700000.0,3.372,1.0,861600000.0,0.287,552800000.0,23200000.0,2043200000.0,2701025000.0,625000000.0,0.0,0.0,0.0,1461100000.0,849900000.0,611200000.0,6190356718.0,-102000000.0,-8900000.0,-250800000.0,58600000.0,-89000000.0,-222800000.0,-292100000.0,5700000.0,408600000.0,4300000.0,251000000.0,251000000.0,251000000.0,44700000.0,1800000.0,0.083,569300000.0,292300000.0,178000000.0,0.252,3.458,24.663,25.126,838300000.0,0.0,67.84,2.059,2.059,486500000.0,1642200000.0,3006900000.0,3006900000.0,0.0,0.061,0.107,0.143,0.128,22800000.0,552000000.0,1.0,91249362.0,91249362.0,,32.953,2712400000.0,74400000.0,112100000.0,181000000.0,29.725,712200000.0
29,TKR,MRT,2014-03-31,2014-03-31,2014-03-31,2021-08-25,-614000000.0,4418000000.0,4298775000.0,1869600000.0,2548400000.0,0.7,28.04,-77000000.0,263400000.0,263400000.0,2141400000.0,271900000.0,1.903,0.693,479300000.0,272900000.0,206400000.0,479300000.0,0.0,129100000.0,0.0,0.011,0.66,410700000.0,539800000.0,0.179,539800000.0,410700000.0,387200000.0,2.87,2.86,2.87,2601600000.0,2475775000.0,2601600000.0,5529889281.0,13.0,10.244,431000000.0,4.645,1.0,867600000.0,0.288,572400000.0,23500000.0,3079300000.0,2920200000.0,829700000.0,0.0,0.0,0.0,1803600000.0,982200000.0,821400000.0,5453689281.0,-209600000.0,-49800000.0,-296700000.0,7700000.0,-88500000.0,-362100000.0,-351900000.0,200000.0,508000000.0,-3600000.0,271100000.0,271100000.0,271100000.0,23400000.0,800000.0,0.09,573200000.0,294400000.0,266400000.0,0.23,2.096,20.117,20.481,1559900000.0,0.0,58.78,1.812,1.812,618200000.0,2646800000.0,3009000000.0,3009000000.0,0.0,0.063,0.11,0.141,0.136,19800000.0,554600000.0,1.0,92781376.0,92781376.0,,32.431,3845600000.0,79700000.0,116100000.0,297800000.0,41.448,887400000.0
30,TKR,MRT,2013-12-31,2013-12-31,2013-12-31,2021-08-25,-626100000.0,4477900000.0,4235550000.0,1937500000.0,2540400000.0,0.717,27.004,-126500000.0,399700000.0,399700000.0,2167000000.0,263000000.0,1.977,0.694,445700000.0,269300000.0,176400000.0,445700000.0,0.0,142400000.0,0.0,0.012,0.64,401700000.0,544100000.0,0.179,544100000.0,401700000.0,377300000.0,2.76,2.74,2.76,2636600000.0,2402525000.0,2636600000.0,5435351637.0,14.0,9.99,303500000.0,3.108,1.0,868400000.0,0.286,553500000.0,24400000.0,2990300000.0,2883400000.0,582600000.0,0.0,0.0,0.0,1829300000.0,980100000.0,849200000.0,5376851637.0,-201800000.0,-64200000.0,-176100000.0,-3200000.0,-87500000.0,-249300000.0,-376000000.0,5500000.0,430000000.0,-6500000.0,262700000.0,262700000.0,262700000.0,0.0,300000.0,0.087,562500000.0,305900000.0,139900000.0,0.232,2.039,20.468,19.953,855800000.0,0.0,55.07,1.771,1.771,444000000.0,2586400000.0,3035400000.0,3035400000.0,0.0,0.062,0.109,0.139,0.132,16300000.0,546600000.0,1.0,97636674.0,97636674.0,,31.089,3924400000.0,56200000.0,114600000.0,189600000.0,40.194,957400000.0
31,TKR,MRT,2013-09-30,2013-09-30,2013-09-30,2021-08-25,-953600000.0,4192900000.0,4177125000.0,2050000000.0,2142900000.0,0.494,24.77,-21500000.0,418100000.0,418100000.0,1409100000.0,285800000.0,2.095,0.776,476600000.0,271200000.0,205400000.0,476600000.0,0.0,107100000.0,0.0,0.011,0.64,345600000.0,452700000.0,0.219,452700000.0,345600000.0,321000000.0,2.98,2.96,2.98,2353300000.0,2301425000.0,2353300000.0,5804076775.0,17.0,12.821,486000000.0,5.115,1.0,656300000.0,0.318,581700000.0,24600000.0,2691300000.0,2858400000.0,856100000.0,0.0,0.0,0.0,1825800000.0,978400000.0,847400000.0,5738376775.0,-67400000.0,-85000000.0,-100800000.0,-1800000.0,-88200000.0,-170600000.0,-399300000.0,2700000.0,507500000.0,-5000000.0,285400000.0,285400000.0,285400000.0,-209600000.0,400000.0,0.138,518800000.0,137500000.0,252500000.0,0.215,2.438,20.106,20.268,1498300000.0,0.0,60.4,2.778,2.778,593700000.0,2555300000.0,2065400000.0,2065400000.0,0.0,0.068,0.124,0.121,0.167,12900000.0,506500000.0,1.0,95006238.0,95006238.0,,21.74,3611200000.0,105700000.0,35600000.0,127500000.0,38.01,1071600000.0
32,TKR,MRT,2013-06-30,2013-06-30,2013-06-30,2021-08-25,-985400000.0,4106300000.0,4183525000.0,2003100000.0,2103200000.0,0.592,24.041,-65500000.0,396800000.0,396800000.0,1723300000.0,314400000.0,3.022,0.769,462500000.0,7200000.0,455300000.0,462500000.0,0.0,121400000.0,0.0,0.011,0.64,403700000.0,525100000.0,0.212,525100000.0,403700000.0,376800000.0,3.27,3.25,3.27,2311600000.0,2295950000.0,2311600000.0,5426142674.0,13.0,10.334,459700000.0,4.781,1.0,753200000.0,0.304,589200000.0,26900000.0,2919900000.0,2903125000.0,818600000.0,0.0,0.0,0.0,1778500000.0,662900000.0,1115600000.0,5411542674.0,-113100000.0,-87800000.0,-137600000.0,-22100000.0,-88300000.0,-227900000.0,-408000000.0,3100000.0,525200000.0,-2400000.0,314100000.0,314100000.0,314100000.0,-191900000.0,300000.0,0.127,540300000.0,212900000.0,241900000.0,0.196,2.341,17.229,17.211,1469100000.0,0.0,56.28,2.185,2.185,624200000.0,2524900000.0,2476500000.0,2476500000.0,0.0,0.075,0.137,0.139,0.163,13800000.0,519800000.0,1.0,96153921.0,96153921.0,,25.756,3517100000.0,75400000.0,62700000.0,102100000.0,36.578,1340200000.0
33,TKR,MRT,2013-03-31,2013-03-31,2013-03-31,2021-08-25,-998900000.0,4165100000.0,4258150000.0,2073200000.0,2091900000.0,0.711,24.064,-134200000.0,457900000.0,457900000.0,2137500000.0,414900000.0,3.064,0.798,472500000.0,17200000.0,455300000.0,472500000.0,0.0,148200000.0,0.0,0.011,0.64,587400000.0,735600000.0,0.243,735600000.0,587400000.0,558500000.0,4.29,4.25,4.29,2308600000.0,2293300000.0,2308600000.0,5320721967.0,9.0,7.233,490800000.0,5.116,1.0,890900000.0,0.294,571000000.0,28900000.0,2932100000.0,2923900000.0,833800000.0,0.0,0.0,0.0,1842200000.0,676600000.0,1165600000.0,5428121967.0,102600000.0,-34900000.0,-78400000.0,-21700000.0,-88600000.0,-179200000.0,-337600000.0,4800000.0,625000000.0,-5600000.0,414900000.0,414900000.0,414900000.0,-164400000.0,0.0,0.137,573900000.0,317000000.0,229700000.0,0.149,2.351,13.083,13.189,1423600000.0,0.0,56.58,1.792,1.792,607200000.0,2464200000.0,3028400000.0,3028400000.0,0.0,0.097,0.181,0.201,0.194,15600000.0,543400000.0,1.0,95937115.0,95937115.0,,31.567,3594100000.0,138700000.0,143600000.0,112000000.0,37.463,1396600000.0
34,TKR,MRT,2012-12-31,2012-12-31,2012-12-31,2021-08-25,-1013200000.0,4244200000.0,4310250000.0,2162000000.0,2082200000.0,0.779,23.289,-116500000.0,601500000.0,601500000.0,2331500000.0,495900000.0,3.237,0.895,479000000.0,23900000.0,455100000.0,479000000.0,0.0,149600000.0,0.0,0.013,0.64,712900000.0,862500000.0,0.257,862500000.0,712900000.0,681800000.0,5.11,5.07,5.11,2232200000.0,2262100000.0,2232200000.0,4587764688.0,6.0,5.319,507600000.0,5.296,1.0,1028000000.0,0.306,563600000.0,31100000.0,2890300000.0,2975425000.0,862100000.0,0.0,0.0,0.0,1997600000.0,667800000.0,1329800000.0,4584364688.0,121600000.0,-20700000.0,-98500000.0,-26100000.0,-89000000.0,-208600000.0,-297700000.0,14300000.0,624100000.0,3800000.0,495500000.0,495500000.0,495500000.0,-164400000.0,400000.0,0.147,584000000.0,444000000.0,216200000.0,0.125,2.054,9.252,9.36,1405300000.0,0.0,47.83,1.365,1.365,546700000.0,2411200000.0,3359500000.0,3359500000.0,0.0,0.115,0.219,0.24,0.212,15900000.0,554500000.0,1.0,95847056.0,95847056.0,,35.051,3680600000.0,160600000.0,186300000.0,40800000.0,38.401,1494200000.0
35,TKR,MRT,2012-09-30,2012-09-30,2012-09-30,2021-08-25,-854900000.0,4218500000.0,4331050000.0,2233700000.0,1984800000.0,1.194,23.954,-284800000.0,485500000.0,485500000.0,3741000000.0,528800000.0,2.799,0.803,488900000.0,27500000.0,461400000.0,488900000.0,0.0,198400000.0,0.0,0.017,0.62,854100000.0,1052500000.0,0.204,1052500000.0,854100000.0,821500000.0,5.43,5.38,5.43,2331400000.0,2211125000.0,2331400000.0,3601073064.0,4.0,3.421,358500000.0,3.683,1.0,1430400000.0,0.277,553800000.0,32600000.0,2870200000.0,2999300000.0,928100000.0,0.0,0.0,0.0,1872700000.0,797900000.0,1074800000.0,3616773064.0,82600000.0,-93400000.0,-98900000.0,-22900000.0,-86200000.0,-200000000.0,-355500000.0,18400000.0,643300000.0,-5200000.0,529300000.0,529300000.0,529300000.0,0.0,-500000.0,0.102,682200000.0,748200000.0,270000000.0,0.114,1.551,6.833,6.843,1344300000.0,0.0,37.16,0.699,0.699,629800000.0,2358100000.0,5171400000.0,5171400000.0,0.0,0.122,0.239,0.285,0.165,17200000.0,647500000.0,1.0,97329738.0,97329738.0,,53.133,3664700000.0,161500000.0,292200000.0,123000000.0,37.652,1435800000.0
36,TKR,MRT,2012-06-30,2012-06-30,2012-06-30,2021-08-25,-882500000.0,4404800000.0,4307175000.0,2365500000.0,2039300000.0,1.242,23.572,-259100000.0,509900000.0,509900000.0,3875900000.0,559900000.0,2.858,0.908,494200000.0,20300000.0,473900000.0,494200000.0,0.0,198500000.0,0.0,0.013,0.6,909100000.0,1107600000.0,0.207,1107600000.0,909100000.0,874700000.0,5.72,5.67,5.72,2301000000.0,2179450000.0,2301000000.0,4615485905.0,5.0,4.167,349600000.0,3.581,1.0,1474800000.0,0.276,558400000.0,34400000.0,3003000000.0,2998875000.0,943300000.0,0.0,0.0,0.0,2089600000.0,827700000.0,1261900000.0,4469785905.0,-122900000.0,-292300000.0,-57000000.0,-25200000.0,-83800000.0,-156200000.0,-540300000.0,8800000.0,608700000.0,-35100000.0,559400000.0,559400000.0,559400000.0,0.0,500000.0,0.105,673900000.0,800900000.0,283700000.0,0.105,1.943,7.99,8.005,1320000000.0,0.0,45.79,0.835,0.835,715700000.0,2299100000.0,5350700000.0,5350700000.0,0.0,0.13,0.257,0.303,0.17,17000000.0,649900000.0,1.0,97614892.0,97614892.0,,54.814,3846400000.0,233800000.0,315300000.0,151000000.0,39.404,1537800000.0
37,TKR,MRT,2012-03-31,2012-03-31,2012-03-31,2021-08-25,-853200000.0,4373500000.0,4249750000.0,2316500000.0,2057000000.0,1.256,22.343,-225000000.0,358900000.0,358900000.0,3889100000.0,498800000.0,2.837,0.996,504600000.0,25800000.0,478800000.0,504600000.0,0.0,194900000.0,0.0,0.011,0.58,797200000.0,992100000.0,0.186,992100000.0,797200000.0,761600000.0,5.08,5.03,5.08,2183800000.0,2151375000.0,2183800000.0,5006012987.0,6.0,5.046,143300000.0,1.466,1.0,1448000000.0,0.271,564500000.0,35600000.0,3138200000.0,2986075000.0,993100000.0,0.0,0.0,0.0,2175300000.0,816500000.0,1358800000.0,4959312987.0,-282300000.0,-287500000.0,-30700000.0,-18100000.0,-80900000.0,-127900000.0,-505000000.0,8100000.0,368300000.0,-17700000.0,497300000.0,497300000.0,497300000.0,0.0,1500000.0,0.093,654100000.0,793900000.0,310600000.0,0.114,2.271,9.972,9.988,1313300000.0,0.0,50.74,0.929,0.929,762000000.0,2137900000.0,5337100000.0,5337100000.0,0.0,0.117,0.231,0.267,0.149,17900000.0,640600000.0,1.0,97739712.0,97739712.0,,54.605,3809000000.0,247200000.0,264300000.0,132100000.0,38.971,1500000000.0
38,TKR,MRT,2011-12-31,2011-12-31,2011-12-31,2021-08-25,-889500000.0,4327400000.0,4201525000.0,2292900000.0,2034500000.0,1.231,20.771,-199600000.0,468400000.0,468400000.0,3800500000.0,456600000.0,2.797,1.127,515100000.0,36300000.0,478800000.0,515100000.0,0.0,192500000.0,0.0,0.014,0.55,731300000.0,923800000.0,0.179,923800000.0,731300000.0,694500000.0,4.65,4.59,4.65,2028300000.0,2117450000.0,2028300000.0,3885650236.0,5.0,4.206,9800000.0,0.1,1.0,1369700000.0,0.265,568400000.0,36800000.0,2985800000.0,2942625000.0,964400000.0,0.0,0.0,0.0,2284900000.0,819900000.0,1465000000.0,3780050236.0,-412300000.0,-287300000.0,-27200000.0,1600000.0,-76000000.0,-104300000.0,-508000000.0,-22700000.0,209400000.0,-9400000.0,454300000.0,454300000.0,454300000.0,0.0,2300000.0,0.088,640600000.0,729100000.0,287300000.0,0.118,1.864,8.321,8.325,1308900000.0,0.0,38.71,0.731,0.731,645500000.0,2004700000.0,5170200000.0,5170200000.0,0.0,0.108,0.215,0.249,0.141,16900000.0,626200000.0,1.0,97650484.0,97650484.0,,52.946,3759000000.0,230900000.0,240200000.0,56100000.0,38.494,1473000000.0
39,TKR,MRT,2011-09-30,2011-09-30,2011-09-30,2021-08-25,-619400000.0,4123000000.0,4164775000.0,2266500000.0,1856500000.0,1.195,22.464,-154000000.0,406500000.0,406500000.0,3683500000.0,438900000.0,2.68,0.861,512100000.0,21200000.0,490900000.0,512100000.0,0.0,190400000.0,0.0,0.016,0.54,675500000.0,865900000.0,0.174,865900000.0,675500000.0,637800000.0,4.44,4.39,4.44,2204700000.0,2091625000.0,2204700000.0,3104402785.0,5.0,3.585,-222100000.0,-2.263,1.0,1292700000.0,0.26,514400000.0,37700000.0,2868500000.0,2884275000.0,949200000.0,0.0,0.0,0.0,1898300000.0,845700000.0,1052600000.0,3221102785.0,-496900000.0,-200600000.0,500000.0,18100000.0,-74100000.0,-62600000.0,-363200000.0,-8900000.0,-68100000.0,-3000000.0,435500000.0,435500000.0,435500000.0,-4000000.0,3400000.0,0.088,629700000.0,663000000.0,308400000.0,0.122,1.461,7.396,7.392,1242500000.0,0.0,32.82,0.647,0.647,715900000.0,1915000000.0,4976200000.0,4976200000.0,0.0,0.105,0.208,0.234,0.136,17900000.0,608900000.0,1.0,98144509.0,98144509.0,,50.703,3608600000.0,154800000.0,202300000.0,102900000.0,36.768,1420800000.0
40,TKR,MRT,2011-06-30,2011-06-30,2011-06-30,2021-08-25,-559400000.0,4175100000.0,4196275000.0,2470800000.0,1704300000.0,1.123,22.355,-129800000.0,637600000.0,637600000.0,3499600000.0,397800000.0,3.269,0.9,520900000.0,30300000.0,490600000.0,520900000.0,0.0,188300000.0,0.0,0.01,0.49,603300000.0,791600000.0,0.168,791600000.0,603300000.0,565600000.0,4.04,3.99,4.04,2188700000.0,1984725000.0,2188700000.0,4814490473.0,8.0,6.082,-144000000.0,-1.471,1.0,1214500000.0,0.258,350700000.0,37700000.0,2951800000.0,2860475000.0,928900000.0,0.0,0.0,0.0,1968800000.0,755900000.0,1212900000.0,4934490473.0,-163400000.0,-17800000.0,28900000.0,25700000.0,-67100000.0,-24900000.0,-176500000.0,-28300000.0,-14200000.0,52200000.0,394800000.0,394800000.0,394800000.0,-2900000.0,3000000.0,0.084,616600000.0,597900000.0,314600000.0,0.121,2.255,12.499,12.475,1243100000.0,0.0,50.4,1.047,1.047,718800000.0,1823500000.0,4714100000.0,4714100000.0,0.0,0.094,0.199,0.211,0.128,17600000.0,594100000.0,1.0,97906557.0,97906557.0,,48.149,3824400000.0,168500000.0,170800000.0,30600000.0,39.062,1714900000.0
41,TKR,MRT,2011-03-31,2011-03-31,2011-03-31,2021-08-25,-585100000.0,4180600000.0,4153775000.0,2417400000.0,1763200000.0,1.058,20.923,-119800000.0,642400000.0,642400000.0,3263600000.0,361700000.0,3.253,1.032,522400000.0,39100000.0,483300000.0,522400000.0,0.0,189400000.0,0.0,0.008,0.44,544800000.0,734200000.0,0.167,734200000.0,544800000.0,506400000.0,3.68,3.65,3.68,2048100000.0,1847475000.0,2048100000.0,4756156678.0,9.0,6.478,9200000.0,0.094,1.0,1132300000.0,0.258,353000000.0,38400000.0,2964400000.0,2813950000.0,917500000.0,0.0,0.0,0.0,2114300000.0,743200000.0,1371100000.0,5119556678.0,-71700000.0,-22600000.0,16800000.0,5300000.0,-60200000.0,-46100000.0,-170000000.0,-28300000.0,129000000.0,15400000.0,358900000.0,358900000.0,358900000.0,-7100000.0,2800000.0,0.082,598400000.0,533900000.0,320900000.0,0.12,2.5,14.265,14.212,1250900000.0,0.0,52.3,1.165,1.165,672500000.0,1721500000.0,4395900000.0,4395900000.0,0.0,0.086,0.194,0.194,0.124,15800000.0,581100000.0,1.0,97888273.0,97888273.0,,44.907,3827600000.0,216700000.0,147500000.0,54200000.0,39.102,1674200000.0
42,TKR,MRT,2010-12-31,2010-12-31,2010-12-31,2021-08-25,-624700000.0,4180400000.0,4105653500.0,2399200000.0,1781200000.0,0.988,19.826,-113900000.0,877100000.0,877100000.0,3033800000.0,276900000.0,3.374,1.163,513700000.0,32000000.0,481700000.0,513700000.0,0.0,189700000.0,0.0,0.008,0.37,449000000.0,638700000.0,0.157,638700000.0,449000000.0,410800000.0,2.83,2.81,2.83,1925000000.0,1738229750.0,1925000000.0,4227607115.0,9.0,6.619,198800000.0,2.047,1.0,1021700000.0,0.252,353600000.0,38200000.0,2752400000.0,2783572500.0,828500000.0,0.0,0.0,0.0,2238600000.0,711000000.0,1527600000.0,4634407115.0,121600000.0,-22600000.0,21200000.0,700000.0,-51300000.0,-32900000.0,-152900000.0,-15000000.0,312700000.0,-5300000.0,274800000.0,274800000.0,274800000.0,-7400000.0,2100000.0,0.068,585500000.0,436200000.0,263500000.0,0.131,2.407,16.865,16.866,1267700000.0,0.0,47.73,1.143,1.143,516600000.0,1626400000.0,4055500000.0,4055500000.0,0.0,0.067,0.158,0.161,0.111,16900000.0,563800000.0,1.0,97096315.0,97096315.0,,41.768,3826800000.0,221900000.0,136000000.0,20700000.0,39.412,1688200000.0
43,TKR,MRT,2010-09-30,2010-09-30,2010-09-30,2021-08-25,-676000000.0,4249000000.0,4062278500.0,2368800000.0,1880200000.0,0.925,18.37,-93600000.0,899800000.0,899800000.0,2830100000.0,166400000.0,3.311,1.381,493000000.0,13600000.0,479400000.0,493000000.0,0.0,192900000.0,0.0,0.008,0.3,299300000.0,492200000.0,0.131,492200000.0,299300000.0,255900000.0,1.69,1.67,1.69,1777100000.0,1651379750.0,1777100000.0,3408172523.0,11.0,6.924,383300000.0,3.962,1.0,929300000.0,0.247,353400000.0,43400000.0,2773300000.0,2812947500.0,771400000.0,0.0,0.0,0.0,2455000000.0,715500000.0,1739500000.0,3710972523.0,517000000.0,287500000.0,500000.0,-308000000.0,-42400000.0,-116000000.0,162700000.0,-30000000.0,476900000.0,-6600000.0,164300000.0,164300000.0,164300000.0,-63300000.0,2100000.0,0.044,617400000.0,311900000.0,257800000.0,0.178,2.088,22.587,22.698,1256600000.0,0.0,38.36,0.987,0.987,552200000.0,1553600000.0,3759400000.0,3759400000.0,0.0,0.04,0.099,0.106,0.08,15400000.0,528000000.0,1.0,96740681.0,96740681.0,,38.861,3895600000.0,293500000.0,91600000.0,69900000.0,40.268,1653300000.0
44,TKR,MRT,2010-06-30,2010-06-30,2010-06-30,2021-08-25,-743800000.0,4005100000.0,4114533750.0,2114300000.0,1890800000.0,0.842,16.935,-100200000.0,796200000.0,796200000.0,2669600000.0,45500000.0,3.579,1.431,493400000.0,17300000.0,476100000.0,493400000.0,0.0,194900000.0,0.0,0.01,0.27,148500000.0,343400000.0,0.099,343400000.0,148500000.0,103900000.0,0.44,0.43,0.44,1639700000.0,1600313250.0,1639700000.0,2322993133.0,16.0,6.765,398100000.0,4.112,1.0,793700000.0,0.229,345800000.0,44600000.0,2765700000.0,2967055750.0,699500000.0,0.0,0.0,0.0,2346800000.0,590800000.0,1756000000.0,2516428133.0,519100000.0,303500000.0,-8900000.0,-101300000.0,-38400000.0,-159400000.0,206000000.0,0.0,498300000.0,-25800000.0,43800000.0,43800000.0,43800000.0,-33600000.0,1700000.0,0.013,601100000.0,192600000.0,220500000.0,0.614,1.535,57.453,59.068,1263500000.0,0.0,25.99,0.727,0.727,500300000.0,1495800000.0,3463300000.0,3463300000.0,0.0,0.011,0.027,0.05,0.043,15200000.0,495000000.0,1.0,96822937.0,96822937.0,,35.769,3659300000.0,295000000.0,60100000.0,15200000.0,37.794,1523500000.0
45,TKR,MRT,2010-03-31,2010-03-31,2010-03-31,2021-08-25,-699291000.0,3988114000.0,4168797500.0,2058991000.0,1929123000.0,0.765,16.626,-94949000.0,709301000.0,709301000.0,2537900000.0,-104600000.0,3.426,1.464,515866000.0,44637000.0,471229000.0,515866000.0,0.0,199052000.0,0.0,0.008,0.24,-64300000.0,134752000.0,0.042,134752000.0,-64300000.0,-107400000.0,-1.11,-1.12,-1.11,1611119000.0,1586239250.0,1611119000.0,2665177609.0,-41.0,19.778,445725000.0,4.6,1.0,650800000.0,0.204,350800000.0,43100000.0,2842890000.0,3109599000.0,689372000.0,0.0,0.0,0.0,2358625000.0,600989000.0,1757636000.0,2908055609.0,585172000.0,303242000.0,-6448000.0,-127234000.0,-34476000.0,-178958000.0,208670000.0,0.0,540674000.0,14786000.0,-106300000.0,-106300000.0,-106300000.0,-29400000.0,1700000.0,-0.033,638100000.0,12700000.0,221852000.0,-0.216,1.805,-27.357,-27.036,1302542000.0,0.0,30.01,0.912,0.912,489054000.0,1422782000.0,3188700000.0,3188700000.0,0.0,-0.025,-0.067,-0.021,-0.02,14991000.0,482300000.0,1.0,96902886.0,96902886.0,,32.906,3637314000.0,297021000.0,-1100000.0,15810000.0,37.536,1458002000.0
46,TKR,MRT,2009-12-31,2009-12-31,2009-12-31,2021-08-25,-717100000.0,4006900000.0,4251237250.0,2022500000.0,1984400000.0,0.739,16.29,-111500000.0,755500000.0,755500000.0,2558900000.0,-138600000.0,3.743,1.528,512700000.0,43400000.0,469300000.0,512700000.0,0.0,201500000.0,0.0,0.013,0.31,-120300000.0,81200000.0,0.026,81200000.0,-120300000.0,-162200000.0,-1.39,-1.39,-1.39,1577600000.0,1581860250.0,1577600000.0,2466103548.0,-20.0,30.371,476200000.0,4.917,1.0,582700000.0,0.185,353800000.0,41900000.0,2869900000.0,3287342000.0,671200000.0,0.0,0.0,0.0,2411300000.0,540400000.0,1870900000.0,2296222548.0,622100000.0,303200000.0,900000.0,-124900000.0,-43200000.0,-178000000.0,194200000.0,0.0,587700000.0,18200000.0,-134000000.0,-134000000.0,-134000000.0,0.0,-4600000.0,-0.043,636800000.0,-54100000.0,156000000.0,-0.223,1.456,-17.136,-17.058,1335200000.0,0.0,23.71,0.731,0.731,411200000.0,1402900000.0,3141600000.0,3141600000.0,0.0,-0.032,-0.085,-0.037,-0.038,14900000.0,472700000.0,1.0,96846164.0,96846164.0,,32.439,3653100000.0,310100000.0,-28200000.0,15300000.0,37.721,1482100000.0
47,TKR,MRT,2009-09-30,2009-09-30,2009-09-30,2021-08-25,-747157000.0,4458021000.0,4383524750.0,2316697000.0,2141324000.0,0.79,16.245,-153645000.0,631036000.0,631036000.0,2877585000.0,-154259000.0,2.628,1.823,800917000.0,331860000.0,469057000.0,800917000.0,0.0,196635000.0,0.0,0.016,0.38,-106882000.0,89753000.0,0.026,89753000.0,-106882000.0,-145136000.0,-1.56,-1.55,-1.56,1572834000.0,1597521250.0,1572834000.0,2583893282.0,-24.0,28.789,539299000.0,5.57,1.0,587383000.0,0.17,356662000.0,38254000.0,3389733000.0,3536332000.0,716948000.0,0.0,0.0,0.0,2867048000.0,881507000.0,1985541000.0,2268437282.0,267681000.0,-29222000.0,721000.0,47938000.0,-52017000.0,-251558000.0,-186988000.0,0.0,692944000.0,13283000.0,-149951000.0,-149951000.0,-149951000.0,42100000.0,-4308000.0,-0.043,607656000.0,-20273000.0,352558000.0,-0.244,1.442,-15.128,-15.019,1425960000.0,0.0,23.43,0.655,0.655,458393000.0,1431701000.0,3464968000.0,3464968000.0,0.0,-0.034,-0.094,-0.03,-0.031,15229000.0,498243000.0,1.0,96817639.0,96817639.0,,35.789,4101359000.0,380561000.0,4815000.0,13539000.0,42.362,1435190000.0
48,TKR,MRT,2009-06-30,2009-06-30,2009-06-30,2021-08-25,-791226000.0,4222155000.0,4445799250.0,1818777000.0,2403378000.0,0.908,16.358,-173794000.0,277086000.0,277086000.0,3198297000.0,27051000.0,2.257,1.655,592542000.0,337697000.0,254845000.0,592542000.0,0.0,185520000.0,0.0,0.026,0.45,135455000.0,320975000.0,0.079,320975000.0,135455000.0,96498000.0,0.31,0.32,0.31,1583404000.0,1755988250.0,1583404000.0,2171548594.0,16.0,6.765,566490000.0,5.852,1.0,839423000.0,0.208,395963000.0,38957000.0,3335873000.0,3652777250.0,930141000.0,0.0,0.0,0.0,2621008000.0,805775000.0,1815233000.0,1653286594.0,183643000.0,-29394000.0,1192000.0,-264840000.0,-60891000.0,-324539000.0,-213682000.0,0.0,740284000.0,-18420000.0,30662000.0,30662000.0,30662000.0,11300000.0,-3611000.0,0.008,659626000.0,179797000.0,316284000.0,1.452,1.044,53.92,55.097,1653212000.0,0.0,17.08,0.409,0.409,465068000.0,1490299000.0,4037720000.0,4037720000.0,0.0,0.007,0.017,0.037,0.034,15428000.0,567434000.0,1.0,96796639.0,96796639.0,,41.713,3826192000.0,397612000.0,65836000.0,15107000.0,39.528,1013002000.0
49,TKR,MRT,2009-03-31,2009-03-31,2009-03-31,2021-08-25,-854260000.0,4317873000.0,4588980250.0,1871133000.0,2446740000.0,1.054,16.503,-229262000.0,112012000.0,112012000.0,3778702000.0,180872000.0,2.116,1.699,630274000.0,368861000.0,261413000.0,630274000.0,0.0,193473000.0,0.0,0.037,0.51,359625000.0,553098000.0,0.114,553098000.0,359625000.0,317525000.0,1.9,1.91,1.9,1593603000.0,1904680500.0,1593603000.0,1855594285.0,5.0,3.355,394375000.0,4.084,1.0,1057767000.0,0.219,397952000.0,42100000.0,3553862000.0,3818480250.0,1060399000.0,0.0,0.0,0.0,2707007000.0,884321000.0,1822686000.0,1348060285.0,43166000.0,-30713000.0,16961000.0,-228822000.0,-68604000.0,-280465000.0,-271699000.0,0.0,623637000.0,-28307000.0,184105000.0,184105000.0,184105000.0,11300000.0,-3233000.0,0.038,679336000.0,378431000.0,342475000.0,0.268,0.846,7.322,7.347,1698258000.0,0.0,13.96,0.279,0.279,538804000.0,1563530000.0,4836469000.0,4836469000.0,0.0,0.04,0.097,0.094,0.074,16523000.0,636037000.0,1.0,96565923.0,96565923.0,,50.085,3919921000.0,393513000.0,133420000.0,25716000.0,40.593,986812000.0
50,TKR,MRT,2008-12-31,2008-12-31,2008-12-31,2021-08-25,-819633000.0,4536050000.0,4672323000.0,2033465000.0,2502585000.0,1.079,16.988,-221700000.0,133383000.0,133383000.0,3888900000.0,271300000.0,2.547,1.752,623840000.0,108590000.0,515250000.0,623840000.0,0.0,200800000.0,0.0,0.025,0.5,469100000.0,669900000.0,0.133,669900000.0,469100000.0,424700000.0,2.78,2.77,2.78,1640244000.0,2023653000.0,1640244000.0,2539808595.0,5.0,3.791,355900000.0,3.686,1.0,1151900000.0,0.229,362334000.0,44400000.0,3865860000.0,3949699000.0,1000493000.0,0.0,0.0,0.0,2873012000.0,798313000.0,2074699000.0,1895308595.0,90500000.0,-86000000.0,16900000.0,-95300000.0,-67500000.0,-145900000.0,-320700000.0,0.0,577600000.0,-20500000.0,267700000.0,267700000.0,267700000.0,11300000.0,3600000.0,0.053,689900000.0,462000000.0,423523000.0,0.18,1.156,7.08,7.061,1516972000.0,0.0,19.63,0.376,0.376,575915000.0,1580084000.0,5040800000.0,5040800000.0,0.0,0.057,0.132,0.119,0.093,16800000.0,657100000.0,1.0,96551635.0,96551635.0,,52.208,4173716000.0,398397000.0,157000000.0,36138000.0,43.228,1235152000.0
51,TKR,MRT,2008-09-30,2008-09-30,2008-09-30,2021-08-25,-303070000.0,4707119000.0,4633119750.0,2377332000.0,2329787000.0,1.067,22.867,-230793000.0,94709000.0,94709000.0,3746257000.0,358674000.0,2.254,1.133,739209000.0,217313000.0,521896000.0,739209000.0,0.0,182288000.0,0.0,0.017,0.49,572621000.0,754909000.0,0.153,754909000.0,572621000.0,527085000.0,3.64,3.64,3.64,2206702000.0,2103759250.0,2206702000.0,3522514699.0,6.0,4.666,233797000.0,2.423,1.0,1197397000.0,0.242,441210000.0,45536000.0,3855514000.0,3917131500.0,1297928000.0,0.0,0.0,0.0,2500417000.0,1054895000.0,1445522000.0,2735875699.0,20520000.0,-260077000.0,17696000.0,139562000.0,-66367000.0,90891000.0,-521681000.0,0.0,464590000.0,-13280000.0,352112000.0,352112000.0,352112000.0,665000.0,6562000.0,0.071,670026000.0,527371000.0,535693000.0,0.135,1.24,7.77,7.788,1733445000.0,0.0,28.35,0.553,0.553,814702000.0,1633614000.0,4943654000.0,4943654000.0,0.0,0.076,0.167,0.146,0.116,16627000.0,667429000.0,1.0,96503552.0,96503552.0,,51.228,4265909000.0,146954000.0,174973000.0,76151000.0,44.205,1322437000.0
52,TKR,MRT,2008-06-30,2008-06-30,2008-06-30,2021-08-25,-214215000.0,4794879000.0,4505603000.0,2396947000.0,2397932000.0,1.081,22.68,-252596000.0,74735000.0,74735000.0,3802275000.0,268407000.0,2.115,1.201,861374000.0,302059000.0,559315000.0,861374000.0,0.0,202523000.0,0.0,0.015,0.48,430090000.0,632613000.0,0.13,632613000.0,430090000.0,384860000.0,2.72,2.72,2.72,2178173000.0,1990652000.0,2178173000.0,3968635447.0,9.0,6.273,89410000.0,0.931,1.0,1066266000.0,0.219,449744000.0,45230000.0,3998685000.0,3850734000.0,1247759000.0,0.0,0.0,0.0,2616706000.0,1133089000.0,1483617000.0,3163570447.0,13286000.0,-259107000.0,22867000.0,239234000.0,-65274000.0,196827000.0,-538244000.0,0.0,342006000.0,12697000.0,262942000.0,262942000.0,262942000.0,665000.0,5465000.0,0.054,673837000.0,392429000.0,576630000.0,0.176,1.452,12.031,12.11,1774744000.0,0.0,32.94,0.65,0.65,909409000.0,1520575000.0,4868541000.0,4868541000.0,0.0,0.058,0.132,0.112,0.088,16579000.0,661779000.0,1.0,96040390.0,96040390.0,,50.693,4345135000.0,170915000.0,121918000.0,43944000.0,45.243,1263858000.0
53,TKR,MRT,2008-03-31,2008-03-31,2008-03-31,2021-08-25,-234134000.0,4651244000.0,4348294750.0,2264938000.0,2386306000.0,1.077,21.601,-234680000.0,68206000.0,68206000.0,3671722000.0,233812000.0,2.442,1.248,873271000.0,148032000.0,725239000.0,873271000.0,0.0,190893000.0,0.0,0.016,0.47,384442000.0,575335000.0,0.123,575335000.0,384442000.0,340775000.0,2.39,2.38,2.39,2069493000.0,1865707000.0,2069493000.0,3540402737.0,9.0,6.154,100024000.0,1.044,1.0,1010501000.0,0.216,450256000.0,43667000.0,4078737000.0,3741635750.0,1185498000.0,0.0,0.0,0.0,2581751000.0,927316000.0,1654435000.0,2847391737.0,-26688000.0,-257530000.0,27505000.0,176982000.0,-64134000.0,140353000.0,-515801000.0,0.0,334704000.0,14056000.0,229325000.0,229325000.0,229325000.0,940000.0,4487000.0,0.049,662310000.0,348191000.0,519616000.0,0.197,1.376,12.416,12.435,1753656000.0,0.0,29.72,0.608,0.608,845927000.0,1448021000.0,4682223000.0,4682223000.0,0.0,0.053,0.123,0.103,0.082,16579000.0,644805000.0,1.0,95807259.0,95807259.0,,48.871,4200988000.0,172684000.0,111450000.0,71600000.0,43.848,1337622000.0
54,TKR,MRT,2007-12-31,2007-12-31,2007-12-31,2021-08-25,-271251000.0,4379237000.0,4216499500.0,2045251000.0,2333986000.0,1.075,20.469,-269203000.0,30144000.0,30144000.0,3577083000.0,223656000.0,2.261,1.234,723155000.0,142568000.0,580587000.0,723155000.0,0.0,187918000.0,0.0,0.014,0.46,316310000.0,504228000.0,0.111,504228000.0,316310000.0,273996000.0,2.31,2.29,2.31,1960669000.0,1738898000.0,1960669000.0,3660262174.0,12.0,7.259,72710000.0,0.759,1.0,954983000.0,0.211,432236000.0,42314000.0,3735590000.0,3607171750.0,1087712000.0,0.0,0.0,0.0,2418568000.0,904422000.0,1514146000.0,3146617174.0,-65004000.0,-203724000.0,37804000.0,104241000.0,-62966000.0,79079000.0,-496571000.0,0.0,341913000.0,10575000.0,220054000.0,220054000.0,220054000.0,0.0,3602000.0,0.049,659567000.0,295416000.0,528052000.0,0.199,1.605,14.299,14.221,1722081000.0,0.0,32.85,0.694,0.694,748483000.0,1379876000.0,4532066000.0,4532066000.0,0.0,0.052,0.127,0.088,0.07,16127000.0,631162000.0,1.0,95787433.0,95787433.0,,47.314,3947001000.0,170009000.0,53942000.0,32422000.0,41.206,1140829000.0
55,TKR,MRT,2007-09-30,2007-09-30,2007-09-30,2021-08-25,-441460000.0,4197052000.0,4128468000.0,2018368000.0,2178684000.0,1.242,18.353,-302480000.0,87767000.0,87767000.0,4122462000.0,207112000.0,2.498,1.392,601412000.0,74891000.0,526521000.0,601412000.0,0.0,212061000.0,0.0,0.012,0.45,303093000.0,515154000.0,0.101,515154000.0,303093000.0,260772000.0,2.19,2.17,2.19,1754273000.0,1617775750.0,1754273000.0,4076128726.0,13.0,7.912,48277000.0,0.505,1.0,1003442000.0,0.196,312743000.0,42321000.0,3589924000.0,3519965500.0,1021961000.0,0.0,0.0,0.0,2442779000.0,808030000.0,1634749000.0,3550962726.0,33698000.0,191560000.0,37884000.0,-171423000.0,-61743000.0,-195282000.0,-134887000.0,0.0,350757000.0,13110000.0,207112000.0,207112000.0,207112000.0,-20245000.0,0.0,0.04,754735000.0,248707000.0,502458000.0,0.205,2.024,17.145,16.963,1644965000.0,0.0,37.15,0.693,0.693,734771000.0,1347871000.0,5125904000.0,5125904000.0,0.0,0.05,0.128,0.086,0.059,16505000.0,688175000.0,1.0,95584461.0,95584461.0,,53.627,3884309000.0,225717000.0,53660000.0,25742000.0,40.637,1210338000.0
56,TKR,MRT,2007-06-30,2007-06-30,2007-06-30,2021-08-25,-483163000.0,4165646000.0,4115218500.0,2006823000.0,2158823000.0,1.227,17.687,-300359000.0,73339000.0,73339000.0,4065197000.0,212416000.0,2.453,1.482,598505000.0,64649000.0,533856000.0,598505000.0,0.0,201689000.0,0.0,0.012,0.44,312087000.0,513776000.0,0.102,513776000.0,312087000.0,268759000.0,2.26,2.23,2.26,1678393000.0,1603533250.0,1678393000.0,3994254122.0,13.0,7.774,28380000.0,0.299,1.0,985430000.0,0.195,310337000.0,43328000.0,3562292000.0,3462721250.0,981287000.0,0.0,0.0,0.0,2487253000.0,818183000.0,1669070000.0,3426573122.0,34587000.0,186563000.0,35509000.0,-137570000.0,-60510000.0,-162571000.0,-139023000.0,0.0,328739000.0,7442000.0,212416000.0,212416000.0,212416000.0,-28104000.0,0.0,0.042,735415000.0,250015000.0,525945000.0,0.195,2.042,16.131,15.978,1623747000.0,0.0,36.11,0.678,0.678,759285000.0,1322909000.0,5050627000.0,5050627000.0,0.0,0.052,0.132,0.09,0.062,16522000.0,678013000.0,1.0,94892637.0,94892637.0,,53.225,3855309000.0,254666000.0,56343000.0,42488000.0,40.628,1188640000.0
57,TKR,MRT,2007-03-31,2007-03-31,2007-03-31,2021-08-25,-537753000.0,4124063000.0,4097791500.0,1997598000.0,2126465000.0,1.221,16.589,-306362000.0,100818000.0,100818000.0,4012270000.0,231781000.0,2.363,1.64,668499000.0,137909000.0,530590000.0,668499000.0,0.0,201602000.0,0.0,0.015,0.44,325108000.0,526710000.0,0.105,526710000.0,325108000.0,279142000.0,2.47,2.44,2.47,1562257000.0,1599260500.0,1562257000.0,3351214371.0,10.0,6.363,61540000.0,0.653,1.0,991300000.0,0.198,305321000.0,45966000.0,3540881000.0,3392830000.0,974967000.0,0.0,0.0,0.0,2561806000.0,845542000.0,1716264000.0,2854443371.0,69533000.0,182965000.0,28717000.0,-123803000.0,-59356000.0,-154442000.0,-150324000.0,0.0,367902000.0,6397000.0,231781000.0,231781000.0,231781000.0,-38182000.0,0.0,0.046,728510000.0,262790000.0,528742000.0,0.178,1.827,12.315,12.271,1598160000.0,0.0,30.31,0.57,0.57,740837000.0,1282832000.0,5003570000.0,5003570000.0,0.0,0.057,0.145,0.096,0.065,16001000.0,670893000.0,1.0,94174971.0,94174971.0,,53.131,3818742000.0,255171000.0,47361000.0,23679000.0,40.549,1152056000.0
58,TKR,MRT,2006-12-31,2006-12-31,2006-12-31,2021-08-25,-544562000.0,4027111000.0,4087728500.0,1910308000.0,2116803000.0,1.217,15.681,-286886000.0,101072000.0,101072000.0,3968271000.0,222527000.0,2.298,1.728,597843000.0,50453000.0,547390000.0,597843000.0,0.0,196592000.0,0.0,0.015,0.44,349709000.0,546301000.0,0.11,546301000.0,349709000.0,300322000.0,2.38,2.36,2.38,1476180000.0,1601751750.0,1476180000.0,3445575966.0,10.0,6.307,50042000.0,0.532,1.0,1005094000.0,0.202,305969000.0,49387000.0,3386765000.0,3341608000.0,952310000.0,0.0,0.0,0.0,2550931000.0,831148000.0,1719783000.0,2746867966.0,35655000.0,185363000.0,22963000.0,-141442000.0,-58231000.0,-176710000.0,-130868000.0,0.0,336928000.0,6305000.0,222527000.0,222527000.0,222527000.0,-46088000.0,0.0,0.045,722223000.0,282871000.0,501880000.0,0.185,1.861,12.344,12.261,1601559000.0,0.0,29.18,0.552,0.552,685836000.0,1217167000.0,4973365000.0,4973365000.0,0.0,0.054,0.139,0.105,0.07,15594000.0,677342000.0,1.0,94135297.0,94135297.0,,52.832,3721142000.0,254993000.0,77795000.0,60065000.0,39.53,1079160000.0
59,TKR,MRT,2006-09-30,2006-09-30,2006-09-30,2021-08-25,-298628000.0,4144054000.0,4079384250.0,2063507000.0,2080547000.0,1.147,18.153,-252506000.0,54069000.0,54069000.0,3683317000.0,282059000.0,1.902,1.442,752777000.0,204166000.0,548611000.0,752777000.0,0.0,194017000.0,0.0,0.015,0.44,435825000.0,629842000.0,0.135,629842000.0,435825000.0,386129000.0,3.04,3.0,3.04,1697303000.0,1606973500.0,1697303000.0,3464603302.0,8.0,5.501,132851000.0,1.421,1.0,994943000.0,0.213,397075000.0,49696000.0,3360947000.0,3293628000.0,1077792000.0,0.0,0.0,0.0,2446751000.0,1084740000.0,1362011000.0,2799356302.0,-9036000.0,-39280000.0,31119000.0,-64216000.0,-57080000.0,-90177000.0,-306427000.0,0.0,385357000.0,2211000.0,282059000.0,282059000.0,282059000.0,-53133000.0,0.0,0.06,674919000.0,320024000.0,506866000.0,0.145,1.649,9.925,9.796,1606782000.0,0.0,29.78,0.598,0.595,734631000.0,1196878000.0,4678260000.0,4678260000.0,0.0,0.069,0.176,0.132,0.093,16655000.0,662042000.0,1.0,94001219.0,93500491.0,,50.035,3746979000.0,109074000.0,104070000.0,0.0,40.074,978767000.0
60,TKR,MRT,2006-06-30,2006-06-30,2006-06-30,2021-08-25,-295663000.0,4095938000.0,4070326250.0,2071296000.0,2024642000.0,1.167,17.813,-229754000.0,38752000.0,38752000.0,3735474000.0,275343000.0,1.9,1.465,703999000.0,174983000.0,529016000.0,703999000.0,0.0,199335000.0,0.0,0.013,0.44,421365000.0,620700000.0,0.131,620700000.0,421365000.0,370531000.0,2.97,2.94,2.97,1661302000.0,1533630250.0,1661302000.0,3872151580.0,9.0,6.238,151585000.0,1.625,1.0,1014957000.0,0.214,388429000.0,50834000.0,3282727000.0,3252489500.0,1046956000.0,0.0,0.0,0.0,2434636000.0,1090029000.0,1344607000.0,3134913580.0,-28228000.0,-34206000.0,45312000.0,-128596000.0,-55856000.0,-139140000.0,-274201000.0,0.0,381339000.0,3774000.0,275343000.0,275343000.0,275343000.0,-45274000.0,0.0,0.058,699030000.0,315927000.0,515055000.0,0.148,1.887,11.385,11.283,1549643000.0,0.0,33.51,0.66,0.658,790171000.0,1165380000.0,4750431000.0,4750431000.0,0.0,0.068,0.18,0.13,0.089,14476000.0,664384000.0,1.0,93551584.0,93261154.0,,50.937,3707509000.0,108826000.0,95188000.0,0.0,39.754,981267000.0
61,TKR,MRT,2006-03-31,2006-03-31,2006-03-31,2021-08-25,-309122000.0,4083811000.0,4067827500.0,2083751000.0,2000060000.0,1.173,16.866,-217613000.0,31285000.0,31285000.0,3775015000.0,267986000.0,1.898,1.597,768523000.0,208237000.0,560286000.0,768523000.0,0.0,205046000.0,0.0,0.014,0.44,424296000.0,629342000.0,0.132,629342000.0,424296000.0,372320000.0,2.91,2.88,2.91,1572222000.0,1453845500.0,1572222000.0,3663729754.0,9.0,5.822,84131000.0,0.903,1.0,997920000.0,0.209,387155000.0,51976000.0,3335993000.0,3259245250.0,1045580000.0,0.0,0.0,0.0,2511589000.0,1097901000.0,1413688000.0,3008120754.0,-20483000.0,-19727000.0,35850000.0,-57225000.0,-55489000.0,-76864000.0,-244056000.0,0.0,301744000.0,-1307000.0,267986000.0,267986000.0,267986000.0,-35471000.0,0.0,0.056,680750000.0,317170000.0,524228000.0,0.151,1.913,11.225,11.089,1535583000.0,0.0,32.27,0.63,0.63,784920000.0,1104784000.0,4772935000.0,4772935000.0,0.0,0.066,0.184,0.13,0.089,11824000.0,653617000.0,1.0,93217253.0,93217253.0,,51.202,3696656000.0,111771000.0,104334000.0,0.0,39.656,985850000.0
62,TKR,MRT,2005-12-31,2005-12-31,2005-12-31,2021-08-25,-323449000.0,3993734000.0,4060184750.0,1983309000.0,2010425000.0,1.188,16.193,-212140000.0,65417000.0,65417000.0,3823210000.0,260281000.0,1.851,1.668,721026000.0,159279000.0,561747000.0,721026000.0,0.0,209656000.0,0.0,0.014,0.44,424748000.0,634404000.0,0.132,634404000.0,424748000.0,373163000.0,2.84,2.81,2.84,1497067000.0,1387787750.0,1497067000.0,3699782466.0,9.0,5.832,106561000.0,1.153,1.0,999957000.0,0.207,383172000.0,51585000.0,3194845000.0,3255907000.0,900294000.0,0.0,0.0,0.0,2496667000.0,1071326000.0,1425341000.0,2960277466.0,14450000.0,-27158000.0,39793000.0,-40939000.0,-55148000.0,-56294000.0,-242802000.0,0.0,318701000.0,-5155000.0,260281000.0,260281000.0,260281000.0,-26625000.0,0.0,0.054,672997000.0,326960000.0,470966000.0,0.155,1.977,11.373,11.275,1474074000.0,0.0,32.02,0.614,0.614,657237000.0,1052871000.0,4823167000.0,4823167000.0,0.0,0.064,0.188,0.13,0.088,9293000.0,646904000.0,1.0,92450889.0,92450889.0,,52.17,3610562000.0,99630000.0,112882000.0,71933000.0,39.054,911983000.0
63,TKR,MRT,2005-09-30,2005-09-30,2005-09-30,2021-08-25,-317868000.0,4107822000.0,4047478500.0,1954594000.0,2153228000.0,1.198,15.312,-171934000.0,63105000.0,63105000.0,3815458000.0,229782000.0,1.519,1.926,802610000.0,269441000.0,533169000.0,802610000.0,0.0,205022000.0,0.0,0.014,0.42,379774000.0,584796000.0,0.121,584796000.0,379774000.0,325504000.0,2.53,2.49,2.53,1403930000.0,1330983000.0,1403930000.0,3487100373.0,9.0,5.963,80437000.0,0.877,1.0,1033294000.0,0.213,363991000.0,54270000.0,3196393000.0,3275285250.0,1004939000.0,0.0,0.0,0.0,2703892000.0,1286943000.0,1416949000.0,2711966373.0,10234000.0,56664000.0,34624000.0,-107639000.0,-52991000.0,-126006000.0,-119480000.0,0.0,252371000.0,3349000.0,229782000.0,229782000.0,229782000.0,-1610000.0,0.0,0.047,660635000.0,372659000.0,514255000.0,0.166,1.932,11.802,11.711,1516325000.0,0.0,29.63,0.559,0.56,791729000.0,971900000.0,4848752000.0,4848752000.0,0.0,0.057,0.173,0.116,0.078,7173000.0,639612000.0,1.0,91527721.0,91688231.0,,52.883,3743831000.0,181997000.0,95722000.0,0.0,40.832,667651000.0
64,TKR,MRT,2005-06-30,2005-06-30,2005-06-30,2021-08-25,-332140000.0,4085943000.0,,1930140000.0,2155803000.0,,14.718,-166088000.0,66980000.0,66980000.0,3722415000.0,207414000.0,1.624,2.044,842114000.0,232487000.0,609627000.0,842114000.0,0.0,203535000.0,0.0,0.017,0.4,359031000.0,562566000.0,0.12,562566000.0,359031000.0,304972000.0,2.29,2.25,2.29,1342163000.0,,1342163000.0,2897108169.0,8.0,5.15,-7312000.0,-0.08,1.0,964928000.0,0.206,362793000.0,54059000.0,3309750000.0,,963862000.0,0.0,0.0,0.0,2743780000.0,1188534000.0,1555246000.0,2111363169.0,-489000.0,53480000.0,20006000.0,-11782000.0,-50892000.0,-42668000.0,-120141000.0,0.0,158776000.0,3544000.0,207414000.0,207414000.0,207414000.0,-1610000.0,0.0,0.044,616719000.0,348209000.0,518388000.0,0.175,1.573,10.179,10.087,1522606000.0,0.0,23.1,0.45,0.449,808276000.0,945893000.0,4687343000.0,4687343000.0,0.0,,,,0.077,5784000.0,611597000.0,1.0,91401003.0,91189208.0,,51.402,3723150000.0,176306000.0,97558000.0,0.0,40.829,741606000.0
65,TKR,MRT,2005-03-31,2005-03-31,2005-03-31,2021-08-25,-308341000.0,4053240000.0,,1866918000.0,2186322000.0,,14.404,-146472000.0,51768000.0,51768000.0,3599249000.0,165421000.0,1.624,2.099,837513000.0,226556000.0,610957000.0,837513000.0,0.0,201345000.0,0.0,0.014,0.38,296348000.0,497693000.0,0.111,497693000.0,296348000.0,244230000.0,1.83,1.8,1.83,1307991000.0,,1307991000.0,,,,-18580000.0,-0.205,1.0,893703000.0,0.199,367076000.0,52118000.0,3322640000.0,,936764000.0,0.0,0.0,0.0,2745249000.0,1149269000.0,1595980000.0,2498903422.0,16753000.0,36324000.0,23431000.0,25858000.0,-48839000.0,450000.0,-119115000.0,0.0,127892000.0,7526000.0,165421000.0,165421000.0,165421000.0,-1610000.0,0.0,0.037,608029000.0,285674000.0,528382000.0,0.208,1.91,15.106,14.94,1547875000.0,0.0,27.34,0.556,0.553,790294000.0,892287000.0,4492952000.0,4492952000.0,0.0,,,,0.066,4071000.0,597246000.0,1.0,91401003.0,90804936.0,,49.479,3686164000.0,171080000.0,78809000.0,0.0,40.594,717649000.0
66,TKR,MRT,2004-12-31,2004-12-31,2004-12-31,2021-08-25,-289486000.0,3942909000.0,,1839198000.0,2103711000.0,,,-138558000.0,50967000.0,50967000.0,3462821000.0,135656000.0,1.785,2.105,779324000.0,158690000.0,620634000.0,779324000.0,0.0,201173000.0,0.0,0.014,0.36,250035000.0,451208000.0,0.105,451208000.0,250035000.0,199201000.0,1.51,1.49,1.51,1269848000.0,,1269848000.0,,,,-18029000.0,,1.0,824376000.0,0.192,368285000.0,50834000.0,3272358000.0,,874833000.0,0.0,0.0,0.0,2673061000.0,1030623000.0,1642438000.0,,22341000.0,41331000.0,17628000.0,27277000.0,-46767000.0,-1862000.0,-108581000.0,0.0,120529000.0,12255000.0,135656000.0,135656000.0,135656000.0,-1610000.0,0.0,0.032,589448000.0,234928000.0,501832000.0,0.238,,,17.232,1583425000.0,0.0,26.02,,,706098000.0,847738000.0,4287197000.0,4287197000.0,0.0,,,,0.058,2775000.0,575910000.0,1.0,,,,,3574624000.0,198492000.0,63545000.0,50560000.0,,808575000.0
67,TKR,MRT,2004-09-30,2004-09-30,2004-09-30,2021-08-25,,,,,,,,,,,,,,,,,,,,,,0.015,0.36,,,,,,,,,,,,,,,,,,1.0,,,,,,,,,,,,,,,,,,,,,,,,,,,,,,,,,,,,,,,,24.62,,,,,,,,,,,,,,1.0,,90166612.0,,,,,,,,
68,TKR,MRT,2004-06-30,2004-06-30,2004-06-30,2021-08-25,,,,,,,,,,,,,,,,,,,,,,0.014,0.36,,,,,,,,,,,,,,,,,,1.0,,,,,,,,,,,,,,,,,,,,,,,,,,,,,,,,,,,,,,,,26.49,,,,,,,,,,,,,,1.0,,89698030.0,,,,,,,,
69,TKR,MRT,2004-03-31,2004-03-31,2004-03-31,2021-08-25,,,,,,,,,,,,,,,,,,,,,,0.015,0.36,,,,,,,,,,,,,,,,,,1.0,,,,,,,,,,,,,,,,,,,,,,,,,,,,,,,,,,,,,,,,23.23,,,,,,,,,,,,,,1.0,,89265382.0,,,,,,,,
70,TKR,MRT,2003-12-31,2003-12-31,2003-12-31,2021-08-25,,,,,,,,-92153000.0,,,3148979000.0,36481000.0,,,,,,,,208851000.0,,0.018,0.36,109203000.0,318054000.0,0.084,318054000.0,109203000.0,60802000.0,0.44,0.44,0.44,,,,,,,111691000.0,,1.0,639118000.0,0.169,,48401000.0,,,,,,,,,,,-53424000.0,-725120000.0,236039000.0,208928000.0,-42078000.0,402889000.0,-664994000.0,0.0,203844000.0,4837000.0,36481000.0,36481000.0,36481000.0,0.0,0.0,0.01,540871000.0,98247000.0,,0.818,,,45.591,,0.0,20.06,,,,,3788097000.0,3788097000.0,0.0,,,,0.029,2744000.0,521717000.0,1.0,,,,,,,24321000.0,,,
