None,ticker,dimension,calendardate,datekey,reportperiod,lastupdated,accoci,assets,assetsavg,assetsc,assetsnc,assetturnover,bvps,capex,cashneq,cashnequsd,cor,consolinc,currentratio,de,debt,debtc,debtnc,debtusd,deferredrev,depamor,deposits,divyield,dps,ebit,ebitda,ebitdamargin,ebitdausd,ebitusd,ebt,eps,epsdil,epsusd,equity,equityavg,equityusd,ev,evebit,evebitda,fcf,fcfps,fxusd,gp,grossmargin,intangibles,intexp,invcap,invcapavg,inventory,investments,investmentsc,investmentsnc,liabilities,liabilitiesc,liabilitiesnc,marketcap,ncf,ncfbus,ncfcommon,ncfdebt,ncfdiv,ncff,ncfi,ncfinv,ncfo,ncfx,netinc,netinccmn,netinccmnusd,netincdis,netincnci,netmargin,opex,opinc,payables,payoutratio,pb,pe,pe1,ppnenet,prefdivis,price,ps,ps1,receivables,retearn,revenue,revenueusd,rnd,roa,roe,roic,ros,sbcomp,sgna,sharefactor,sharesbas,shareswa,shareswadil,sps,tangibles,taxassets,taxexp,taxliabilities,tbvps,workingcapital
0,DGX,MRY,2020-12-31,2020-12-31,2020-12-31,2021-10-22,-21000000.0,14026000000.0,13302000000.0,3058000000.0,10968000000.0,0.709,50.154,-415000000.0,1158000000.0,1158000000.0,5804000000.0,1499000000.0,1.722,1.068,4655000000.0,143000000.0,4512000000.0,4655000000.0,0.0,361000000.0,0.0,0.019,2.21,2054000000.0,2415000000.0,0.256,2415000000.0,2054000000.0,1891000000.0,10.62,10.47,10.62,6759000000.0,6161750000.0,6759000000.0,19604062313.0,10.0,8.118,1590000000.0,11.798,1.0,3633000000.0,0.385,8040000000.0,163000000.0,7707000000.0,7408750000.0,223000000.0,521000000.0,0.0,521000000.0,7217000000.0,1776000000.0,5441000000.0,16060062313.0,-34000000.0,-330000000.0,-136000000.0,-805000000.0,-297000000.0,-1267000000.0,-772000000.0,-27000000.0,2005000000.0,0.0,1431000000.0,1431000000.0,1431000000.0,0.0,68000000.0,0.152,1662000000.0,1971000000.0,1633000000.0,0.208,2.376,11.223,11.221,2231000000.0,0.0,119.17,1.702,1.702,1520000000.0,9303000000.0,9437000000.0,9437000000.0,0.0,0.108,0.232,0.277,0.218,97000000.0,1550000000.0,1.0,134765984.0,134765984.0,,70.025,5986000000.0,0.0,460000000.0,0.0,44.418,1282000000.0
1,DGX,MRY,2019-12-31,2019-12-31,2019-12-31,2021-10-22,-39000000.0,12843000000.0,12139750000.0,2490000000.0,10353000000.0,0.636,41.879,-309000000.0,1192000000.0,1192000000.0,5037000000.0,906000000.0,1.251,1.269,5328000000.0,949000000.0,4379000000.0,5328000000.0,0.0,329000000.0,0.0,0.02,2.12,1280000000.0,1609000000.0,0.208,1609000000.0,1280000000.0,1105000000.0,6.36,6.28,6.36,5641000000.0,5498750000.0,5641000000.0,18495301814.0,14.0,11.495,934000000.0,6.934,1.0,2689000000.0,0.348,7740000000.0,175000000.0,7249000000.0,6529250000.0,123000000.0,482000000.0,0.0,482000000.0,7156000000.0,1990000000.0,5166000000.0,14384301814.0,1057000000.0,-58000000.0,-234000000.0,832000000.0,-286000000.0,225000000.0,-411000000.0,-44000000.0,1243000000.0,0.0,858000000.0,858000000.0,858000000.0,-20000000.0,48000000.0,0.111,1458000000.0,1231000000.0,1041000000.0,0.333,2.55,16.765,16.791,1971000000.0,0.0,106.79,1.862,1.862,1063000000.0,8174000000.0,7726000000.0,7726000000.0,0.0,0.071,0.156,0.196,0.166,56000000.0,1457000000.0,1.0,134697086.0,134697086.0,,57.358,5103000000.0,0.0,247000000.0,0.0,37.885,500000000.0
2,DGX,MRY,2018-12-31,2018-12-31,2018-12-31,2021-10-22,-59000000.0,11003000000.0,10857750000.0,1390000000.0,9613000000.0,0.694,38.333,-381000000.0,135000000.0,135000000.0,4926000000.0,788000000.0,0.936,1.1,3893000000.0,464000000.0,3429000000.0,3893000000.0,0.0,309000000.0,0.0,0.023,1.95,1085000000.0,1394000000.0,0.185,1394000000.0,1085000000.0,918000000.0,5.39,5.29,5.39,5216000000.0,5196500000.0,5216000000.0,14765724183.0,14.0,10.592,819000000.0,6.019,1.0,2605000000.0,0.346,7770000000.0,167000000.0,5506000000.0,5539000000.0,99000000.0,436000000.0,0.0,436000000.0,5736000000.0,1485000000.0,4251000000.0,11330724183.0,-2000000.0,-421000000.0,-223000000.0,124000000.0,-266000000.0,-401000000.0,-801000000.0,1000000.0,1200000000.0,0.0,736000000.0,736000000.0,736000000.0,0.0,52000000.0,0.098,1504000000.0,1101000000.0,1021000000.0,0.362,2.172,15.395,15.449,1288000000.0,0.0,83.27,1.505,1.505,1012000000.0,7602000000.0,7531000000.0,7531000000.0,0.0,0.068,0.142,0.196,0.144,61000000.0,1424000000.0,1.0,136072105.0,136072105.0,,55.346,3233000000.0,0.0,182000000.0,0.0,23.759,-95000000.0
3,DGX,MRY,2017-12-31,2017-12-31,2017-12-31,2021-10-22,-48000000.0,10503000000.0,10305500000.0,1306000000.0,9197000000.0,0.718,36.104,-251000000.0,137000000.0,137000000.0,4719000000.0,824000000.0,1.236,1.127,3784000000.0,36000000.0,3748000000.0,3784000000.0,0.0,270000000.0,0.0,0.018,1.8,1164000000.0,1434000000.0,0.194,1434000000.0,1164000000.0,1013000000.0,5.63,5.5,5.63,4921000000.0,4760500000.0,4921000000.0,16838132043.0,14.0,11.742,924000000.0,6.779,1.0,2683000000.0,0.362,7454000000.0,151000000.0,5639000000.0,5612250000.0,95000000.0,462000000.0,0.0,462000000.0,5548000000.0,1057000000.0,4491000000.0,13424132043.0,-247000000.0,-580000000.0,-335000000.0,23000000.0,-247000000.0,-592000000.0,-830000000.0,1000000.0,1175000000.0,0.0,772000000.0,772000000.0,772000000.0,0.0,52000000.0,0.104,1518000000.0,1165000000.0,1021000000.0,0.32,2.728,17.389,17.494,1145000000.0,0.0,98.49,1.814,1.814,924000000.0,7138000000.0,7402000000.0,7402000000.0,0.0,0.075,0.162,0.207,0.157,79000000.0,1443000000.0,1.0,136299442.0,136299442.0,,54.307,3049000000.0,0.0,241000000.0,0.0,22.37,249000000.0
4,DGX,MRY,2016-12-31,2016-12-31,2016-12-31,2021-10-22,-72000000.0,10100000000.0,10119750000.0,1531000000.0,8569000000.0,0.713,33.381,-293000000.0,359000000.0,359000000.0,4616000000.0,696000000.0,1.561,1.175,3734000000.0,6000000.0,3728000000.0,3734000000.0,0.0,249000000.0,0.0,0.017,1.58,1217000000.0,1466000000.0,0.203,1466000000.0,1217000000.0,1074000000.0,4.58,4.51,4.58,4628000000.0,4616000000.0,4628000000.0,16157011864.0,13.0,11.021,823000000.0,5.936,1.0,2598000000.0,0.36,6949000000.0,143000000.0,5545000000.0,5615000000.0,82000000.0,443000000.0,0.0,443000000.0,5440000000.0,981000000.0,4459000000.0,12741011864.0,251000000.0,156000000.0,-517000000.0,98000000.0,-223000000.0,-738000000.0,-127000000.0,0.0,1116000000.0,0.0,645000000.0,645000000.0,645000000.0,0.0,51000000.0,0.089,1321000000.0,1277000000.0,975000000.0,0.345,2.753,19.754,20.066,1029000000.0,0.0,91.9,1.766,1.766,926000000.0,6613000000.0,7214000000.0,7214000000.0,0.0,0.064,0.14,0.217,0.169,69000000.0,1380000000.0,1.0,138639955.0,138639955.0,,52.034,3151000000.0,0.0,429000000.0,0.0,22.728,550000000.0
5,DGX,MRY,2015-12-31,2015-12-31,2015-12-31,2021-10-22,-38000000.0,9962000000.0,10092250000.0,1501000000.0,8461000000.0,0.742,32.675,-263000000.0,133000000.0,133000000.0,4657000000.0,753000000.0,1.28,1.121,3651000000.0,159000000.0,3492000000.0,3651000000.0,0.0,304000000.0,0.0,0.021,1.47,1235000000.0,1539000000.0,0.205,1539000000.0,1235000000.0,1082000000.0,4.92,4.87,4.92,4684000000.0,4457500000.0,4684000000.0,13805898014.0,11.0,8.971,558000000.0,3.893,1.0,2836000000.0,0.378,6889000000.0,153000000.0,5418000000.0,5344250000.0,84000000.0,473000000.0,0.0,473000000.0,5249000000.0,1173000000.0,4076000000.0,10197898014.0,-59000000.0,-67000000.0,-164000000.0,-84000000.0,-212000000.0,-518000000.0,-362000000.0,-33000000.0,821000000.0,0.0,709000000.0,709000000.0,709000000.0,0.0,44000000.0,0.095,1437000000.0,1399000000.0,1014000000.0,0.299,2.177,14.383,14.459,925000000.0,0.0,71.14,1.361,1.361,901000000.0,6199000000.0,7493000000.0,7493000000.0,0.0,0.07,0.159,0.231,0.165,52000000.0,1679000000.0,1.0,143349705.0,143349705.0,,52.271,3073000000.0,0.0,373000000.0,0.0,21.437,328000000.0
6,DGX,MRY,2014-12-31,2014-12-31,2014-12-31,2021-10-22,-27000000.0,9857000000.0,9741250000.0,1603000000.0,8254000000.0,0.763,29.758,-308000000.0,192000000.0,192000000.0,4637000000.0,592000000.0,0.938,1.285,3742000000.0,518000000.0,3224000000.0,3742000000.0,0.0,314000000.0,0.0,0.019,1.29,982000000.0,1296000000.0,0.174,1296000000.0,982000000.0,818000000.0,3.83,3.81,3.83,4301000000.0,4141750000.0,4301000000.0,13386466403.0,14.0,10.329,636000000.0,4.4,1.0,2798000000.0,0.376,7103000000.0,164000000.0,4595000000.0,5028500000.0,110000000.0,46000000.0,0.0,46000000.0,5527000000.0,1709000000.0,3818000000.0,9692466403.0,5000000.0,-728000000.0,-54000000.0,371000000.0,-187000000.0,86000000.0,-1025000000.0,0.0,944000000.0,0.0,556000000.0,556000000.0,556000000.0,-5000000.0,36000000.0,0.075,1815000000.0,983000000.0,1191000000.0,0.337,2.254,17.432,17.509,933000000.0,0.0,67.06,1.304,1.304,932000000.0,5723000000.0,7435000000.0,7435000000.0,0.0,0.057,0.134,0.195,0.132,51000000.0,1728000000.0,1.0,144534244.0,144534244.0,,51.441,2754000000.0,169000000.0,262000000.0,0.0,19.054,-106000000.0
7,DGX,MRY,2013-12-31,2013-12-31,2013-12-31,2021-10-22,-8000000.0,8948000000.0,9054472000.0,1383000000.0,7565000000.0,0.789,27.148,-231000000.0,187000000.0,187000000.0,4326000000.0,883000000.0,1.222,1.26,3332000000.0,212000000.0,3120000000.0,3332000000.0,0.0,283000000.0,0.0,0.022,1.2,1508000000.0,1791000000.0,0.251,1791000000.0,1508000000.0,1349000000.0,5.58,5.54,5.58,3948000000.0,3975646500.0,3948000000.0,10994790064.0,7.0,6.139,421000000.0,2.895,1.0,2820000000.0,0.395,6545000000.0,159000000.0,4416000000.0,4528685500.0,91000000.0,0.0,0.0,0.0,4975000000.0,1132000000.0,3843000000.0,7786159064.0,-126000000.0,83000000.0,-899000000.0,-4000000.0,-185000000.0,-1106000000.0,328000000.0,0.0,652000000.0,0.0,849000000.0,849000000.0,849000000.0,0.0,34000000.0,0.119,1819000000.0,1001000000.0,920000000.0,0.215,1.972,9.171,9.595,805000000.0,0.0,53.54,1.09,1.09,852000000.0,5358000000.0,7146000000.0,7146000000.0,0.0,0.094,0.214,0.333,0.211,24000000.0,1704000000.0,1.0,145426953.0,145426953.0,,49.138,2403000000.0,148000000.0,500000000.0,0.0,16.524,251000000.0
8,DGX,MRY,2012-12-31,2012-12-31,2012-12-31,2021-10-22,14000000.0,9284000000.0,9361753000.0,1561000000.0,7723000000.0,0.789,26.188,-182000000.0,296000000.0,296000000.0,4365000000.0,592000000.0,1.49,1.225,3364000000.0,10000000.0,3354000000.0,3364000000.0,0.0,287000000.0,0.0,0.012,0.68,1123000000.0,1410000000.0,0.191,1410000000.0,1123000000.0,958000000.0,3.49,3.46,3.49,4163000000.0,4049688750.0,4163000000.0,12601647236.0,11.0,8.937,1005000000.0,6.322,1.0,3018000000.0,0.409,6408000000.0,165000000.0,4896000000.0,4836200250.0,93000000.0,0.0,0.0,0.0,5098000000.0,1048000000.0,4050000000.0,9263041236.0,148000000.0,-51000000.0,-38000000.0,-654000000.0,-108000000.0,-822000000.0,-217000000.0,0.0,1187000000.0,0.0,556000000.0,556000000.0,556000000.0,0.0,36000000.0,0.075,1817000000.0,1201000000.0,1016000000.0,0.195,2.225,16.66,16.696,756000000.0,0.0,58.27,1.255,1.255,867000000.0,4690000000.0,7383000000.0,7383000000.0,0.0,0.059,0.137,0.232,0.152,46000000.0,1745000000.0,1.0,158967586.0,158967586.0,,46.443,2876000000.0,174000000.0,402000000.0,0.0,18.092,513000000.0
9,DGX,MRY,2011-12-31,2011-12-31,2011-12-31,2021-10-22,-8067000.0,9313379000.0,9323942500.0,1401260000.0,7912119000.0,0.793,23.408,-161000000.0,164886000.0,164886000.0,4363000000.0,506000000.0,0.898,1.516,4024917000.0,654395000.0,3370522000.0,4024917000.0,0.0,281000000.0,0.0,0.007,0.4,996000000.0,1277000000.0,0.173,1277000000.0,996000000.0,826000000.0,2.95,2.92,2.95,3692872000.0,3464749500.0,3692872000.0,13252432720.0,13.0,10.378,734000000.0,4.653,1.0,3029000000.0,0.41,6831377000.0,170000000.0,4780874000.0,4760251500.0,89132000.0,0.0,0.0,0.0,5598380000.0,1561159000.0,4037221000.0,9159500720.0,-284000000.0,-1299000000.0,-798000000.0,979000000.0,-65000000.0,64000000.0,-1243000000.0,214000000.0,895000000.0,0.0,471000000.0,471000000.0,471000000.0,0.0,35000000.0,0.064,2042000000.0,987000000.0,906764000.0,0.136,2.48,19.447,19.681,799771000.0,0.0,58.06,1.239,1.239,906455000.0,4263599000.0,7392000000.0,7392000000.0,0.0,0.051,0.136,0.209,0.135,68000000.0,1743000000.0,1.0,157759227.0,157759227.0,,46.856,2482002000.0,153328000.0,355000000.0,0.0,15.733,-159899000.0
10,DGX,MRY,2010-12-31,2010-12-31,2010-12-31,2021-10-22,10626000.0,8527630000.0,8496242250.0,1605417000.0,6922213000.0,0.855,23.67,-205400000.0,449301000.0,449301000.0,4275535000.0,757017000.0,1.322,1.109,2990156000.0,348996000.0,2641160000.0,2990156000.0,0.0,253964000.0,0.0,0.007,0.4,1294488000.0,1548452000.0,0.213,1548452000.0,1294488000.0,1151021000.0,4.08,4.05,4.08,4033480000.0,3929837750.0,4033480000.0,11994954561.0,9.0,7.746,912647000.0,5.356,1.0,2984585000.0,0.411,5898343000.0,143467000.0,3955874000.0,4167739250.0,76572000.0,0.0,0.0,0.0,4473505000.0,1214268000.0,3259237000.0,9196752561.0,-84955000.0,0.0,-701465000.0,-169491000.0,-71321000.0,-986492000.0,-216510000.0,-11110000.0,1118047000.0,0.0,720894000.0,720894000.0,720894000.0,0.0,36123000.0,0.099,1701002000.0,1283583000.0,865272000.0,0.098,2.28,12.757,13.228,834376000.0,0.0,53.97,1.267,1.267,845299000.0,3867420000.0,7260120000.0,7260120000.0,0.0,0.085,0.183,0.311,0.178,53043000.0,1658842000.0,1.0,170404902.0,170404902.0,,42.605,2629287000.0,142470000.0,430127000.0,0.0,15.43,391149000.0
11,DGX,MRY,2009-12-31,2009-12-31,2009-12-31,2021-10-22,-20961000.0,8563643000.0,8371859000.0,1679425000.0,6884218000.0,0.891,21.577,-166928000.0,534256000.0,534256000.0,4321475000.0,766222000.0,1.586,1.141,3107299000.0,170507000.0,2936792000.0,3107299000.0,0.0,256687000.0,0.0,0.007,0.4,1333653000.0,1590340000.0,0.213,1590340000.0,1333653000.0,1189585000.0,3.91,3.87,3.91,3989639000.0,3788023750.0,3989639000.0,13898874066.0,10.0,8.74,830490000.0,4.492,1.0,3133768000.0,0.42,5907609000.0,144068000.0,4169865000.0,4181266000.0,91386000.0,0.0,0.0,0.0,4552179000.0,1059212000.0,3492967000.0,11164301066.0,280310000.0,-18295000.0,-412871000.0,26987000.0,-74748000.0,-521204000.0,-195904000.0,-10681000.0,997418000.0,0.0,729111000.0,729111000.0,729111000.0,0.0,37111000.0,0.098,1774657000.0,1359111000.0,888705000.0,0.102,2.798,15.312,15.442,825946000.0,0.0,60.38,1.498,1.498,827343000.0,3216639000.0,7455243000.0,7455243000.0,0.0,0.087,0.192,0.319,0.179,69519000.0,1747618000.0,1.0,184900647.0,184900647.0,,40.32,2656034000.0,131800000.0,460474000.0,0.0,14.365,620213000.0
12,DGX,MRY,2008-12-31,2008-12-31,2008-12-31,2021-10-22,-68068000.0,8403830000.0,8546488250.0,1496819000.0,6907011000.0,0.848,18.429,-212681000.0,253946000.0,253946000.0,4256156000.0,613195000.0,1.222,1.326,3083231000.0,5142000.0,3078089000.0,3083231000.0,0.0,264593000.0,0.0,0.008,0.4,1148022000.0,1412615000.0,0.195,1412615000.0,1148022000.0,968258000.0,2.99,2.96,2.99,3604896000.0,3626640250.0,3604896000.0,12995665324.0,11.0,9.2,850368000.0,4.347,1.0,2993291000.0,0.413,5882329000.0,179764000.0,4126025000.0,4343120500.0,102125000.0,0.0,0.0,0.0,4778696000.0,1224761000.0,3553935000.0,10154004324.0,86352000.0,8066000.0,-223486000.0,-458941000.0,-77964000.0,-777814000.0,-198883000.0,5732000.0,1063049000.0,0.0,581490000.0,581490000.0,581490000.0,0.0,31705000.0,0.08,1770915000.0,1222376000.0,1219619000.0,0.134,2.817,17.462,17.361,879687000.0,0.0,51.91,1.401,1.401,832873000.0,2561679000.0,7249447000.0,7249447000.0,0.0,0.068,0.16,0.264,0.158,68161000.0,1736934000.0,1.0,195607866.0,195607866.0,,37.061,2521501000.0,218419000.0,386768000.0,0.0,12.891,272058000.0
13,DGX,MRY,2007-12-31,2007-12-31,2007-12-31,2021-10-22,25279000.0,8565693000.0,7957224750.0,1374357000.0,7191336000.0,0.843,17.17,-219101000.0,167594000.0,167594000.0,3969848000.0,366449000.0,1.067,1.577,3540793000.0,163581000.0,3377212000.0,3540793000.0,0.0,237879000.0,0.0,0.008,0.4,876827000.0,1114706000.0,0.166,1114706000.0,876827000.0,698513000.0,1.76,1.74,1.76,3324242000.0,3217717750.0,3324242000.0,13841168457.0,16.0,12.417,707823000.0,3.656,1.0,2735059000.0,0.408,6106837000.0,178314000.0,4543758000.0,4243523750.0,95234000.0,0.0,0.0,0.0,5241451000.0,1288297000.0,3953154000.0,10241654457.0,17954000.0,-1535826000.0,-64732000.0,1024171000.0,-77327000.0,850223000.0,-1759193000.0,-4266000.0,926924000.0,0.0,339939000.0,339939000.0,339939000.0,0.0,26510000.0,0.051,1643723000.0,1091336000.0,1124716000.0,0.227,3.081,30.128,30.057,911998000.0,0.0,52.9,1.527,1.527,881967000.0,2057744000.0,6704907000.0,6704907000.0,0.0,0.043,0.106,0.207,0.131,42872000.0,1612858000.0,1.0,193604054.0,193604054.0,,34.632,2458856000.0,149841000.0,358574000.0,0.0,12.7,86060000.0
14,DGX,MRY,2006-12-31,2006-12-31,2006-12-31,2021-10-22,-65000.0,5661482000.0,5562113500.0,1191018000.0,4470464000.0,1.127,15.478,-193422000.0,149640000.0,149640000.0,3696006000.0,586421000.0,1.035,0.875,1555979000.0,316874000.0,1239105000.0,1555979000.0,0.0,197398000.0,0.0,0.007,0.39,1085427000.0,1282825000.0,0.205,1282825000.0,1085427000.0,994002000.0,2.98,2.94,2.98,3019171000.0,2964004500.0,3019171000.0,11788892126.0,11.0,9.19,758474000.0,3.888,1.0,2572653000.0,0.41,3584392000.0,91425000.0,2332559000.0,2362131750.0,78564000.0,0.0,0.0,0.0,2642311000.0,1150870000.0,1491441000.0,10338092126.0,57510000.0,-236543000.0,-370001000.0,-42913000.0,-77135000.0,-479984000.0,-414402000.0,15563000.0,951896000.0,0.0,586421000.0,586421000.0,586421000.0,39271000.0,0.0,0.094,1444576000.0,1128077000.0,833996000.0,0.131,3.424,17.629,17.785,752357000.0,0.0,53.0,1.649,1.649,774414000.0,1800255000.0,6268659000.0,6268659000.0,0.0,0.105,0.198,0.46,0.173,22785000.0,1410716000.0,1.0,195058342.0,195058342.0,,32.137,2077090000.0,120540000.0,407581000.0,0.0,10.649,40148000.0
15,DGX,MRY,2005-12-31,2005-12-31,2005-12-31,2021-10-22,-6205000.0,5306115000.0,4672605000.0,1069497000.0,4236618000.0,1.168,13.689,-224270000.0,92130000.0,92130000.0,3220713000.0,546277000.0,0.971,0.92,1592225000.0,336839000.0,1255386000.0,1592225000.0,0.0,176124000.0,0.0,0.007,0.345,980443000.0,1156567000.0,0.212,1156567000.0,980443000.0,923089000.0,2.71,2.66,2.71,2762984000.0,2752255250.0,2762984000.0,11047640781.0,11.0,9.552,627313000.0,3.108,1.0,2236013000.0,0.41,3344610000.0,57354000.0,2360308000.0,1784403500.0,77939000.0,0.0,0.0,0.0,2543131000.0,1101292000.0,1441839000.0,10403430781.0,18828000.0,-814219000.0,-291828000.0,636294000.0,-69673000.0,247038000.0,-1079793000.0,-41304000.0,851583000.0,0.0,546277000.0,546277000.0,546277000.0,26919000.0,0.0,0.1,1228465000.0,1007548000.0,764453000.0,0.127,3.765,19.044,18.996,753663000.0,0.0,51.48,1.907,1.904,732907000.0,1292510000.0,5456726000.0,5456726000.0,0.0,0.117,0.198,0.549,0.18,35860000.0,1215862000.0,1.0,202086845.0,201833000.0,205530000.0,27.036,1961505000.0,107442000.0,376812000.0,0.0,9.718,-31795000.0
16,DGX,MRY,2004-12-31,2004-12-31,2004-12-31,2021-10-22,3866000.0,4203788000.0,4331413500.0,931080000.0,3272708000.0,1.17,11.223,-176125000.0,73302000.0,73302000.0,2969774000.0,499195000.0,0.892,0.837,1098822000.0,374801000.0,724021000.0,1098822000.0,0.0,168726000.0,0.0,0.006,0.3,889492000.0,1058218000.0,0.209,1058218000.0,889492000.0,831666000.0,2.45,2.35,2.45,2288651000.0,2427540750.0,2288651000.0,10570594979.0,12.0,9.989,622655000.0,3.053,1.0,2097212000.0,0.414,2518412000.0,57826000.0,1667108000.0,1940607500.0,75327000.0,0.0,0.0,0.0,1915137000.0,1043788000.0,871349000.0,9669638979.0,-81656000.0,0.0,-625461000.0,-1097000.0,-61387000.0,-706736000.0,-173700000.0,2425000.0,798780000.0,0.0,499195000.0,499195000.0,499195000.0,-6780000.0,0.0,0.099,1216358000.0,880854000.0,668987000.0,0.122,4.225,19.37,19.5,619485000.0,0.0,47.775,1.908,1.923,649281000.0,818734000.0,5066986000.0,5066986000.0,0.0,0.115,0.206,0.458,0.176,72660000.0,1199759000.0,1.0,202399560.0,203920000.0,214145000.0,24.848,1685376000.0,112404000.0,332471000.0,0.0,8.265,-112708000.0
17,DGX,MRY,2003-12-31,2003-12-31,2003-12-31,2021-10-22,5947000.0,4301418000.0,4248130000.0,995786000.0,3305632000.0,1.115,11.578,-174641000.0,154958000.0,154958000.0,2768623000.0,436717000.0,1.376,0.796,1102657000.0,73950000.0,1028707000.0,1102657000.0,0.0,153903000.0,0.0,0.0,0.0,797587000.0,951490000.0,0.201,951490000.0,797587000.0,737798000.0,2.11,2.02,2.11,2394694000.0,2347505250.0,2394694000.0,8630366903.0,11.0,9.07,488158000.0,2.36,1.0,1969335000.0,0.416,2535853000.0,59789000.0,1989464000.0,2075926500.0,72484000.0,0.0,0.0,0.0,1906724000.0,723800000.0,1182924000.0,7600003903.0,58181000.0,-237610000.0,-227661000.0,58282000.0,0.0,-187568000.0,-417050000.0,-13842000.0,662799000.0,0.0,436717000.0,436717000.0,436717000.0,0.0,0.0,0.092,1172881000.0,796454000.0,649850000.0,0.0,3.174,17.403,17.325,607305000.0,0.0,36.555,1.604,1.596,609187000.0,380559000.0,4737958000.0,4737958000.0,0.0,0.103,0.186,0.384,0.168,35793000.0,1165700000.0,1.0,207906002.0,206832000.0,217578000.0,22.907,1765565000.0,158610000.0,301081000.0,0.0,8.536,271986000.0
18,DGX,MRY,2002-12-31,2002-12-31,2002-12-31,2021-10-22,-5524000.0,3324197000.0,3311783750.0,824443000.0,2499754000.0,1.24,9.168,-155196000.0,96777000.0,96777000.0,2432388000.0,322154000.0,1.296,0.879,822539000.0,26032000.0,796507000.0,822539000.0,0.0,131391000.0,0.0,0.0,0.0,596050000.0,727441000.0,0.177,727441000.0,596050000.0,542377000.0,1.67,1.585,1.67,1768863000.0,1615545250.0,1768863000.0,6498651906.0,11.0,8.934,441175000.0,2.287,1.0,1675663000.0,0.408,1810933000.0,53673000.0,1603049000.0,1685098750.0,60899000.0,0.0,0.0,0.0,1555334000.0,635977000.0,919357000.0,5564627906.0,-25555000.0,-333512000.0,27034000.0,-159041000.0,0.0,-144714000.0,-477212000.0,932000.0,596371000.0,0.0,322154000.0,322154000.0,322154000.0,0.0,0.0,0.078,1083521000.0,592142000.0,609945000.0,0.0,3.146,17.273,17.036,570149000.0,0.0,28.45,1.355,1.336,522131000.0,-40772000.0,4108051000.0,4108051000.0,0.0,0.097,0.199,0.354,0.145,53535000.0,1074841000.0,1.0,195593248.0,192934000.0,205294000.0,21.293,1513264000.0,132456000.0,220223000.0,0.0,7.843,188466000.0
19,DGX,MRY,2001-12-31,2001-12-31,2001-12-31,2021-10-22,-3470000.0,2930555000.0,2916421250.0,876514000.0,2054041000.0,1.244,7.179,-148986000.0,122332000.0,122332000.0,2151594000.0,162303000.0,1.331,1.194,821741000.0,1404000.0,820337000.0,821741000.0,0.0,147727000.0,0.0,0.0,0.0,367112000.0,514839000.0,0.142,514839000.0,367112000.0,296589000.0,0.87,0.83,0.87,1335987000.0,1209499500.0,1335987000.0,7573094878.0,21.0,14.71,316817000.0,1.702,1.0,1476177000.0,0.407,1379143000.0,70523000.0,1592198000.0,1554361750.0,49906000.0,0.0,0.0,0.0,1594568000.0,658623000.0,935945000.0,6853442878.0,-49145000.0,-152864000.0,25631000.0,-205550000.0,0.0,-218332000.0,-296616000.0,-17439000.0,465803000.0,0.0,162303000.0,162303000.0,162303000.0,0.0,0.0,0.045,1064627000.0,411550000.0,657219000.0,0.0,5.13,42.226,41.213,508619000.0,0.0,35.855,1.889,1.839,508340000.0,-362926000.0,3627771000.0,3627771000.0,0.0,0.056,0.134,0.236,0.101,92589000.0,1018680000.0,1.0,191143296.0,186106000.0,195220000.0,19.493,1551412000.0,210327000.0,134286000.0,0.0,8.336,217891000.0
20,DGX,MRY,2000-12-31,2000-12-31,2000-12-31,2021-10-22,-5458000.0,2864536000.0,2911556250.0,980689000.0,1883847000.0,1.175,5.578,-116450000.0,171477000.0,171477000.0,2056237000.0,102052000.0,1.027,1.779,1026113000.0,265408000.0,760705000.0,1026113000.0,0.0,134296000.0,0.0,0.0,0.0,311177000.0,445473000.0,0.13,445473000.0,311177000.0,198085000.0,0.57,0.54,0.57,1030795000.0,963194750.0,1030795000.0,7587456150.0,24.0,17.032,253005000.0,1.369,1.0,1364925000.0,0.399,1261603000.0,113092000.0,1502579000.0,1762441750.0,44274000.0,0.0,0.0,0.0,1833741000.0,954990000.0,878751000.0,6560659150.0,144193000.0,92225000.0,22147000.0,-190762000.0,0.0,-177247000.0,-48015000.0,-27415000.0,369455000.0,0.0,102052000.0,102052000.0,102052000.0,0.0,0.0,0.03,1049208000.0,315717000.0,689582000.0,0.0,6.365,64.287,62.281,449856000.0,0.0,35.5,1.918,1.918,485573000.0,-525111000.0,3421162000.0,3421162000.0,0.0,0.035,0.106,0.177,0.091,61717000.0,1001443000.0,1.0,184807300.0,184807300.0,,18.512,1602933000.0,231105000.0,96033000.0,0.0,8.674,25699000.0
21,DGX,MRY,1999-12-31,1999-12-31,1999-12-31,2021-10-22,-2450000.0,2878481000.0,2084013000.0,872661000.0,2005820000.0,1.058,4.989,-76029000.0,27284000.0,27284000.0,1379989000.0,-3413000.0,1.244,2.339,1216877000.0,45435000.0,1171442000.0,1216877000.0,0.0,90835000.0,0.0,0.0,0.0,73695000.0,164530000.0,0.075,164530000.0,73695000.0,12245000.0,-0.025,-0.025,-0.025,862062000.0,722546000.0,862062000.0,2550443665.0,35.0,15.501,173506000.0,1.004,1.0,825254000.0,0.374,1435882000.0,61450000.0,1930948000.0,1378505750.0,52302000.0,0.0,0.0,0.0,2016419000.0,701244000.0,1315175000.0,1320083665.0,-175624000.0,-1034612000.0,3326000.0,720808000.0,0.0,682831000.0,-1107990000.0,-10051000.0,249535000.0,0.0,-3413000.0,-3413000.0,-3413000.0,0.0,0.0,-0.002,746609000.0,78645000.0,655809000.0,0.0,1.531,-386.781,-305.6,427978000.0,0.0,7.64,0.599,0.599,539256000.0,-627045000.0,2205243000.0,2205243000.0,0.0,-0.002,-0.005,0.053,0.033,9597000.0,643440000.0,1.0,172785820.0,172785820.0,,12.763,1442599000.0,228982000.0,15658000.0,0.0,8.349,171417000.0
22,DGX,MRY,1998-12-31,1998-12-31,1998-12-31,2021-10-22,-3038000.0,1360240000.0,1373516000.0,578187000.0,782053000.0,1.062,4.746,-39575000.0,202908000.0,202908000.0,896793000.0,26885000.0,1.868,1.399,464870000.0,51444000.0,413426000.0,464870000.0,0.0,68845000.0,0.0,0.0,0.0,87264000.0,156109000.0,0.107,156109000.0,87264000.0,53861000.0,0.225,0.223,0.225,566930000.0,560099000.0,566930000.0,821503509.0,9.0,5.262,101807000.0,0.852,1.0,561814000.0,0.385,494721000.0,33403000.0,818016000.0,878972000.0,31164000.0,0.0,0.0,0.0,793310000.0,309465000.0,483845000.0,531908509.0,41247000.0,-948000.0,-12887000.0,-49853000.0,0.0,-60415000.0,-39720000.0,-2232000.0,141382000.0,0.0,26885000.0,26885000.0,26885000.0,0.0,0.0,0.018,467582000.0,94232000.0,242285000.0,0.0,0.938,19.785,19.789,240389000.0,0.0,4.452,0.365,0.365,220861000.0,-623514000.0,1458607000.0,1458607000.0,0.0,0.02,0.048,0.099,0.06,2113000.0,445885000.0,1.0,119462888.0,119462888.0,,12.21,865519000.0,107783000.0,26976000.0,15736000.0,7.245,268722000.0
23,DGX,MRY,1997-12-31,1997-12-31,1997-12-31,2021-10-22,-2515000.0,1400928000.0,1401354000.0,571884000.0,829044000.0,1.091,4.522,-30836000.0,161661000.0,161661000.0,962935000.0,-22260000.0,1.938,1.591,514809000.0,32648000.0,482161000.0,514809000.0,0.0,76397000.0,0.0,0.0,0.0,21938000.0,98335000.0,0.064,98335000.0,21938000.0,-19058000.0,-0.193,-0.193,-0.193,540660000.0,553732250.0,540660000.0,895439154.0,41.0,9.106,145431000.0,1.216,1.0,565760000.0,0.37,513779000.0,40996000.0,945151000.0,1007505750.0,30360000.0,0.0,0.0,0.0,860268000.0,295146000.0,565122000.0,504575154.0,119701000.0,-16000000.0,0.0,-21367000.0,0.0,-21465000.0,-35101000.0,1338000.0,176267000.0,0.0,-22260000.0,-22260000.0,-22260000.0,0.0,0.0,-0.015,539691000.0,26069000.0,244885000.0,0.0,0.933,-22.667,-21.865,250223000.0,0.0,4.22,0.33,0.33,269969000.0,-650281000.0,1528695000.0,1528695000.0,0.0,-0.016,-0.04,0.022,0.014,0.0,467052000.0,1.0,119567572.0,119567572.0,,12.785,887149000.0,120653000.0,3202000.0,17613000.0,7.42,276738000.0
24,DGX,MRY,1996-12-31,1996-12-31,1996-12-31,2021-10-22,-4829000.0,1395066000.0,1624225500.0,510965000.0,884101000.0,0.995,4.587,-70396000.0,41960000.0,41960000.0,1010875000.0,-625960000.0,2.049,1.59,535793000.0,20785000.0,515008000.0,535793000.0,0.0,99098000.0,0.0,0.0,0.0,-601284000.0,-502186000.0,-0.311,-502186000.0,-601284000.0,-676202000.0,-5.43,-5.43,-5.43,538719000.0,417260000.0,538719000.0,,,,-158882000.0,-1.353,1.0,605421000.0,0.375,546457000.0,74918000.0,1093010000.0,1392806000.0,28524000.0,0.0,0.0,0.0,856347000.0,249432000.0,606915000.0,444262160.0,5514000.0,0.0,0.0,39783000.0,-1172000.0,157674000.0,-63674000.0,-5267000.0,-88486000.0,0.0,-625960000.0,-625960000.0,-625960000.0,0.0,0.0,-0.387,1205492000.0,-600071000.0,206701000.0,0.0,0.825,-0.71,-0.697,287749000.0,0.0,3.783,0.275,0.275,328637000.0,-627892000.0,1616296000.0,1616296000.0,0.0,-0.385,-1.5,-0.432,-0.372,0.0,495323000.0,1.0,117451992.0,117451992.0,,13.761,848609000.0,118582000.0,-50242000.0,21946000.0,7.225,261533000.0
25,DGX,MRY,1995-12-31,1995-12-31,1995-12-31,2021-10-22,1096000.0,1853385000.0,,502158000.0,1351227000.0,,,-74045000.0,36446000.0,36446000.0,980232000.0,-52052000.0,1.666,5.266,1207714000.0,12148000.0,1195566000.0,1207714000.0,0.0,101513000.0,0.0,,0.0,24448000.0,125961000.0,0.077,125961000.0,24448000.0,-57568000.0,,,,295801000.0,,295801000.0,,,,11783000.0,,1.0,649156000.0,0.398,1030633000.0,82016000.0,1692602000.0,,26601000.0,0.0,0.0,0.0,1557584000.0,301418000.0,1256166000.0,,-2273000.0,-22907000.0,0.0,41945000.0,-36959000.0,4986000.0,-93087000.0,985000.0,85828000.0,0.0,-52052000.0,-52052000.0,-52052000.0,0.0,0.0,-0.032,618487000.0,30669000.0,240525000.0,,,,,296116000.0,0.0,,,,318252000.0,-3118000.0,1629388000.0,1629388000.0,0.0,,,,0.015,0.0,523271000.0,1.0,,,,,822752000.0,104907000.0,-5516000.0,39766000.0,,200740000.0
26,DGX,MRY,1994-12-31,1994-12-31,1994-12-31,2021-10-22,,,,,,,,-93354000.0,,,969844000.0,28345000.0,,,,,,,,89517000.0,,,0.0,126050000.0,215567000.0,0.132,215567000.0,126050000.0,62755000.0,,,,,,,,,,-55391000.0,,1.0,663855000.0,0.406,,63295000.0,,,,,,,,,,,-691000.0,-12154000.0,0.0,68000000.0,-60468000.0,7532000.0,-46186000.0,3560000.0,37963000.0,0.0,28345000.0,28345000.0,28345000.0,0.0,0.0,0.017,534341000.0,129514000.0,,,,,,,0.0,,,,,,1633699000.0,1633699000.0,0.0,,,,0.077,0.0,411939000.0,1.0,,,,,,,34410000.0,,,
0,DGX,MRQ,2021-09-30,2021-09-30,2021-09-30,2021-10-22,-13000000.0,13572000000.0,,2854000000.0,10718000000.0,,51.967,-89000000.0,987000000.0,987000000.0,1670000000.0,527000000.0,1.623,1.117,4650000000.0,149000000.0,4501000000.0,4650000000.0,0.0,101000000.0,0.0,0.016,0.62,696000000.0,797000000.0,0.287,797000000.0,696000000.0,658000000.0,4.11,4.02,4.11,6392000000.0,,6392000000.0,21841086090.0,7.0,6.403,472000000.0,3.837,1.0,1104000000.0,0.398,8209000000.0,38000000.0,7267000000.0,,205000000.0,124000000.0,0.0,124000000.0,7140000000.0,1759000000.0,5381000000.0,17754086090.0,427000000.0,735000000.0,40000000.0,-1000000.0,-76000000.0,-38000000.0,-96000000.0,-742000000.0,561000000.0,0.0,505000000.0,505000000.0,505000000.0,0.0,22000000.0,0.182,452000000.0,652000000.0,1610000000.0,0.151,2.778,8.129,8.563,2230000000.0,0.0,145.31,1.607,1.618,1473000000.0,7333000000.0,2774000000.0,2774000000.0,0.0,,,,,21000000.0,427000000.0,1.0,122180759.0,123000000.0,125000000.0,22.553,5363000000.0,0.0,153000000.0,0.0,43.602,1095000000.0
1,DGX,MRQ,2021-06-30,2021-06-30,2021-06-30,2021-10-22,-10000000.0,12861000000.0,,2146000000.0,10715000000.0,,47.192,-84000000.0,560000000.0,560000000.0,1565000000.0,650000000.0,1.384,1.173,4647000000.0,147000000.0,4500000000.0,4647000000.0,0.0,100000000.0,0.0,0.017,0.62,846000000.0,946000000.0,0.371,946000000.0,846000000.0,808000000.0,5.05,4.96,5.05,5899000000.0,,5899000000.0,20671311245.0,7.0,5.923,376000000.0,3.008,1.0,985000000.0,0.386,8217000000.0,38000000.0,7180000000.0,,199000000.0,111000000.0,0.0,111000000.0,6921000000.0,1551000000.0,5370000000.0,17240311245.0,-670000000.0,-231000000.0,-1449000000.0,0.0,-81000000.0,-1567000000.0,437000000.0,752000000.0,460000000.0,0.0,631000000.0,631000000.0,631000000.0,0.0,19000000.0,0.247,452000000.0,533000000.0,1404000000.0,0.123,2.923,7.673,7.736,2211000000.0,0.0,131.97,1.559,1.492,1255000000.0,10246000000.0,2550000000.0,2550000000.0,0.0,,,,,21000000.0,429000000.0,1.0,130638109.0,125000000.0,127000000.0,20.4,4644000000.0,0.0,177000000.0,0.0,37.152,595000000.0
2,DGX,MRQ,2021-03-31,2021-03-31,2021-03-31,2021-10-22,-31000000.0,13931000000.0,,2999000000.0,10932000000.0,,50.714,-86000000.0,1230000000.0,1230000000.0,1626000000.0,490000000.0,1.757,1.059,4661000000.0,148000000.0,4513000000.0,4661000000.0,0.0,101000000.0,0.0,0.017,0.56,660000000.0,761000000.0,0.28,761000000.0,660000000.0,622000000.0,3.52,3.46,3.52,6745000000.0,,6745000000.0,20624584027.0,8.0,7.051,645000000.0,4.85,1.0,1094000000.0,0.402,8011000000.0,38000000.0,7644000000.0,,223000000.0,527000000.0,0.0,527000000.0,7141000000.0,1707000000.0,5434000000.0,17127584027.0,72000000.0,0.0,-393000000.0,-1000000.0,-75000000.0,-566000000.0,-93000000.0,-7000000.0,731000000.0,0.0,469000000.0,469000000.0,469000000.0,0.0,21000000.0,0.172,434000000.0,660000000.0,1559000000.0,0.159,2.539,9.51,9.585,2224000000.0,0.0,128.34,1.657,1.652,1382000000.0,9690000000.0,2720000000.0,2720000000.0,0.0,,,,,18000000.0,407000000.0,1.0,133454761.0,133000000.0,135000000.0,20.451,5920000000.0,0.0,153000000.0,0.0,44.511,1292000000.0
3,DGX,MRQ,2020-12-31,2020-12-31,2020-12-31,2021-10-22,-21000000.0,14026000000.0,,3058000000.0,10968000000.0,,50.154,-159000000.0,1158000000.0,1158000000.0,1733000000.0,609000000.0,1.722,1.068,4655000000.0,143000000.0,4512000000.0,4655000000.0,0.0,98000000.0,0.0,0.019,0.56,809000000.0,907000000.0,0.302,907000000.0,809000000.0,770000000.0,4.29,4.22,4.29,6759000000.0,,6759000000.0,19604062313.0,10.0,8.118,382000000.0,2.835,1.0,1269000000.0,0.423,8040000000.0,39000000.0,7707000000.0,,223000000.0,521000000.0,0.0,521000000.0,7217000000.0,1776000000.0,5441000000.0,16060062313.0,-447000000.0,-1000000.0,-205000000.0,-552000000.0,-75000000.0,-820000000.0,-168000000.0,-8000000.0,541000000.0,0.0,579000000.0,579000000.0,579000000.0,0.0,30000000.0,0.193,474000000.0,795000000.0,1633000000.0,0.131,2.376,11.223,11.221,2231000000.0,0.0,119.17,1.702,1.702,1520000000.0,9303000000.0,3002000000.0,3002000000.0,0.0,,,,,34000000.0,447000000.0,1.0,134765984.0,134765984.0,,22.276,5986000000.0,0.0,191000000.0,0.0,44.418,1282000000.0
4,DGX,MRQ,2020-09-30,2020-09-30,2020-09-30,2021-10-22,-42000000.0,14143000000.0,,3348000000.0,10795000000.0,,47.407,-91000000.0,1605000000.0,1605000000.0,1580000000.0,591000000.0,1.401,1.203,5149000000.0,703000000.0,4446000000.0,5149000000.0,0.0,89000000.0,0.0,0.019,0.56,787000000.0,876000000.0,0.314,876000000.0,787000000.0,745000000.0,4.2,4.14,4.2,6400000000.0,,6400000000.0,19525308223.0,12.0,9.977,771000000.0,5.711,1.0,1206000000.0,0.433,8072000000.0,42000000.0,7226000000.0,,205000000.0,480000000.0,0.0,480000000.0,7697000000.0,2389000000.0,5308000000.0,15376308223.0,617000000.0,-101000000.0,27000000.0,-1000000.0,-76000000.0,-52000000.0,-193000000.0,-1000000.0,862000000.0,0.0,568000000.0,568000000.0,568000000.0,0.0,23000000.0,0.204,488000000.0,718000000.0,1686000000.0,0.133,2.403,13.915,13.962,2079000000.0,0.0,114.49,1.839,1.849,1421000000.0,8800000000.0,2786000000.0,2786000000.0,0.0,,,,,32000000.0,396000000.0,1.0,134302631.0,135000000.0,137000000.0,20.637,6071000000.0,0.0,177000000.0,0.0,44.97,959000000.0
5,DGX,MRQ,2020-06-30,2020-06-30,2020-06-30,2021-10-22,-55000000.0,12990000000.0,,2380000000.0,10610000000.0,,43.515,-82000000.0,988000000.0,988000000.0,1221000000.0,193000000.0,1.291,1.219,5137000000.0,701000000.0,4436000000.0,5137000000.0,0.0,89000000.0,0.0,0.019,0.56,292000000.0,381000000.0,0.209,381000000.0,292000000.0,251000000.0,1.38,1.36,1.38,5831000000.0,,5831000000.0,19488078435.0,17.0,13.132,273000000.0,2.037,1.0,606000000.0,0.332,7930000000.0,41000000.0,7366000000.0,,154000000.0,495000000.0,0.0,495000000.0,7109000000.0,1843000000.0,5266000000.0,15240078435.0,646000000.0,-120000000.0,37000000.0,549000000.0,-75000000.0,496000000.0,-205000000.0,-3000000.0,355000000.0,0.0,185000000.0,185000000.0,185000000.0,0.0,8000000.0,0.101,323000000.0,283000000.0,1142000000.0,0.406,2.614,20.266,20.386,2027000000.0,0.0,113.96,2.024,2.028,1126000000.0,8307000000.0,1827000000.0,1827000000.0,0.0,,,,,17000000.0,360000000.0,1.0,133731822.0,134000000.0,136000000.0,13.634,5060000000.0,0.0,66000000.0,0.0,37.761,537000000.0
6,DGX,MRQ,2020-03-31,2020-03-31,2020-03-31,2021-10-22,-58000000.0,12049000000.0,,1560000000.0,10489000000.0,,42.216,-83000000.0,342000000.0,342000000.0,1270000000.0,106000000.0,1.382,1.122,4590000000.0,148000000.0,4442000000.0,4590000000.0,0.0,85000000.0,0.0,0.026,0.53,166000000.0,251000000.0,0.138,251000000.0,166000000.0,125000000.0,0.74,0.73,0.74,5657000000.0,,5657000000.0,14852441960.0,13.0,9.784,164000000.0,1.224,1.0,552000000.0,0.303,7832000000.0,41000000.0,7336000000.0,,126000000.0,496000000.0,0.0,496000000.0,6346000000.0,1129000000.0,5217000000.0,10716441960.0,-850000000.0,-108000000.0,5000000.0,-801000000.0,-71000000.0,-891000000.0,-206000000.0,-15000000.0,247000000.0,0.0,99000000.0,99000000.0,99000000.0,0.0,7000000.0,0.054,377000000.0,175000000.0,981000000.0,0.716,1.894,13.514,13.656,1973000000.0,0.0,80.3,1.4,1.405,972000000.0,8197000000.0,1822000000.0,1822000000.0,0.0,,,,,14000000.0,347000000.0,1.0,133455068.0,134000000.0,135000000.0,13.597,4217000000.0,0.0,26000000.0,0.0,31.47,431000000.0
7,DGX,MRQ,2019-12-31,2019-12-31,2019-12-31,2021-10-22,-39000000.0,12843000000.0,,2490000000.0,10353000000.0,,41.879,-81000000.0,1192000000.0,1192000000.0,1264000000.0,265000000.0,1.251,1.269,5328000000.0,949000000.0,4379000000.0,5328000000.0,0.0,82000000.0,0.0,0.02,0.53,367000000.0,449000000.0,0.233,449000000.0,367000000.0,325000000.0,1.88,1.86,1.88,5641000000.0,,5641000000.0,18495301814.0,14.0,11.495,267000000.0,1.982,1.0,662000000.0,0.344,7740000000.0,42000000.0,7249000000.0,,123000000.0,482000000.0,0.0,482000000.0,7156000000.0,1990000000.0,5166000000.0,14384301814.0,758000000.0,-2000000.0,-179000000.0,796000000.0,-71000000.0,510000000.0,-100000000.0,-17000000.0,348000000.0,0.0,253000000.0,253000000.0,253000000.0,0.0,12000000.0,0.131,299000000.0,363000000.0,1041000000.0,0.282,2.55,16.765,16.791,1971000000.0,0.0,106.79,1.862,1.862,1063000000.0,8174000000.0,1926000000.0,1926000000.0,0.0,,,,,12000000.0,349000000.0,1.0,134697086.0,134697086.0,,14.299,5103000000.0,0.0,72000000.0,0.0,37.885,500000000.0
8,DGX,MRQ,2019-09-30,2019-09-30,2019-09-30,2021-10-22,-55000000.0,12019000000.0,,1779000000.0,10240000000.0,,41.519,-96000000.0,434000000.0,434000000.0,1264000000.0,226000000.0,0.885,1.136,4545000000.0,952000000.0,3593000000.0,4545000000.0,0.0,82000000.0,0.0,0.02,0.53,321000000.0,403000000.0,0.206,403000000.0,321000000.0,277000000.0,1.59,1.56,1.59,5605000000.0,,5605000000.0,18675735452.0,17.0,12.871,203000000.0,1.504,1.0,692000000.0,0.354,7755000000.0,44000000.0,6364000000.0,,112000000.0,474000000.0,0.0,474000000.0,6365000000.0,2011000000.0,4354000000.0,14413735452.0,161000000.0,0.0,-18000000.0,0.0,-72000000.0,-29000000.0,-109000000.0,-13000000.0,299000000.0,0.0,215000000.0,215000000.0,215000000.0,0.0,11000000.0,0.11,379000000.0,313000000.0,1059000000.0,0.333,2.572,19.691,19.784,1859000000.0,0.0,107.03,1.887,1.891,1117000000.0,7992000000.0,1956000000.0,1956000000.0,0.0,,,,,12000000.0,362000000.0,1.0,134670050.0,135000000.0,137000000.0,14.489,4264000000.0,0.0,62000000.0,0.0,31.585,-232000000.0
9,DGX,MRQ,2019-06-30,2019-06-30,2019-06-30,2021-10-22,-58000000.0,11760000000.0,,1566000000.0,10194000000.0,,40.437,-85000000.0,273000000.0,273000000.0,1265000000.0,239000000.0,0.822,1.145,4535000000.0,953000000.0,3582000000.0,4535000000.0,0.0,81000000.0,0.0,0.02,0.53,334000000.0,415000000.0,0.212,415000000.0,334000000.0,289000000.0,1.67,1.66,1.67,5459000000.0,,5459000000.0,17993726997.0,16.0,12.609,236000000.0,1.748,1.0,688000000.0,0.352,7777000000.0,45000000.0,6341000000.0,,105000000.0,458000000.0,0.0,458000000.0,6251000000.0,1904000000.0,4347000000.0,13680726997.0,-191000000.0,0.0,-4000000.0,-301000000.0,-71000000.0,-420000000.0,-92000000.0,-7000000.0,321000000.0,0.0,226000000.0,226000000.0,226000000.0,-20000000.0,13000000.0,0.116,381000000.0,307000000.0,951000000.0,0.317,2.506,18.741,18.924,1818000000.0,0.0,101.81,1.807,1.815,1088000000.0,7849000000.0,1953000000.0,1953000000.0,0.0,,,,,15000000.0,362000000.0,1.0,134375081.0,135000000.0,136000000.0,14.467,3983000000.0,0.0,63000000.0,0.0,29.504,-338000000.0
10,DGX,MRQ,2019-03-31,2019-03-31,2019-03-31,2021-10-22,-55000000.0,11937000000.0,,1778000000.0,10159000000.0,,39.478,-47000000.0,464000000.0,464000000.0,1244000000.0,176000000.0,0.779,1.247,4777000000.0,1253000000.0,3524000000.0,4777000000.0,0.0,84000000.0,0.0,0.023,0.53,258000000.0,342000000.0,0.181,342000000.0,258000000.0,214000000.0,1.22,1.2,1.22,5290000000.0,,5290000000.0,15830818179.0,15.0,11.373,228000000.0,1.701,1.0,647000000.0,0.342,7805000000.0,44000000.0,6163000000.0,,98000000.0,454000000.0,0.0,454000000.0,6596000000.0,2282000000.0,4314000000.0,12072818179.0,329000000.0,-56000000.0,-33000000.0,337000000.0,-72000000.0,164000000.0,-110000000.0,-7000000.0,275000000.0,0.0,164000000.0,164000000.0,164000000.0,0.0,12000000.0,0.087,399000000.0,248000000.0,1029000000.0,0.434,2.282,16.698,16.934,1774000000.0,0.0,89.92,1.602,1.598,1079000000.0,7694000000.0,1891000000.0,1891000000.0,0.0,,,,,17000000.0,384000000.0,1.0,134261768.0,134000000.0,136000000.0,14.112,4132000000.0,0.0,50000000.0,0.0,30.836,-504000000.0
11,DGX,MRQ,2018-12-31,2018-12-31,2018-12-31,2021-10-22,-59000000.0,11003000000.0,,1390000000.0,9613000000.0,,38.333,-149000000.0,135000000.0,135000000.0,1235000000.0,139000000.0,0.936,1.1,3893000000.0,464000000.0,3429000000.0,3893000000.0,0.0,81000000.0,0.0,0.023,0.5,210000000.0,291000000.0,0.158,291000000.0,210000000.0,167000000.0,0.93,0.92,0.93,5216000000.0,,5216000000.0,14765724183.0,14.0,10.592,146000000.0,1.073,1.0,604000000.0,0.328,7770000000.0,43000000.0,5506000000.0,,99000000.0,436000000.0,0.0,436000000.0,5736000000.0,1485000000.0,4251000000.0,11330724183.0,-128000000.0,-202000000.0,-168000000.0,159000000.0,-68000000.0,-77000000.0,-346000000.0,5000000.0,295000000.0,0.0,127000000.0,127000000.0,127000000.0,0.0,12000000.0,0.069,384000000.0,220000000.0,1021000000.0,0.538,2.172,15.395,15.449,1288000000.0,0.0,83.27,1.505,1.505,1012000000.0,7602000000.0,1839000000.0,1839000000.0,0.0,,,,,8000000.0,356000000.0,1.0,136072105.0,136072105.0,,13.515,3233000000.0,0.0,40000000.0,0.0,23.759,-95000000.0
12,DGX,MRQ,2018-09-30,2018-09-30,2018-09-30,2021-10-22,-58000000.0,10986000000.0,,1603000000.0,9383000000.0,,39.096,-81000000.0,263000000.0,263000000.0,1222000000.0,227000000.0,1.154,1.057,3698000000.0,304000000.0,3394000000.0,3698000000.0,0.0,77000000.0,0.0,0.018,0.5,302000000.0,379000000.0,0.201,379000000.0,302000000.0,261000000.0,1.56,1.53,1.56,5317000000.0,,5317000000.0,18328701223.0,16.0,12.675,321000000.0,2.36,1.0,667000000.0,0.353,7615000000.0,41000000.0,5417000000.0,,95000000.0,456000000.0,0.0,456000000.0,5621000000.0,1389000000.0,4232000000.0,14747701223.0,131000000.0,-54000000.0,-76000000.0,-2000000.0,-69000000.0,-146000000.0,-125000000.0,10000000.0,402000000.0,0.0,213000000.0,213000000.0,213000000.0,0.0,14000000.0,0.113,363000000.0,304000000.0,1085000000.0,0.321,2.774,17.089,17.074,1194000000.0,0.0,107.91,1.952,1.942,1097000000.0,7546000000.0,1889000000.0,1889000000.0,0.0,,,,,19000000.0,354000000.0,1.0,136666678.0,136000000.0,139000000.0,13.89,3371000000.0,0.0,48000000.0,0.0,24.787,214000000.0
13,DGX,MRQ,2018-06-30,2018-06-30,2018-06-30,2021-10-22,-57000000.0,10747000000.0,,1415000000.0,9332000000.0,,38.404,-78000000.0,132000000.0,132000000.0,1243000000.0,233000000.0,1.121,1.05,3713000000.0,305000000.0,3408000000.0,3713000000.0,0.0,77000000.0,0.0,0.017,0.5,303000000.0,380000000.0,0.198,380000000.0,303000000.0,261000000.0,1.6,1.57,1.6,5223000000.0,,5223000000.0,18666743078.0,16.0,13.081,245000000.0,1.801,1.0,676000000.0,0.352,7580000000.0,42000000.0,5486000000.0,,91000000.0,456000000.0,0.0,456000000.0,5484000000.0,1262000000.0,4222000000.0,14931743078.0,8000000.0,-35000000.0,37000000.0,-136000000.0,-68000000.0,-189000000.0,-126000000.0,-13000000.0,323000000.0,0.0,219000000.0,219000000.0,219000000.0,0.0,14000000.0,0.114,371000000.0,305000000.0,957000000.0,0.312,2.859,18.412,18.508,1168000000.0,0.0,109.94,1.985,1.987,1055000000.0,7401000000.0,1919000000.0,1919000000.0,0.0,,,,,15000000.0,351000000.0,1.0,135817201.0,136000000.0,139000000.0,14.11,3167000000.0,0.0,42000000.0,0.0,23.287,153000000.0
14,DGX,MRQ,2018-03-31,2018-03-31,2018-03-31,2021-10-22,-41000000.0,10695000000.0,,1371000000.0,9324000000.0,,36.985,-73000000.0,124000000.0,124000000.0,1226000000.0,189000000.0,1.227,1.119,3859000000.0,141000000.0,3718000000.0,3859000000.0,0.0,74000000.0,0.0,0.018,0.45,270000000.0,344000000.0,0.183,344000000.0,270000000.0,229000000.0,1.3,1.27,1.3,5030000000.0,,5030000000.0,17251476556.0,15.0,11.997,107000000.0,0.787,1.0,658000000.0,0.349,7566000000.0,41000000.0,5747000000.0,,94000000.0,474000000.0,0.0,474000000.0,5629000000.0,1117000000.0,4512000000.0,13604476556.0,-13000000.0,-130000000.0,-16000000.0,103000000.0,-61000000.0,11000000.0,-204000000.0,-1000000.0,180000000.0,0.0,177000000.0,177000000.0,177000000.0,0.0,12000000.0,0.094,386000000.0,272000000.0,976000000.0,0.346,2.705,17.331,17.474,1156000000.0,0.0,100.3,1.821,1.826,1026000000.0,7249000000.0,1884000000.0,1884000000.0,0.0,,,,,19000000.0,363000000.0,1.0,135637852.0,136000000.0,139000000.0,13.853,3129000000.0,0.0,52000000.0,0.0,23.007,254000000.0
15,DGX,MRQ,2017-12-31,2017-12-31,2017-12-31,2021-10-22,-48000000.0,10503000000.0,,1306000000.0,9197000000.0,,36.104,-81000000.0,137000000.0,137000000.0,1194000000.0,267000000.0,1.236,1.127,3784000000.0,36000000.0,3748000000.0,3784000000.0,0.0,73000000.0,0.0,0.018,0.45,270000000.0,343000000.0,0.184,343000000.0,270000000.0,231000000.0,1.86,1.82,1.86,4921000000.0,,4921000000.0,16838132043.0,14.0,11.742,242000000.0,1.776,1.0,671000000.0,0.36,7454000000.0,39000000.0,5639000000.0,,95000000.0,462000000.0,0.0,462000000.0,5548000000.0,1057000000.0,4491000000.0,13424132043.0,-213000000.0,-281000000.0,-110000000.0,28000000.0,-61000000.0,-170000000.0,-366000000.0,-4000000.0,323000000.0,0.0,254000000.0,254000000.0,254000000.0,0.0,13000000.0,0.136,402000000.0,269000000.0,1021000000.0,0.242,2.728,17.389,17.494,1145000000.0,0.0,98.49,1.814,1.814,924000000.0,7138000000.0,1865000000.0,1865000000.0,0.0,,,,,25000000.0,382000000.0,1.0,136299442.0,136299442.0,,13.683,3049000000.0,0.0,-23000000.0,0.0,22.37,249000000.0
16,DGX,MRQ,2017-09-30,2017-09-30,2017-09-30,2021-10-22,-48000000.0,10439000000.0,,1544000000.0,8895000000.0,,34.993,-63000000.0,350000000.0,350000000.0,1190000000.0,175000000.0,1.468,1.17,3764000000.0,5000000.0,3759000000.0,3764000000.0,0.0,69000000.0,0.0,0.014,0.45,291000000.0,360000000.0,0.194,360000000.0,291000000.0,253000000.0,1.18,1.15,1.18,4794000000.0,,4794000000.0,16196011301.0,14.0,11.334,299000000.0,2.182,1.0,666000000.0,0.359,7193000000.0,38000000.0,5608000000.0,,100000000.0,459000000.0,0.0,459000000.0,5611000000.0,1052000000.0,4559000000.0,12773011301.0,36000000.0,-187000000.0,-22000000.0,-2000000.0,-62000000.0,-79000000.0,-247000000.0,3000000.0,362000000.0,0.0,161000000.0,161000000.0,161000000.0,0.0,14000000.0,0.087,368000000.0,298000000.0,1047000000.0,0.381,2.664,18.979,19.149,1097000000.0,0.0,93.64,1.8,1.808,960000000.0,6946000000.0,1856000000.0,1856000000.0,0.0,,,,,17000000.0,348000000.0,1.0,136405503.0,137000000.0,140000000.0,13.547,3246000000.0,0.0,92000000.0,0.0,23.693,492000000.0
17,DGX,MRQ,2017-06-30,2017-06-30,2017-06-30,2021-10-22,-60000000.0,10171000000.0,,1500000000.0,8671000000.0,,34.285,-65000000.0,314000000.0,314000000.0,1170000000.0,207000000.0,1.636,1.158,3737000000.0,5000000.0,3732000000.0,3737000000.0,0.0,66000000.0,0.0,0.015,0.45,325000000.0,391000000.0,0.21,391000000.0,325000000.0,287000000.0,1.4,1.37,1.4,4697000000.0,,4697000000.0,18573524914.0,15.0,12.757,229000000.0,1.672,1.0,694000000.0,0.372,7029000000.0,38000000.0,5648000000.0,,83000000.0,451000000.0,0.0,451000000.0,5438000000.0,917000000.0,4521000000.0,15209524914.0,-53000000.0,-111000000.0,-99000000.0,-1000000.0,-62000000.0,-177000000.0,-170000000.0,6000000.0,294000000.0,0.0,193000000.0,193000000.0,193000000.0,0.0,14000000.0,0.104,375000000.0,319000000.0,912000000.0,0.321,3.238,21.604,21.882,1045000000.0,0.0,111.16,2.134,2.137,947000000.0,6847000000.0,1864000000.0,1864000000.0,0.0,,,,,20000000.0,358000000.0,1.0,136825521.0,137000000.0,140000000.0,13.606,3142000000.0,0.0,94000000.0,0.0,22.934,583000000.0
18,DGX,MRQ,2017-03-31,2017-03-31,2017-03-31,2021-10-22,-68000000.0,10109000000.0,,1558000000.0,8551000000.0,,33.796,-42000000.0,367000000.0,367000000.0,1165000000.0,175000000.0,1.582,1.176,3731000000.0,6000000.0,3725000000.0,3731000000.0,0.0,62000000.0,0.0,0.017,0.45,278000000.0,340000000.0,0.187,340000000.0,278000000.0,242000000.0,1.19,1.16,1.19,4630000000.0,,4630000000.0,16875661150.0,13.0,10.972,154000000.0,1.124,1.0,652000000.0,0.359,6934000000.0,36000000.0,5554000000.0,,77000000.0,443000000.0,0.0,443000000.0,5446000000.0,985000000.0,4461000000.0,13500661150.0,-17000000.0,-1000000.0,-104000000.0,-2000000.0,-62000000.0,-166000000.0,-47000000.0,-4000000.0,196000000.0,0.0,164000000.0,164000000.0,164000000.0,0.0,11000000.0,0.09,373000000.0,279000000.0,979000000.0,0.378,2.916,19.123,19.405,1027000000.0,0.0,98.19,1.883,1.877,960000000.0,6715000000.0,1817000000.0,1817000000.0,0.0,,,,,17000000.0,355000000.0,1.0,137495276.0,137000000.0,141000000.0,13.263,3175000000.0,0.0,78000000.0,0.0,23.175,573000000.0
19,DGX,MRQ,2016-12-31,2016-12-31,2016-12-31,2021-10-22,-72000000.0,10100000000.0,,1531000000.0,8569000000.0,,33.381,-128000000.0,359000000.0,359000000.0,1160000000.0,167000000.0,1.561,1.175,3734000000.0,6000000.0,3728000000.0,3734000000.0,0.0,63000000.0,0.0,0.017,0.0,275000000.0,338000000.0,0.217,338000000.0,275000000.0,239000000.0,1.12,1.09,1.12,4628000000.0,,4628000000.0,16157011864.0,13.0,11.021,223000000.0,1.608,1.0,400000000.0,0.256,6949000000.0,36000000.0,5545000000.0,,82000000.0,443000000.0,0.0,443000000.0,5440000000.0,981000000.0,4459000000.0,12741011864.0,-22000000.0,25000000.0,-140000000.0,-49000000.0,-55000000.0,-291000000.0,-82000000.0,11000000.0,351000000.0,0.0,155000000.0,155000000.0,155000000.0,0.0,12000000.0,0.099,124000000.0,276000000.0,975000000.0,0.0,2.753,19.754,20.066,1029000000.0,0.0,91.9,1.766,1.766,926000000.0,6613000000.0,1560000000.0,1560000000.0,0.0,,,,,17000000.0,99000000.0,1.0,138639955.0,138639955.0,,11.252,3151000000.0,0.0,84000000.0,0.0,22.728,550000000.0
20,DGX,MRQ,2016-09-30,2016-09-30,2016-09-30,2021-10-22,-61000000.0,10173000000.0,,1642000000.0,8531000000.0,,33.547,-61000000.0,406000000.0,406000000.0,1157000000.0,205000000.0,1.57,1.175,3822000000.0,7000000.0,3815000000.0,3822000000.0,0.0,63000000.0,0.0,0.023,0.8,324000000.0,387000000.0,0.205,387000000.0,324000000.0,287000000.0,1.37,1.34,1.37,4663000000.0,,4663000000.0,15324001686.0,13.0,10.642,240000000.0,1.727,1.0,728000000.0,0.386,6972000000.0,37000000.0,5571000000.0,,82000000.0,452000000.0,0.0,452000000.0,5479000000.0,1046000000.0,4433000000.0,11765001686.0,123000000.0,-9000000.0,-25000000.0,-2000000.0,-57000000.0,-106000000.0,-72000000.0,-2000000.0,301000000.0,0.0,192000000.0,192000000.0,192000000.0,0.0,13000000.0,0.102,406000000.0,322000000.0,1039000000.0,0.584,2.523,17.353,17.705,952000000.0,0.0,84.63,1.568,1.568,966000000.0,6520000000.0,1885000000.0,1885000000.0,0.0,,,,,16000000.0,409000000.0,1.0,139016917.0,139000000.0,142000000.0,13.561,3201000000.0,0.0,95000000.0,0.0,23.029,596000000.0
21,DGX,MRQ,2016-06-30,2016-06-30,2016-06-30,2021-10-22,-56000000.0,10109000000.0,,1510000000.0,8599000000.0,,32.407,-57000000.0,283000000.0,283000000.0,1155000000.0,209000000.0,1.359,1.221,3842000000.0,7000000.0,3835000000.0,3842000000.0,0.0,61000000.0,0.0,0.019,0.4,412000000.0,473000000.0,0.248,473000000.0,412000000.0,378000000.0,1.38,1.37,1.38,4537000000.0,,4537000000.0,15286029187.0,10.0,8.755,254000000.0,1.814,1.0,751000000.0,0.394,6986000000.0,34000000.0,5571000000.0,,80000000.0,453000000.0,0.0,453000000.0,5540000000.0,1111000000.0,4429000000.0,11516029187.0,155000000.0,275000000.0,-244000000.0,-63000000.0,-56000000.0,-373000000.0,217000000.0,-1000000.0,311000000.0,0.0,195000000.0,195000000.0,195000000.0,0.0,14000000.0,0.102,329000000.0,422000000.0,1104000000.0,0.29,2.538,13.908,14.085,937000000.0,0.0,81.41,1.536,1.52,975000000.0,6384000000.0,1906000000.0,1906000000.0,0.0,,,,,18000000.0,430000000.0,1.0,141457182.0,140000000.0,142000000.0,13.614,3123000000.0,0.0,183000000.0,0.0,22.307,399000000.0
22,DGX,MRQ,2016-03-31,2016-03-31,2016-03-31,2021-10-22,-40000000.0,10097000000.0,,1493000000.0,8604000000.0,,32.42,-47000000.0,128000000.0,128000000.0,1144000000.0,115000000.0,1.37,1.171,3898000000.0,158000000.0,3740000000.0,3898000000.0,0.0,62000000.0,0.0,0.021,0.38,206000000.0,268000000.0,0.144,268000000.0,206000000.0,170000000.0,0.72,0.71,0.72,4636000000.0,,4636000000.0,13718100827.0,11.0,8.677,106000000.0,0.741,1.0,719000000.0,0.386,7004000000.0,36000000.0,5773000000.0,,82000000.0,471000000.0,0.0,471000000.0,5431000000.0,1090000000.0,4341000000.0,10200100827.0,-5000000.0,-135000000.0,-108000000.0,212000000.0,-55000000.0,32000000.0,-190000000.0,-8000000.0,153000000.0,0.0,103000000.0,103000000.0,103000000.0,0.0,12000000.0,0.055,462000000.0,257000000.0,932000000.0,0.528,2.2,13.582,13.688,925000000.0,0.0,71.45,1.357,1.359,952000000.0,6244000000.0,1863000000.0,1863000000.0,0.0,,,,,18000000.0,442000000.0,1.0,142758584.0,143000000.0,144000000.0,13.028,3093000000.0,0.0,67000000.0,0.0,21.629,403000000.0
23,DGX,MRQ,2015-12-31,2015-12-31,2015-12-31,2021-10-22,-38000000.0,9962000000.0,,1501000000.0,8461000000.0,,32.675,-94000000.0,133000000.0,133000000.0,1150000000.0,200000000.0,1.28,1.121,3651000000.0,159000000.0,3492000000.0,3651000000.0,0.0,74000000.0,0.0,0.021,0.38,238000000.0,312000000.0,0.169,312000000.0,238000000.0,202000000.0,1.31,1.29,1.31,4684000000.0,,4684000000.0,13805898014.0,11.0,8.971,178000000.0,1.242,1.0,699000000.0,0.378,6889000000.0,36000000.0,5418000000.0,,84000000.0,473000000.0,0.0,473000000.0,5249000000.0,1173000000.0,4076000000.0,10197898014.0,10000000.0,-26000000.0,-48000000.0,-63000000.0,-54000000.0,-137000000.0,-125000000.0,-6000000.0,272000000.0,0.0,188000000.0,188000000.0,188000000.0,0.0,12000000.0,0.102,460000000.0,239000000.0,1014000000.0,0.29,2.177,14.383,14.459,925000000.0,0.0,71.14,1.361,1.361,901000000.0,6199000000.0,1849000000.0,1849000000.0,0.0,,,,,13000000.0,429000000.0,1.0,143349705.0,143349705.0,,12.899,3073000000.0,0.0,14000000.0,0.0,21.437,328000000.0
24,DGX,MRQ,2015-09-30,2015-09-30,2015-09-30,2021-10-22,-31000000.0,10074000000.0,,1648000000.0,8426000000.0,,31.868,-52000000.0,123000000.0,123000000.0,1162000000.0,354000000.0,1.455,1.188,3731000000.0,160000000.0,3571000000.0,3731000000.0,0.0,77000000.0,0.0,0.023,0.38,616000000.0,693000000.0,0.369,693000000.0,616000000.0,581000000.0,2.37,2.35,2.37,4589000000.0,,4589000000.0,12410202787.0,10.0,7.925,160000000.0,1.111,1.0,718000000.0,0.382,6899000000.0,35000000.0,5650000000.0,,86000000.0,478000000.0,0.0,478000000.0,5453000000.0,1133000000.0,4320000000.0,8824202787.0,-27000000.0,-35000000.0,-22000000.0,-29000000.0,-55000000.0,-125000000.0,-114000000.0,-27000000.0,212000000.0,0.0,342000000.0,342000000.0,342000000.0,0.0,12000000.0,0.182,87000000.0,631000000.0,973000000.0,0.16,1.923,12.411,12.494,886000000.0,0.0,61.47,1.172,1.176,914000000.0,6066000000.0,1880000000.0,1880000000.0,0.0,,,,,12000000.0,402000000.0,1.0,143552998.0,144000000.0,145000000.0,13.056,3175000000.0,165000000.0,239000000.0,0.0,22.049,515000000.0
25,DGX,MRQ,2015-06-30,2015-06-30,2015-06-30,2021-10-22,-25000000.0,9720000000.0,,1530000000.0,8190000000.0,,29.958,-61000000.0,150000000.0,150000000.0,1182000000.0,129000000.0,1.232,1.246,3736000000.0,168000000.0,3568000000.0,3736000000.0,0.0,75000000.0,0.0,0.019,0.38,233000000.0,308000000.0,0.16,308000000.0,233000000.0,196000000.0,0.82,0.81,0.82,4314000000.0,,4314000000.0,14173504113.0,16.0,11.772,224000000.0,1.556,1.0,743000000.0,0.386,7009000000.0,37000000.0,5055000000.0,,109000000.0,0.0,0.0,0.0,5376000000.0,1242000000.0,4134000000.0,10416504113.0,-824000000.0,-6000000.0,-19000000.0,-941000000.0,-55000000.0,-1041000000.0,-68000000.0,-1000000.0,285000000.0,0.0,118000000.0,118000000.0,118000000.0,0.0,11000000.0,0.061,442000000.0,301000000.0,1074000000.0,0.463,2.415,20.917,21.081,906000000.0,0.0,72.52,1.379,1.383,937000000.0,5793000000.0,1925000000.0,1925000000.0,0.0,,,,,17000000.0,429000000.0,1.0,143636295.0,144000000.0,145000000.0,13.368,2711000000.0,161000000.0,78000000.0,0.0,18.826,288000000.0
26,DGX,MRQ,2015-03-31,2015-03-31,2015-03-31,2021-10-22,-30000000.0,10613000000.0,,2375000000.0,8238000000.0,,29.465,-56000000.0,974000000.0,974000000.0,1163000000.0,70000000.0,1.137,1.495,4731000000.0,1043000000.0,3688000000.0,4731000000.0,0.0,78000000.0,0.0,0.017,0.33,148000000.0,226000000.0,0.123,226000000.0,148000000.0,103000000.0,0.42,0.42,0.42,4243000000.0,,4243000000.0,14660323559.0,16.0,11.832,-4000000.0,-0.028,1.0,676000000.0,0.368,7027000000.0,45000000.0,5254000000.0,,106000000.0,0.0,0.0,0.0,6342000000.0,2089000000.0,4253000000.0,11090323559.0,782000000.0,0.0,-75000000.0,949000000.0,-48000000.0,785000000.0,-55000000.0,1000000.0,52000000.0,0.0,61000000.0,61000000.0,61000000.0,0.0,9000000.0,0.033,448000000.0,228000000.0,1046000000.0,0.786,2.614,21.619,21.709,902000000.0,0.0,76.85,1.473,1.47,949000000.0,5729000000.0,1839000000.0,1839000000.0,0.0,,,,,10000000.0,419000000.0,1.0,144311302.0,144000000.0,146000000.0,12.771,3586000000.0,158000000.0,42000000.0,0.0,24.903,286000000.0
27,DGX,MRQ,2014-12-31,2014-12-31,2014-12-31,2021-10-22,-27000000.0,9857000000.0,,1603000000.0,8254000000.0,,29.758,-89000000.0,192000000.0,192000000.0,1184000000.0,200000000.0,0.938,1.285,3742000000.0,518000000.0,3224000000.0,3742000000.0,0.0,79000000.0,0.0,0.019,0.33,260000000.0,339000000.0,0.18,339000000.0,260000000.0,218000000.0,1.31,1.3,1.31,4301000000.0,,4301000000.0,13386466403.0,14.0,10.329,220000000.0,1.522,1.0,699000000.0,0.371,7103000000.0,42000000.0,4595000000.0,,110000000.0,46000000.0,0.0,46000000.0,5527000000.0,1709000000.0,3818000000.0,9692466403.0,22000000.0,-3000000.0,-27000000.0,-116000000.0,-48000000.0,-196000000.0,-91000000.0,0.0,309000000.0,0.0,190000000.0,190000000.0,190000000.0,-5000000.0,10000000.0,0.101,442000000.0,257000000.0,1191000000.0,0.252,2.254,17.432,17.509,933000000.0,0.0,67.06,1.304,1.304,932000000.0,5723000000.0,1883000000.0,1883000000.0,0.0,,,,,13000000.0,427000000.0,1.0,144534244.0,144534244.0,,13.028,2754000000.0,169000000.0,28000000.0,0.0,19.054,-106000000.0
28,DGX,MRQ,2014-09-30,2014-09-30,2014-09-30,2021-10-22,-15000000.0,9801000000.0,,1563000000.0,8238000000.0,,28.841,-102000000.0,170000000.0,170000000.0,1178000000.0,139000000.0,1.313,1.337,3864000000.0,132000000.0,3732000000.0,3864000000.0,0.0,79000000.0,0.0,0.016,0.33,252000000.0,331000000.0,0.174,331000000.0,252000000.0,211000000.0,0.89,0.88,0.89,4182000000.0,,4182000000.0,12577082964.0,13.0,9.69,169000000.0,1.166,1.0,726000000.0,0.381,7121000000.0,41000000.0,5184000000.0,,111000000.0,0.0,0.0,0.0,5591000000.0,1190000000.0,4401000000.0,8763082964.0,26000000.0,-2000000.0,0.0,-92000000.0,-48000000.0,-152000000.0,-93000000.0,1000000.0,271000000.0,0.0,129000000.0,129000000.0,129000000.0,0.0,10000000.0,0.068,470000000.0,256000000.0,1058000000.0,0.371,2.095,17.216,17.239,888000000.0,0.0,60.68,1.199,1.204,953000000.0,5581000000.0,1904000000.0,1904000000.0,0.0,,,,,13000000.0,446000000.0,1.0,144414683.0,145000000.0,145000000.0,13.131,2680000000.0,165000000.0,82000000.0,0.0,18.483,373000000.0
29,DGX,MRQ,2014-06-30,2014-06-30,2014-06-30,2021-10-22,-8000000.0,9757000000.0,,1505000000.0,8252000000.0,,28.417,-49000000.0,144000000.0,144000000.0,1174000000.0,142000000.0,1.196,1.378,3958000000.0,220000000.0,3738000000.0,3958000000.0,0.0,81000000.0,0.0,0.016,0.33,262000000.0,343000000.0,0.18,343000000.0,262000000.0,220000000.0,0.92,0.92,0.92,4092000000.0,,4092000000.0,12282842022.0,9.0,7.116,231000000.0,1.604,1.0,728000000.0,0.383,7141000000.0,42000000.0,5172000000.0,,109000000.0,0.0,0.0,0.0,5638000000.0,1258000000.0,4380000000.0,8479842022.0,0.0,-156000000.0,-7000000.0,-11000000.0,-48000000.0,-75000000.0,-205000000.0,0.0,280000000.0,0.0,133000000.0,133000000.0,133000000.0,0.0,9000000.0,0.07,466000000.0,262000000.0,1038000000.0,0.359,2.072,10.802,11.011,884000000.0,0.0,58.69,1.179,1.175,963000000.0,5500000000.0,1902000000.0,1902000000.0,0.0,,,,,13000000.0,440000000.0,1.0,144485296.0,144000000.0,145000000.0,13.208,2616000000.0,164000000.0,87000000.0,0.0,18.167,247000000.0
30,DGX,MRQ,2014-03-31,2014-03-31,2014-03-31,2021-10-22,-11000000.0,9550000000.0,,1488000000.0,8062000000.0,,27.722,-68000000.0,144000000.0,144000000.0,1101000000.0,111000000.0,1.248,1.385,3947000000.0,223000000.0,3724000000.0,3947000000.0,0.0,75000000.0,0.0,0.016,0.3,208000000.0,283000000.0,0.162,283000000.0,208000000.0,169000000.0,0.72,0.71,0.72,3992000000.0,,3992000000.0,11503269954.0,8.0,6.555,16000000.0,0.111,1.0,645000000.0,0.369,6998000000.0,39000000.0,5163000000.0,,99000000.0,0.0,0.0,0.0,5530000000.0,1192000000.0,4338000000.0,8358269954.0,-43000000.0,-567000000.0,-20000000.0,590000000.0,-43000000.0,509000000.0,-636000000.0,-1000000.0,84000000.0,0.0,104000000.0,104000000.0,104000000.0,0.0,7000000.0,0.06,437000000.0,208000000.0,969000000.0,0.417,2.094,10.23,10.569,851000000.0,0.0,57.92,1.176,1.174,977000000.0,5415000000.0,1746000000.0,1746000000.0,0.0,,,,,12000000.0,415000000.0,1.0,144307147.0,144000000.0,145000000.0,12.125,2552000000.0,153000000.0,65000000.0,0.0,17.722,296000000.0
31,DGX,MRQ,2013-12-31,2013-12-31,2013-12-31,2021-10-22,-8000000.0,8948000000.0,,1383000000.0,7565000000.0,,27.148,-76000000.0,187000000.0,187000000.0,1051000000.0,151000000.0,1.222,1.26,3332000000.0,212000000.0,3120000000.0,3332000000.0,0.0,72000000.0,0.0,0.022,0.0,269000000.0,341000000.0,0.194,341000000.0,269000000.0,230000000.0,0.99,0.99,0.99,3948000000.0,,3948000000.0,10994790064.0,7.0,6.139,134000000.0,0.921,1.0,705000000.0,0.401,6545000000.0,39000000.0,4416000000.0,,91000000.0,0.0,0.0,0.0,4975000000.0,1132000000.0,3843000000.0,7786159064.0,29000000.0,-33000000.0,-3000000.0,-37000000.0,-44000000.0,-76000000.0,-105000000.0,2000000.0,210000000.0,0.0,143000000.0,143000000.0,143000000.0,35000000.0,8000000.0,0.081,435000000.0,270000000.0,920000000.0,0.0,1.972,9.171,9.595,805000000.0,0.0,53.54,1.09,1.09,852000000.0,5358000000.0,1756000000.0,1756000000.0,0.0,,,,,3000000.0,415000000.0,1.0,145426953.0,145426953.0,,12.075,2403000000.0,148000000.0,87000000.0,0.0,16.524,251000000.0
32,DGX,MRQ,2013-09-30,2013-09-30,2013-09-30,2021-10-22,-7988000.0,8927539000.0,,1425648000.0,7501891000.0,,25.618,-50000000.0,158280000.0,158280000.0,1089000000.0,414000000.0,1.151,1.316,3366911000.0,244703000.0,3122208000.0,3366911000.0,0.0,69000000.0,0.0,0.019,0.3,690000000.0,759000000.0,0.424,759000000.0,690000000.0,650000000.0,2.7,2.68,2.7,3842681000.0,,3842681000.0,12733068888.0,9.0,7.491,137000000.0,0.913,1.0,699000000.0,0.391,6532707000.0,40000000.0,4364468000.0,,85187000.0,0.0,0.0,0.0,5055944000.0,1238995000.0,3816949000.0,9385045888.0,10000000.0,30000000.0,-447000000.0,-130000000.0,-46000000.0,-629000000.0,452000000.0,-2000000.0,187000000.0,0.0,405000000.0,405000000.0,405000000.0,-2000000.0,9000000.0,0.227,484000000.0,215000000.0,994292000.0,0.111,2.442,12.315,12.408,749355000.0,0.0,61.79,1.31,1.294,920833000.0,5259665000.0,1788000000.0,1788000000.0,0.0,,,,,7000000.0,423000000.0,1.0,151886161.0,150000000.0,151000000.0,11.92,2394832000.0,152831000.0,245000000.0,0.0,15.966,186653000.0
33,DGX,MRQ,2013-06-30,2013-06-30,2013-06-30,2021-10-22,-12769000.0,9036185000.0,,1469699000.0,7566486000.0,,25.568,-56000000.0,148342000.0,148342000.0,1094000000.0,174000000.0,1.139,1.303,3496365000.0,374764000.0,3121601000.0,3496365000.0,0.0,72000000.0,0.0,0.018,0.3,300000000.0,372000000.0,0.205,372000000.0,300000000.0,260000000.0,1.07,1.07,1.07,3911956000.0,,3911956000.0,12848923068.0,12.0,9.734,152000000.0,0.993,1.0,721000000.0,0.397,6595266000.0,40000000.0,4498251000.0,,89442000.0,0.0,0.0,0.0,5097619000.0,1290691000.0,3806928000.0,9581323068.0,-12000000.0,176000000.0,-401000000.0,119000000.0,-47000000.0,-341000000.0,121000000.0,1000000.0,208000000.0,0.0,165000000.0,165000000.0,165000000.0,-13000000.0,9000000.0,0.091,432000000.0,289000000.0,915927000.0,0.28,2.449,18.419,18.373,751814000.0,0.0,60.63,1.331,1.289,946753000.0,4898331000.0,1815000000.0,1815000000.0,0.0,,,,,10000000.0,418000000.0,1.0,158029409.0,153000000.0,154000000.0,11.863,2440919000.0,158786000.0,95000000.0,0.0,15.954,179008000.0
34,DGX,MRQ,2013-03-31,2013-03-31,2013-03-31,2021-10-22,10095000.0,9306164000.0,,1457166000.0,7848998000.0,,26.582,-49000000.0,133603000.0,133603000.0,1092000000.0,144000000.0,1.206,1.209,3401203000.0,254420000.0,3146783000.0,3401203000.0,0.0,70000000.0,0.0,0.017,0.6,249000000.0,319000000.0,0.179,319000000.0,249000000.0,209000000.0,0.86,0.85,0.86,4199949000.0,,4199949000.0,12001083973.0,11.0,8.87,-2000000.0,-0.013,1.0,695000000.0,0.389,6529525000.0,40000000.0,4836023000.0,,89817000.0,0.0,0.0,0.0,5078811000.0,1208216000.0,3870595000.0,8933092973.0,-153000000.0,-90000000.0,-48000000.0,44000000.0,-48000000.0,-60000000.0,-140000000.0,-1000000.0,47000000.0,0.0,136000000.0,136000000.0,136000000.0,0.0,8000000.0,0.076,468000000.0,227000000.0,935018000.0,0.698,2.127,16.764,16.854,753936000.0,0.0,56.461,1.23,1.229,929966000.0,4778602000.0,1787000000.0,1787000000.0,0.0,,,,,4000000.0,448000000.0,1.0,158217052.0,158000000.0,159000000.0,11.31,2776639000.0,158676000.0,73000000.0,0.0,17.574,248950000.0
35,DGX,MRQ,2012-12-31,2012-12-31,2012-12-31,2021-10-22,14000000.0,9284000000.0,,1561000000.0,7723000000.0,,26.188,-59682000.0,296000000.0,296000000.0,1072895000.0,65474000.0,1.49,1.225,3364000000.0,10000000.0,3354000000.0,3364000000.0,0.0,71700000.0,0.0,0.012,0.0,178168000.0,249868000.0,0.141,249868000.0,178168000.0,137829000.0,0.35,0.35,0.35,4163000000.0,,4163000000.0,12601647236.0,11.0,8.937,320563000.0,2.017,1.0,701308000.0,0.395,6408000000.0,40339000.0,4896000000.0,,93000000.0,0.0,0.0,0.0,5098000000.0,1048000000.0,4050000000.0,9263041236.0,121116000.0,-426000.0,-31949000.0,-146964000.0,-26966000.0,-217119000.0,-42010000.0,2098000.0,380245000.0,0.0,56095000.0,56095000.0,56095000.0,0.0,9379000.0,0.032,436099000.0,265209000.0,1016000000.0,0.0,2.225,16.66,16.696,756000000.0,0.0,58.27,1.255,1.255,867000000.0,4690000000.0,1774203000.0,1774203000.0,0.0,,,,,6723000.0,420809000.0,1.0,158967586.0,158967586.0,,11.161,2876000000.0,174000000.0,81734000.0,0.0,18.092,513000000.0
36,DGX,MRQ,2012-09-30,2012-09-30,2012-09-30,2021-10-22,13968000.0,9318721000.0,,1472265000.0,7846456000.0,,26.27,-44910000.0,191770000.0,191770000.0,1081017000.0,171538000.0,1.375,1.228,3530376000.0,154649000.0,3375727000.0,3530376000.0,0.0,71271000.0,0.0,0.012,0.17,307869000.0,379140000.0,0.208,379140000.0,307869000.0,267060000.0,1.02,1.01,1.02,4171258000.0,,4171258000.0,13718519979.0,11.0,8.78,349711000.0,2.202,1.0,740731000.0,0.407,6839698000.0,40809000.0,4746989000.0,,94511000.0,0.0,0.0,0.0,5121140000.0,1070640000.0,4050500000.0,10069574979.0,18028000.0,-6000.0,3370000.0,-292390000.0,-27053000.0,-332144000.0,-44449000.0,467000.0,394621000.0,0.0,163082000.0,163082000.0,163082000.0,0.0,8456000.0,0.09,436111000.0,304620000.0,915991000.0,0.167,2.414,14.598,14.615,782812000.0,0.0,63.43,1.366,1.367,930732000.0,4682265000.0,1821748000.0,1821748000.0,0.0,,,,,9028000.0,416854000.0,1.0,158750985.0,158783000.0,160702000.0,11.473,2479023000.0,169006000.0,103978000.0,0.0,15.613,401625000.0
37,DGX,MRQ,2012-06-30,2012-06-30,2012-06-30,2021-10-22,-8369000.0,9392847000.0,,1477175000.0,7915672000.0,,25.21,-47410000.0,173742000.0,173742000.0,1101924000.0,186473000.0,1.115,1.345,3822687000.0,444497000.0,3378190000.0,3822687000.0,0.0,71855000.0,0.0,0.01,0.17,333181000.0,405036000.0,0.216,405036000.0,333181000.0,291431000.0,1.12,1.11,1.12,3995204000.0,,3995204000.0,13277331403.0,10.0,8.44,203457000.0,1.284,1.0,776428000.0,0.413,6838844000.0,41750000.0,4878230000.0,,90098000.0,0.0,0.0,0.0,5371712000.0,1324718000.0,4046994000.0,9503157403.0,28303000.0,-12000.0,-23820000.0,-112334000.0,-27081000.0,-175266000.0,-47298000.0,124000.0,250867000.0,0.0,177705000.0,177705000.0,177705000.0,0.0,8768000.0,0.095,443076000.0,333352000.0,880221000.0,0.152,2.379,13.604,13.614,788626000.0,0.0,59.9,1.275,1.273,941469000.0,4546307000.0,1878352000.0,1878352000.0,0.0,,,,,13479000.0,424085000.0,1.0,158650374.0,158477000.0,159784000.0,11.853,2554003000.0,163457000.0,113726000.0,0.0,16.116,152457000.0
38,DGX,MRQ,2012-03-31,2012-03-31,2012-03-31,2021-10-22,10560000.0,9451444000.0,,1518604000.0,7932840000.0,,24.444,-29998000.0,145439000.0,145439000.0,1109164000.0,168515000.0,0.996,1.436,3919613000.0,554356000.0,3365257000.0,3919613000.0,0.0,72174000.0,0.0,0.009,0.34,303782000.0,375956000.0,0.197,375956000.0,303782000.0,261680000.0,1.0,0.99,1.0,3869293000.0,,3869293000.0,13542335431.0,11.0,8.702,131269000.0,0.829,1.0,799533000.0,0.419,6876588000.0,42102000.0,4823582000.0,,88262000.0,0.0,0.0,0.0,5555387000.0,1525448000.0,4029939000.0,9682304431.0,-19447000.0,-50556000.0,14399000.0,-102312000.0,-26900000.0,-97471000.0,-83243000.0,-2689000.0,161267000.0,0.0,159118000.0,159118000.0,159118000.0,0.0,9397000.0,0.083,501714000.0,297819000.0,971092000.0,0.34,2.502,14.156,14.188,781427000.0,0.0,61.15,1.295,1.294,973888000.0,4395647000.0,1908697000.0,1908697000.0,0.0,,,,,16770000.0,483252000.0,1.0,158336949.0,158293000.0,159706000.0,12.058,2574856000.0,171815000.0,102562000.0,0.0,16.266,-6844000.0
39,DGX,MRQ,2011-12-31,2011-12-31,2011-12-31,2021-10-22,-8067000.0,9313379000.0,,1401260000.0,7912119000.0,,23.408,-43121000.0,164886000.0,164886000.0,1045034000.0,199242000.0,0.898,1.516,4024917000.0,654395000.0,3370522000.0,4024917000.0,0.0,71569000.0,0.0,0.007,0.1,330838000.0,402407000.0,0.229,402407000.0,330838000.0,288756000.0,1.2,1.18,1.2,3692872000.0,,3692872000.0,13252432720.0,13.0,10.378,294151000.0,1.865,1.0,715783000.0,0.407,6831377000.0,42082000.0,4780874000.0,,89132000.0,0.0,0.0,0.0,5598380000.0,1561159000.0,4037221000.0,9159500720.0,54476000.0,-482000.0,-17009000.0,-184267000.0,-16170000.0,-241854000.0,-40942000.0,-339000.0,337272000.0,0.0,189870000.0,189870000.0,189870000.0,0.0,9372000.0,0.108,398650000.0,317133000.0,906764000.0,0.083,2.48,19.447,19.681,799771000.0,0.0,58.06,1.239,1.239,906455000.0,4263599000.0,1760817000.0,1760817000.0,0.0,,,,,21786000.0,385758000.0,1.0,157759227.0,157759227.0,,11.161,2482002000.0,153328000.0,98886000.0,0.0,15.733,-159899000.0
40,DGX,MRQ,2011-09-30,2011-09-30,2011-09-30,2021-10-22,-5444000.0,9326471000.0,,1396277000.0,7930194000.0,,22.32,-39255000.0,110825000.0,110825000.0,1116574000.0,181893000.0,0.792,1.641,4203757000.0,835910000.0,3367847000.0,4203757000.0,0.0,73347000.0,0.0,0.006,0.0,316382000.0,389729000.0,0.204,389729000.0,316382000.0,272974000.0,1.08,1.07,1.08,3522386000.0,,3522386000.0,11956399916.0,12.0,9.681,298390000.0,1.891,1.0,789831000.0,0.414,6850799000.0,43408000.0,4804532000.0,,84954000.0,0.0,0.0,0.0,5781507000.0,1764072000.0,4017435000.0,7813011916.0,-73393000.0,-162138000.0,-43206000.0,-161276000.0,-15900000.0,-216946000.0,-194092000.0,7301000.0,337645000.0,0.0,171848000.0,171848000.0,171848000.0,0.0,10045000.0,0.09,467778000.0,322053000.0,928162000.0,0.0,2.218,17.483,18.015,806043000.0,0.0,49.36,1.064,1.06,936259000.0,4101066000.0,1906405000.0,1906405000.0,0.0,,,,,15808000.0,446595000.0,1.0,158286303.0,157816000.0,159002000.0,12.08,2475672000.0,166907000.0,101126000.0,0.0,15.687,-367795000.0
41,DGX,MRQ,2011-06-30,2011-06-30,2011-06-30,2021-10-22,34043000.0,9431191000.0,,1477955000.0,7953236000.0,,21.758,-39633000.0,184218000.0,184218000.0,1104394000.0,171527000.0,0.741,1.744,4327606000.0,994675000.0,3332931000.0,4327606000.0,0.0,72719000.0,0.0,0.008,0.2,315486000.0,388205000.0,0.204,388205000.0,315486000.0,268905000.0,1.03,1.02,1.03,3429150000.0,,3429150000.0,12528942206.0,13.0,10.051,19870000.0,0.126,1.0,798807000.0,0.42,6899140000.0,46581000.0,4682082000.0,,87967000.0,0.0,0.0,0.0,5980595000.0,1993357000.0,3987238000.0,9299303206.0,-810024000.0,-1136380000.0,43428000.0,83105000.0,-15794000.0,97686000.0,-967213000.0,208800000.0,59503000.0,0.0,163143000.0,163143000.0,163143000.0,0.0,8384000.0,0.086,481953000.0,316854000.0,998682000.0,0.194,2.712,19.656,21.107,820593000.0,0.0,59.1,1.273,1.275,929372000.0,3945037000.0,1903201000.0,1903201000.0,0.0,,,,,16141000.0,462789000.0,1.0,157348616.0,157607000.0,159352000.0,12.076,2532051000.0,166739000.0,105762000.0,0.0,16.066,-515402000.0
42,DGX,MRQ,2011-03-31,2011-03-31,2011-03-31,2021-10-22,32209000.0,9224729000.0,,2299985000.0,6924744000.0,,19.906,-38991000.0,994242000.0,994242000.0,1096998000.0,-46662000.0,1.302,1.862,4223881000.0,629238000.0,3594643000.0,4223881000.0,0.0,63365000.0,0.0,0.007,0.1,33294000.0,96659000.0,0.053,96659000.0,33294000.0,-4635000.0,-0.33,-0.33,-0.33,3214590000.0,,3214590000.0,12420457357.0,12.0,9.719,121589000.0,0.753,1.0,724579000.0,0.398,5914286000.0,37929000.0,4773518000.0,,71741000.0,0.0,0.0,0.0,5986725000.0,1766564000.0,4220161000.0,9879602357.0,544941000.0,0.0,-781213000.0,1241438000.0,-17136000.0,425114000.0,-40753000.0,-1762000.0,160580000.0,0.0,-53861000.0,-53861000.0,-53861000.0,0.0,7199000.0,-0.03,693619000.0,30960000.0,1137326000.0,-0.303,3.073,19.58,20.253,821526000.0,0.0,57.72,1.358,1.281,940358000.0,3797796000.0,1821577000.0,1821577000.0,0.0,,,,,14265000.0,447858000.0,1.0,171164282.0,161489000.0,161489000.0,11.28,3310443000.0,182255000.0,49226000.0,0.0,20.499,533421000.0
43,DGX,MRQ,2010-12-31,2010-12-31,2010-12-31,2021-10-22,10626000.0,8527630000.0,,1605417000.0,6922213000.0,,23.67,-69109000.0,449301000.0,449301000.0,1038726000.0,174232000.0,1.322,1.109,2990156000.0,348996000.0,2641160000.0,2990156000.0,0.0,63520000.0,0.0,0.007,0.0,296897000.0,360417000.0,0.21,360417000.0,296897000.0,261952000.0,0.96,0.96,0.96,4033480000.0,,4033480000.0,11994954561.0,9.0,7.746,270480000.0,1.587,1.0,676509000.0,0.394,5898343000.0,34945000.0,3955874000.0,,76572000.0,0.0,0.0,0.0,4473505000.0,1214268000.0,3259237000.0,9196752561.0,80040000.0,0.0,7748000.0,-166913000.0,-17104000.0,-182873000.0,-76676000.0,-7567000.0,339589000.0,0.0,165756000.0,165756000.0,165756000.0,0.0,8476000.0,0.097,394249000.0,282260000.0,865272000.0,0.0,2.28,12.757,13.228,834376000.0,0.0,53.97,1.267,1.267,845299000.0,3867420000.0,1715235000.0,1715235000.0,0.0,,,,,8025000.0,382135000.0,1.0,170404902.0,170404902.0,,10.066,2629287000.0,142470000.0,96196000.0,0.0,15.43,391149000.0
44,DGX,MRQ,2010-09-30,2010-09-30,2010-09-30,2021-10-22,6276000.0,8459338000.0,,1552714000.0,6906624000.0,,22.267,-47443000.0,369261000.0,369261000.0,1091465000.0,207756000.0,1.352,1.187,3167463000.0,331526000.0,2835937000.0,3167463000.0,0.0,64137000.0,0.0,0.008,0.2,337177000.0,401314000.0,0.215,401314000.0,337177000.0,300977000.0,1.14,1.13,1.14,3857365000.0,,3857365000.0,11641054086.0,9.0,7.419,282631000.0,1.632,1.0,773190000.0,0.415,5906466000.0,36200000.0,4202742000.0,,73188000.0,0.0,0.0,0.0,4578633000.0,1148332000.0,3430301000.0,8943975086.0,-78627000.0,0.0,-323614000.0,-1091000.0,-17787000.0,-360911000.0,-47790000.0,-347000.0,330074000.0,0.0,198075000.0,198075000.0,198075000.0,0.0,9681000.0,0.106,436323000.0,336867000.0,816806000.0,0.175,2.319,12.14,12.28,812371000.0,0.0,50.47,1.21,1.183,884094000.0,3718829000.0,1864655000.0,1864655000.0,0.0,,,,,16447000.0,426562000.0,1.0,177213693.0,173229000.0,174315000.0,10.764,2552872000.0,131069000.0,102902000.0,0.0,14.737,404382000.0
45,DGX,MRQ,2010-06-30,2010-06-30,2010-06-30,2021-10-22,-48230000.0,8481792000.0,,1631344000.0,6850448000.0,,21.933,-49085000.0,447888000.0,447888000.0,1078971000.0,203876000.0,1.639,1.156,3144967000.0,171128000.0,2973839000.0,3144967000.0,0.0,62974000.0,0.0,0.008,0.1,356633000.0,419607000.0,0.224,419607000.0,356633000.0,320266000.0,1.08,1.07,1.08,3924332000.0,,3924332000.0,11607012815.0,9.0,7.338,160084000.0,0.895,1.0,795756000.0,0.424,5862985000.0,36367000.0,4320383000.0,,78432000.0,0.0,0.0,0.0,4534904000.0,995503000.0,3539401000.0,8955058815.0,-15351000.0,0.0,-154626000.0,-788000.0,-18058000.0,-175070000.0,-49450000.0,-365000.0,209169000.0,0.0,194615000.0,194615000.0,194615000.0,0.0,9261000.0,0.104,429862000.0,365894000.0,824375000.0,0.093,2.282,12.253,12.443,804190000.0,0.0,49.77,1.206,1.199,869643000.0,3537858000.0,1874727000.0,1874727000.0,0.0,,,,,16971000.0,419412000.0,1.0,179928849.0,178920000.0,180760000.0,10.478,2618807000.0,133403000.0,125651000.0,0.0,14.637,635841000.0
46,DGX,MRQ,2010-03-31,2010-03-31,2010-03-31,2021-10-22,-22634000.0,8516209000.0,,1645248000.0,6870961000.0,,21.663,-39763000.0,463239000.0,463239000.0,1066373000.0,171153000.0,1.528,1.175,3115193000.0,170404000.0,2944789000.0,3115193000.0,0.0,63333000.0,0.0,0.007,0.1,303781000.0,367114000.0,0.203,367114000.0,303781000.0,267826000.0,0.9,0.89,0.9,3904174000.0,,3904174000.0,13002133699.0,10.0,8.251,199452000.0,1.107,1.0,739130000.0,0.409,5899707000.0,35955000.0,4191958000.0,,79462000.0,0.0,0.0,0.0,4586994000.0,1076498000.0,3510496000.0,10429090699.0,-71017000.0,0.0,-230973000.0,-699000.0,-18372000.0,-267638000.0,-42594000.0,-2831000.0,239215000.0,0.0,162448000.0,162448000.0,162448000.0,0.0,8705000.0,0.09,440568000.0,298562000.0,906094000.0,0.111,2.671,14.396,14.832,811875000.0,0.0,58.29,1.399,1.41,865160000.0,3361029000.0,1805503000.0,1805503000.0,0.0,,,,,11600000.0,430733000.0,1.0,178917322.0,180219000.0,182383000.0,10.018,2616502000.0,130958000.0,105378000.0,0.0,14.518,568750000.0
47,DGX,MRQ,2009-12-31,2009-12-31,2009-12-31,2021-10-22,-20961000.0,8563643000.0,,1679425000.0,6884218000.0,,21.577,-49895000.0,534256000.0,534256000.0,1070239000.0,190562000.0,1.586,1.141,3107299000.0,170507000.0,2936792000.0,3107299000.0,0.0,63025000.0,0.0,0.007,0.0,317944000.0,380969000.0,0.206,380969000.0,317944000.0,283195000.0,0.99,0.97,0.99,3989639000.0,,3989639000.0,13898874066.0,10.0,8.74,310424000.0,1.679,1.0,778034000.0,0.421,5907609000.0,34749000.0,4169865000.0,,91386000.0,0.0,0.0,0.0,4552179000.0,1059212000.0,3492967000.0,11164301066.0,287223000.0,-1692000.0,-109456000.0,134793000.0,-18522000.0,-17385000.0,-55711000.0,-4124000.0,360319000.0,0.0,181590000.0,181590000.0,181590000.0,0.0,8972000.0,0.098,447641000.0,330393000.0,888705000.0,0.0,2.798,15.312,15.442,825946000.0,0.0,60.38,1.498,1.498,827343000.0,3216639000.0,1848273000.0,1848273000.0,0.0,,,,,19379000.0,432992000.0,1.0,184900647.0,184900647.0,,9.996,2656034000.0,131800000.0,101605000.0,0.0,14.365,620213000.0
48,DGX,MRQ,2009-09-30,2009-09-30,2009-09-30,2021-10-22,-13932000.0,8365725000.0,,1470682000.0,6895043000.0,,21.136,-41037000.0,247033000.0,247033000.0,1097535000.0,201635000.0,1.484,1.132,2981606000.0,103872000.0,2877734000.0,2981606000.0,0.0,63615000.0,0.0,0.01,0.2,350429000.0,414044000.0,0.218,414044000.0,350429000.0,317364000.0,1.03,1.02,1.03,3912766000.0,,3912766000.0,12657590560.0,10.0,8.001,332506000.0,1.796,1.0,799611000.0,0.421,5920429000.0,33065000.0,4189024000.0,,80857000.0,0.0,0.0,0.0,4427618000.0,990845000.0,3436773000.0,9694148560.0,127739000.0,-4551000.0,-70640000.0,-106621000.0,-18610000.0,-199687000.0,-46117000.0,-529000.0,373543000.0,0.0,192219000.0,192219000.0,192219000.0,0.0,9416000.0,0.101,451331000.0,348280000.0,886973000.0,0.194,2.478,13.514,13.734,831946000.0,0.0,52.19,1.309,1.304,888288000.0,3053421000.0,1897146000.0,1897146000.0,0.0,,,,,18764000.0,441569000.0,1.0,185747242.0,185124000.0,187164000.0,10.248,2445296000.0,154983000.0,125145000.0,0.0,13.209,479837000.0
49,DGX,MRQ,2009-06-30,2009-06-30,2009-06-30,2021-10-22,-55589000.0,8211435000.0,,1339098000.0,6872337000.0,,20.193,-36386000.0,119294000.0,119294000.0,1100212000.0,198369000.0,1.308,1.188,3082736000.0,204969000.0,2877767000.0,3082736000.0,0.0,65187000.0,0.0,0.007,0.1,348581000.0,413768000.0,0.218,413768000.0,348581000.0,311735000.0,1.01,1.0,1.01,3741144000.0,,3741144000.0,13338564309.0,11.0,8.96,-45593000.0,-0.246,1.0,801606000.0,0.421,5886587000.0,36846000.0,4264414000.0,,79715000.0,0.0,0.0,0.0,4445793000.0,1023876000.0,3421917000.0,10460600309.0,-84927000.0,-10623000.0,7209000.0,-588000.0,-18575000.0,-23009000.0,-52711000.0,-5702000.0,-9207000.0,0.0,188200000.0,188200000.0,188200000.0,0.0,10169000.0,0.099,442231000.0,359375000.0,818907000.0,0.099,2.796,16.451,16.895,843757000.0,0.0,56.43,1.426,1.425,896535000.0,2879722000.0,1901818000.0,1901818000.0,0.0,,,,,18347000.0,448756000.0,1.0,185373034.0,185266000.0,187003000.0,10.265,2324848000.0,154017000.0,123535000.0,0.0,12.549,315222000.0
50,DGX,MRQ,2009-03-31,2009-03-31,2009-03-31,2021-10-22,-87542000.0,8346633000.0,,1484557000.0,6862076000.0,,18.527,-39610000.0,204221000.0,204221000.0,1053489000.0,175656000.0,1.172,1.372,3082185000.0,5014000.0,3077171000.0,3082185000.0,0.0,64860000.0,0.0,0.008,0.1,316699000.0,381559000.0,0.211,381559000.0,316699000.0,277291000.0,0.88,0.88,0.88,3508546000.0,,3508546000.0,11877778118.0,10.0,8.193,233153000.0,1.231,1.0,754517000.0,0.417,5856486000.0,39408000.0,4101761000.0,,86501000.0,0.0,0.0,0.0,4814302000.0,1266350000.0,3547952000.0,9048493118.0,-49725000.0,-1429000.0,-239984000.0,-597000.0,-19041000.0,-281123000.0,-41365000.0,-326000.0,272763000.0,0.0,167102000.0,167102000.0,167102000.0,0.0,8554000.0,0.092,433454000.0,321063000.0,1261336000.0,0.114,2.579,14.858,15.025,861898000.0,0.0,47.48,1.244,1.236,888253000.0,2710170000.0,1808006000.0,1808006000.0,0.0,,,,,13029000.0,424301000.0,1.0,190574834.0,189370000.0,190698000.0,9.547,2490147000.0,206980000.0,110189000.0,0.0,13.15,218207000.0
51,DGX,MRQ,2008-12-31,2008-12-31,2008-12-31,2021-10-22,-68068000.0,8403830000.0,,1496819000.0,6907011000.0,,18.429,-72520000.0,253946000.0,253946000.0,1040925000.0,178034000.0,1.222,1.326,3083231000.0,5142000.0,3078089000.0,3083231000.0,0.0,65765000.0,0.0,0.008,0.1,306875000.0,372640000.0,0.207,372640000.0,306875000.0,263294000.0,0.88,0.87,0.88,3604896000.0,,3604896000.0,12995665324.0,11.0,9.2,290402000.0,1.485,1.0,759381000.0,0.422,5882329000.0,43581000.0,4126025000.0,,102125000.0,0.0,0.0,0.0,4778696000.0,1224761000.0,3553935000.0,10154004324.0,-32733000.0,-11267000.0,-251434000.0,-46938000.0,-19562000.0,-313255000.0,-82400000.0,1387000.0,362922000.0,0.0,169813000.0,169813000.0,169813000.0,0.0,8221000.0,0.094,442324000.0,317057000.0,1219619000.0,0.114,2.817,17.462,17.361,879687000.0,0.0,51.91,1.401,1.401,832873000.0,2561679000.0,1800306000.0,1800306000.0,0.0,,,,,20679000.0,435640000.0,1.0,195607866.0,195607866.0,,9.204,2521501000.0,218419000.0,93481000.0,0.0,12.891,272058000.0
52,DGX,MRQ,2008-09-30,2008-09-30,2008-09-30,2021-10-22,-14503000.0,8568756000.0,,1551567000.0,7017189000.0,,19.141,-45340000.0,286679000.0,286679000.0,1073123000.0,119346000.0,1.25,1.296,3128340000.0,49919000.0,3078421000.0,3128340000.0,0.0,66144000.0,0.0,0.006,0.1,254518000.0,320662000.0,0.176,320662000.0,254518000.0,211384000.0,0.57,0.56,0.57,3731984000.0,,3731984000.0,13198724416.0,13.0,10.5,283577000.0,1.454,1.0,753480000.0,0.413,5979760000.0,43134000.0,4189824000.0,,98818000.0,0.0,0.0,0.0,4836772000.0,1240833000.0,3595939000.0,10082460416.0,143281000.0,-554000.0,16386000.0,-123793000.0,-19513000.0,-138122000.0,-47514000.0,-1620000.0,328917000.0,0.0,110742000.0,110742000.0,110742000.0,0.0,8604000.0,0.061,436545000.0,316935000.0,1190914000.0,0.175,2.702,24.808,24.722,873434000.0,0.0,51.67,1.397,1.395,888115000.0,2410907000.0,1826603000.0,1826603000.0,0.0,,,,,11864000.0,428179000.0,1.0,195131806.0,194971000.0,197190000.0,9.369,2588996000.0,182056000.0,100642000.0,0.0,13.279,310734000.0
53,DGX,MRQ,2008-06-30,2008-06-30,2008-06-30,2021-10-22,46951000.0,8567033000.0,,1417088000.0,7149945000.0,,18.854,-47898000.0,143398000.0,143398000.0,1083481000.0,169154000.0,1.253,1.336,3259662000.0,50364000.0,3209298000.0,3259662000.0,0.0,67425000.0,0.0,0.008,0.1,307547000.0,374972000.0,0.204,374972000.0,307547000.0,262115000.0,0.83,0.82,0.83,3667654000.0,,3667654000.0,12700780420.0,13.0,10.125,165405000.0,0.85,1.0,754420000.0,0.41,6093403000.0,45432000.0,4459294000.0,,98331000.0,0.0,0.0,0.0,4899379000.0,1130600000.0,3768779000.0,9443295420.0,-26624000.0,-2930000.0,5115000.0,-168055000.0,-19481000.0,-188178000.0,-51749000.0,-921000.0,213303000.0,0.0,161328000.0,161328000.0,161328000.0,0.0,7826000.0,0.088,446297000.0,308123000.0,1080236000.0,0.12,2.575,23.989,23.877,893073000.0,0.0,48.47,1.319,1.317,922513000.0,2319730000.0,1837901000.0,1837901000.0,0.0,,,,,14987000.0,438037000.0,1.0,194827634.0,194527000.0,196119000.0,9.448,2473630000.0,161182000.0,100787000.0,0.0,12.716,286488000.0
54,DGX,MRQ,2008-03-31,2008-03-31,2008-03-31,2021-10-22,51638000.0,8646334000.0,,1464635000.0,7181699000.0,,18.038,-46923000.0,170022000.0,170022000.0,1058627000.0,146661000.0,1.228,1.469,3427507000.0,48792000.0,3378715000.0,3427507000.0,0.0,65259000.0,0.0,0.009,0.1,279082000.0,344341000.0,0.193,344341000.0,279082000.0,231465000.0,0.72,0.71,0.72,3502027000.0,,3502027000.0,12162329979.0,13.0,10.079,110984000.0,0.572,1.0,726010000.0,0.407,6113751000.0,47617000.0,4597339000.0,,97363000.0,0.0,0.0,0.0,5144307000.0,1192729000.0,3951578000.0,8789130979.0,2428000.0,22817000.0,6447000.0,-120155000.0,-19408000.0,-138259000.0,-17220000.0,6886000.0,157907000.0,0.0,139607000.0,139607000.0,139607000.0,0.0,7054000.0,0.078,445749000.0,280261000.0,1143937000.0,0.139,2.51,23.522,23.335,906097000.0,0.0,45.27,1.262,1.262,947738000.0,2177908000.0,1784637000.0,1784637000.0,0.0,,,,,20631000.0,435078000.0,1.0,194149127.0,194143000.0,195783000.0,9.192,2532583000.0,153630000.0,91858000.0,0.0,13.045,271906000.0
55,DGX,MRQ,2007-12-31,2007-12-31,2007-12-31,2021-10-22,25279000.0,8565693000.0,,1374357000.0,7191336000.0,,17.17,-76176000.0,167594000.0,167594000.0,1042723000.0,21259000.0,1.067,1.577,3540793000.0,163581000.0,3377212000.0,3540793000.0,0.0,68622000.0,0.0,0.008,0.1,148402000.0,217024000.0,0.123,217024000.0,148402000.0,94460000.0,-0.03,-0.03,-0.03,3324242000.0,,3324242000.0,13841168457.0,16.0,12.417,279200000.0,1.442,1.0,727750000.0,0.411,6106837000.0,53942000.0,4543758000.0,,95234000.0,0.0,0.0,0.0,5241451000.0,1288297000.0,3953154000.0,10241654457.0,2971000.0,-32427000.0,11534000.0,-229352000.0,-19360000.0,-243299000.0,-109106000.0,-503000.0,355376000.0,0.0,-5251000.0,-5251000.0,-5251000.0,-54629000.0,26510000.0,-0.003,415685000.0,312065000.0,1124716000.0,-3.333,3.081,30.128,30.057,911998000.0,0.0,52.9,1.527,1.527,881967000.0,2057744000.0,1770473000.0,1770473000.0,0.0,,,,,8325000.0,408626000.0,1.0,193604054.0,193604054.0,,9.145,2458856000.0,149841000.0,99711000.0,0.0,12.7,86060000.0
56,DGX,MRQ,2007-09-30,2007-09-30,2007-09-30,2021-10-22,34332000.0,8582631000.0,,1449246000.0,7133385000.0,,17.21,-53593000.0,164623000.0,164623000.0,1026598000.0,97965000.0,1.205,1.579,3764137000.0,292382000.0,3471755000.0,3764137000.0,0.0,64024000.0,0.0,0.007,0.1,254052000.0,318076000.0,0.18,318076000.0,254052000.0,195365000.0,0.51,0.5,0.51,3328070000.0,,3328070000.0,14947642565.0,15.0,12.297,237609000.0,1.229,1.0,740472000.0,0.419,6072577000.0,58687000.0,4906593000.0,,92447000.0,0.0,0.0,0.0,5254561000.0,1202975000.0,4051586000.0,11157794565.0,42325000.0,-23960000.0,1474000.0,-151207000.0,-19305000.0,-174049000.0,-74828000.0,2725000.0,291202000.0,0.0,97965000.0,97965000.0,97965000.0,52360000.0,0.0,0.055,434480000.0,305992000.0,910593000.0,0.196,3.353,22.565,22.479,891540000.0,0.0,57.77,1.721,1.723,962864000.0,2082401000.0,1767070000.0,1767070000.0,0.0,,,,,8515000.0,424334000.0,1.0,193141675.0,193377000.0,195589000.0,9.138,2510054000.0,141554000.0,97400000.0,0.0,12.98,246271000.0
57,DGX,MRQ,2007-06-30,2007-06-30,2007-06-30,2021-10-22,5114000.0,8494033000.0,,1415201000.0,7078832000.0,,16.555,-49206000.0,122298000.0,122298000.0,968742000.0,141332000.0,1.22,1.663,3912146000.0,367103000.0,3545043000.0,3912146000.0,0.0,54898000.0,0.0,0.008,0.1,272343000.0,327241000.0,0.199,327241000.0,272343000.0,233185000.0,0.74,0.73,0.74,3189327000.0,,3189327000.0,11799419913.0,11.0,9.565,79587000.0,0.413,1.0,672414000.0,0.41,6029492000.0,39158000.0,5094837000.0,,96839000.0,0.0,0.0,0.0,5304706000.0,1159552000.0,4145154000.0,9952510913.0,-36099000.0,-1172812000.0,9708000.0,1093231000.0,-19261000.0,1064420000.0,-1229312000.0,-5369000.0,128793000.0,0.0,141332000.0,141332000.0,141332000.0,647000.0,0.0,0.086,400005000.0,272409000.0,792449000.0,0.135,3.121,17.867,17.997,888874000.0,0.0,51.65,1.58,1.579,973068000.0,2003795000.0,1641156000.0,1641156000.0,0.0,,,,,14149000.0,395105000.0,1.0,192691402.0,192651000.0,194476000.0,8.519,2464541000.0,135806000.0,91853000.0,0.0,12.793,255649000.0
58,DGX,MRQ,2007-03-31,2007-03-31,2007-03-31,2021-10-22,593000.0,6186542000.0,,1246949000.0,4939593000.0,,15.665,-40126000.0,158397000.0,158397000.0,931785000.0,105893000.0,0.795,1.042,2005306000.0,767041000.0,1238265000.0,2005306000.0,0.0,50335000.0,0.0,0.008,0.1,202030000.0,252365000.0,0.165,252365000.0,202030000.0,175503000.0,0.55,0.54,0.55,3029232000.0,,3029232000.0,11042891855.0,11.0,9.071,111427000.0,0.576,1.0,594423000.0,0.389,4036805000.0,26527000.0,2428907000.0,,87717000.0,0.0,0.0,0.0,3157310000.0,1567739000.0,1589571000.0,9636552855.0,8757000.0,-306627000.0,-87448000.0,311499000.0,-19401000.0,203151000.0,-345947000.0,-1119000.0,151553000.0,0.0,105893000.0,105893000.0,105893000.0,1622000.0,0.0,0.069,393553000.0,200870000.0,800698000.0,0.182,3.181,17.595,17.775,760857000.0,0.0,49.77,1.544,1.542,810576000.0,1881749000.0,1526208000.0,1526208000.0,0.0,,,,,11883000.0,384793000.0,1.0,193621717.0,193379000.0,195263000.0,7.892,2149737000.0,107501000.0,69610000.0,0.0,11.117,-320790000.0
59,DGX,MRQ,2006-12-31,2006-12-31,2006-12-31,2021-10-22,-65000.0,5661482000.0,,1191018000.0,4470464000.0,,15.478,-59901000.0,149640000.0,149640000.0,919414000.0,149286000.0,1.035,0.875,1555979000.0,316874000.0,1239105000.0,1555979000.0,0.0,49390000.0,0.0,0.007,0.1,268458000.0,317848000.0,0.205,317848000.0,268458000.0,245960000.0,0.77,0.76,0.77,3019171000.0,,3019171000.0,11788892126.0,11.0,9.19,246189000.0,1.262,1.0,629856000.0,0.407,3584392000.0,22498000.0,2332559000.0,,78564000.0,0.0,0.0,0.0,2642311000.0,1150870000.0,1491441000.0,10338092126.0,44525000.0,-5159000.0,-185754000.0,11753000.0,-19740000.0,-198424000.0,-63141000.0,1919000.0,306090000.0,0.0,149286000.0,149286000.0,149286000.0,1989000.0,0.0,0.096,350684000.0,279172000.0,833996000.0,0.13,3.424,17.629,17.785,752357000.0,0.0,53.0,1.649,1.649,774414000.0,1800255000.0,1549270000.0,1549270000.0,0.0,,,,,534000.0,349709000.0,1.0,195058342.0,195058342.0,,7.943,2077090000.0,120540000.0,96674000.0,0.0,10.649,40148000.0
60,DGX,MRQ,2006-09-30,2006-09-30,2006-09-30,2021-10-22,2418000.0,5704810000.0,,1241947000.0,4462863000.0,,15.563,-45377000.0,105115000.0,105115000.0,933735000.0,160522000.0,1.055,0.859,1555915000.0,316913000.0,1239002000.0,1555915000.0,0.0,49388000.0,0.0,0.006,0.1,286736000.0,336124000.0,0.212,336124000.0,286736000.0,263935000.0,0.81,0.8,0.81,3068551000.0,,3068551000.0,13438493495.0,13.0,10.707,189318000.0,0.96,1.0,649467000.0,0.41,3584338000.0,22801000.0,2393653000.0,,77315000.0,0.0,0.0,0.0,2636259000.0,1177619000.0,1458640000.0,12056624495.0,-45564000.0,-230342000.0,-3575000.0,19134000.0,-19709000.0,-4692000.0,-275567000.0,152000.0,234695000.0,0.0,160522000.0,160522000.0,160522000.0,3331000.0,0.0,0.101,356606000.0,292861000.0,860706000.0,0.123,3.929,21.247,21.385,741677000.0,0.0,61.16,1.961,1.962,857030000.0,1670364000.0,1583202000.0,1583202000.0,0.0,,,,,8295000.0,354631000.0,1.0,197132513.0,197164000.0,200129000.0,8.03,2120472000.0,122260000.0,103413000.0,0.0,10.755,64328000.0
61,DGX,MRQ,2006-06-30,2006-06-30,2006-06-30,2021-10-22,-1167000.0,5447594000.0,,1219311000.0,4228283000.0,,14.661,-45958000.0,150679000.0,150679000.0,926697000.0,131977000.0,1.102,0.877,1532548000.0,291935000.0,1240613000.0,1532548000.0,0.0,49560000.0,0.0,0.006,0.1,261438000.0,310998000.0,0.196,310998000.0,261438000.0,238805000.0,0.67,0.66,0.67,2903000000.0,,2903000000.0,13250258922.0,13.0,11.015,124494000.0,0.629,1.0,656385000.0,0.415,3341448000.0,22633000.0,2381505000.0,,71463000.0,0.0,0.0,0.0,2544594000.0,1106510000.0,1438084000.0,11874329922.0,-5782000.0,-1042000.0,-115493000.0,580000.0,-19809000.0,-128531000.0,-47703000.0,-700000.0,170452000.0,0.0,131977000.0,131977000.0,131977000.0,23984000.0,0.0,0.083,359059000.0,297326000.0,814575000.0,0.149,4.09,21.901,22.029,742030000.0,0.0,59.92,2.004,2.003,800279000.0,1529467000.0,1583082000.0,1583082000.0,0.0,,,,,7321000.0,357862000.0,1.0,198169725.0,198013000.0,200586000.0,7.995,2106146000.0,121282000.0,106828000.0,0.0,10.636,112801000.0
62,DGX,MRQ,2006-03-31,2006-03-31,2006-03-31,2021-10-22,-4274000.0,5434568000.0,,1199984000.0,4234584000.0,,14.442,-42186000.0,156461000.0,156461000.0,916160000.0,144636000.0,1.064,0.897,1532390000.0,291889000.0,1240501000.0,1532390000.0,0.0,49060000.0,0.0,0.007,0.09,268795000.0,317855000.0,0.205,317855000.0,268795000.0,245302000.0,0.73,0.72,0.73,2865296000.0,,2865296000.0,11677687655.0,12.0,9.757,198473000.0,1.0,1.0,636945000.0,0.41,3342269000.0,23493000.0,2340810000.0,,77917000.0,0.0,0.0,0.0,2569272000.0,1127418000.0,1441854000.0,10177592655.0,64331000.0,0.0,-65179000.0,-74380000.0,-17877000.0,-148337000.0,-27991000.0,14192000.0,240659000.0,0.0,144636000.0,144636000.0,144636000.0,9967000.0,0.0,0.093,378227000.0,258718000.0,835529000.0,0.123,3.552,18.197,18.387,746328000.0,0.0,51.3,1.78,1.78,775724000.0,1417329000.0,1553105000.0,1553105000.0,0.0,,,,,6635000.0,348514000.0,1.0,198393619.0,198395000.0,201034000.0,7.828,2092299000.0,112664000.0,100666000.0,0.0,10.546,72566000.0
63,DGX,MRQ,2005-12-31,2005-12-31,2005-12-31,2021-10-22,-6205000.0,5306115000.0,,1069497000.0,4236618000.0,,13.792,-45938000.0,92130000.0,92130000.0,856586000.0,130329000.0,0.971,0.92,1592225000.0,336839000.0,1255386000.0,1592225000.0,0.0,47138000.0,0.0,0.007,0.09,243027000.0,290165000.0,0.203,290165000.0,243027000.0,222849000.0,0.65,0.64,0.65,2762984000.0,,2762984000.0,11047640781.0,11.0,9.552,257471000.0,1.285,1.0,570711000.0,0.4,3344610000.0,20178000.0,2360308000.0,,77939000.0,0.0,0.0,0.0,2543131000.0,1101292000.0,1441839000.0,10403430781.0,-117959000.0,-793632000.0,-186206000.0,636802000.0,-18181000.0,419442000.0,-840810000.0,-1240000.0,303409000.0,0.0,130329000.0,130329000.0,130329000.0,18785000.0,0.0,0.091,310250000.0,260461000.0,764453000.0,0.138,3.765,19.044,18.996,753663000.0,0.0,51.48,1.907,1.904,732907000.0,1292510000.0,1427297000.0,1427297000.0,0.0,,,,,6057000.0,308634000.0,1.0,202086845.0,200336000.0,203478000.0,7.125,1961505000.0,107442000.0,92520000.0,0.0,9.791,-31795000.0
64,DGX,MRQ,2005-09-30,2005-09-30,2005-09-30,2021-10-22,-4241000.0,4534734000.0,,1151342000.0,3383392000.0,,13.952,-54462000.0,210089000.0,210089000.0,799074000.0,135248000.0,0.966,0.604,854299000.0,504900000.0,349399000.0,854299000.0,0.0,43455000.0,0.0,0.007,0.09,240452000.0,283907000.0,0.209,283907000.0,240452000.0,228641000.0,0.67,0.66,0.67,2827741000.0,,2827741000.0,10909165566.0,11.0,9.703,123203000.0,0.608,1.0,562042000.0,0.413,2534420000.0,11811000.0,1453017000.0,,78173000.0,0.0,0.0,0.0,1706993000.0,1191507000.0,515486000.0,10259036566.0,5982000.0,-1264000.0,-77797000.0,-42000.0,-18264000.0,-99557000.0,-72126000.0,-16400000.0,177665000.0,0.0,135248000.0,135248000.0,135248000.0,4586000.0,0.0,0.099,311687000.0,250355000.0,686607000.0,0.134,3.628,18.927,18.788,670862000.0,0.0,50.54,1.942,1.939,693792000.0,1180047000.0,1361116000.0,1361116000.0,0.0,,,,,9093000.0,303571000.0,1.0,202988456.0,202681000.0,206126000.0,6.716,2000314000.0,132041000.0,93393000.0,0.0,9.869,-40165000.0
65,DGX,MRQ,2005-06-30,2005-06-30,2005-06-30,2021-10-22,684000.0,4507604000.0,,1144584000.0,3363020000.0,,13.723,-68489000.0,204107000.0,204107000.0,798678000.0,149089000.0,1.217,0.621,854236000.0,230086000.0,624150000.0,854236000.0,0.0,43003000.0,0.0,0.006,0.09,261977000.0,304980000.0,0.221,304980000.0,261977000.0,249337000.0,0.74,0.72,0.74,2780335000.0,,2780335000.0,11546563369.0,12.0,10.353,165991000.0,0.819,1.0,578851000.0,0.42,2535142000.0,12640000.0,1682424000.0,,76264000.0,0.0,0.0,0.0,1727269000.0,940167000.0,787102000.0,10778532369.0,117945000.0,0.0,-1013000.0,-63000.0,-18209000.0,-24871000.0,-91664000.0,-23164000.0,234480000.0,0.0,149089000.0,149089000.0,149089000.0,0.0,0.0,0.108,317698000.0,261153000.0,710081000.0,0.122,3.877,20.075,20.026,658972000.0,0.0,53.27,2.069,2.071,693378000.0,1062957000.0,1377529000.0,1377529000.0,0.0,,,,,9246000.0,315674000.0,1.0,202337758.0,202597000.0,206554000.0,6.799,1972462000.0,128493000.0,100248000.0,0.0,9.736,204417000.0
66,DGX,MRQ,2005-03-31,2005-03-31,2005-03-31,2021-10-22,1166000.0,4341967000.0,,1039265000.0,3302702000.0,,13.077,-55381000.0,86162000.0,86162000.0,780082000.0,131611000.0,1.115,0.646,854193000.0,230107000.0,624086000.0,854193000.0,0.0,42528000.0,0.0,0.006,0.075,232869000.0,275397000.0,0.209,275397000.0,232869000.0,220086000.0,0.65,0.64,0.65,2637961000.0,,2637961000.0,11688114944.0,13.0,10.799,80648000.0,0.4,1.0,539403000.0,0.409,2535877000.0,12783000.0,1641865000.0,,76260000.0,0.0,0.0,0.0,1704006000.0,932256000.0,771750000.0,10662594944.0,12860000.0,-19323000.0,-26812000.0,-403000.0,-15019000.0,-47976000.0,-75193000.0,-500000.0,136029000.0,0.0,131611000.0,131611000.0,131611000.0,0.0,0.0,0.1,309490000.0,229913000.0,702149000.0,0.115,4.042,20.718,20.695,633762000.0,0.0,52.565,2.078,2.067,702419000.0,932135000.0,1319485000.0,1319485000.0,0.0,,,,,11464000.0,308348000.0,1.0,202845904.0,201719000.0,206142000.0,6.541,1806090000.0,134656000.0,88475000.0,0.0,8.953,107009000.0
67,DGX,MRQ,2004-12-31,2004-12-31,2004-12-31,2021-10-22,3866000.0,4203788000.0,,931080000.0,3272708000.0,,11.393,-41979000.0,73302000.0,73302000.0,736492000.0,126073000.0,0.892,0.837,1098822000.0,374801000.0,724021000.0,1098822000.0,0.0,42271000.0,0.0,0.006,0.075,217776000.0,260047000.0,0.213,260047000.0,217776000.0,204570000.0,0.63,0.6,0.63,2288651000.0,,2288651000.0,10570594979.0,12.0,9.989,221594000.0,1.103,1.0,487181000.0,0.398,2518412000.0,13206000.0,1667108000.0,,75327000.0,0.0,0.0,0.0,1915137000.0,1043788000.0,871349000.0,9669638979.0,-127734000.0,0.0,-327401000.0,-110000.0,-15173000.0,-347379000.0,-43928000.0,5602000.0,263573000.0,0.0,126073000.0,126073000.0,126073000.0,-6780000.0,0.0,0.103,276928000.0,210253000.0,668987000.0,0.119,4.225,19.37,19.5,619485000.0,0.0,47.775,1.908,1.923,649281000.0,818734000.0,1223673000.0,1223673000.0,0.0,,,,,17325000.0,276564000.0,1.0,202399560.0,200890000.0,210644000.0,6.091,1685376000.0,112404000.0,78497000.0,0.0,8.39,-112708000.0
68,DGX,MRQ,2004-09-30,2004-09-30,2004-09-30,2021-10-22,190000.0,4394958000.0,,1112835000.0,3282123000.0,,12.236,-43299000.0,201036000.0,201036000.0,748424000.0,130144000.0,1.427,0.774,1101992000.0,130182000.0,971810000.0,1101992000.0,0.0,42538000.0,0.0,0.005,0.075,232361000.0,274899000.0,0.213,274899000.0,232361000.0,218731000.0,0.64,0.62,0.64,2477684000.0,,2477684000.0,9952544331.0,11.0,9.607,173784000.0,0.858,1.0,541473000.0,0.42,2529716000.0,13630000.0,1986306000.0,,73219000.0,0.0,0.0,0.0,1917274000.0,779892000.0,1137382000.0,8988220331.0,63234000.0,0.0,-93796000.0,-271000.0,-15271000.0,-113059000.0,-40790000.0,-301000.0,217083000.0,0.0,130144000.0,130144000.0,130144000.0,0.0,0.0,0.101,309770000.0,231703000.0,649710000.0,0.117,3.628,18.672,18.81,618001000.0,0.0,44.11,1.781,1.77,686045000.0,707684000.0,1289897000.0,1289897000.0,0.0,,,,,14387000.0,308248000.0,1.0,203768314.0,202489000.0,212258000.0,6.37,1865242000.0,131273000.0,88587000.0,0.0,9.212,332943000.0
69,DGX,MRQ,2004-06-30,2004-06-30,2004-06-30,2021-10-22,1009000.0,4346851000.0,,1044120000.0,3302731000.0,,11.841,-45710000.0,137802000.0,137802000.0,747577000.0,126829000.0,1.356,0.782,1102126000.0,130409000.0,971717000.0,1102126000.0,0.0,42847000.0,0.0,0.004,0.075,229174000.0,272021000.0,0.21,272021000.0,229174000.0,212828000.0,0.62,0.59,0.62,2439373000.0,,2439373000.0,9701828839.0,11.0,9.541,161723000.0,0.785,1.0,550097000.0,0.424,2530098000.0,16346000.0,2011035000.0,,72848000.0,0.0,0.0,0.0,1907478000.0,770042000.0,1137436000.0,8789557839.0,-52273000.0,0.0,-193876000.0,-357000.0,-15514000.0,-216182000.0,-43524000.0,738000.0,207433000.0,0.0,126829000.0,126829000.0,126829000.0,0.0,0.0,0.098,320078000.0,230019000.0,639633000.0,0.121,3.603,18.652,18.629,615301000.0,0.0,42.475,1.765,1.758,677710000.0,592708000.0,1297674000.0,1297674000.0,0.0,,,,,15953000.0,307402000.0,1.0,206934852.0,206017000.0,216508000.0,6.299,1816753000.0,152439000.0,85999000.0,0.0,8.818,274078000.0
70,DGX,MRQ,2004-03-31,2004-03-31,2004-03-31,2021-10-22,3549000.0,4380057000.0,,1073621000.0,3306436000.0,,12.141,-45137000.0,190075000.0,190075000.0,737281000.0,116149000.0,1.622,0.749,1102346000.0,44597000.0,1057749000.0,1102346000.0,0.0,41070000.0,0.0,0.002,0.075,210181000.0,251251000.0,0.2,251251000.0,210181000.0,195537000.0,0.565,0.54,0.565,2504455000.0,,2504455000.0,9529270917.0,11.0,9.498,65554000.0,0.318,1.0,518461000.0,0.413,2532351000.0,14644000.0,2097981000.0,,72625000.0,0.0,0.0,0.0,1875602000.0,661996000.0,1213606000.0,8581571917.0,35117000.0,0.0,-10388000.0,-359000.0,-15429000.0,-30116000.0,-45458000.0,-3614000.0,110691000.0,0.0,116149000.0,116149000.0,116149000.0,0.0,0.0,0.092,309582000.0,208879000.0,617399000.0,0.133,3.427,18.462,18.53,609765000.0,0.0,41.415,1.751,1.743,650511000.0,481151000.0,1255742000.0,1255742000.0,0.0,,,,,24995000.0,307545000.0,1.0,207209270.0,206284000.0,217198000.0,6.087,1847706000.0,148943000.0,79388000.0,0.0,8.957,411625000.0
71,DGX,MRQ,2003-12-31,2003-12-31,2003-12-31,2021-10-22,5947000.0,4301418000.0,,995786000.0,3305632000.0,,11.536,-52951000.0,154958000.0,154958000.0,706222000.0,108245000.0,1.376,0.796,1102657000.0,73950000.0,1028707000.0,1102657000.0,0.0,40403000.0,0.0,0.0,0.0,197388000.0,237791000.0,0.198,237791000.0,197388000.0,182846000.0,0.52,0.47,0.52,2394694000.0,,2394694000.0,8630366903.0,11.0,9.07,209335000.0,1.008,1.0,497783000.0,0.413,2535853000.0,14542000.0,1989464000.0,,72484000.0,0.0,0.0,0.0,1906724000.0,723800000.0,1182924000.0,7600003903.0,63890000.0,-72000.0,-120353000.0,-18912000.0,0.0,-142990000.0,-55406000.0,-2392000.0,262286000.0,0.0,108245000.0,108245000.0,108245000.0,0.0,0.0,0.09,300778000.0,197005000.0,649850000.0,0.0,3.174,17.403,17.325,607305000.0,0.0,36.555,1.604,1.596,609187000.0,380559000.0,1204005000.0,1204005000.0,0.0,,,,,13820000.0,298026000.0,1.0,207906002.0,207582000.0,235488000.0,5.8,1765565000.0,158610000.0,74601000.0,0.0,8.505,271986000.0
72,DGX,MRQ,2003-09-30,2003-09-30,2003-09-30,2021-10-22,-662000.0,4260766000.0,,972002000.0,3288764000.0,,11.363,-45884000.0,91068000.0,91068000.0,711180000.0,120024000.0,1.443,0.789,1121431000.0,56290000.0,1065141000.0,1121431000.0,0.0,38528000.0,0.0,0.0,0.0,217225000.0,255753000.0,0.209,255753000.0,217225000.0,202753000.0,0.575,0.56,0.575,2381360000.0,,2381360000.0,7429525365.0,10.0,8.27,126951000.0,0.606,1.0,510041000.0,0.418,2536377000.0,14472000.0,2081202000.0,,68424000.0,0.0,0.0,0.0,1879406000.0,673550000.0,1205856000.0,6378030365.0,2999000.0,-127000.0,-106450000.0,-18267000.0,0.0,-129121000.0,-40715000.0,-336000.0,172835000.0,0.0,120024000.0,120024000.0,120024000.0,0.0,0.0,0.098,292518000.0,217523000.0,617260000.0,0.0,2.678,15.55,15.085,592099000.0,0.0,30.32,1.396,1.391,643840000.0,287700000.0,1221221000.0,1221221000.0,0.0,,,,,9556000.0,292413000.0,1.0,210357202.0,209574000.0,214556000.0,5.827,1724389000.0,172866000.0,82729000.0,0.0,8.228,298452000.0
73,DGX,MRQ,2003-06-30,2003-06-30,2003-06-30,2021-10-22,-2334000.0,4244041000.0,,953132000.0,3290909000.0,,11.285,-38325000.0,88069000.0,88069000.0,703124000.0,120412000.0,1.425,0.79,1139564000.0,74393000.0,1065171000.0,1139564000.0,0.0,38271000.0,0.0,0.0,0.0,220271000.0,258542000.0,0.212,258542000.0,220271000.0,203405000.0,0.575,0.56,0.575,2370892000.0,,2370892000.0,7889688712.0,11.0,9.449,131052000.0,0.624,1.0,516811000.0,0.424,2538792000.0,16866000.0,2087911000.0,,68482000.0,0.0,0.0,0.0,1873149000.0,668833000.0,1204316000.0,6720306712.0,32472000.0,-1015000.0,-3657000.0,-85552000.0,0.0,-92472000.0,-44433000.0,-8486000.0,169377000.0,0.0,120412000.0,120412000.0,120412000.0,0.0,0.0,0.099,298140000.0,218671000.0,594440000.0,0.0,2.835,17.837,16.968,583042000.0,0.0,31.9,1.526,1.521,628404000.0,167676000.0,1219935000.0,1219935000.0,0.0,,,,,5244000.0,296062000.0,1.0,210667922.0,210098000.0,215354000.0,5.807,1705249000.0,184326000.0,82993000.0,0.0,8.116,284299000.0
74,DGX,MRQ,2003-03-31,2003-03-31,2003-03-31,2021-10-22,-4780000.0,4186295000.0,,906920000.0,3279375000.0,,11.211,-37481000.0,55597000.0,55597000.0,648097000.0,88036000.0,1.348,0.866,1224979000.0,80624000.0,1144355000.0,1224979000.0,0.0,36701000.0,0.0,0.0,0.0,162703000.0,199404000.0,0.182,199404000.0,162703000.0,148794000.0,0.44,0.43,0.44,2243075000.0,,2243075000.0,7004028306.0,11.0,9.08,20820000.0,0.104,1.0,444700000.0,0.407,2537625000.0,13909000.0,2145129000.0,,67068000.0,0.0,0.0,0.0,1943220000.0,672923000.0,1270297000.0,6278266306.0,-41180000.0,-236396000.0,2799000.0,181013000.0,0.0,177015000.0,-276496000.0,-2628000.0,58301000.0,0.0,88036000.0,88036000.0,88036000.0,0.0,0.0,0.081,281445000.0,163255000.0,592299000.0,0.0,2.799,18.277,17.006,583303000.0,0.0,29.845,1.476,1.404,613638000.0,47264000.0,1092797000.0,1092797000.0,0.0,,,,,7173000.0,279199000.0,1.0,210362416.0,200074000.0,204910000.0,5.462,1648670000.0,181044000.0,60758000.0,0.0,8.24,233997000.0
75,DGX,MRQ,2002-12-31,2002-12-31,2002-12-31,2021-10-22,-5524000.0,3324197000.0,,824443000.0,2499754000.0,,9.103,-36793000.0,96777000.0,96777000.0,619317000.0,81697000.0,1.296,0.879,822539000.0,26032000.0,796507000.0,822539000.0,0.0,34694000.0,0.0,0.0,0.0,149931000.0,184625000.0,0.179,184625000.0,149931000.0,137237000.0,0.42,0.38,0.42,1768863000.0,,1768863000.0,6498651906.0,11.0,8.934,209651000.0,1.079,1.0,414448000.0,0.401,1810933000.0,12694000.0,1603049000.0,,60899000.0,0.0,0.0,0.0,1555334000.0,635977000.0,919357000.0,5564627906.0,-17077000.0,0.0,2783000.0,-225436000.0,0.0,-226095000.0,-37426000.0,-5278000.0,246444000.0,0.0,81697000.0,81697000.0,81697000.0,0.0,0.0,0.079,266566000.0,147882000.0,609945000.0,0.0,3.146,17.273,17.036,570149000.0,0.0,28.45,1.355,1.336,522131000.0,-40772000.0,1033765000.0,1033765000.0,0.0,,,,,5399000.0,267030000.0,1.0,195593248.0,194308000.0,222544000.0,5.32,1513264000.0,132456000.0,55540000.0,0.0,7.788,188466000.0
76,DGX,MRQ,2002-09-30,2002-09-30,2002-09-30,2021-10-22,-2837000.0,3465737000.0,,930145000.0,2535592000.0,,8.657,-35013000.0,113854000.0,113854000.0,625075000.0,86617000.0,1.08,1.066,1047878000.0,251100000.0,796778000.0,1047878000.0,0.0,32882000.0,0.0,0.0,0.0,159533000.0,192415000.0,0.182,192415000.0,159533000.0,146145000.0,0.445,0.435,0.445,1677726000.0,,1677726000.0,7027289837.0,13.0,10.454,96968000.0,0.5,1.0,433639000.0,0.41,1811713000.0,13388000.0,1726541000.0,,59015000.0,0.0,0.0,0.0,1788011000.0,861507000.0,926504000.0,5994542837.0,24014000.0,0.0,2148000.0,-75577000.0,0.0,-76297000.0,-31670000.0,-1533000.0,131981000.0,0.0,86617000.0,86617000.0,86617000.0,0.0,0.0,0.082,275684000.0,157955000.0,610407000.0,0.0,3.573,20.572,20.307,571516000.0,0.0,30.765,1.504,1.496,576461000.0,-122469000.0,1058714000.0,1058714000.0,0.0,,,,,4994000.0,272587000.0,1.0,194849434.0,193800000.0,199424000.0,5.463,1654024000.0,192899000.0,59528000.0,0.0,8.535,68638000.0
77,DGX,MRQ,2002-06-30,2002-06-30,2002-06-30,2021-10-22,-2255000.0,3451485000.0,,933814000.0,2517671000.0,,8.144,-42124000.0,89840000.0,89840000.0,630258000.0,87151000.0,0.987,1.198,1122587000.0,301768000.0,820819000.0,1122587000.0,0.0,33505000.0,0.0,0.0,0.0,161388000.0,194893000.0,0.182,194893000.0,161388000.0,146472000.0,0.45,0.435,0.45,1569994000.0,,1569994000.0,9019529137.0,19.0,14.51,122968000.0,0.638,1.0,438552000.0,0.41,1802481000.0,14916000.0,1735170000.0,,57930000.0,0.0,0.0,0.0,1881491000.0,946581000.0,934910000.0,8347361137.0,-59587000.0,-332237000.0,12224000.0,142255000.0,0.0,151134000.0,-375813000.0,-2368000.0,165092000.0,0.0,87151000.0,87151000.0,87151000.0,0.0,0.0,0.082,278886000.0,159666000.0,644813000.0,0.0,5.317,32.748,32.108,568994000.0,0.0,43.025,2.18,2.166,597667000.0,-209086000.0,1068810000.0,1068810000.0,0.0,,,,,21459000.0,276821000.0,1.0,194011880.0,192786000.0,200594000.0,5.544,1649004000.0,193226000.0,59321000.0,0.0,8.554,-12767000.0
78,DGX,MRQ,2002-03-31,2002-03-31,2002-03-31,2021-10-22,-2935000.0,3005716000.0,,949867000.0,2055849000.0,,7.575,-41266000.0,149427000.0,149427000.0,557738000.0,66689000.0,1.523,1.079,821595000.0,1405000.0,820190000.0,821595000.0,0.0,30310000.0,0.0,0.0,0.0,125198000.0,155508000.0,0.164,155508000.0,125198000.0,112523000.0,0.35,0.335,0.35,1445598000.0,,1445598000.0,8677291589.0,21.0,15.837,11588000.0,0.061,1.0,389024000.0,0.411,1378562000.0,12675000.0,1675635000.0,,51533000.0,0.0,0.0,0.0,1560118000.0,623687000.0,936431000.0,7977882589.0,27095000.0,-1275000.0,9879000.0,-283000.0,0.0,6544000.0,-32303000.0,10111000.0,52854000.0,0.0,66689000.0,66689000.0,66689000.0,0.0,0.0,0.07,260558000.0,128466000.0,622282000.0,0.0,5.519,41.284,40.218,519944000.0,0.0,41.425,2.161,2.141,548400000.0,-296237000.0,946762000.0,946762000.0,0.0,,,,,21683000.0,258403000.0,1.0,192586182.0,190844000.0,198614000.0,4.961,1627154000.0,205454000.0,45834000.0,0.0,8.526,326180000.0
79,DGX,MRQ,2001-12-31,2001-12-31,2001-12-31,2021-10-22,-3470000.0,2930555000.0,,876514000.0,2054041000.0,,7.078,-38803000.0,122332000.0,122332000.0,537574000.0,50938000.0,1.331,1.194,821741000.0,1404000.0,820337000.0,821741000.0,0.0,39727000.0,0.0,0.0,0.0,89684000.0,129411000.0,0.142,129411000.0,89684000.0,77129000.0,0.27,0.26,0.27,1335987000.0,,1335987000.0,7573094878.0,21.0,14.71,125720000.0,0.666,1.0,372866000.0,0.41,1379143000.0,12555000.0,1592198000.0,,49906000.0,0.0,0.0,0.0,1594568000.0,658623000.0,935945000.0,6853442878.0,-116547000.0,-97118000.0,8119000.0,-137863000.0,0.0,-137038000.0,-144032000.0,-9222000.0,164523000.0,0.0,50938000.0,50938000.0,50938000.0,0.0,0.0,0.056,263625000.0,109241000.0,657219000.0,0.0,5.13,42.226,41.213,508619000.0,0.0,35.855,1.889,1.839,508340000.0,-362926000.0,910440000.0,910440000.0,0.0,,,,,35468000.0,258356000.0,1.0,191143296.0,188752000.0,196942000.0,4.823,1551412000.0,210327000.0,26191000.0,0.0,8.219,217891000.0
80,DGX,MRQ,2001-09-30,2001-09-30,2001-09-30,2021-10-22,-3240000.0,2933470000.0,,988405000.0,1945065000.0,,6.655,-31751000.0,238879000.0,238879000.0,535564000.0,50122000.0,1.112,1.36,958531000.0,280618000.0,677913000.0,958531000.0,0.0,37097000.0,0.0,0.0,0.0,104696000.0,141793000.0,0.157,141793000.0,104696000.0,89886000.0,0.27,0.255,0.27,1242922000.0,,1242922000.0,6685693811.0,19.0,13.554,117894000.0,0.631,1.0,367625000.0,0.407,1282678000.0,14810000.0,1481779000.0,,46188000.0,0.0,0.0,0.0,1690548000.0,888665000.0,801883000.0,5845438811.0,64714000.0,0.0,7380000.0,-55995000.0,0.0,-52934000.0,-31997000.0,-316000.0,149645000.0,0.0,50122000.0,50122000.0,50122000.0,0.0,0.0,0.055,262490000.0,105135000.0,608047000.0,0.0,4.703,42.752,41.409,493197000.0,0.0,30.85,1.645,1.621,513637000.0,-413834000.0,903189000.0,903189000.0,0.0,,,,,22409000.0,251048000.0,1.0,189479378.0,186764000.0,196092000.0,4.836,1650792000.0,201198000.0,39764000.0,0.0,8.839,99740000.0
81,DGX,MRQ,2001-06-30,2001-06-30,2001-06-30,2021-10-22,-3599000.0,2898425000.0,,956660000.0,1941765000.0,,6.265,-34817000.0,174165000.0,174165000.0,549391000.0,25495000.0,1.075,1.499,1014420000.0,287747000.0,726673000.0,1014420000.0,0.0,36638000.0,0.0,0.0,0.0,84560000.0,121198000.0,0.13,121198000.0,84560000.0,64102000.0,0.14,0.13,0.14,1159873000.0,,1159873000.0,7936626966.0,24.0,16.945,76087000.0,0.411,1.0,382198000.0,0.41,1293469000.0,20458000.0,1555152000.0,,44456000.0,0.0,0.0,0.0,1738552000.0,890059000.0,848493000.0,7033845966.0,53435000.0,-8530000.0,7031000.0,-9091000.0,0.0,-27150000.0,-30319000.0,-7901000.0,110904000.0,0.0,25495000.0,25495000.0,25495000.0,0.0,0.0,0.027,274610000.0,107588000.0,602312000.0,0.0,6.064,60.995,58.937,486839000.0,0.0,37.425,2.009,1.979,520873000.0,-463927000.0,931589000.0,931589000.0,0.0,,,,,27779000.0,256474000.0,1.0,187945116.0,185132000.0,194608000.0,5.032,1604956000.0,217142000.0,38607000.0,0.0,8.669,66601000.0
82,DGX,MRQ,2001-03-31,2001-03-31,2001-03-31,2021-10-22,-9734000.0,2903235000.0,,952814000.0,1950421000.0,,5.981,-43615000.0,120730000.0,120730000.0,529065000.0,35748000.0,1.036,1.641,1023511000.0,265030000.0,758481000.0,1023511000.0,0.0,34265000.0,0.0,0.0,0.0,88172000.0,122437000.0,0.139,122437000.0,88172000.0,65472000.0,0.195,0.185,0.195,1099216000.0,,1099216000.0,5132753188.0,15.0,10.926,-2884000.0,-0.016,1.0,353488000.0,0.401,1297679000.0,22700000.0,1588318000.0,,45161000.0,0.0,0.0,0.0,1804019000.0,920019000.0,884000000.0,4105956188.0,-50747000.0,-47216000.0,3101000.0,-2601000.0,0.0,-1210000.0,-90268000.0,0.0,40731000.0,0.0,35748000.0,35748000.0,35748000.0,0.0,0.0,0.041,263902000.0,89586000.0,654989000.0,0.0,3.735,34.219,33.41,473064000.0,0.0,22.218,1.191,1.185,509272000.0,-489392000.0,882553000.0,882553000.0,0.0,,,,,6933000.0,252802000.0,1.0,184807300.0,183778000.0,193238000.0,4.802,1605556000.0,235990000.0,29724000.0,0.0,8.736,32795000.0
83,DGX,MRQ,2000-12-31,2000-12-31,2000-12-31,2021-10-22,-5458000.0,2864536000.0,,980689000.0,1883847000.0,,5.578,-48489000.0,171477000.0,171477000.0,502021000.0,25363000.0,1.027,1.779,1026113000.0,265408000.0,760705000.0,1026113000.0,0.0,33504000.0,0.0,0.0,0.0,74319000.0,107823000.0,0.129,107823000.0,74319000.0,50657000.0,0.14,0.13,0.14,1030795000.0,,1030795000.0,7587456150.0,24.0,17.032,74512000.0,0.403,1.0,334313000.0,0.4,1261603000.0,23662000.0,1502579000.0,,44274000.0,0.0,0.0,0.0,1833741000.0,954990000.0,878751000.0,6560659150.0,9691000.0,93150000.0,6020000.0,-162470000.0,0.0,-155722000.0,42412000.0,-3160000.0,123001000.0,0.0,25363000.0,25363000.0,25363000.0,0.0,0.0,0.03,257828000.0,76485000.0,689582000.0,0.0,6.365,64.287,62.281,449856000.0,0.0,35.5,1.918,1.918,485573000.0,-525111000.0,836334000.0,836334000.0,0.0,,,,,44137000.0,247543000.0,1.0,184807300.0,184807300.0,,4.525,1602933000.0,231105000.0,25294000.0,0.0,8.674,25699000.0
84,DGX,MRQ,2000-09-30,2000-09-30,2000-09-30,2021-10-22,-1934000.0,3006154000.0,,1049348000.0,1956806000.0,,5.479,-27259000.0,161786000.0,161786000.0,504742000.0,28712000.0,1.063,2.05,1188583000.0,282520000.0,906063000.0,1188583000.0,0.0,33428000.0,0.0,0.0,0.0,83482000.0,116910000.0,0.138,116910000.0,83482000.0,54019000.0,0.16,0.15,0.16,985637000.0,,985637000.0,6338371345.0,26.0,16.564,79218000.0,0.44,1.0,345494000.0,0.406,1368713000.0,29463000.0,1677062000.0,,43012000.0,0.0,0.0,0.0,2020517000.0,987176000.0,1033341000.0,5243369345.0,62359000.0,0.0,8326000.0,-5846000.0,0.0,-1657000.0,-42461000.0,-17169000.0,106477000.0,0.0,28712000.0,28712000.0,28712000.0,0.0,0.0,0.034,262705000.0,82789000.0,669774000.0,0.0,5.32,84.364,89.688,424081000.0,0.0,28.7,1.542,1.519,513391000.0,-550443000.0,850236000.0,850236000.0,0.0,,,,,8570000.0,251219000.0,1.0,182695796.0,179888000.0,191542000.0,4.726,1637441000.0,278427000.0,25307000.0,34882000.0,9.103,62172000.0
85,DGX,MRQ,2000-06-30,2000-06-30,2000-06-30,2021-10-22,-2930000.0,2936900000.0,,955694000.0,1981206000.0,,5.274,-23089000.0,99427000.0,99427000.0,520437000.0,30168000.0,1.335,2.123,1194429000.0,50048000.0,1144381000.0,1194429000.0,0.0,34179000.0,0.0,0.0,0.0,88417000.0,122596000.0,0.14,122596000.0,88417000.0,58213000.0,0.17,0.16,0.17,940317000.0,,940317000.0,4496952726.0,26.0,14.932,83731000.0,0.47,1.0,356676000.0,0.407,1413905000.0,30204000.0,1902158000.0,,47849000.0,0.0,0.0,0.0,1996583000.0,715839000.0,1280744000.0,3319811726.0,70940000.0,0.0,6470000.0,-11198000.0,0.0,-8391000.0,-27489000.0,-4481000.0,106820000.0,0.0,30168000.0,30168000.0,30168000.0,0.0,0.0,0.034,266900000.0,89776000.0,621254000.0,0.0,3.531,138.072,196.711,425043000.0,0.0,18.688,1.049,1.053,504952000.0,-579126000.0,877113000.0,877113000.0,0.0,,,,,5555000.0,252846000.0,1.0,177648788.0,178308000.0,187926000.0,4.919,1522995000.0,234008000.0,28045000.0,44537000.0,8.541,239855000.0
86,DGX,MRQ,2000-03-31,2000-03-31,2000-03-31,2021-10-22,-1441000.0,2838635000.0,,830424000.0,2008211000.0,,5.076,-17613000.0,28487000.0,28487000.0,529037000.0,17809000.0,1.334,2.168,1205628000.0,47729000.0,1157899000.0,1205628000.0,0.0,33185000.0,0.0,0.0,0.0,64959000.0,98144000.0,0.114,98144000.0,64959000.0,35196000.0,0.1,0.098,0.1,896030000.0,,896030000.0,2927421302.0,25.0,13.025,15544000.0,0.088,1.0,328442000.0,0.383,1425275000.0,29763000.0,1967968000.0,,49905000.0,0.0,0.0,0.0,1942605000.0,622533000.0,1320072000.0,1737828302.0,1203000.0,-925000.0,1331000.0,-11248000.0,0.0,-11477000.0,-20477000.0,-2605000.0,33157000.0,0.0,17809000.0,17809000.0,17809000.0,0.0,0.0,0.021,261775000.0,66667000.0,527971000.0,0.0,1.939,249.58,283.929,423283000.0,0.0,9.938,0.648,0.654,484225000.0,-609265000.0,857479000.0,857479000.0,0.0,,,,,3455000.0,249835000.0,1.0,174875804.0,176524000.0,182464000.0,4.858,1413360000.0,236564000.0,17387000.0,46833000.0,8.007,207891000.0
87,DGX,MRQ,1999-12-31,1999-12-31,1999-12-31,2021-10-22,-2450000.0,2878481000.0,,872661000.0,2005820000.0,,4.989,-28556000.0,27284000.0,27284000.0,520420000.0,-14537000.0,1.244,2.339,1216877000.0,45435000.0,1171442000.0,1216877000.0,0.0,33591000.0,0.0,0.0,0.0,11416000.0,45007000.0,0.055,45007000.0,11416000.0,-18642000.0,-0.11,-0.11,-0.11,862062000.0,,862062000.0,2550443665.0,35.0,15.501,34520000.0,0.2,1.0,294106000.0,0.361,1435882000.0,30058000.0,1930948000.0,,52302000.0,0.0,0.0,0.0,2016419000.0,701244000.0,1315175000.0,1320083665.0,-9515000.0,-9612000.0,2442000.0,-50772000.0,87000.0,-50148000.0,-22443000.0,-412000.0,63076000.0,0.0,-14537000.0,-14537000.0,-14537000.0,0.0,0.0,-0.018,284363000.0,9743000.0,655809000.0,0.0,1.531,-386.781,-305.6,427978000.0,0.0,7.64,0.599,0.599,539256000.0,-627045000.0,814526000.0,814526000.0,0.0,,,,,5927000.0,229601000.0,1.0,172785820.0,172785820.0,,4.714,1442599000.0,228982000.0,-4105000.0,0.0,8.349,171417000.0
88,DGX,MRQ,1999-09-30,1999-09-30,1999-09-30,2021-10-22,-145000.0,2826565000.0,,875011000.0,1951554000.0,,5.814,-21535000.0,36799000.0,36799000.0,386090000.0,-9396000.0,1.37,2.306,1267159000.0,36684000.0,1230475000.0,1267159000.0,0.0,24098000.0,0.0,0.0,0.0,11327000.0,35425000.0,0.058,35425000.0,11327000.0,-7698000.0,-0.065,-0.065,-0.065,855017000.0,,855017000.0,1042562914.0,13.0,6.796,112318000.0,0.764,1.0,228752000.0,0.372,1384690000.0,19025000.0,2033425000.0,,51376000.0,0.0,0.0,0.0,1971548000.0,638810000.0,1332738000.0,791197914.0,-111679000.0,-1025000000.0,996000.0,836571000.0,-87000.0,804062000.0,-1049594000.0,-3952000.0,133853000.0,0.0,-9396000.0,-9396000.0,-9396000.0,0.0,0.0,-0.015,214102000.0,14650000.0,575790000.0,0.0,0.925,48.059,42.484,445000000.0,0.0,6.5,0.451,0.545,553684000.0,-612477000.0,614842000.0,614842000.0,0.0,,,,,2389000.0,176008000.0,1.0,121722756.0,147072000.0,150464000.0,4.181,1441875000.0,175798000.0,1698000.0,26336000.0,9.804,236201000.0
89,DGX,MRQ,1999-06-30,1999-06-30,1999-06-30,2021-10-22,433000.0,1312807000.0,,527807000.0,785000000.0,,4.987,-13231000.0,148478000.0,148478000.0,236071000.0,13087000.0,1.684,1.2,399843000.0,61452000.0,338391000.0,399843000.0,0.0,16663000.0,0.0,0.0,0.0,29515000.0,46178000.0,0.117,46178000.0,29515000.0,24507000.0,0.11,0.107,0.11,596818000.0,,596818000.0,1086892867.0,12.0,6.984,15776000.0,0.132,1.0,157963000.0,0.401,482813000.0,5008000.0,768004000.0,,32923000.0,0.0,0.0,0.0,715989000.0,313355000.0,402634000.0,824456867.0,-5719000.0,0.0,760000.0,-16775000.0,0.0,-16801000.0,-17925000.0,-750000.0,29007000.0,0.0,13087000.0,13087000.0,13087000.0,0.0,0.0,0.033,126449000.0,31514000.0,239224000.0,0.0,1.381,25.829,25.541,243107000.0,0.0,6.845,0.55,0.546,238935000.0,-603051000.0,394034000.0,394034000.0,0.0,,,,,1281000.0,121230000.0,1.0,120446584.0,119680000.0,122916000.0,3.292,829994000.0,92521000.0,11420000.0,12679000.0,6.935,214452000.0
90,DGX,MRQ,1999-03-31,1999-03-31,1999-03-31,2021-10-22,-1719000.0,1318199000.0,,530639000.0,787560000.0,,4.848,-12707000.0,154197000.0,154197000.0,237408000.0,7433000.0,1.716,1.287,416633000.0,56446000.0,360187000.0,416633000.0,0.0,16483000.0,0.0,0.0,0.0,21437000.0,37920000.0,0.099,37920000.0,21437000.0,14078000.0,0.062,0.06,0.062,576287000.0,,576287000.0,930457754.0,11.0,6.045,10892000.0,0.092,1.0,144433000.0,0.378,489784000.0,7359000.0,781646000.0,,33042000.0,0.0,0.0,0.0,741912000.0,309205000.0,432707000.0,668495754.0,-48711000.0,0.0,-872000.0,-48216000.0,0.0,-54282000.0,-18028000.0,-4937000.0,23599000.0,0.0,7433000.0,7433000.0,7433000.0,0.0,0.0,0.019,121694000.0,22739000.0,243216000.0,0.0,1.16,24.145,23.873,241295000.0,0.0,5.562,0.454,0.449,243801000.0,-616110000.0,381841000.0,381841000.0,0.0,,,,,0.0,116600000.0,1.0,120179012.0,118864000.0,121120000.0,3.212,828415000.0,83820000.0,6645000.0,9543000.0,6.969,221434000.0
91,DGX,MRQ,1998-12-31,1998-12-31,1998-12-31,2021-10-22,-3038000.0,1360240000.0,,578187000.0,782053000.0,,4.746,-11642000.0,202908000.0,202908000.0,250083000.0,5339000.0,1.868,1.399,464870000.0,51444000.0,413426000.0,464870000.0,0.0,17146000.0,0.0,0.0,0.0,16744000.0,33890000.0,0.093,33890000.0,16744000.0,9889000.0,0.045,0.045,0.045,566930000.0,,566930000.0,821503509.0,9.0,5.262,25282000.0,0.212,1.0,113197000.0,0.312,494721000.0,6855000.0,818016000.0,,31164000.0,0.0,0.0,0.0,793310000.0,309465000.0,483845000.0,531908509.0,21912000.0,-948000.0,-663000.0,-5716000.0,88000.0,-3966000.0,-11046000.0,-1000000.0,36924000.0,0.0,5339000.0,5339000.0,5339000.0,0.0,0.0,0.015,91944000.0,21253000.0,242285000.0,0.0,0.938,19.785,19.789,240389000.0,0.0,4.452,0.365,0.365,220861000.0,-623514000.0,363280000.0,363280000.0,0.0,,,,,2113000.0,86523000.0,1.0,119462888.0,119462888.0,,3.041,865519000.0,107783000.0,4550000.0,15736000.0,7.245,268722000.0
92,DGX,MRQ,1998-09-30,1998-09-30,1998-09-30,2021-10-22,-2972000.0,1366165000.0,,561685000.0,804480000.0,,4.728,-8476000.0,180996000.0,180996000.0,210864000.0,6061000.0,1.852,1.434,470591000.0,47091000.0,423500000.0,470591000.0,0.0,17202000.0,0.0,0.0,0.0,20441000.0,37643000.0,0.104,37643000.0,20441000.0,12043000.0,0.05,0.05,0.05,561392000.0,,561392000.0,834037862.0,28.0,8.33,54796000.0,0.461,1.0,149849000.0,0.415,500891000.0,8398000.0,851506000.0,,29799000.0,0.0,0.0,0.0,804773000.0,303363000.0,501410000.0,497727862.0,28310000.0,0.0,-7330000.0,-18407000.0,-30000.0,-25767000.0,-9195000.0,-750000.0,63272000.0,0.0,6061000.0,6061000.0,6061000.0,0.0,0.0,0.017,128313000.0,21536000.0,243789000.0,0.0,0.887,-31.418,-28.846,241418000.0,0.0,4.125,0.341,0.335,253103000.0,-628823000.0,360713000.0,360713000.0,0.0,,,,,0.0,122783000.0,1.0,120661300.0,118744000.0,120876000.0,3.038,865274000.0,84778000.0,5982000.0,12483000.0,7.287,258322000.0
93,DGX,MRQ,1998-06-30,1998-06-30,1998-06-30,2021-10-22,-2209000.0,1364081000.0,,551095000.0,812986000.0,,4.706,-9445000.0,152686000.0,152686000.0,217806000.0,8854000.0,1.98,1.433,488996000.0,42656000.0,446340000.0,488996000.0,0.0,17176000.0,0.0,0.0,0.0,27295000.0,44471000.0,0.121,44471000.0,27295000.0,18259000.0,0.075,0.072,0.075,560615000.0,,560615000.0,995398217.0,38.0,10.139,3134000.0,0.026,1.0,148933000.0,0.406,505624000.0,9036000.0,916371000.0,,29221000.0,0.0,0.0,0.0,803466000.0,278396000.0,525070000.0,660931217.0,-19898000.0,0.0,-4849000.0,-17894000.0,-58000.0,-22772000.0,-9705000.0,-482000.0,12579000.0,0.0,8854000.0,8854000.0,8854000.0,0.0,0.0,0.024,121499000.0,27434000.0,226117000.0,0.0,1.179,-34.951,-32.56,244396000.0,0.0,5.47,0.448,0.442,269023000.0,-634854000.0,366739000.0,366739000.0,0.0,,,,,0.0,116133000.0,1.0,120828376.0,119132000.0,122316000.0,3.078,858457000.0,85862000.0,9405000.0,9623000.0,7.206,272699000.0
94,DGX,MRQ,1998-03-31,1998-03-31,1998-03-31,2021-10-22,-2059000.0,1403578000.0,,581618000.0,821960000.0,,4.644,-10012000.0,172584000.0,172584000.0,218040000.0,6631000.0,1.942,1.545,507051000.0,37654000.0,469397000.0,507051000.0,0.0,17321000.0,0.0,0.0,0.0,22784000.0,40105000.0,0.109,40105000.0,22784000.0,13670000.0,0.055,0.055,0.055,551459000.0,,551459000.0,859634662.0,33.0,8.61,18595000.0,0.157,1.0,149835000.0,0.407,508602000.0,9114000.0,929995000.0,,29958000.0,0.0,0.0,0.0,852119000.0,299448000.0,552671000.0,506486662.0,10923000.0,0.0,-45000.0,-7836000.0,0.0,-7910000.0,-9774000.0,0.0,28607000.0,0.0,6631000.0,6631000.0,6631000.0,0.0,0.0,0.018,125826000.0,24009000.0,248290000.0,0.0,0.918,-25.741,-24.292,247690000.0,0.0,4.202,0.336,0.331,274246000.0,-643679000.0,367875000.0,367875000.0,0.0,,,,,0.0,120446000.0,1.0,120520324.0,118752000.0,120028000.0,3.098,894976000.0,88108000.0,7039000.0,13504000.0,7.537,282170000.0
95,DGX,MRQ,1997-12-31,1997-12-31,1997-12-31,2021-10-22,-2515000.0,1400928000.0,,571884000.0,829044000.0,,4.522,-9257000.0,161661000.0,161661000.0,254864000.0,-37388000.0,1.938,1.591,514809000.0,32648000.0,482161000.0,514809000.0,0.0,18588000.0,0.0,0.0,0.0,-40686000.0,-22098000.0,-0.06,-22098000.0,-40686000.0,-50185000.0,-0.323,-0.323,-0.323,540660000.0,,540660000.0,895439154.0,41.0,9.106,29093000.0,0.243,1.0,110572000.0,0.303,513779000.0,9499000.0,945151000.0,,30360000.0,0.0,0.0,0.0,860268000.0,295146000.0,565122000.0,504575154.0,37152000.0,0.0,0.0,-1206000.0,69000.0,-1235000.0,37000.0,0.0,38350000.0,0.0,-37388000.0,-37388000.0,-37388000.0,0.0,0.0,-0.102,150069000.0,-39497000.0,244885000.0,0.0,0.933,-22.667,-21.865,250223000.0,0.0,4.22,0.33,0.33,269969000.0,-650281000.0,365436000.0,365436000.0,0.0,,,,,0.0,95534000.0,1.0,119567572.0,119567572.0,,3.056,887149000.0,120653000.0,-12797000.0,17613000.0,7.42,276738000.0
96,DGX,MRQ,1997-09-30,1997-09-30,1997-09-30,2021-10-22,-2429000.0,1421742000.0,,553435000.0,868307000.0,,4.836,-8606000.0,124509000.0,124509000.0,229164000.0,2993000.0,1.984,1.509,515373000.0,24408000.0,490965000.0,515373000.0,0.0,19049000.0,0.0,0.0,0.0,16651000.0,35700000.0,0.096,35700000.0,16651000.0,6266000.0,0.025,0.025,0.025,566622000.0,,566622000.0,943429003.0,-2.0,-2.998,48827000.0,0.417,1.0,144469000.0,0.387,535497000.0,10385000.0,998150000.0,,29235000.0,0.0,0.0,0.0,855120000.0,278959000.0,576161000.0,503521003.0,48675000.0,0.0,0.0,-150000.0,-29000.0,-179000.0,-8579000.0,0.0,57433000.0,0.0,2993000.0,2993000.0,2993000.0,0.0,0.0,0.008,125773000.0,18696000.0,232991000.0,0.0,0.889,-1.114,,267912000.0,0.0,4.235,0.325,0.321,293255000.0,-612863000.0,373633000.0,373633000.0,0.0,,,,,0.0,119691000.0,1.0,118895160.0,117172000.0,118900000.0,3.189,886245000.0,91597000.0,3273000.0,21560000.0,7.564,274476000.0
97,DGX,MRQ,1997-06-30,1997-06-30,1997-06-30,2021-10-22,-2856000.0,1397193000.0,,523470000.0,873723000.0,,4.821,-7025000.0,75834000.0,75834000.0,239593000.0,8088000.0,2.082,1.49,515742000.0,16535000.0,499207000.0,515742000.0,0.0,19197000.0,0.0,0.0,0.0,26943000.0,46140000.0,0.115,46140000.0,26943000.0,16444000.0,0.07,0.07,0.07,561212000.0,,561212000.0,1054257723.0,-2.0,-2.25,23459000.0,0.202,1.0,161930000.0,0.403,551813000.0,10499000.0,1033822000.0,,27921000.0,0.0,0.0,0.0,835981000.0,251466000.0,584515000.0,606432723.0,7920000.0,-16000000.0,0.0,-159000.0,-40000.0,-199000.0,-22365000.0,359000.0,30484000.0,0.0,8088000.0,8088000.0,8088000.0,0.0,0.0,0.02,133834000.0,28096000.0,210073000.0,0.0,1.081,-1.056,,273140000.0,0.0,5.14,0.384,0.379,310387000.0,-615827000.0,401523000.0,401523000.0,0.0,,,,,0.0,127854000.0,1.0,117983020.0,116408000.0,117988000.0,3.449,845380000.0,95402000.0,8356000.0,24858000.0,7.262,272004000.0
98,DGX,MRQ,1997-03-31,1997-03-31,1997-03-31,2021-10-22,-4600000.0,1385553000.0,,516511000.0,869042000.0,,4.732,-5948000.0,67914000.0,67914000.0,239314000.0,4047000.0,2.152,1.536,515739000.0,8827000.0,506912000.0,515739000.0,0.0,19563000.0,0.0,0.0,0.0,19030000.0,38593000.0,0.099,38593000.0,19030000.0,8417000.0,0.035,0.035,0.035,546435000.0,,546435000.0,930754410.0,-2.0,-1.836,44052000.0,0.381,1.0,148789000.0,0.383,540421000.0,10613000.0,1052900000.0,,28604000.0,0.0,0.0,0.0,839118000.0,240057000.0,599061000.0,436921410.0,25954000.0,0.0,0.0,-19852000.0,0.0,-19852000.0,-4194000.0,979000.0,50000000.0,0.0,4047000.0,4047000.0,4047000.0,0.0,0.0,0.01,130015000.0,18774000.0,214716000.0,0.0,0.8,-0.704,,279168000.0,0.0,3.72,0.273,0.268,313827000.0,-623886000.0,388103000.0,388103000.0,0.0,,,,,0.0,123973000.0,1.0,117451992.0,115480000.0,116552000.0,3.361,845132000.0,90209000.0,4370000.0,16514000.0,7.318,276454000.0
99,DGX,MRQ,1996-12-31,1996-12-31,1996-12-31,2021-10-22,-4829000.0,1395066000.0,,510965000.0,884101000.0,,4.587,-11594000.0,41960000.0,41960000.0,242066000.0,-467091000.0,2.049,1.59,535793000.0,20785000.0,515008000.0,535793000.0,0.0,23866000.0,0.0,0.0,0.0,-459022000.0,-435156000.0,-1.13,-435156000.0,-459022000.0,-474053000.0,,,,538719000.0,,538719000.0,,,,-142017000.0,-1.209,1.0,142940000.0,0.371,546457000.0,15031000.0,1093010000.0,,28524000.0,0.0,0.0,0.0,856347000.0,249432000.0,606915000.0,444262160.0,-6359000.0,0.0,0.0,15578000.0,0.0,134641000.0,-10577000.0,2313000.0,-130423000.0,0.0,-467091000.0,-467091000.0,-467091000.0,0.0,0.0,-1.213,600551000.0,-457611000.0,206701000.0,,0.825,-0.71,-0.697,287749000.0,0.0,3.783,0.275,0.275,328637000.0,-627892000.0,385006000.0,385006000.0,0.0,,,,,0.0,123884000.0,1.0,117451992.0,117451992.0,,3.278,848609000.0,118582000.0,-6962000.0,21946000.0,7.225,261533000.0
100,DGX,MRQ,1996-09-30,1996-09-30,1996-09-30,2021-10-22,,,,,,,,-11912000.0,,,255390000.0,-119436000.0,,,,,,,,25000000.0,,,0.0,-143123000.0,-118123000.0,-0.291,-118123000.0,-143123000.0,-162989000.0,,,,,,,,,,13324000.0,,1.0,149962000.0,0.37,,19866000.0,,,,,,,,,,,10714000.0,0.0,0.0,-6618000.0,0.0,-6618000.0,-7904000.0,2000.0,25236000.0,0.0,-119436000.0,-119436000.0,-119436000.0,0.0,0.0,-0.295,291248000.0,-141286000.0,,,,,,,0.0,,,,,,405352000.0,405352000.0,0.0,,,,,0.0,125190000.0,1.0,,,,,,,-43553000.0,,,
101,DGX,MRQ,1996-06-30,1996-06-30,1996-06-30,2021-10-22,,,,,,,,-26915000.0,,,266301000.0,-37922000.0,,,,,,,,25283000.0,,,0.0,-17639000.0,7644000.0,0.018,7644000.0,-17639000.0,-37518000.0,,,,,,,,,,-1222000.0,,1.0,158242000.0,0.373,,19879000.0,,,,,,,,,,,-7225000.0,0.0,0.0,-2296000.0,-1172000.0,-3468000.0,-29450000.0,-5733000.0,25693000.0,0.0,-37922000.0,-37922000.0,-37922000.0,0.0,0.0,-0.089,176860000.0,-18618000.0,,,,,,,0.0,,,,,,424543000.0,424543000.0,0.0,,,,,0.0,120205000.0,1.0,,,,,,,404000.0,,,
102,DGX,MRQ,1996-03-31,1996-03-31,1996-03-31,2021-10-22,,,,,,,,-19975000.0,,,,,,,,,,,,24949000.0,,,0.0,,,,,,,,,,,,,,,,-28967000.0,,1.0,,,,,,,,,,,,,,,8384000.0,0.0,0.0,33119000.0,0.0,33119000.0,-15743000.0,-1849000.0,-8992000.0,0.0,,,,,,,,,,,,,,,,,,,,,,,,,,,,0.0,,1.0,,,,,,,,,,
103,DGX,MRQ,1995-12-31,1995-12-31,1995-12-31,2021-10-22,1096000.0,1853385000.0,,502158000.0,1351227000.0,,,,36446000.0,36446000.0,,,1.666,5.266,1207714000.0,12148000.0,1195566000.0,1207714000.0,0.0,,0.0,,0.0,,,,,,,,,,295801000.0,,295801000.0,,,,,,1.0,,,1030633000.0,,1692602000.0,,26601000.0,0.0,0.0,0.0,1557584000.0,301418000.0,1256166000.0,,,,,,,,,,,,,,,,,,,,240525000.0,,,,,296116000.0,,,,,318252000.0,-3118000.0,,,,,,,,,,1.0,,,,,822752000.0,104907000.0,,39766000.0,,200740000.0
0,DGX,MRT,2021-09-30,2021-09-30,2021-09-30,2021-10-22,-13000000.0,13572000000.0,13597500000.0,2854000000.0,10718000000.0,0.812,51.967,-418000000.0,987000000.0,987000000.0,6594000000.0,2276000000.0,1.623,1.117,4650000000.0,149000000.0,4501000000.0,4650000000.0,0.0,400000000.0,0.0,0.016,2.36,3011000000.0,3411000000.0,0.309,3411000000.0,3011000000.0,2858000000.0,16.97,16.66,16.97,6392000000.0,6448750000.0,6392000000.0,21841086090.0,7.0,6.403,1875000000.0,15.244,1.0,4452000000.0,0.403,8209000000.0,153000000.0,7267000000.0,7449500000.0,205000000.0,124000000.0,0.0,124000000.0,7140000000.0,1759000000.0,5381000000.0,17754086090.0,-618000000.0,503000000.0,-2007000000.0,-554000000.0,-307000000.0,-2991000000.0,80000000.0,-5000000.0,2293000000.0,0.0,2184000000.0,2184000000.0,2184000000.0,0.0,92000000.0,0.198,1812000000.0,2640000000.0,1610000000.0,0.139,2.778,8.129,8.563,2230000000.0,0.0,145.31,1.607,1.618,1473000000.0,7333000000.0,11046000000.0,11046000000.0,0.0,0.161,0.339,0.404,0.273,94000000.0,1710000000.0,1.0,122180759.0,123000000.0,,89.805,5363000000.0,0.0,674000000.0,0.0,43.602,1095000000.0
1,DGX,MRT,2021-06-30,2021-06-30,2021-06-30,2021-10-22,-10000000.0,12861000000.0,13740250000.0,2146000000.0,10715000000.0,0.805,47.192,-420000000.0,560000000.0,560000000.0,6504000000.0,2340000000.0,1.384,1.173,4647000000.0,147000000.0,4500000000.0,4647000000.0,0.0,388000000.0,0.0,0.017,2.3,3102000000.0,3490000000.0,0.316,3490000000.0,3102000000.0,2945000000.0,17.06,16.78,17.06,5899000000.0,6450750000.0,5899000000.0,20671311245.0,7.0,5.923,2174000000.0,17.392,1.0,4554000000.0,0.412,8217000000.0,157000000.0,7180000000.0,7439250000.0,199000000.0,111000000.0,0.0,111000000.0,6921000000.0,1551000000.0,5370000000.0,17240311245.0,-428000000.0,-333000000.0,-2020000000.0,-554000000.0,-307000000.0,-3005000000.0,-17000000.0,736000000.0,2594000000.0,0.0,2247000000.0,2247000000.0,2247000000.0,0.0,93000000.0,0.203,1848000000.0,2706000000.0,1404000000.0,0.135,2.923,7.673,7.736,2211000000.0,0.0,131.97,1.559,1.492,1255000000.0,10246000000.0,11058000000.0,11058000000.0,0.0,0.164,0.348,0.417,0.281,105000000.0,1679000000.0,1.0,130638109.0,125000000.0,,88.464,4644000000.0,0.0,698000000.0,0.0,37.152,595000000.0
2,DGX,MRT,2021-03-31,2021-03-31,2021-03-31,2021-10-22,-31000000.0,13931000000.0,13772500000.0,2999000000.0,10932000000.0,0.75,50.714,-418000000.0,1230000000.0,1230000000.0,6160000000.0,1883000000.0,1.757,1.059,4661000000.0,148000000.0,4513000000.0,4661000000.0,0.0,377000000.0,0.0,0.017,2.24,2548000000.0,2925000000.0,0.283,2925000000.0,2548000000.0,2388000000.0,13.39,13.18,13.39,6745000000.0,6433750000.0,6745000000.0,20624584027.0,8.0,7.051,2071000000.0,15.571,1.0,4175000000.0,0.404,8011000000.0,160000000.0,7644000000.0,7485750000.0,223000000.0,527000000.0,0.0,527000000.0,7141000000.0,1707000000.0,5434000000.0,17127584027.0,888000000.0,-222000000.0,-534000000.0,-5000000.0,-301000000.0,-942000000.0,-659000000.0,-19000000.0,2489000000.0,0.0,1801000000.0,1801000000.0,1801000000.0,0.0,82000000.0,0.174,1719000000.0,2456000000.0,1559000000.0,0.167,2.539,9.51,9.585,2224000000.0,0.0,128.34,1.657,1.652,1382000000.0,9690000000.0,10335000000.0,10335000000.0,0.0,0.131,0.28,0.34,0.247,101000000.0,1610000000.0,1.0,133454761.0,133000000.0,,77.707,5920000000.0,0.0,587000000.0,0.0,44.511,1292000000.0
3,DGX,MRT,2020-12-31,2020-12-31,2020-12-31,2021-10-22,-21000000.0,14026000000.0,13302000000.0,3058000000.0,10968000000.0,0.709,50.154,-415000000.0,1158000000.0,1158000000.0,5804000000.0,1499000000.0,1.722,1.068,4655000000.0,143000000.0,4512000000.0,4655000000.0,0.0,361000000.0,0.0,0.019,2.21,2054000000.0,2415000000.0,0.256,2415000000.0,2054000000.0,1891000000.0,10.62,10.47,10.62,6759000000.0,6161750000.0,6759000000.0,19604062313.0,10.0,8.118,1590000000.0,11.798,1.0,3633000000.0,0.385,8040000000.0,163000000.0,7707000000.0,7408750000.0,223000000.0,521000000.0,0.0,521000000.0,7217000000.0,1776000000.0,5441000000.0,16060062313.0,-34000000.0,-330000000.0,-136000000.0,-805000000.0,-297000000.0,-1267000000.0,-772000000.0,-27000000.0,2005000000.0,0.0,1431000000.0,1431000000.0,1431000000.0,0.0,68000000.0,0.152,1662000000.0,1971000000.0,1633000000.0,0.208,2.376,11.223,11.221,2231000000.0,0.0,119.17,1.702,1.702,1520000000.0,9303000000.0,9437000000.0,9437000000.0,0.0,0.108,0.232,0.277,0.218,97000000.0,1550000000.0,1.0,134765984.0,134765984.0,,70.025,5986000000.0,0.0,460000000.0,0.0,44.418,1282000000.0
4,DGX,MRT,2020-09-30,2020-09-30,2020-09-30,2021-10-22,-42000000.0,14143000000.0,13006250000.0,3348000000.0,10795000000.0,0.643,47.407,-337000000.0,1605000000.0,1605000000.0,5335000000.0,1155000000.0,1.401,1.203,5149000000.0,703000000.0,4446000000.0,5149000000.0,0.0,345000000.0,0.0,0.019,2.18,1612000000.0,1957000000.0,0.234,1957000000.0,1612000000.0,1446000000.0,8.2,8.09,8.2,6400000000.0,5882250000.0,6400000000.0,19525308223.0,12.0,9.977,1475000000.0,10.926,1.0,3026000000.0,0.362,8072000000.0,166000000.0,7226000000.0,7294250000.0,205000000.0,480000000.0,0.0,480000000.0,7697000000.0,2389000000.0,5308000000.0,15376308223.0,1171000000.0,-331000000.0,-110000000.0,543000000.0,-293000000.0,63000000.0,-704000000.0,-36000000.0,1812000000.0,0.0,1105000000.0,1105000000.0,1105000000.0,0.0,50000000.0,0.132,1487000000.0,1539000000.0,1686000000.0,0.266,2.403,13.915,13.962,2079000000.0,0.0,114.49,1.839,1.849,1421000000.0,8800000000.0,8361000000.0,8361000000.0,0.0,0.085,0.188,0.221,0.193,75000000.0,1452000000.0,1.0,134302631.0,135000000.0,,61.933,6071000000.0,0.0,341000000.0,0.0,44.97,959000000.0
5,DGX,MRT,2020-06-30,2020-06-30,2020-06-30,2021-10-22,-55000000.0,12990000000.0,12475250000.0,2380000000.0,10610000000.0,0.604,43.515,-342000000.0,988000000.0,988000000.0,5019000000.0,790000000.0,1.291,1.219,5137000000.0,701000000.0,4436000000.0,5137000000.0,0.0,338000000.0,0.0,0.019,2.15,1146000000.0,1484000000.0,0.197,1484000000.0,1146000000.0,978000000.0,5.59,5.51,5.59,5831000000.0,5683500000.0,5831000000.0,19488078435.0,17.0,13.132,907000000.0,6.769,1.0,2512000000.0,0.334,7930000000.0,168000000.0,7366000000.0,7078750000.0,154000000.0,495000000.0,0.0,495000000.0,7109000000.0,1843000000.0,5266000000.0,15240078435.0,715000000.0,-230000000.0,-155000000.0,544000000.0,-289000000.0,86000000.0,-620000000.0,-48000000.0,1249000000.0,0.0,752000000.0,752000000.0,752000000.0,0.0,38000000.0,0.1,1378000000.0,1134000000.0,1142000000.0,0.385,2.614,20.266,20.386,2027000000.0,0.0,113.96,2.024,2.028,1126000000.0,8307000000.0,7531000000.0,7531000000.0,0.0,0.06,0.132,0.162,0.152,55000000.0,1418000000.0,1.0,133731822.0,134000000.0,,56.201,5060000000.0,0.0,226000000.0,0.0,37.761,537000000.0
6,DGX,MRT,2020-03-31,2020-03-31,2020-03-31,2021-10-22,-58000000.0,12049000000.0,12167750000.0,1560000000.0,10489000000.0,0.629,42.216,-345000000.0,342000000.0,342000000.0,5063000000.0,836000000.0,1.382,1.122,4590000000.0,148000000.0,4442000000.0,4590000000.0,0.0,330000000.0,0.0,0.026,2.12,1188000000.0,1518000000.0,0.198,1518000000.0,1188000000.0,1016000000.0,5.88,5.81,5.88,5657000000.0,5590500000.0,5657000000.0,14852441960.0,13.0,9.784,870000000.0,6.493,1.0,2594000000.0,0.339,7832000000.0,172000000.0,7336000000.0,6822500000.0,126000000.0,496000000.0,0.0,496000000.0,6346000000.0,1129000000.0,5217000000.0,10716441960.0,-122000000.0,-110000000.0,-196000000.0,-306000000.0,-285000000.0,-830000000.0,-507000000.0,-52000000.0,1215000000.0,0.0,793000000.0,793000000.0,793000000.0,-20000000.0,43000000.0,0.104,1436000000.0,1158000000.0,981000000.0,0.361,1.894,13.514,13.656,1973000000.0,0.0,80.3,1.4,1.405,972000000.0,8197000000.0,7657000000.0,7657000000.0,0.0,0.065,0.142,0.174,0.155,53000000.0,1420000000.0,1.0,133455068.0,134000000.0,,57.142,4217000000.0,0.0,223000000.0,0.0,31.47,431000000.0
7,DGX,MRT,2019-12-31,2019-12-31,2019-12-31,2021-10-22,-39000000.0,12843000000.0,12139750000.0,2490000000.0,10353000000.0,0.636,41.879,-309000000.0,1192000000.0,1192000000.0,5037000000.0,906000000.0,1.251,1.269,5328000000.0,949000000.0,4379000000.0,5328000000.0,0.0,329000000.0,0.0,0.02,2.12,1280000000.0,1609000000.0,0.208,1609000000.0,1280000000.0,1105000000.0,6.36,6.28,6.36,5641000000.0,5498750000.0,5641000000.0,18495301814.0,14.0,11.495,934000000.0,6.934,1.0,2689000000.0,0.348,7740000000.0,175000000.0,7249000000.0,6529250000.0,123000000.0,482000000.0,0.0,482000000.0,7156000000.0,1990000000.0,5166000000.0,14384301814.0,1057000000.0,-58000000.0,-234000000.0,832000000.0,-286000000.0,225000000.0,-411000000.0,-44000000.0,1243000000.0,0.0,858000000.0,858000000.0,858000000.0,-20000000.0,48000000.0,0.111,1458000000.0,1231000000.0,1041000000.0,0.333,2.55,16.765,16.791,1971000000.0,0.0,106.79,1.862,1.862,1063000000.0,8174000000.0,7726000000.0,7726000000.0,0.0,0.071,0.156,0.196,0.166,56000000.0,1457000000.0,1.0,134697086.0,134697086.0,,57.358,5103000000.0,0.0,247000000.0,0.0,37.885,500000000.0
8,DGX,MRT,2019-09-30,2019-09-30,2019-09-30,2021-10-22,-55000000.0,12019000000.0,11679750000.0,1779000000.0,10240000000.0,0.654,41.519,-377000000.0,434000000.0,434000000.0,5008000000.0,780000000.0,0.885,1.136,4545000000.0,952000000.0,3593000000.0,4545000000.0,0.0,328000000.0,0.0,0.02,2.09,1123000000.0,1451000000.0,0.19,1451000000.0,1123000000.0,947000000.0,5.41,5.34,5.41,5605000000.0,5392500000.0,5605000000.0,18675735452.0,17.0,12.871,813000000.0,6.022,1.0,2631000000.0,0.344,7755000000.0,176000000.0,6364000000.0,6093500000.0,112000000.0,474000000.0,0.0,474000000.0,6365000000.0,2011000000.0,4354000000.0,14413735452.0,171000000.0,-258000000.0,-223000000.0,195000000.0,-283000000.0,-362000000.0,-657000000.0,-22000000.0,1190000000.0,0.0,732000000.0,732000000.0,732000000.0,-20000000.0,48000000.0,0.096,1543000000.0,1088000000.0,1059000000.0,0.386,2.572,19.691,19.784,1859000000.0,0.0,107.03,1.887,1.891,1117000000.0,7992000000.0,7639000000.0,7639000000.0,0.0,0.063,0.136,0.184,0.147,52000000.0,1464000000.0,1.0,134670050.0,135000000.0,,56.585,4264000000.0,0.0,215000000.0,0.0,31.585,-232000000.0
9,DGX,MRT,2019-06-30,2019-06-30,2019-06-30,2021-10-22,-58000000.0,11760000000.0,11421500000.0,1566000000.0,10194000000.0,0.663,40.437,-362000000.0,273000000.0,273000000.0,4966000000.0,781000000.0,0.822,1.145,4535000000.0,953000000.0,3582000000.0,4535000000.0,0.0,323000000.0,0.0,0.02,2.06,1104000000.0,1427000000.0,0.188,1427000000.0,1104000000.0,931000000.0,5.38,5.31,5.38,5459000000.0,5320500000.0,5459000000.0,17993726997.0,16.0,12.609,931000000.0,6.896,1.0,2606000000.0,0.344,7777000000.0,173000000.0,6341000000.0,5856750000.0,105000000.0,458000000.0,0.0,458000000.0,6251000000.0,1904000000.0,4347000000.0,13680726997.0,141000000.0,-312000000.0,-281000000.0,193000000.0,-280000000.0,-479000000.0,-673000000.0,1000000.0,1293000000.0,0.0,730000000.0,730000000.0,730000000.0,-20000000.0,51000000.0,0.096,1527000000.0,1079000000.0,951000000.0,0.383,2.506,18.741,18.924,1818000000.0,0.0,101.81,1.807,1.815,1088000000.0,7849000000.0,7572000000.0,7572000000.0,0.0,0.064,0.137,0.189,0.146,59000000.0,1456000000.0,1.0,134375081.0,135000000.0,,56.089,3983000000.0,0.0,201000000.0,0.0,29.504,-338000000.0
10,DGX,MRT,2019-03-31,2019-03-31,2019-03-31,2021-10-22,-55000000.0,11937000000.0,11168250000.0,1778000000.0,10159000000.0,0.675,39.478,-355000000.0,464000000.0,464000000.0,4944000000.0,775000000.0,0.779,1.247,4777000000.0,1253000000.0,3524000000.0,4777000000.0,0.0,319000000.0,0.0,0.023,2.03,1073000000.0,1392000000.0,0.185,1392000000.0,1073000000.0,903000000.0,5.31,5.22,5.31,5290000000.0,5261500000.0,5290000000.0,15830818179.0,15.0,11.373,940000000.0,7.015,1.0,2594000000.0,0.344,7805000000.0,170000000.0,6163000000.0,5643000000.0,98000000.0,454000000.0,0.0,454000000.0,6596000000.0,2282000000.0,4314000000.0,12072818179.0,340000000.0,-347000000.0,-240000000.0,358000000.0,-277000000.0,-248000000.0,-707000000.0,-5000000.0,1295000000.0,0.0,723000000.0,723000000.0,723000000.0,0.0,52000000.0,0.096,1517000000.0,1077000000.0,1029000000.0,0.382,2.282,16.698,16.934,1774000000.0,0.0,89.92,1.602,1.598,1079000000.0,7694000000.0,7538000000.0,7538000000.0,0.0,0.065,0.137,0.19,0.142,59000000.0,1445000000.0,1.0,134261768.0,134000000.0,,56.254,4132000000.0,0.0,180000000.0,0.0,30.836,-504000000.0
11,DGX,MRT,2018-12-31,2018-12-31,2018-12-31,2021-10-22,-59000000.0,11003000000.0,10857750000.0,1390000000.0,9613000000.0,0.694,38.333,-381000000.0,135000000.0,135000000.0,4926000000.0,788000000.0,0.936,1.1,3893000000.0,464000000.0,3429000000.0,3893000000.0,0.0,309000000.0,0.0,0.023,1.95,1085000000.0,1394000000.0,0.185,1394000000.0,1085000000.0,918000000.0,5.39,5.29,5.39,5216000000.0,5196500000.0,5216000000.0,14765724183.0,14.0,10.592,819000000.0,6.019,1.0,2605000000.0,0.346,7770000000.0,167000000.0,5506000000.0,5539000000.0,99000000.0,436000000.0,0.0,436000000.0,5736000000.0,1485000000.0,4251000000.0,11330724183.0,-2000000.0,-421000000.0,-223000000.0,124000000.0,-266000000.0,-401000000.0,-801000000.0,1000000.0,1200000000.0,0.0,736000000.0,736000000.0,736000000.0,0.0,52000000.0,0.098,1504000000.0,1101000000.0,1021000000.0,0.362,2.172,15.395,15.449,1288000000.0,0.0,83.27,1.505,1.505,1012000000.0,7602000000.0,7531000000.0,7531000000.0,0.0,0.068,0.142,0.196,0.144,61000000.0,1424000000.0,1.0,136072105.0,136072105.0,,55.346,3233000000.0,0.0,182000000.0,0.0,23.759,-95000000.0
12,DGX,MRT,2018-09-30,2018-09-30,2018-09-30,2021-10-22,-58000000.0,10986000000.0,10732750000.0,1603000000.0,9383000000.0,0.704,39.096,-313000000.0,263000000.0,263000000.0,4885000000.0,916000000.0,1.154,1.057,3698000000.0,304000000.0,3394000000.0,3698000000.0,0.0,301000000.0,0.0,0.018,1.9,1145000000.0,1446000000.0,0.191,1446000000.0,1145000000.0,982000000.0,6.32,6.19,6.32,5317000000.0,5122750000.0,5317000000.0,18328701223.0,16.0,12.675,915000000.0,6.728,1.0,2672000000.0,0.354,7615000000.0,163000000.0,5417000000.0,5572250000.0,95000000.0,456000000.0,0.0,456000000.0,5621000000.0,1389000000.0,4232000000.0,14747701223.0,-87000000.0,-500000000.0,-165000000.0,-7000000.0,-259000000.0,-494000000.0,-821000000.0,-8000000.0,1228000000.0,0.0,863000000.0,863000000.0,863000000.0,0.0,53000000.0,0.114,1522000000.0,1150000000.0,1085000000.0,0.301,2.774,17.089,17.074,1194000000.0,0.0,107.91,1.952,1.942,1097000000.0,7546000000.0,7557000000.0,7557000000.0,0.0,0.08,0.168,0.205,0.152,78000000.0,1450000000.0,1.0,136666678.0,136000000.0,,55.566,3371000000.0,0.0,119000000.0,0.0,24.787,214000000.0
13,DGX,MRT,2018-06-30,2018-06-30,2018-06-30,2021-10-22,-57000000.0,10747000000.0,10596000000.0,1415000000.0,9332000000.0,0.71,38.404,-295000000.0,132000000.0,132000000.0,4853000000.0,864000000.0,1.121,1.05,3713000000.0,305000000.0,3408000000.0,3713000000.0,0.0,293000000.0,0.0,0.017,1.85,1134000000.0,1427000000.0,0.19,1427000000.0,1134000000.0,974000000.0,5.94,5.81,5.94,5223000000.0,4992000000.0,5223000000.0,18666743078.0,16.0,13.081,893000000.0,6.566,1.0,2671000000.0,0.355,7580000000.0,160000000.0,5486000000.0,5620000000.0,91000000.0,456000000.0,0.0,456000000.0,5484000000.0,1262000000.0,4222000000.0,14931743078.0,-182000000.0,-633000000.0,-111000000.0,-7000000.0,-252000000.0,-427000000.0,-943000000.0,-15000000.0,1188000000.0,0.0,811000000.0,811000000.0,811000000.0,0.0,53000000.0,0.108,1527000000.0,1144000000.0,957000000.0,0.311,2.859,18.412,18.508,1168000000.0,0.0,109.94,1.985,1.987,1055000000.0,7401000000.0,7524000000.0,7524000000.0,0.0,0.077,0.162,0.202,0.151,76000000.0,1444000000.0,1.0,135817201.0,136000000.0,,55.324,3167000000.0,0.0,163000000.0,0.0,23.287,153000000.0
14,DGX,MRT,2018-03-31,2018-03-31,2018-03-31,2021-10-22,-41000000.0,10695000000.0,10452000000.0,1371000000.0,9324000000.0,0.715,36.985,-282000000.0,124000000.0,124000000.0,4780000000.0,838000000.0,1.227,1.119,3859000000.0,141000000.0,3718000000.0,3859000000.0,0.0,282000000.0,0.0,0.018,1.8,1156000000.0,1438000000.0,0.193,1438000000.0,1156000000.0,1000000000.0,5.74,5.61,5.74,5030000000.0,4860500000.0,5030000000.0,17251476556.0,15.0,11.997,877000000.0,6.449,1.0,2689000000.0,0.36,7566000000.0,156000000.0,5747000000.0,5660500000.0,94000000.0,474000000.0,0.0,474000000.0,5629000000.0,1117000000.0,4512000000.0,13604476556.0,-243000000.0,-709000000.0,-247000000.0,128000000.0,-246000000.0,-415000000.0,-987000000.0,4000000.0,1159000000.0,0.0,785000000.0,785000000.0,785000000.0,0.0,53000000.0,0.105,1531000000.0,1158000000.0,976000000.0,0.314,2.705,17.331,17.474,1156000000.0,0.0,100.3,1.821,1.826,1026000000.0,7249000000.0,7469000000.0,7469000000.0,0.0,0.075,0.162,0.204,0.155,81000000.0,1451000000.0,1.0,135637852.0,136000000.0,,54.919,3129000000.0,0.0,215000000.0,0.0,23.007,254000000.0
15,DGX,MRT,2017-12-31,2017-12-31,2017-12-31,2021-10-22,-48000000.0,10503000000.0,10305500000.0,1306000000.0,9197000000.0,0.718,36.104,-251000000.0,137000000.0,137000000.0,4719000000.0,824000000.0,1.236,1.127,3784000000.0,36000000.0,3748000000.0,3784000000.0,0.0,270000000.0,0.0,0.018,1.8,1164000000.0,1434000000.0,0.194,1434000000.0,1164000000.0,1013000000.0,5.63,5.5,5.63,4921000000.0,4760500000.0,4921000000.0,16838132043.0,14.0,11.742,924000000.0,6.779,1.0,2683000000.0,0.362,7454000000.0,151000000.0,5639000000.0,5612250000.0,95000000.0,462000000.0,0.0,462000000.0,5548000000.0,1057000000.0,4491000000.0,13424132043.0,-247000000.0,-580000000.0,-335000000.0,23000000.0,-247000000.0,-592000000.0,-830000000.0,1000000.0,1175000000.0,0.0,772000000.0,772000000.0,772000000.0,0.0,52000000.0,0.104,1518000000.0,1165000000.0,1021000000.0,0.32,2.728,17.389,17.494,1145000000.0,0.0,98.49,1.814,1.814,924000000.0,7138000000.0,7402000000.0,7402000000.0,0.0,0.075,0.162,0.207,0.157,79000000.0,1443000000.0,1.0,136299442.0,136299442.0,,54.307,3049000000.0,0.0,241000000.0,0.0,22.37,249000000.0
16,DGX,MRT,2017-09-30,2017-09-30,2017-09-30,2021-10-22,-48000000.0,10439000000.0,10204750000.0,1544000000.0,8895000000.0,0.695,34.993,-298000000.0,350000000.0,350000000.0,4685000000.0,724000000.0,1.468,1.17,3764000000.0,5000000.0,3759000000.0,3764000000.0,0.0,260000000.0,0.0,0.014,1.35,1169000000.0,1429000000.0,0.201,1429000000.0,1169000000.0,1021000000.0,4.89,4.77,4.89,4794000000.0,4687250000.0,4794000000.0,16196011301.0,14.0,11.334,905000000.0,6.606,1.0,2412000000.0,0.34,7193000000.0,148000000.0,5608000000.0,5588750000.0,100000000.0,459000000.0,0.0,459000000.0,5611000000.0,1052000000.0,4559000000.0,12773011301.0,-56000000.0,-274000000.0,-365000000.0,-54000000.0,-241000000.0,-713000000.0,-546000000.0,16000000.0,1203000000.0,0.0,673000000.0,673000000.0,673000000.0,0.0,51000000.0,0.095,1240000000.0,1172000000.0,1047000000.0,0.276,2.664,18.979,19.149,1097000000.0,0.0,93.64,1.8,1.808,960000000.0,6946000000.0,7097000000.0,7097000000.0,0.0,0.066,0.144,0.209,0.165,71000000.0,1160000000.0,1.0,136405503.0,137000000.0,,51.803,3246000000.0,0.0,348000000.0,0.0,23.693,492000000.0
17,DGX,MRT,2017-06-30,2017-06-30,2017-06-30,2021-10-22,-60000000.0,10171000000.0,10138250000.0,1500000000.0,8671000000.0,0.703,34.285,-296000000.0,314000000.0,314000000.0,4652000000.0,754000000.0,1.636,1.158,3737000000.0,5000000.0,3732000000.0,3737000000.0,0.0,254000000.0,0.0,0.015,1.7,1202000000.0,1456000000.0,0.204,1456000000.0,1202000000.0,1055000000.0,5.08,4.96,5.08,4697000000.0,4654500000.0,4697000000.0,18573524914.0,15.0,12.757,846000000.0,6.175,1.0,2474000000.0,0.347,7029000000.0,147000000.0,5648000000.0,5579500000.0,83000000.0,451000000.0,0.0,451000000.0,5438000000.0,917000000.0,4521000000.0,15209524914.0,31000000.0,-96000000.0,-368000000.0,-54000000.0,-236000000.0,-740000000.0,-371000000.0,11000000.0,1142000000.0,0.0,704000000.0,704000000.0,704000000.0,0.0,50000000.0,0.099,1278000000.0,1196000000.0,912000000.0,0.335,3.238,21.604,21.882,1045000000.0,0.0,111.16,2.134,2.137,947000000.0,6847000000.0,7126000000.0,7126000000.0,0.0,0.069,0.151,0.215,0.169,70000000.0,1221000000.0,1.0,136825521.0,137000000.0,,52.015,3142000000.0,0.0,351000000.0,0.0,22.934,583000000.0
18,DGX,MRT,2017-03-31,2017-03-31,2017-03-31,2021-10-22,-68000000.0,10109000000.0,10122750000.0,1558000000.0,8551000000.0,0.708,33.796,-288000000.0,367000000.0,367000000.0,4637000000.0,756000000.0,1.582,1.176,3731000000.0,6000000.0,3725000000.0,3731000000.0,0.0,249000000.0,0.0,0.017,1.65,1289000000.0,1538000000.0,0.215,1538000000.0,1289000000.0,1146000000.0,5.06,4.96,5.06,4630000000.0,4614500000.0,4630000000.0,16875661150.0,13.0,10.972,871000000.0,6.358,1.0,2531000000.0,0.353,6934000000.0,143000000.0,5554000000.0,5560250000.0,77000000.0,443000000.0,0.0,443000000.0,5446000000.0,985000000.0,4461000000.0,13500661150.0,239000000.0,290000000.0,-513000000.0,-116000000.0,-230000000.0,-936000000.0,16000000.0,4000000.0,1159000000.0,0.0,706000000.0,706000000.0,706000000.0,0.0,50000000.0,0.098,1232000000.0,1299000000.0,979000000.0,0.326,2.916,19.123,19.405,1027000000.0,0.0,98.19,1.883,1.877,960000000.0,6715000000.0,7168000000.0,7168000000.0,0.0,0.07,0.153,0.232,0.18,68000000.0,1293000000.0,1.0,137495276.0,137000000.0,,52.321,3175000000.0,0.0,440000000.0,0.0,23.175,573000000.0
19,DGX,MRT,2016-12-31,2016-12-31,2016-12-31,2021-10-22,-72000000.0,10100000000.0,10119750000.0,1531000000.0,8569000000.0,0.713,33.381,-293000000.0,359000000.0,359000000.0,4616000000.0,696000000.0,1.561,1.175,3734000000.0,6000000.0,3728000000.0,3734000000.0,0.0,249000000.0,0.0,0.017,1.58,1217000000.0,1466000000.0,0.203,1466000000.0,1217000000.0,1074000000.0,4.58,4.51,4.58,4628000000.0,4616000000.0,4628000000.0,16157011864.0,13.0,11.021,823000000.0,5.936,1.0,2598000000.0,0.36,6949000000.0,143000000.0,5545000000.0,5615000000.0,82000000.0,443000000.0,0.0,443000000.0,5440000000.0,981000000.0,4459000000.0,12741011864.0,251000000.0,156000000.0,-517000000.0,98000000.0,-223000000.0,-738000000.0,-127000000.0,0.0,1116000000.0,0.0,645000000.0,645000000.0,645000000.0,0.0,51000000.0,0.089,1321000000.0,1277000000.0,975000000.0,0.345,2.753,19.754,20.066,1029000000.0,0.0,91.9,1.766,1.766,926000000.0,6613000000.0,7214000000.0,7214000000.0,0.0,0.064,0.14,0.217,0.169,69000000.0,1380000000.0,1.0,138639955.0,138639955.0,,52.034,3151000000.0,0.0,429000000.0,0.0,22.728,550000000.0
20,DGX,MRT,2016-09-30,2016-09-30,2016-09-30,2021-10-22,-61000000.0,10173000000.0,10085250000.0,1642000000.0,8531000000.0,0.744,33.547,-259000000.0,406000000.0,406000000.0,4606000000.0,729000000.0,1.57,1.175,3822000000.0,7000000.0,3815000000.0,3822000000.0,0.0,260000000.0,0.0,0.023,1.96,1180000000.0,1440000000.0,0.192,1440000000.0,1180000000.0,1037000000.0,4.78,4.71,4.78,4663000000.0,4630000000.0,4663000000.0,15324001686.0,13.0,10.642,778000000.0,5.597,1.0,2897000000.0,0.386,6972000000.0,143000000.0,5571000000.0,5583250000.0,82000000.0,452000000.0,0.0,452000000.0,5479000000.0,1046000000.0,4433000000.0,11765001686.0,283000000.0,105000000.0,-425000000.0,84000000.0,-222000000.0,-584000000.0,-170000000.0,-17000000.0,1037000000.0,0.0,678000000.0,678000000.0,678000000.0,0.0,51000000.0,0.09,1657000000.0,1240000000.0,1039000000.0,0.41,2.523,17.353,17.705,952000000.0,0.0,84.63,1.568,1.568,966000000.0,6520000000.0,7503000000.0,7503000000.0,0.0,0.067,0.146,0.211,0.157,65000000.0,1710000000.0,1.0,139016917.0,139000000.0,,53.978,3201000000.0,0.0,359000000.0,0.0,23.029,596000000.0
21,DGX,MRT,2016-06-30,2016-06-30,2016-06-30,2021-10-22,-56000000.0,10109000000.0,10060500000.0,1510000000.0,8599000000.0,0.745,32.407,-250000000.0,283000000.0,283000000.0,4611000000.0,878000000.0,1.359,1.221,3842000000.0,7000000.0,3835000000.0,3842000000.0,0.0,274000000.0,0.0,0.019,1.54,1472000000.0,1746000000.0,0.233,1746000000.0,1472000000.0,1331000000.0,5.78,5.72,5.78,4537000000.0,4611500000.0,4537000000.0,15286029187.0,10.0,8.755,698000000.0,4.986,1.0,2887000000.0,0.385,6986000000.0,141000000.0,5571000000.0,5603000000.0,80000000.0,453000000.0,0.0,453000000.0,5540000000.0,1111000000.0,4429000000.0,11516029187.0,133000000.0,79000000.0,-422000000.0,57000000.0,-220000000.0,-603000000.0,-212000000.0,-42000000.0,948000000.0,0.0,828000000.0,828000000.0,828000000.0,0.0,50000000.0,0.11,1338000000.0,1549000000.0,1104000000.0,0.266,2.538,13.908,14.085,937000000.0,0.0,81.41,1.536,1.52,975000000.0,6384000000.0,7498000000.0,7498000000.0,0.0,0.082,0.18,0.263,0.196,61000000.0,1703000000.0,1.0,141457182.0,140000000.0,,53.557,3123000000.0,0.0,503000000.0,0.0,22.307,399000000.0
22,DGX,MRT,2016-03-31,2016-03-31,2016-03-31,2021-10-22,-40000000.0,10097000000.0,9963250000.0,1493000000.0,8604000000.0,0.754,32.42,-254000000.0,128000000.0,128000000.0,4638000000.0,798000000.0,1.37,1.171,3898000000.0,158000000.0,3740000000.0,3898000000.0,0.0,288000000.0,0.0,0.021,1.52,1293000000.0,1581000000.0,0.21,1581000000.0,1293000000.0,1149000000.0,5.22,5.16,5.22,4636000000.0,4555750000.0,4636000000.0,13718100827.0,11.0,8.677,668000000.0,4.671,1.0,2879000000.0,0.383,7004000000.0,144000000.0,5773000000.0,5474000000.0,82000000.0,471000000.0,0.0,471000000.0,5431000000.0,1090000000.0,4341000000.0,10200100827.0,-846000000.0,-202000000.0,-197000000.0,-821000000.0,-219000000.0,-1271000000.0,-497000000.0,-42000000.0,922000000.0,0.0,751000000.0,751000000.0,751000000.0,0.0,47000000.0,0.1,1451000000.0,1428000000.0,932000000.0,0.291,2.2,13.582,13.688,925000000.0,0.0,71.45,1.357,1.359,952000000.0,6244000000.0,7517000000.0,7517000000.0,0.0,0.075,0.165,0.236,0.172,60000000.0,1702000000.0,1.0,142758584.0,143000000.0,,52.566,3093000000.0,0.0,398000000.0,0.0,21.629,403000000.0
23,DGX,MRT,2015-12-31,2015-12-31,2015-12-31,2021-10-22,-38000000.0,9962000000.0,10092250000.0,1501000000.0,8461000000.0,0.742,32.675,-263000000.0,133000000.0,133000000.0,4657000000.0,753000000.0,1.28,1.121,3651000000.0,159000000.0,3492000000.0,3651000000.0,0.0,304000000.0,0.0,0.021,1.47,1235000000.0,1539000000.0,0.205,1539000000.0,1235000000.0,1082000000.0,4.92,4.87,4.92,4684000000.0,4457500000.0,4684000000.0,13805898014.0,11.0,8.971,558000000.0,3.893,1.0,2836000000.0,0.378,6889000000.0,153000000.0,5418000000.0,5344250000.0,84000000.0,473000000.0,0.0,473000000.0,5249000000.0,1173000000.0,4076000000.0,10197898014.0,-59000000.0,-67000000.0,-164000000.0,-84000000.0,-212000000.0,-518000000.0,-362000000.0,-33000000.0,821000000.0,0.0,709000000.0,709000000.0,709000000.0,0.0,44000000.0,0.095,1437000000.0,1399000000.0,1014000000.0,0.299,2.177,14.383,14.459,925000000.0,0.0,71.14,1.361,1.361,901000000.0,6199000000.0,7493000000.0,7493000000.0,0.0,0.07,0.159,0.231,0.165,52000000.0,1679000000.0,1.0,143349705.0,143349705.0,,52.271,3073000000.0,0.0,373000000.0,0.0,21.437,328000000.0
24,DGX,MRT,2015-09-30,2015-09-30,2015-09-30,2021-10-22,-31000000.0,10074000000.0,10066000000.0,1648000000.0,8426000000.0,0.748,31.868,-258000000.0,123000000.0,123000000.0,4691000000.0,753000000.0,1.455,1.188,3731000000.0,160000000.0,3571000000.0,3731000000.0,0.0,309000000.0,0.0,0.023,1.42,1257000000.0,1566000000.0,0.208,1566000000.0,1257000000.0,1098000000.0,4.92,4.88,4.92,4589000000.0,4361750000.0,4589000000.0,12410202787.0,10.0,7.925,600000000.0,4.167,1.0,2836000000.0,0.377,6899000000.0,159000000.0,5650000000.0,5138500000.0,86000000.0,478000000.0,0.0,478000000.0,5453000000.0,1133000000.0,4320000000.0,8824202787.0,-47000000.0,-44000000.0,-143000000.0,-137000000.0,-206000000.0,-577000000.0,-328000000.0,-27000000.0,858000000.0,0.0,711000000.0,711000000.0,711000000.0,-5000000.0,42000000.0,0.094,1419000000.0,1417000000.0,973000000.0,0.289,1.923,12.411,12.494,886000000.0,0.0,61.47,1.172,1.176,914000000.0,6066000000.0,7527000000.0,7527000000.0,0.0,0.071,0.163,0.245,0.167,52000000.0,1677000000.0,1.0,143552998.0,144000000.0,,52.271,3175000000.0,165000000.0,387000000.0,0.0,22.049,515000000.0
25,DGX,MRT,2015-06-30,2015-06-30,2015-06-30,2021-10-22,-25000000.0,9720000000.0,9997750000.0,1530000000.0,8190000000.0,0.755,29.958,-308000000.0,150000000.0,150000000.0,4707000000.0,538000000.0,1.232,1.246,3736000000.0,168000000.0,3568000000.0,3736000000.0,0.0,311000000.0,0.0,0.019,1.37,893000000.0,1204000000.0,0.159,1204000000.0,893000000.0,728000000.0,3.44,3.41,3.44,4314000000.0,4260000000.0,4314000000.0,14173504113.0,16.0,11.772,609000000.0,4.229,1.0,2844000000.0,0.377,7009000000.0,165000000.0,5055000000.0,5022000000.0,109000000.0,0.0,0.0,0.0,5376000000.0,1242000000.0,4134000000.0,10416504113.0,6000000.0,-11000000.0,-121000000.0,-200000000.0,-199000000.0,-604000000.0,-307000000.0,1000000.0,917000000.0,0.0,498000000.0,498000000.0,498000000.0,-5000000.0,40000000.0,0.066,1802000000.0,1042000000.0,1074000000.0,0.398,2.415,20.917,21.081,906000000.0,0.0,72.52,1.379,1.383,937000000.0,5793000000.0,7551000000.0,7551000000.0,0.0,0.05,0.117,0.178,0.118,53000000.0,1721000000.0,1.0,143636295.0,144000000.0,,52.438,2711000000.0,161000000.0,230000000.0,0.0,18.826,288000000.0
26,DGX,MRT,2015-03-31,2015-03-31,2015-03-31,2021-10-22,-30000000.0,10613000000.0,10007000000.0,2375000000.0,8238000000.0,0.752,29.465,-296000000.0,974000000.0,974000000.0,4699000000.0,551000000.0,1.137,1.495,4731000000.0,1043000000.0,3688000000.0,4731000000.0,0.0,317000000.0,0.0,0.017,1.32,922000000.0,1239000000.0,0.165,1239000000.0,922000000.0,752000000.0,3.54,3.52,3.54,4243000000.0,4204500000.0,4243000000.0,14660323559.0,16.0,11.832,616000000.0,4.278,1.0,2829000000.0,0.376,7027000000.0,170000000.0,5254000000.0,5051250000.0,106000000.0,0.0,0.0,0.0,6342000000.0,2089000000.0,4253000000.0,11090323559.0,830000000.0,-161000000.0,-109000000.0,730000000.0,-192000000.0,362000000.0,-444000000.0,2000000.0,912000000.0,0.0,513000000.0,513000000.0,513000000.0,-5000000.0,38000000.0,0.068,1826000000.0,1003000000.0,1046000000.0,0.373,2.614,21.619,21.709,902000000.0,0.0,76.85,1.473,1.47,949000000.0,5729000000.0,7528000000.0,7528000000.0,0.0,0.051,0.122,0.183,0.122,49000000.0,1732000000.0,1.0,144311302.0,144000000.0,,52.278,3586000000.0,158000000.0,239000000.0,0.0,24.903,286000000.0
27,DGX,MRT,2014-12-31,2014-12-31,2014-12-31,2021-10-22,-27000000.0,9857000000.0,9741250000.0,1603000000.0,8254000000.0,0.763,29.758,-308000000.0,192000000.0,192000000.0,4637000000.0,592000000.0,0.938,1.285,3742000000.0,518000000.0,3224000000.0,3742000000.0,0.0,314000000.0,0.0,0.019,1.29,982000000.0,1296000000.0,0.174,1296000000.0,982000000.0,818000000.0,3.83,3.81,3.83,4301000000.0,4141750000.0,4301000000.0,13386466403.0,14.0,10.329,636000000.0,4.4,1.0,2798000000.0,0.376,7103000000.0,164000000.0,4595000000.0,5028500000.0,110000000.0,46000000.0,0.0,46000000.0,5527000000.0,1709000000.0,3818000000.0,9692466403.0,5000000.0,-728000000.0,-54000000.0,371000000.0,-187000000.0,86000000.0,-1025000000.0,0.0,944000000.0,0.0,556000000.0,556000000.0,556000000.0,-5000000.0,36000000.0,0.075,1815000000.0,983000000.0,1191000000.0,0.337,2.254,17.432,17.509,933000000.0,0.0,67.06,1.304,1.304,932000000.0,5723000000.0,7435000000.0,7435000000.0,0.0,0.057,0.134,0.195,0.132,51000000.0,1728000000.0,1.0,144534244.0,144534244.0,,51.441,2754000000.0,169000000.0,262000000.0,0.0,19.054,-106000000.0
28,DGX,MRT,2014-09-30,2014-09-30,2014-09-30,2021-10-22,-15000000.0,9801000000.0,9514000000.0,1563000000.0,8238000000.0,0.768,28.841,-295000000.0,170000000.0,170000000.0,4504000000.0,543000000.0,1.313,1.337,3864000000.0,132000000.0,3732000000.0,3864000000.0,0.0,307000000.0,0.0,0.016,0.96,991000000.0,1298000000.0,0.178,1298000000.0,991000000.0,830000000.0,3.52,3.5,3.52,4182000000.0,4053500000.0,4182000000.0,12577082964.0,13.0,9.69,550000000.0,3.793,1.0,2804000000.0,0.384,7121000000.0,161000000.0,5184000000.0,4983750000.0,111000000.0,0.0,0.0,0.0,5591000000.0,1190000000.0,4401000000.0,8763082964.0,12000000.0,-758000000.0,-30000000.0,450000000.0,-183000000.0,206000000.0,-1039000000.0,2000000.0,845000000.0,0.0,509000000.0,509000000.0,509000000.0,35000000.0,34000000.0,0.07,1808000000.0,996000000.0,1058000000.0,0.273,2.095,17.216,17.239,888000000.0,0.0,60.68,1.199,1.204,953000000.0,5581000000.0,7308000000.0,7308000000.0,0.0,0.054,0.126,0.199,0.136,41000000.0,1716000000.0,1.0,144414683.0,145000000.0,,50.4,2680000000.0,165000000.0,321000000.0,0.0,18.483,373000000.0
29,DGX,MRT,2014-06-30,2014-06-30,2014-06-30,2021-10-22,-8000000.0,9757000000.0,9295634750.0,1505000000.0,8252000000.0,0.774,28.417,-243000000.0,144000000.0,144000000.0,4415000000.0,818000000.0,1.196,1.378,3958000000.0,220000000.0,3738000000.0,3958000000.0,0.0,297000000.0,0.0,0.016,0.93,1429000000.0,1726000000.0,0.24,1726000000.0,1429000000.0,1269000000.0,5.33,5.3,5.33,4092000000.0,3968670250.0,4092000000.0,12282842022.0,9.0,7.116,518000000.0,3.597,1.0,2777000000.0,0.386,7141000000.0,160000000.0,5172000000.0,4778867000.0,109000000.0,0.0,0.0,0.0,5638000000.0,1258000000.0,4380000000.0,8479842022.0,-4000000.0,-726000000.0,-477000000.0,412000000.0,-181000000.0,-271000000.0,-494000000.0,-1000000.0,761000000.0,0.0,785000000.0,785000000.0,785000000.0,33000000.0,33000000.0,0.109,1822000000.0,955000000.0,1038000000.0,0.174,2.072,10.802,11.011,884000000.0,0.0,58.69,1.179,1.175,963000000.0,5500000000.0,7192000000.0,7192000000.0,0.0,0.084,0.198,0.299,0.199,35000000.0,1693000000.0,1.0,144485296.0,144000000.0,,49.944,2616000000.0,164000000.0,484000000.0,0.0,18.167,247000000.0
30,DGX,MRT,2014-03-31,2014-03-31,2014-03-31,2021-10-22,-11000000.0,9550000000.0,9115431000.0,1488000000.0,8062000000.0,0.779,27.722,-250000000.0,144000000.0,144000000.0,4335000000.0,850000000.0,1.248,1.385,3947000000.0,223000000.0,3724000000.0,3947000000.0,0.0,288000000.0,0.0,0.016,0.9,1467000000.0,1755000000.0,0.247,1755000000.0,1467000000.0,1309000000.0,5.48,5.45,5.48,3992000000.0,3923659250.0,3992000000.0,11503269954.0,8.0,6.555,439000000.0,3.049,1.0,2770000000.0,0.39,6998000000.0,158000000.0,5163000000.0,4610429750.0,99000000.0,0.0,0.0,0.0,5530000000.0,1192000000.0,4338000000.0,8358269954.0,-16000000.0,-394000000.0,-871000000.0,542000000.0,-180000000.0,-537000000.0,-168000000.0,0.0,689000000.0,0.0,817000000.0,817000000.0,817000000.0,20000000.0,33000000.0,0.115,1788000000.0,982000000.0,969000000.0,0.164,2.094,10.23,10.569,851000000.0,0.0,57.92,1.176,1.174,977000000.0,5415000000.0,7105000000.0,7105000000.0,0.0,0.09,0.208,0.318,0.206,32000000.0,1671000000.0,1.0,144307147.0,144000000.0,,49.34,2552000000.0,153000000.0,492000000.0,0.0,17.722,296000000.0
31,DGX,MRT,2013-12-31,2013-12-31,2013-12-31,2021-10-22,-8000000.0,8948000000.0,9054472000.0,1383000000.0,7565000000.0,0.789,27.148,-231000000.0,187000000.0,187000000.0,4326000000.0,883000000.0,1.222,1.26,3332000000.0,212000000.0,3120000000.0,3332000000.0,0.0,283000000.0,0.0,0.022,1.2,1508000000.0,1791000000.0,0.251,1791000000.0,1508000000.0,1349000000.0,5.58,5.54,5.58,3948000000.0,3975646500.0,3948000000.0,10994790064.0,7.0,6.139,421000000.0,2.895,1.0,2820000000.0,0.395,6545000000.0,159000000.0,4416000000.0,4528685500.0,91000000.0,0.0,0.0,0.0,4975000000.0,1132000000.0,3843000000.0,7786159064.0,-126000000.0,83000000.0,-899000000.0,-4000000.0,-185000000.0,-1106000000.0,328000000.0,0.0,652000000.0,0.0,849000000.0,849000000.0,849000000.0,0.0,34000000.0,0.119,1819000000.0,1001000000.0,920000000.0,0.215,1.972,9.171,9.595,805000000.0,0.0,53.54,1.09,1.09,852000000.0,5358000000.0,7146000000.0,7146000000.0,0.0,0.094,0.214,0.333,0.211,24000000.0,1704000000.0,1.0,145426953.0,145426953.0,,49.138,2403000000.0,148000000.0,500000000.0,0.0,16.524,251000000.0
32,DGX,MRT,2013-09-30,2013-09-30,2013-09-30,2021-10-22,-7988000.0,8927539000.0,9138472000.0,1425648000.0,7501891000.0,0.784,25.618,-214682000.0,158280000.0,158280000.0,4347895000.0,797474000.0,1.151,1.316,3366911000.0,244703000.0,3122208000.0,3366911000.0,0.0,282700000.0,0.0,0.019,1.2,1417168000.0,1699868000.0,0.237,1699868000.0,1417168000.0,1256829000.0,4.98,4.95,4.98,3842681000.0,4029396500.0,3842681000.0,12733068888.0,9.0,7.491,607563000.0,4.05,1.0,2816308000.0,0.393,6532707000.0,160339000.0,4364468000.0,4648685500.0,85187000.0,0.0,0.0,0.0,5055944000.0,1238995000.0,3816949000.0,9385045888.0,-33884000.0,115574000.0,-927949000.0,-113964000.0,-167966000.0,-1247119000.0,390990000.0,98000.0,822245000.0,0.0,762095000.0,762095000.0,762095000.0,-15000000.0,35379000.0,0.106,1820099000.0,996209000.0,994292000.0,0.241,2.442,12.315,12.408,749355000.0,0.0,61.79,1.31,1.294,920833000.0,5259665000.0,7164203000.0,7164203000.0,0.0,0.083,0.189,0.305,0.198,27723000.0,1709809000.0,1.0,151886161.0,150000000.0,,47.761,2394832000.0,152831000.0,494734000.0,0.0,15.966,186653000.0
33,DGX,MRT,2013-06-30,2013-06-30,2013-06-30,2021-10-22,-12769000.0,9036185000.0,9236267500.0,1469699000.0,7566486000.0,0.779,25.568,-209592000.0,148342000.0,148342000.0,4339912000.0,555012000.0,1.139,1.303,3496365000.0,374764000.0,3121601000.0,3496365000.0,0.0,284971000.0,0.0,0.018,1.07,1035037000.0,1320008000.0,0.183,1320008000.0,1035037000.0,873889000.0,3.3,3.28,3.3,3911956000.0,4111540750.0,3911956000.0,12848923068.0,12.0,9.734,820274000.0,5.361,1.0,2858039000.0,0.397,6595266000.0,161148000.0,4498251000.0,4744315750.0,89442000.0,0.0,0.0,0.0,5097619000.0,1290691000.0,3806928000.0,9581323068.0,-25856000.0,85568000.0,-477579000.0,-276354000.0,-149019000.0,-950263000.0,-105459000.0,2565000.0,1029866000.0,0.0,520177000.0,520177000.0,520177000.0,-13000000.0,34835000.0,0.072,1772210000.0,1085829000.0,915927000.0,0.324,2.449,18.419,18.373,751814000.0,0.0,60.63,1.331,1.289,946753000.0,4898331000.0,7197951000.0,7197951000.0,0.0,0.056,0.127,0.218,0.144,29751000.0,1703663000.0,1.0,158029409.0,153000000.0,,47.045,2440919000.0,158786000.0,353712000.0,0.0,15.954,179008000.0
34,DGX,MRT,2013-03-31,2013-03-31,2013-03-31,2021-10-22,10095000.0,9306164000.0,9325433000.0,1457166000.0,7848998000.0,0.779,26.582,-201002000.0,133603000.0,133603000.0,4347836000.0,567485000.0,1.206,1.209,3401203000.0,254420000.0,3146783000.0,3401203000.0,0.0,284826000.0,0.0,0.017,0.94,1068218000.0,1353044000.0,0.186,1353044000.0,1068218000.0,905320000.0,3.35,3.32,3.35,4199949000.0,4132352750.0,4199949000.0,12001083973.0,11.0,8.87,871731000.0,5.517,1.0,2913467000.0,0.401,6529525000.0,162898000.0,4836023000.0,4839310500.0,89817000.0,0.0,0.0,0.0,5078811000.0,1208216000.0,3870595000.0,8933092973.0,14447000.0,-90444000.0,-100399000.0,-507688000.0,-129100000.0,-784529000.0,-273757000.0,1689000.0,1072733000.0,0.0,532882000.0,532882000.0,532882000.0,0.0,34603000.0,0.073,1783286000.0,1130181000.0,935018000.0,0.281,2.127,16.764,16.854,753936000.0,0.0,56.461,1.23,1.229,929966000.0,4778602000.0,7261303000.0,7261303000.0,0.0,0.057,0.129,0.221,0.147,33230000.0,1709748000.0,1.0,158217052.0,158000000.0,,45.958,2776639000.0,158676000.0,372438000.0,0.0,17.574,248950000.0
35,DGX,MRT,2012-12-31,2012-12-31,2012-12-31,2021-10-22,14000000.0,9284000000.0,9361753000.0,1561000000.0,7723000000.0,0.789,26.188,-182000000.0,296000000.0,296000000.0,4365000000.0,592000000.0,1.49,1.225,3364000000.0,10000000.0,3354000000.0,3364000000.0,0.0,287000000.0,0.0,0.012,0.68,1123000000.0,1410000000.0,0.191,1410000000.0,1123000000.0,958000000.0,3.49,3.46,3.49,4163000000.0,4049688750.0,4163000000.0,12601647236.0,11.0,8.937,1005000000.0,6.322,1.0,3018000000.0,0.409,6408000000.0,165000000.0,4896000000.0,4836200250.0,93000000.0,0.0,0.0,0.0,5098000000.0,1048000000.0,4050000000.0,9263041236.0,148000000.0,-51000000.0,-38000000.0,-654000000.0,-108000000.0,-822000000.0,-217000000.0,0.0,1187000000.0,0.0,556000000.0,556000000.0,556000000.0,0.0,36000000.0,0.075,1817000000.0,1201000000.0,1016000000.0,0.195,2.225,16.66,16.696,756000000.0,0.0,58.27,1.255,1.255,867000000.0,4690000000.0,7383000000.0,7383000000.0,0.0,0.059,0.137,0.232,0.152,46000000.0,1745000000.0,1.0,158967586.0,158967586.0,,46.443,2876000000.0,174000000.0,402000000.0,0.0,18.092,513000000.0
36,DGX,MRT,2012-09-30,2012-09-30,2012-09-30,2021-10-22,13968000.0,9318721000.0,9369097750.0,1472265000.0,7846456000.0,0.787,26.27,-165439000.0,191770000.0,191770000.0,4337139000.0,725768000.0,1.375,1.228,3530376000.0,154649000.0,3375727000.0,3530376000.0,0.0,286869000.0,0.0,0.012,0.78,1275670000.0,1562539000.0,0.212,1562539000.0,1275670000.0,1108927000.0,4.34,4.29,4.34,4171258000.0,3932156750.0,4171258000.0,13718519979.0,11.0,8.78,978588000.0,6.163,1.0,3032475000.0,0.411,6839698000.0,166743000.0,4746989000.0,4807418750.0,94511000.0,0.0,0.0,0.0,5121140000.0,1070640000.0,4050500000.0,10069574979.0,81360000.0,-51056000.0,-23060000.0,-691303000.0,-97204000.0,-846735000.0,-215932000.0,-2437000.0,1144027000.0,0.0,689775000.0,689775000.0,689775000.0,0.0,35993000.0,0.094,1779551000.0,1252924000.0,915991000.0,0.18,2.414,14.598,14.615,782812000.0,0.0,63.43,1.366,1.367,930732000.0,4682265000.0,7369614000.0,7369614000.0,0.0,0.074,0.175,0.265,0.173,61063000.0,1709949000.0,1.0,158750985.0,158783000.0,,46.413,2479023000.0,169006000.0,419152000.0,0.0,15.613,401625000.0
37,DGX,MRT,2012-06-30,2012-06-30,2012-06-30,2021-10-22,-8369000.0,9392847000.0,9371035250.0,1477175000.0,7915672000.0,0.795,25.21,-159784000.0,173742000.0,173742000.0,4372696000.0,736123000.0,1.115,1.345,3822687000.0,444497000.0,3378190000.0,3822687000.0,0.0,288945000.0,0.0,0.01,0.61,1284183000.0,1573128000.0,0.211,1573128000.0,1284183000.0,1114841000.0,4.4,4.35,4.4,3995204000.0,3769938750.0,3995204000.0,13277331403.0,10.0,8.44,927267000.0,5.851,1.0,3081575000.0,0.413,6838844000.0,169342000.0,4878230000.0,4821804500.0,90098000.0,0.0,0.0,0.0,5371712000.0,1324718000.0,4046994000.0,9503157403.0,-10061000.0,-213188000.0,-69636000.0,-560189000.0,-86051000.0,-731537000.0,-365575000.0,4397000.0,1087051000.0,0.0,698541000.0,698541000.0,698541000.0,0.0,37582000.0,0.094,1811218000.0,1270357000.0,880221000.0,0.139,2.379,13.604,13.614,788626000.0,0.0,59.9,1.275,1.273,941469000.0,4546307000.0,7454271000.0,7454271000.0,0.0,0.075,0.185,0.266,0.172,67843000.0,1739690000.0,1.0,158650374.0,158477000.0,,47.037,2554003000.0,163457000.0,416300000.0,0.0,16.116,152457000.0
38,DGX,MRT,2012-03-31,2012-03-31,2012-03-31,2021-10-22,10560000.0,9451444000.0,9380621250.0,1518604000.0,7932840000.0,0.797,24.444,-152007000.0,145439000.0,145439000.0,4375166000.0,721177000.0,0.996,1.436,3919613000.0,554356000.0,3365257000.0,3919613000.0,0.0,289809000.0,0.0,0.009,0.54,1266488000.0,1556297000.0,0.208,1556297000.0,1266488000.0,1092315000.0,4.31,4.26,4.31,3869293000.0,3628425250.0,3869293000.0,13542335431.0,11.0,8.702,743680000.0,4.698,1.0,3103954000.0,0.415,6876588000.0,174173000.0,4823582000.0,4772767500.0,88262000.0,0.0,0.0,0.0,5555387000.0,1525448000.0,4029939000.0,9682304431.0,-848388000.0,-1349556000.0,-2388000.0,-364750000.0,-74764000.0,-458585000.0,-1285490000.0,213073000.0,895687000.0,0.0,683979000.0,683979000.0,683979000.0,0.0,37198000.0,0.091,1850095000.0,1253859000.0,971092000.0,0.125,2.502,14.156,14.188,781427000.0,0.0,61.15,1.295,1.294,973888000.0,4395647000.0,7479120000.0,7479120000.0,0.0,0.073,0.189,0.265,0.169,70505000.0,1778394000.0,1.0,158336949.0,158293000.0,,47.249,2574856000.0,171815000.0,408336000.0,0.0,16.266,-6844000.0
39,DGX,MRT,2011-12-31,2011-12-31,2011-12-31,2021-10-22,-8067000.0,9313379000.0,9323942500.0,1401260000.0,7912119000.0,0.793,23.408,-161000000.0,164886000.0,164886000.0,4363000000.0,506000000.0,0.898,1.516,4024917000.0,654395000.0,3370522000.0,4024917000.0,0.0,281000000.0,0.0,0.007,0.4,996000000.0,1277000000.0,0.173,1277000000.0,996000000.0,826000000.0,2.95,2.92,2.95,3692872000.0,3464749500.0,3692872000.0,13252432720.0,13.0,10.378,734000000.0,4.653,1.0,3029000000.0,0.41,6831377000.0,170000000.0,4780874000.0,4760251500.0,89132000.0,0.0,0.0,0.0,5598380000.0,1561159000.0,4037221000.0,9159500720.0,-284000000.0,-1299000000.0,-798000000.0,979000000.0,-65000000.0,64000000.0,-1243000000.0,214000000.0,895000000.0,0.0,471000000.0,471000000.0,471000000.0,0.0,35000000.0,0.064,2042000000.0,987000000.0,906764000.0,0.136,2.48,19.447,19.681,799771000.0,0.0,58.06,1.239,1.239,906455000.0,4263599000.0,7392000000.0,7392000000.0,0.0,0.051,0.136,0.209,0.135,68000000.0,1743000000.0,1.0,157759227.0,157759227.0,,46.856,2482002000.0,153328000.0,355000000.0,0.0,15.733,-159899000.0
40,DGX,MRT,2011-09-30,2011-09-30,2011-09-30,2021-10-22,-5444000.0,9326471000.0,9127505250.0,1396277000.0,7930194000.0,0.805,22.32,-186988000.0,110825000.0,110825000.0,4356692000.0,480990000.0,0.792,1.641,4203757000.0,835910000.0,3367847000.0,4203757000.0,0.0,272951000.0,0.0,0.006,0.3,962059000.0,1235010000.0,0.168,1235010000.0,962059000.0,799196000.0,2.74,2.72,2.74,3522386000.0,3549901500.0,3522386000.0,11956399916.0,12.0,9.681,710329000.0,4.501,1.0,2989726000.0,0.407,6850799000.0,162863000.0,4804532000.0,4554001500.0,84954000.0,0.0,0.0,0.0,5781507000.0,1764072000.0,4017435000.0,7813011916.0,-258436000.0,-1298518000.0,-773243000.0,996354000.0,-65934000.0,122981000.0,-1278734000.0,206772000.0,897317000.0,0.0,446886000.0,446886000.0,446886000.0,0.0,34104000.0,0.061,2037599000.0,952127000.0,928162000.0,0.109,2.218,17.483,18.015,806043000.0,0.0,49.36,1.064,1.06,936259000.0,4101066000.0,7346418000.0,7346418000.0,0.0,0.049,0.126,0.211,0.131,54239000.0,1739377000.0,1.0,158286303.0,157816000.0,,46.551,2475672000.0,166907000.0,352310000.0,0.0,15.687,-367795000.0
41,DGX,MRT,2011-06-30,2011-06-30,2011-06-30,2021-10-22,34043000.0,9431191000.0,8910722000.0,1477955000.0,7953236000.0,0.82,21.758,-195176000.0,184218000.0,184218000.0,4331583000.0,506853000.0,0.741,1.744,4327606000.0,994675000.0,3332931000.0,4327606000.0,0.0,263741000.0,0.0,0.008,0.5,982854000.0,1246595000.0,0.171,1246595000.0,982854000.0,827199000.0,2.8,2.78,2.8,3429150000.0,3633646250.0,3429150000.0,12528942206.0,13.0,10.051,694570000.0,4.407,1.0,2973085000.0,0.407,6899140000.0,155655000.0,4682082000.0,4403554000.0,87967000.0,0.0,0.0,0.0,5980595000.0,1993357000.0,3987238000.0,9299303206.0,-263670000.0,-1136380000.0,-1053651000.0,1156539000.0,-67821000.0,-20984000.0,-1132432000.0,199124000.0,889746000.0,0.0,473113000.0,473113000.0,473113000.0,0.0,33740000.0,0.065,2006144000.0,966941000.0,998682000.0,0.179,2.712,19.656,21.107,820593000.0,0.0,59.1,1.273,1.275,929372000.0,3945037000.0,7304668000.0,7304668000.0,0.0,0.053,0.13,0.223,0.135,54878000.0,1719344000.0,1.0,157348616.0,157607000.0,,46.347,2532051000.0,166739000.0,354086000.0,0.0,16.066,-515402000.0
42,DGX,MRT,2011-03-31,2011-03-31,2011-03-31,2021-10-22,32209000.0,9224729000.0,8673372250.0,2299985000.0,6924744000.0,0.839,19.906,-204628000.0,994242000.0,994242000.0,4306160000.0,539202000.0,1.302,1.862,4223881000.0,629238000.0,3594643000.0,4223881000.0,0.0,253996000.0,0.0,0.007,0.4,1024001000.0,1277997000.0,0.176,1277997000.0,1024001000.0,878560000.0,2.85,2.83,2.85,3214590000.0,3757441750.0,3214590000.0,12420457357.0,12.0,9.719,834784000.0,5.169,1.0,2970034000.0,0.408,5914286000.0,145441000.0,4773518000.0,4313129250.0,71741000.0,0.0,0.0,0.0,5986725000.0,1766564000.0,4220161000.0,9879602357.0,531003000.0,0.0,-1251705000.0,1072646000.0,-70085000.0,-293740000.0,-214669000.0,-10041000.0,1039412000.0,0.0,504585000.0,504585000.0,504585000.0,0.0,34617000.0,0.069,1954053000.0,1015981000.0,1137326000.0,0.14,3.073,19.58,20.253,821526000.0,0.0,57.72,1.358,1.281,940358000.0,3797796000.0,7276194000.0,7276194000.0,0.0,0.058,0.134,0.237,0.141,55708000.0,1675967000.0,1.0,171164282.0,161489000.0,,45.057,3310443000.0,182255000.0,373975000.0,0.0,20.499,533421000.0
43,DGX,MRT,2010-12-31,2010-12-31,2010-12-31,2021-10-22,10626000.0,8527630000.0,8496242250.0,1605417000.0,6922213000.0,0.855,23.67,-205400000.0,449301000.0,449301000.0,4275535000.0,757017000.0,1.322,1.109,2990156000.0,348996000.0,2641160000.0,2990156000.0,0.0,253964000.0,0.0,0.007,0.4,1294488000.0,1548452000.0,0.213,1548452000.0,1294488000.0,1151021000.0,4.08,4.05,4.08,4033480000.0,3929837750.0,4033480000.0,11994954561.0,9.0,7.746,912647000.0,5.356,1.0,2984585000.0,0.411,5898343000.0,143467000.0,3955874000.0,4167739250.0,76572000.0,0.0,0.0,0.0,4473505000.0,1214268000.0,3259237000.0,9196752561.0,-84955000.0,0.0,-701465000.0,-169491000.0,-71321000.0,-986492000.0,-216510000.0,-11110000.0,1118047000.0,0.0,720894000.0,720894000.0,720894000.0,0.0,36123000.0,0.099,1701002000.0,1283583000.0,865272000.0,0.098,2.28,12.757,13.228,834376000.0,0.0,53.97,1.267,1.267,845299000.0,3867420000.0,7260120000.0,7260120000.0,0.0,0.085,0.183,0.311,0.178,53043000.0,1658842000.0,1.0,170404902.0,170404902.0,,42.605,2629287000.0,142470000.0,430127000.0,0.0,15.43,391149000.0
44,DGX,MRT,2010-09-30,2010-09-30,2010-09-30,2021-10-22,6276000.0,8459338000.0,8505245500.0,1552714000.0,6906624000.0,0.869,22.267,-186186000.0,369261000.0,369261000.0,4307048000.0,773347000.0,1.352,1.187,3167463000.0,331526000.0,2835937000.0,3167463000.0,0.0,253469000.0,0.0,0.008,0.4,1315535000.0,1569004000.0,0.212,1569004000.0,1315535000.0,1172264000.0,4.11,4.06,4.11,3857365000.0,3918877500.0,3857365000.0,11641054086.0,9.0,7.419,952591000.0,5.499,1.0,3086110000.0,0.417,5906466000.0,143271000.0,4202742000.0,4221237000.0,73188000.0,0.0,0.0,0.0,4578633000.0,1148332000.0,3430301000.0,8943975086.0,122228000.0,-1692000.0,-818669000.0,132215000.0,-72739000.0,-821004000.0,-195545000.0,-7667000.0,1138777000.0,0.0,736728000.0,736728000.0,736728000.0,0.0,36619000.0,0.1,1754394000.0,1331716000.0,816806000.0,0.097,2.319,12.14,12.28,812371000.0,0.0,50.47,1.21,1.183,884094000.0,3718829000.0,7393158000.0,7393158000.0,0.0,0.087,0.188,0.312,0.178,64397000.0,1709699000.0,1.0,177213693.0,173229000.0,,42.679,2552872000.0,131069000.0,435536000.0,0.0,14.737,404382000.0
45,DGX,MRT,2010-06-30,2010-06-30,2010-06-30,2021-10-22,-48230000.0,8481792000.0,8481842250.0,1631344000.0,6850448000.0,0.875,21.933,-179780000.0,447888000.0,447888000.0,4313118000.0,767226000.0,1.639,1.156,3144967000.0,171128000.0,2973839000.0,3144967000.0,0.0,252947000.0,0.0,0.008,0.4,1328787000.0,1581734000.0,0.213,1581734000.0,1328787000.0,1188651000.0,4.0,3.95,4.0,3924332000.0,3932727750.0,3924332000.0,11607012815.0,9.0,7.338,1002466000.0,5.603,1.0,3112531000.0,0.419,5862985000.0,140136000.0,4320383000.0,4217807500.0,78432000.0,0.0,0.0,0.0,4534904000.0,995503000.0,3539401000.0,8955058815.0,328594000.0,-6243000.0,-565695000.0,26685000.0,-73562000.0,-659780000.0,-193872000.0,-7849000.0,1182246000.0,0.0,730872000.0,730872000.0,730872000.0,0.0,36354000.0,0.098,1769402000.0,1343129000.0,824375000.0,0.1,2.282,12.253,12.443,804190000.0,0.0,49.77,1.206,1.199,869643000.0,3537858000.0,7425649000.0,7425649000.0,0.0,0.086,0.186,0.315,0.179,66714000.0,1724706000.0,1.0,179928849.0,178920000.0,,41.503,2618807000.0,133403000.0,457779000.0,0.0,14.637,635841000.0
46,DGX,MRT,2010-03-31,2010-03-31,2010-03-31,2021-10-22,-22634000.0,8516209000.0,8414253000.0,1645248000.0,6870961000.0,0.886,21.663,-167081000.0,463239000.0,463239000.0,4334359000.0,761719000.0,1.528,1.175,3115193000.0,170404000.0,2944789000.0,3115193000.0,0.0,255160000.0,0.0,0.007,0.4,1320735000.0,1575895000.0,0.211,1575895000.0,1320735000.0,1180120000.0,3.93,3.88,3.93,3904174000.0,3886930750.0,3904174000.0,13002133699.0,10.0,8.251,796789000.0,4.421,1.0,3118381000.0,0.418,5899707000.0,140615000.0,4191958000.0,4203815250.0,79462000.0,0.0,0.0,0.0,4586994000.0,1076498000.0,3510496000.0,10429090699.0,259018000.0,-16866000.0,-403860000.0,26885000.0,-74079000.0,-507719000.0,-197133000.0,-13186000.0,963870000.0,0.0,724457000.0,724457000.0,724457000.0,0.0,37262000.0,0.097,1781771000.0,1336610000.0,906094000.0,0.102,2.671,14.396,14.832,811875000.0,0.0,58.29,1.399,1.41,865160000.0,3361029000.0,7452740000.0,7452740000.0,0.0,0.086,0.186,0.314,0.177,68090000.0,1754050000.0,1.0,178917322.0,180219000.0,,41.354,2616502000.0,130958000.0,455663000.0,0.0,14.518,568750000.0
47,DGX,MRT,2009-12-31,2009-12-31,2009-12-31,2021-10-22,-20961000.0,8563643000.0,8371859000.0,1679425000.0,6884218000.0,0.891,21.577,-166928000.0,534256000.0,534256000.0,4321475000.0,766222000.0,1.586,1.141,3107299000.0,170507000.0,2936792000.0,3107299000.0,0.0,256687000.0,0.0,0.007,0.4,1333653000.0,1590340000.0,0.213,1590340000.0,1333653000.0,1189585000.0,3.91,3.87,3.91,3989639000.0,3788023750.0,3989639000.0,13898874066.0,10.0,8.74,830490000.0,4.492,1.0,3133768000.0,0.42,5907609000.0,144068000.0,4169865000.0,4181266000.0,91386000.0,0.0,0.0,0.0,4552179000.0,1059212000.0,3492967000.0,11164301066.0,280310000.0,-18295000.0,-412871000.0,26987000.0,-74748000.0,-521204000.0,-195904000.0,-10681000.0,997418000.0,0.0,729111000.0,729111000.0,729111000.0,0.0,37111000.0,0.098,1774657000.0,1359111000.0,888705000.0,0.102,2.798,15.312,15.442,825946000.0,0.0,60.38,1.498,1.498,827343000.0,3216639000.0,7455243000.0,7455243000.0,0.0,0.087,0.192,0.319,0.179,69519000.0,1747618000.0,1.0,184900647.0,184900647.0,,40.32,2656034000.0,131800000.0,460474000.0,0.0,14.365,620213000.0
48,DGX,MRT,2009-09-30,2009-09-30,2009-09-30,2021-10-22,-13932000.0,8365725000.0,8331905750.0,1470682000.0,6895043000.0,0.889,21.136,-189553000.0,247033000.0,247033000.0,4292161000.0,753694000.0,1.484,1.132,2981606000.0,103872000.0,2877734000.0,2981606000.0,0.0,259427000.0,0.0,0.01,0.5,1322584000.0,1582011000.0,0.214,1582011000.0,1322584000.0,1169684000.0,3.8,3.77,3.8,3912766000.0,3691838000.0,3912766000.0,12657590560.0,10.0,8.001,810468000.0,4.378,1.0,3115115000.0,0.421,5920429000.0,152900000.0,4189024000.0,4170306000.0,80857000.0,0.0,0.0,0.0,4427618000.0,990845000.0,3436773000.0,9694148560.0,-39646000.0,-27870000.0,-554849000.0,-154744000.0,-75788000.0,-817074000.0,-222593000.0,-5170000.0,1000021000.0,0.0,717334000.0,717334000.0,717334000.0,0.0,36360000.0,0.097,1769340000.0,1345775000.0,886973000.0,0.132,2.478,13.514,13.734,831946000.0,0.0,52.19,1.309,1.304,888288000.0,3053421000.0,7407276000.0,7407276000.0,0.0,0.086,0.194,0.317,0.179,70819000.0,1750266000.0,1.0,185747242.0,185124000.0,,40.013,2445296000.0,154983000.0,452350000.0,0.0,13.209,479837000.0
49,DGX,MRT,2009-06-30,2009-06-30,2009-06-30,2021-10-22,-55589000.0,8211435000.0,8382663500.0,1339098000.0,6872337000.0,0.875,20.193,-193856000.0,119294000.0,119294000.0,4267749000.0,671405000.0,1.308,1.188,3082736000.0,204969000.0,2877767000.0,3082736000.0,0.0,261956000.0,0.0,0.007,0.4,1226673000.0,1488629000.0,0.203,1488629000.0,1226673000.0,1063704000.0,3.34,3.31,3.34,3741144000.0,3646642500.0,3741144000.0,13338564309.0,11.0,8.96,761539000.0,4.111,1.0,3068984000.0,0.418,5886587000.0,162969000.0,4264414000.0,4170506000.0,79715000.0,0.0,0.0,0.0,4445793000.0,1023876000.0,3421917000.0,10460600309.0,-24104000.0,-23873000.0,-467823000.0,-171916000.0,-76691000.0,-755509000.0,-223990000.0,-6261000.0,955395000.0,0.0,635857000.0,635857000.0,635857000.0,0.0,35548000.0,0.087,1754554000.0,1314430000.0,818907000.0,0.12,2.796,16.451,16.895,843757000.0,0.0,56.43,1.426,1.425,896535000.0,2879722000.0,7336733000.0,7336733000.0,0.0,0.076,0.174,0.294,0.167,63919000.0,1736876000.0,1.0,185373034.0,185266000.0,,39.601,2324848000.0,154017000.0,427847000.0,0.0,12.549,315222000.0
50,DGX,MRT,2009-03-31,2009-03-31,2009-03-31,2021-10-22,-87542000.0,8346633000.0,8471563000.0,1484557000.0,6862076000.0,0.858,18.527,-205368000.0,204221000.0,204221000.0,4251018000.0,642190000.0,1.172,1.372,3082185000.0,5014000.0,3077171000.0,3082185000.0,0.0,264194000.0,0.0,0.008,0.4,1185639000.0,1449833000.0,0.199,1449833000.0,1185639000.0,1014084000.0,3.16,3.13,3.16,3508546000.0,3628270000.0,3508546000.0,11877778118.0,10.0,8.193,972537000.0,5.136,1.0,3021798000.0,0.415,5856486000.0,171555000.0,4101761000.0,4219226000.0,86501000.0,0.0,0.0,0.0,4814302000.0,1266350000.0,3547952000.0,9048493118.0,34199000.0,-16180000.0,-469917000.0,-339383000.0,-77597000.0,-920678000.0,-223028000.0,-1480000.0,1177905000.0,0.0,608985000.0,608985000.0,608985000.0,0.0,33205000.0,0.084,1758620000.0,1263178000.0,1261336000.0,0.127,2.579,14.858,15.025,861898000.0,0.0,47.48,1.244,1.236,888253000.0,2710170000.0,7272816000.0,7272816000.0,0.0,0.072,0.168,0.281,0.163,60559000.0,1726157000.0,1.0,190574834.0,189370000.0,,38.405,2490147000.0,206980000.0,405099000.0,0.0,13.15,218207000.0
51,DGX,MRT,2008-12-31,2008-12-31,2008-12-31,2021-10-22,-68068000.0,8403830000.0,8546488250.0,1496819000.0,6907011000.0,0.848,18.429,-212681000.0,253946000.0,253946000.0,4256156000.0,613195000.0,1.222,1.326,3083231000.0,5142000.0,3078089000.0,3083231000.0,0.0,264593000.0,0.0,0.008,0.4,1148022000.0,1412615000.0,0.195,1412615000.0,1148022000.0,968258000.0,2.99,2.96,2.99,3604896000.0,3626640250.0,3604896000.0,12995665324.0,11.0,9.2,850368000.0,4.347,1.0,2993291000.0,0.413,5882329000.0,179764000.0,4126025000.0,4343120500.0,102125000.0,0.0,0.0,0.0,4778696000.0,1224761000.0,3553935000.0,10154004324.0,86352000.0,8066000.0,-223486000.0,-458941000.0,-77964000.0,-777814000.0,-198883000.0,5732000.0,1063049000.0,0.0,581490000.0,581490000.0,581490000.0,0.0,31705000.0,0.08,1770915000.0,1222376000.0,1219619000.0,0.134,2.817,17.462,17.361,879687000.0,0.0,51.91,1.401,1.401,832873000.0,2561679000.0,7249447000.0,7249447000.0,0.0,0.068,0.16,0.264,0.158,68161000.0,1736934000.0,1.0,195607866.0,195607866.0,,37.061,2521501000.0,218419000.0,386768000.0,0.0,12.891,272058000.0
52,DGX,MRT,2008-09-30,2008-09-30,2008-09-30,2021-10-22,-14503000.0,8568756000.0,8586954000.0,1551567000.0,7017189000.0,0.841,19.141,-216337000.0,286679000.0,286679000.0,4257954000.0,456420000.0,1.25,1.296,3128340000.0,49919000.0,3078421000.0,3128340000.0,0.0,267450000.0,0.0,0.006,0.3,989549000.0,1256999000.0,0.174,1256999000.0,989549000.0,799424000.0,2.09,2.06,2.09,3731984000.0,3556476750.0,3731984000.0,13198724416.0,13.0,10.5,839166000.0,4.304,1.0,2961660000.0,0.41,5979760000.0,190125000.0,4189824000.0,4447553750.0,98818000.0,0.0,0.0,0.0,4836772000.0,1240833000.0,3595939000.0,10082460416.0,122056000.0,-13094000.0,39482000.0,-641355000.0,-77762000.0,-707858000.0,-225589000.0,3842000.0,1055503000.0,0.0,406426000.0,406426000.0,406426000.0,-54629000.0,49994000.0,0.056,1744276000.0,1217384000.0,1190914000.0,0.144,2.702,24.808,24.722,873434000.0,0.0,51.67,1.397,1.395,888115000.0,2410907000.0,7219614000.0,7219614000.0,0.0,0.047,0.114,0.222,0.137,55807000.0,1709920000.0,1.0,195131806.0,194971000.0,,37.029,2588996000.0,182056000.0,392998000.0,0.0,13.279,310734000.0
53,DGX,MRT,2008-06-30,2008-06-30,2008-06-30,2021-10-22,46951000.0,8567033000.0,8590422750.0,1417088000.0,7149945000.0,0.833,18.854,-224590000.0,143398000.0,143398000.0,4211429000.0,435039000.0,1.253,1.336,3259662000.0,50364000.0,3209298000.0,3259662000.0,0.0,265330000.0,0.0,0.008,0.4,989083000.0,1254413000.0,0.175,1254413000.0,989083000.0,783405000.0,2.03,2.0,2.03,3667654000.0,3455498250.0,3667654000.0,12700780420.0,13.0,10.125,793198000.0,4.078,1.0,2948652000.0,0.412,6093403000.0,205678000.0,4459294000.0,4626746000.0,98331000.0,0.0,0.0,0.0,4899379000.0,1130600000.0,3768779000.0,9443295420.0,21100000.0,-36500000.0,24570000.0,-668769000.0,-77554000.0,-743785000.0,-252903000.0,8187000.0,1017788000.0,0.0,393649000.0,393649000.0,393649000.0,-2269000.0,41390000.0,0.055,1742211000.0,1206441000.0,1080236000.0,0.197,2.575,23.989,23.877,893073000.0,0.0,48.47,1.319,1.317,922513000.0,2319730000.0,7160081000.0,7160081000.0,0.0,0.046,0.114,0.214,0.138,52458000.0,1706075000.0,1.0,194827634.0,194527000.0,,36.808,2473630000.0,161182000.0,389756000.0,0.0,12.716,286488000.0
54,DGX,MRT,2008-03-31,2008-03-31,2008-03-31,2021-10-22,51638000.0,8646334000.0,8572172750.0,1464635000.0,7181699000.0,0.812,18.038,-225898000.0,170022000.0,170022000.0,4096690000.0,407217000.0,1.228,1.469,3427507000.0,48792000.0,3378715000.0,3427507000.0,0.0,252803000.0,0.0,0.009,0.4,953879000.0,1206682000.0,0.173,1206682000.0,953879000.0,754475000.0,1.94,1.91,1.94,3502027000.0,3335916500.0,3502027000.0,12162329979.0,13.0,10.079,707380000.0,3.644,1.0,2866646000.0,0.412,6113751000.0,199404000.0,4597339000.0,4785631750.0,97363000.0,0.0,0.0,0.0,5144307000.0,1192729000.0,3951578000.0,8789130979.0,11625000.0,-1206382000.0,29163000.0,592517000.0,-77334000.0,508813000.0,-1430466000.0,3739000.0,933278000.0,0.0,373653000.0,373653000.0,373653000.0,-1622000.0,33564000.0,0.054,1695919000.0,1170727000.0,1143937000.0,0.206,2.51,23.522,23.335,906097000.0,0.0,45.27,1.262,1.262,947738000.0,2177908000.0,6963336000.0,6963336000.0,0.0,0.044,0.112,0.199,0.137,51620000.0,1663143000.0,1.0,194149127.0,194143000.0,,35.867,2532583000.0,153630000.0,380822000.0,0.0,13.045,271906000.0
55,DGX,MRT,2007-12-31,2007-12-31,2007-12-31,2021-10-22,25279000.0,8565693000.0,7957224750.0,1374357000.0,7191336000.0,0.843,17.17,-219101000.0,167594000.0,167594000.0,3969848000.0,366449000.0,1.067,1.577,3540793000.0,163581000.0,3377212000.0,3540793000.0,0.0,237879000.0,0.0,0.008,0.4,876827000.0,1114706000.0,0.166,1114706000.0,876827000.0,698513000.0,1.76,1.74,1.76,3324242000.0,3217717750.0,3324242000.0,13841168457.0,16.0,12.417,707823000.0,3.656,1.0,2735059000.0,0.408,6106837000.0,178314000.0,4543758000.0,4243523750.0,95234000.0,0.0,0.0,0.0,5241451000.0,1288297000.0,3953154000.0,10241654457.0,17954000.0,-1535826000.0,-64732000.0,1024171000.0,-77327000.0,850223000.0,-1759193000.0,-4266000.0,926924000.0,0.0,339939000.0,339939000.0,339939000.0,0.0,26510000.0,0.051,1643723000.0,1091336000.0,1124716000.0,0.227,3.081,30.128,30.057,911998000.0,0.0,52.9,1.527,1.527,881967000.0,2057744000.0,6704907000.0,6704907000.0,0.0,0.043,0.106,0.207,0.131,42872000.0,1612858000.0,1.0,193604054.0,193604054.0,,34.632,2458856000.0,149841000.0,358574000.0,0.0,12.7,86060000.0
56,DGX,MRT,2007-09-30,2007-09-30,2007-09-30,2021-10-22,34332000.0,8582631000.0,7231172000.0,1449246000.0,7133385000.0,0.897,17.21,-202826000.0,164623000.0,164623000.0,3846539000.0,494476000.0,1.205,1.579,3764137000.0,292382000.0,3471755000.0,3764137000.0,0.0,218647000.0,0.0,0.007,0.4,996883000.0,1215530000.0,0.187,1215530000.0,996883000.0,850013000.0,2.57,2.53,2.57,3328070000.0,3141450000.0,3328070000.0,14947642565.0,15.0,12.297,674812000.0,3.49,1.0,2637165000.0,0.407,6072577000.0,146870000.0,4906593000.0,3690724000.0,92447000.0,0.0,0.0,0.0,5254561000.0,1202975000.0,4051586000.0,11157794565.0,59508000.0,-1508558000.0,-262020000.0,1265276000.0,-77707000.0,895098000.0,-1713228000.0,-1844000.0,877638000.0,0.0,494476000.0,494476000.0,494476000.0,56618000.0,0.0,0.076,1578722000.0,1058443000.0,910593000.0,0.156,3.353,22.565,22.479,891540000.0,0.0,57.77,1.721,1.723,962864000.0,2082401000.0,6483704000.0,6483704000.0,0.0,0.068,0.157,0.27,0.154,35081000.0,1553941000.0,1.0,193141675.0,193377000.0,,33.529,2510054000.0,141554000.0,355537000.0,0.0,12.98,246271000.0
57,DGX,MRT,2007-06-30,2007-06-30,2007-06-30,2021-10-22,5114000.0,8494033000.0,6511716750.0,1415201000.0,7078832000.0,0.967,16.555,-194610000.0,122298000.0,122298000.0,3753676000.0,557033000.0,1.22,1.663,3912146000.0,367103000.0,3545043000.0,3912146000.0,0.0,204011000.0,0.0,0.008,0.4,1029567000.0,1233578000.0,0.196,1233578000.0,1029567000.0,918583000.0,2.87,2.83,2.87,3189327000.0,3076570250.0,3189327000.0,11799419913.0,11.0,9.565,626521000.0,3.252,1.0,2546160000.0,0.404,6029492000.0,110984000.0,5094837000.0,3062489000.0,96839000.0,0.0,0.0,0.0,5304706000.0,1159552000.0,4145154000.0,9952510913.0,-28381000.0,-1714940000.0,-267069000.0,1435617000.0,-78111000.0,1064455000.0,-1913967000.0,-4417000.0,821131000.0,0.0,557033000.0,557033000.0,557033000.0,7589000.0,0.0,0.088,1500848000.0,1045312000.0,792449000.0,0.139,3.121,17.867,17.997,888874000.0,0.0,51.65,1.58,1.579,973068000.0,2003795000.0,6299836000.0,6299836000.0,0.0,0.086,0.181,0.336,0.163,34861000.0,1484238000.0,1.0,192691402.0,192651000.0,,32.701,2464541000.0,135806000.0,361550000.0,0.0,12.793,255649000.0
58,DGX,MRT,2007-03-31,2007-03-31,2007-03-31,2021-10-22,593000.0,6186542000.0,5750107000.0,1246949000.0,4939593000.0,1.086,15.665,-191362000.0,158397000.0,158397000.0,3711631000.0,547678000.0,0.795,1.042,2005306000.0,767041000.0,1238265000.0,2005306000.0,0.0,198673000.0,0.0,0.008,0.4,1018662000.0,1217335000.0,0.195,1217335000.0,1018662000.0,924203000.0,2.8,2.76,2.8,3029232000.0,3004988500.0,3029232000.0,11042891855.0,11.0,9.071,671428000.0,3.472,1.0,2530131000.0,0.405,4036805000.0,94459000.0,2428907000.0,2384156000.0,87717000.0,0.0,0.0,0.0,3157310000.0,1567739000.0,1589571000.0,9636552855.0,1936000.0,-543170000.0,-392270000.0,342966000.0,-78659000.0,-128496000.0,-732358000.0,252000.0,862790000.0,0.0,547678000.0,547678000.0,547678000.0,30926000.0,0.0,0.088,1459902000.0,1070229000.0,800698000.0,0.143,3.181,17.595,17.775,760857000.0,0.0,49.77,1.544,1.542,810576000.0,1881749000.0,6241762000.0,6241762000.0,0.0,0.095,0.182,0.427,0.163,28033000.0,1446995000.0,1.0,193621717.0,193379000.0,,32.277,2149737000.0,107501000.0,376525000.0,0.0,11.117,-320790000.0
59,DGX,MRT,2006-12-31,2006-12-31,2006-12-31,2021-10-22,-65000.0,5661482000.0,5562113500.0,1191018000.0,4470464000.0,1.127,15.478,-193422000.0,149640000.0,149640000.0,3696006000.0,586421000.0,1.035,0.875,1555979000.0,316874000.0,1239105000.0,1555979000.0,0.0,197398000.0,0.0,0.007,0.39,1085427000.0,1282825000.0,0.205,1282825000.0,1085427000.0,994002000.0,2.98,2.94,2.98,3019171000.0,2964004500.0,3019171000.0,11788892126.0,11.0,9.19,758474000.0,3.888,1.0,2572653000.0,0.41,3584392000.0,91425000.0,2332559000.0,2362131750.0,78564000.0,0.0,0.0,0.0,2642311000.0,1150870000.0,1491441000.0,10338092126.0,57510000.0,-236543000.0,-370001000.0,-42913000.0,-77135000.0,-479984000.0,-414402000.0,15563000.0,951896000.0,0.0,586421000.0,586421000.0,586421000.0,39271000.0,0.0,0.094,1444576000.0,1128077000.0,833996000.0,0.131,3.424,17.629,17.785,752357000.0,0.0,53.0,1.649,1.649,774414000.0,1800255000.0,6268659000.0,6268659000.0,0.0,0.105,0.198,0.46,0.173,22785000.0,1410716000.0,1.0,195058342.0,195058342.0,,32.137,2077090000.0,120540000.0,407581000.0,0.0,10.649,40148000.0
60,DGX,MRT,2006-09-30,2006-09-30,2006-09-30,2021-10-22,2418000.0,5704810000.0,5473271750.0,1241947000.0,4462863000.0,1.123,15.563,-179459000.0,105115000.0,105115000.0,3633178000.0,567464000.0,1.055,0.859,1555915000.0,316913000.0,1239002000.0,1555915000.0,0.0,195146000.0,0.0,0.006,0.38,1059996000.0,1255142000.0,0.204,1255142000.0,1059996000.0,970891000.0,2.86,2.82,2.86,3068551000.0,2899957750.0,3068551000.0,13438493495.0,13.0,10.707,769756000.0,3.904,1.0,2513508000.0,0.409,3584338000.0,89105000.0,2393653000.0,2369069000.0,77315000.0,0.0,0.0,0.0,2636259000.0,1177619000.0,1458640000.0,12056624495.0,-104974000.0,-1025016000.0,-370453000.0,582136000.0,-75576000.0,137882000.0,-1192071000.0,12404000.0,949215000.0,0.0,567464000.0,567464000.0,567464000.0,56067000.0,0.0,0.092,1404142000.0,1109366000.0,860706000.0,0.133,3.929,21.247,21.385,741677000.0,0.0,61.16,1.961,1.962,857030000.0,1670364000.0,6146686000.0,6146686000.0,0.0,0.104,0.196,0.447,0.172,28308000.0,1369641000.0,1.0,197132513.0,197164000.0,200129000.0,31.175,2120472000.0,122260000.0,403427000.0,0.0,10.755,64328000.0
61,DGX,MRT,2006-06-30,2006-06-30,2006-06-30,2021-10-22,-1167000.0,5447594000.0,5180752750.0,1219311000.0,4228283000.0,1.144,14.661,-188544000.0,150679000.0,150679000.0,3498517000.0,542190000.0,1.102,0.877,1532548000.0,291935000.0,1240613000.0,1532548000.0,0.0,189213000.0,0.0,0.006,0.37,1013712000.0,1202925000.0,0.203,1202925000.0,1013712000.0,935597000.0,2.72,2.68,2.72,2903000000.0,2839755250.0,2903000000.0,13250258922.0,13.0,11.015,703641000.0,3.554,1.0,2426083000.0,0.409,3341448000.0,78115000.0,2381505000.0,2133910000.0,71463000.0,0.0,0.0,0.0,2544594000.0,1106510000.0,1438084000.0,11874329922.0,-53428000.0,-795938000.0,-444675000.0,562960000.0,-74131000.0,43017000.0,-988630000.0,-4148000.0,892185000.0,0.0,542190000.0,542190000.0,542190000.0,57322000.0,0.0,0.092,1359223000.0,1066860000.0,814575000.0,0.136,4.09,21.901,22.029,742030000.0,0.0,59.92,2.004,2.003,800279000.0,1529467000.0,5924600000.0,5924600000.0,0.0,0.105,0.191,0.475,0.171,29106000.0,1318581000.0,1.0,198169725.0,198013000.0,200586000.0,29.92,2106146000.0,121282000.0,393407000.0,0.0,10.636,112801000.0
62,DGX,MRT,2006-03-31,2006-03-31,2006-03-31,2021-10-22,-4274000.0,5434568000.0,4945755250.0,1199984000.0,4234584000.0,1.156,14.442,-211075000.0,156461000.0,156461000.0,3370498000.0,559302000.0,1.064,0.897,1532390000.0,291889000.0,1240501000.0,1532390000.0,0.0,182656000.0,0.0,0.007,0.36,1014251000.0,1196907000.0,0.209,1196907000.0,1014251000.0,946129000.0,2.79,2.74,2.79,2865296000.0,2809089000.0,2865296000.0,11677687655.0,12.0,9.757,745138000.0,3.756,1.0,2348549000.0,0.411,3342269000.0,68122000.0,2340810000.0,1959139750.0,77917000.0,0.0,0.0,0.0,2569272000.0,1127418000.0,1441854000.0,10177592655.0,70299000.0,-794896000.0,-330195000.0,562317000.0,-72531000.0,146677000.0,-1032591000.0,-26612000.0,956213000.0,0.0,559302000.0,559302000.0,559302000.0,33338000.0,0.0,0.098,1317862000.0,1030687000.0,835529000.0,0.129,3.552,18.197,18.387,746328000.0,0.0,51.3,1.78,1.78,775724000.0,1417329000.0,5719047000.0,5719047000.0,0.0,0.113,0.199,0.518,0.177,31031000.0,1276393000.0,1.0,198393619.0,198395000.0,201034000.0,28.827,2092299000.0,112664000.0,386827000.0,0.0,10.546,72566000.0
63,DGX,MRT,2005-12-31,2005-12-31,2005-12-31,2021-10-22,-6205000.0,5306115000.0,4672605000.0,1069497000.0,4236618000.0,1.168,13.689,-224270000.0,92130000.0,92130000.0,3220713000.0,546277000.0,0.971,0.92,1592225000.0,336839000.0,1255386000.0,1592225000.0,0.0,176124000.0,0.0,0.007,0.345,980443000.0,1156567000.0,0.212,1156567000.0,980443000.0,923089000.0,2.71,2.66,2.71,2762984000.0,2752255250.0,2762984000.0,11047640781.0,11.0,9.552,627313000.0,3.108,1.0,2236013000.0,0.41,3344610000.0,57354000.0,2360308000.0,1784403500.0,77939000.0,0.0,0.0,0.0,2543131000.0,1101292000.0,1441839000.0,10403430781.0,18828000.0,-814219000.0,-291828000.0,636294000.0,-69673000.0,247038000.0,-1079793000.0,-41304000.0,851583000.0,0.0,546277000.0,546277000.0,546277000.0,26919000.0,0.0,0.1,1228465000.0,1007548000.0,764453000.0,0.127,3.765,19.044,18.996,753663000.0,0.0,51.48,1.907,1.904,732907000.0,1292510000.0,5456726000.0,5456726000.0,0.0,0.117,0.198,0.549,0.18,35860000.0,1215862000.0,1.0,202086845.0,201833000.0,205530000.0,27.036,1961505000.0,107442000.0,376812000.0,0.0,9.718,-31795000.0
64,DGX,MRT,2005-09-30,2005-09-30,2005-09-30,2021-10-22,-4241000.0,4534734000.0,4397023250.0,1151342000.0,3383392000.0,1.201,13.952,-220311000.0,210089000.0,210089000.0,3114326000.0,542021000.0,0.966,0.604,854299000.0,504900000.0,349399000.0,854299000.0,0.0,171257000.0,0.0,0.007,0.33,953074000.0,1124331000.0,0.213,1124331000.0,953074000.0,902634000.0,2.69,2.62,2.69,2827741000.0,2633672000.0,2827741000.0,10909165566.0,11.0,9.703,591436000.0,2.918,1.0,2167477000.0,0.41,2534420000.0,50440000.0,1453017000.0,1611103500.0,78173000.0,0.0,0.0,0.0,1706993000.0,1191507000.0,515486000.0,10259036566.0,9053000.0,-20587000.0,-433023000.0,-618000.0,-66665000.0,-519783000.0,-282911000.0,-34462000.0,811747000.0,0.0,542021000.0,542021000.0,542021000.0,-2194000.0,0.0,0.103,1215803000.0,951674000.0,686607000.0,0.123,3.628,18.927,18.788,670862000.0,0.0,50.54,1.942,1.939,693792000.0,1180047000.0,5281803000.0,5281803000.0,0.0,0.123,0.206,0.592,0.18,47128000.0,1204157000.0,1.0,202988456.0,202681000.0,206126000.0,26.06,2000314000.0,132041000.0,360613000.0,0.0,9.869,-40165000.0
65,DGX,MRT,2005-06-30,2005-06-30,2005-06-30,2021-10-22,684000.0,4507604000.0,4362079250.0,1144584000.0,3363020000.0,1.195,13.723,-209148000.0,204107000.0,204107000.0,3063676000.0,536917000.0,1.217,0.621,854236000.0,230086000.0,624150000.0,854236000.0,0.0,170340000.0,0.0,0.006,0.315,944983000.0,1115323000.0,0.214,1115323000.0,944983000.0,892724000.0,2.66,2.58,2.66,2780335000.0,2546157750.0,2780335000.0,11546563369.0,12.0,10.353,642017000.0,3.169,1.0,2146908000.0,0.412,2535142000.0,52259000.0,1682424000.0,1744425750.0,76264000.0,0.0,0.0,0.0,1727269000.0,940167000.0,787102000.0,10778532369.0,66305000.0,-19323000.0,-449022000.0,-847000.0,-63672000.0,-533285000.0,-251575000.0,-18363000.0,851165000.0,0.0,536917000.0,536917000.0,536917000.0,-6780000.0,0.0,0.103,1213886000.0,933022000.0,710081000.0,0.118,3.877,20.075,20.026,658972000.0,0.0,53.27,2.069,2.071,693378000.0,1062957000.0,5210584000.0,5210584000.0,0.0,0.123,0.211,0.542,0.181,52422000.0,1208834000.0,1.0,202337758.0,202597000.0,206554000.0,25.719,1972462000.0,128493000.0,355807000.0,0.0,9.736,204417000.0
66,DGX,MRT,2005-03-31,2005-03-31,2005-03-31,2021-10-22,1166000.0,4341967000.0,4321891000.0,1039265000.0,3302702000.0,1.187,13.077,-186369000.0,86162000.0,86162000.0,3012575000.0,514657000.0,1.115,0.646,854193000.0,230107000.0,624086000.0,854193000.0,0.0,170184000.0,0.0,0.006,0.3,912180000.0,1082364000.0,0.211,1082364000.0,912180000.0,856215000.0,2.54,2.45,2.54,2637961000.0,2460917250.0,2637961000.0,11688114944.0,13.0,10.799,637749000.0,3.162,1.0,2118154000.0,0.413,2535877000.0,55965000.0,1641865000.0,1826578500.0,76260000.0,0.0,0.0,0.0,1704006000.0,932256000.0,771750000.0,10662594944.0,-103913000.0,-19323000.0,-641885000.0,-1141000.0,-60977000.0,-724596000.0,-203435000.0,5539000.0,824118000.0,0.0,514657000.0,514657000.0,514657000.0,-6780000.0,0.0,0.1,1216266000.0,901888000.0,702149000.0,0.118,4.042,20.718,20.695,633762000.0,0.0,52.565,2.078,2.067,702419000.0,932135000.0,5130729000.0,5130729000.0,0.0,0.119,0.209,0.499,0.178,59129000.0,1200562000.0,1.0,202845904.0,201719000.0,206142000.0,25.435,1806090000.0,134656000.0,341558000.0,0.0,8.953,107009000.0
67,DGX,MRT,2004-12-31,2004-12-31,2004-12-31,2021-10-22,3866000.0,4203788000.0,4331413500.0,931080000.0,3272708000.0,1.17,11.223,-176125000.0,73302000.0,73302000.0,2969774000.0,499195000.0,0.892,0.837,1098822000.0,374801000.0,724021000.0,1098822000.0,0.0,168726000.0,0.0,0.006,0.3,889492000.0,1058218000.0,0.209,1058218000.0,889492000.0,831666000.0,2.45,2.35,2.45,2288651000.0,2427540750.0,2288651000.0,10570594979.0,12.0,9.989,622655000.0,3.053,1.0,2097212000.0,0.414,2518412000.0,57826000.0,1667108000.0,1940607500.0,75327000.0,0.0,0.0,0.0,1915137000.0,1043788000.0,871349000.0,9669638979.0,-81656000.0,0.0,-625461000.0,-1097000.0,-61387000.0,-706736000.0,-173700000.0,2425000.0,798780000.0,0.0,499195000.0,499195000.0,499195000.0,-6780000.0,0.0,0.099,1216358000.0,880854000.0,668987000.0,0.122,4.225,19.37,19.5,619485000.0,0.0,47.775,1.908,1.923,649281000.0,818734000.0,5066986000.0,5066986000.0,0.0,0.115,0.206,0.458,0.176,72660000.0,1199759000.0,1.0,202399560.0,203920000.0,214145000.0,24.848,1685376000.0,112404000.0,332471000.0,0.0,8.265,-112708000.0
68,DGX,MRT,2004-09-30,2004-09-30,2004-09-30,2021-10-22,190000.0,4394958000.0,4355821000.0,1112835000.0,3282123000.0,1.159,12.236,-187097000.0,201036000.0,201036000.0,2939504000.0,481367000.0,1.427,0.774,1101992000.0,130182000.0,971810000.0,1101992000.0,0.0,166858000.0,0.0,0.005,0.225,869104000.0,1035962000.0,0.205,1035962000.0,869104000.0,809942000.0,2.345,2.22,2.345,2477684000.0,2454051500.0,2477684000.0,9952544331.0,11.0,9.607,610396000.0,3.014,1.0,2107814000.0,0.418,2529716000.0,59162000.0,1986306000.0,2021196500.0,73219000.0,0.0,0.0,0.0,1917274000.0,779892000.0,1137382000.0,8988220331.0,109968000.0,-72000.0,-418413000.0,-19899000.0,-46214000.0,-502347000.0,-185178000.0,-5569000.0,797493000.0,0.0,481367000.0,481367000.0,481367000.0,0.0,0.0,0.095,1240208000.0,867606000.0,649710000.0,0.096,3.628,18.672,18.81,618001000.0,0.0,44.11,1.781,1.77,686045000.0,707684000.0,5047318000.0,5047318000.0,0.0,0.111,0.196,0.43,0.172,69155000.0,1221221000.0,1.0,203768314.0,202489000.0,212258000.0,24.926,1865242000.0,131273000.0,328575000.0,0.0,9.212,332943000.0
69,DGX,MRT,2004-06-30,2004-06-30,2004-06-30,2021-10-22,1009000.0,4346851000.0,4322273000.0,1044120000.0,3302731000.0,1.152,11.841,-189682000.0,137802000.0,137802000.0,2902260000.0,471247000.0,1.356,0.782,1102126000.0,130409000.0,971717000.0,1102126000.0,0.0,162848000.0,0.0,0.004,0.15,853968000.0,1016816000.0,0.204,1016816000.0,853968000.0,793964000.0,2.28,2.16,2.28,2439373000.0,2429970500.0,2439373000.0,9701828839.0,11.0,9.541,563563000.0,2.736,1.0,2076382000.0,0.417,2530098000.0,60004000.0,2011035000.0,2044920500.0,72848000.0,0.0,0.0,0.0,1907478000.0,770042000.0,1137436000.0,8789557839.0,49733000.0,-199000.0,-431067000.0,-37895000.0,-30943000.0,-518409000.0,-185103000.0,-5604000.0,753245000.0,0.0,471247000.0,471247000.0,471247000.0,0.0,0.0,0.095,1222956000.0,853426000.0,639633000.0,0.066,3.603,18.652,18.629,615301000.0,0.0,42.475,1.765,1.758,677710000.0,592708000.0,4978642000.0,4978642000.0,0.0,0.109,0.194,0.418,0.172,64324000.0,1205386000.0,1.0,206934852.0,206017000.0,216508000.0,24.166,1816753000.0,152439000.0,322717000.0,0.0,8.818,274078000.0
70,DGX,MRT,2004-03-31,2004-03-31,2004-03-31,2021-10-22,3549000.0,4380057000.0,4296570500.0,1073621000.0,3306436000.0,1.141,12.141,-182297000.0,190075000.0,190075000.0,2857807000.0,464830000.0,1.622,0.749,1102346000.0,44597000.0,1057749000.0,1102346000.0,0.0,158272000.0,0.0,0.002,0.075,845065000.0,1003337000.0,0.205,1003337000.0,845065000.0,784541000.0,2.235,2.13,2.235,2504455000.0,2412850250.0,2504455000.0,9529270917.0,11.0,9.498,532892000.0,2.583,1.0,2043096000.0,0.417,2532351000.0,60524000.0,2097981000.0,2064139500.0,72625000.0,0.0,0.0,0.0,1875602000.0,661996000.0,1213606000.0,8581571917.0,134478000.0,-1214000.0,-240848000.0,-123090000.0,-15429000.0,-394699000.0,-186012000.0,-14828000.0,715189000.0,0.0,464830000.0,464830000.0,464830000.0,0.0,0.0,0.095,1201018000.0,842078000.0,617399000.0,0.034,3.427,18.462,18.53,609765000.0,0.0,41.415,1.751,1.743,650511000.0,481151000.0,4900903000.0,4900903000.0,0.0,0.108,0.193,0.409,0.172,53615000.0,1194046000.0,1.0,207209270.0,206284000.0,217198000.0,23.758,1847706000.0,148943000.0,319711000.0,0.0,8.957,411625000.0
71,DGX,MRT,2003-12-31,2003-12-31,2003-12-31,2021-10-22,5947000.0,4301418000.0,4248130000.0,995786000.0,3305632000.0,1.115,11.578,-174641000.0,154958000.0,154958000.0,2768623000.0,436717000.0,1.376,0.796,1102657000.0,73950000.0,1028707000.0,1102657000.0,0.0,153903000.0,0.0,0.0,0.0,797587000.0,951490000.0,0.201,951490000.0,797587000.0,737798000.0,2.11,2.02,2.11,2394694000.0,2347505250.0,2394694000.0,8630366903.0,11.0,9.07,488158000.0,2.36,1.0,1969335000.0,0.416,2535853000.0,59789000.0,1989464000.0,2075926500.0,72484000.0,0.0,0.0,0.0,1906724000.0,723800000.0,1182924000.0,7600003903.0,58181000.0,-237610000.0,-227661000.0,58282000.0,0.0,-187568000.0,-417050000.0,-13842000.0,662799000.0,0.0,436717000.0,436717000.0,436717000.0,0.0,0.0,0.092,1172881000.0,796454000.0,649850000.0,0.0,3.174,17.403,17.325,607305000.0,0.0,36.555,1.604,1.596,609187000.0,380559000.0,4737958000.0,4737958000.0,0.0,0.103,0.186,0.384,0.168,35793000.0,1165700000.0,1.0,207906002.0,206832000.0,217578000.0,22.907,1765565000.0,158610000.0,301081000.0,0.0,8.536,271986000.0
72,DGX,MRT,2003-09-30,2003-09-30,2003-09-30,2021-10-22,-662000.0,4260766000.0,4003824750.0,972002000.0,3288764000.0,1.141,11.363,-158483000.0,91068000.0,91068000.0,2681718000.0,410169000.0,1.443,0.789,1121431000.0,56290000.0,1065141000.0,1121431000.0,0.0,148194000.0,0.0,0.0,0.0,750130000.0,898324000.0,0.197,898324000.0,750130000.0,692189000.0,2.01,1.93,2.01,2381360000.0,2191047500.0,2381360000.0,7429525365.0,10.0,8.27,488474000.0,2.331,1.0,1886000000.0,0.413,2536377000.0,57941000.0,2081202000.0,1979322750.0,68424000.0,0.0,0.0,0.0,1879406000.0,673550000.0,1205856000.0,6378030365.0,-22786000.0,-237538000.0,-104525000.0,-148242000.0,0.0,-270673000.0,-399070000.0,-16728000.0,646957000.0,0.0,410169000.0,410169000.0,410169000.0,0.0,0.0,0.09,1138669000.0,747331000.0,617260000.0,0.0,2.678,15.55,15.085,592099000.0,0.0,30.32,1.396,1.391,643840000.0,287700000.0,4567718000.0,4567718000.0,0.0,0.102,0.187,0.379,0.164,27372000.0,1134704000.0,1.0,210357202.0,209574000.0,214556000.0,21.795,1724389000.0,172866000.0,282020000.0,0.0,8.228,298452000.0
73,DGX,MRT,2003-06-30,2003-06-30,2003-06-30,2021-10-22,-2334000.0,4244041000.0,3805067500.0,953132000.0,3290909000.0,1.158,11.285,-147612000.0,88069000.0,88069000.0,2595613000.0,376762000.0,1.425,0.79,1139564000.0,74393000.0,1065171000.0,1139564000.0,0.0,142548000.0,0.0,0.0,0.0,692438000.0,834986000.0,0.19,834986000.0,692438000.0,635581000.0,1.88,1.805,1.88,2370892000.0,2015139000.0,2370892000.0,7889688712.0,11.0,9.449,458491000.0,2.182,1.0,1809598000.0,0.411,2538792000.0,56857000.0,2087911000.0,1890657500.0,68482000.0,0.0,0.0,0.0,1873149000.0,668833000.0,1204316000.0,6720306712.0,-1771000.0,-237411000.0,4073000.0,-205552000.0,0.0,-217849000.0,-390025000.0,-17925000.0,606103000.0,0.0,376762000.0,376762000.0,376762000.0,0.0,0.0,0.086,1121835000.0,687763000.0,594440000.0,0.0,2.835,17.837,16.968,583042000.0,0.0,31.9,1.526,1.521,628404000.0,167676000.0,4405211000.0,4405211000.0,0.0,0.099,0.187,0.366,0.157,22810000.0,1114878000.0,1.0,210667922.0,210098000.0,215354000.0,20.967,1705249000.0,184326000.0,258819000.0,0.0,8.116,284299000.0
74,DGX,MRT,2003-03-31,2003-03-31,2003-03-31,2021-10-22,-4780000.0,4186295000.0,3606928500.0,906920000.0,3279375000.0,1.179,11.211,-151411000.0,55597000.0,55597000.0,2522747000.0,343501000.0,1.348,0.866,1224979000.0,80624000.0,1144355000.0,1224979000.0,0.0,137782000.0,0.0,0.0,0.0,633555000.0,771337000.0,0.181,771337000.0,633555000.0,578648000.0,1.755,1.68,1.755,2243075000.0,1814914500.0,2243075000.0,7004028306.0,11.0,9.08,450407000.0,2.251,1.0,1731339000.0,0.407,2537625000.0,54907000.0,2145129000.0,1802472250.0,67068000.0,0.0,0.0,0.0,1943220000.0,672923000.0,1270297000.0,6278266306.0,-93830000.0,-568633000.0,19954000.0,22255000.0,0.0,25757000.0,-721405000.0,-11807000.0,601818000.0,0.0,343501000.0,343501000.0,343501000.0,0.0,0.0,0.081,1102581000.0,628758000.0,592299000.0,0.0,2.799,18.277,17.006,583303000.0,0.0,29.845,1.476,1.404,613638000.0,47264000.0,4254086000.0,4254086000.0,0.0,0.095,0.189,0.351,0.149,39025000.0,1095637000.0,1.0,210362416.0,200074000.0,204910000.0,21.263,1648670000.0,181044000.0,235147000.0,0.0,8.24,233997000.0
75,DGX,MRT,2002-12-31,2002-12-31,2002-12-31,2021-10-22,-5524000.0,3324197000.0,3311783750.0,824443000.0,2499754000.0,1.24,9.168,-155196000.0,96777000.0,96777000.0,2432388000.0,322154000.0,1.296,0.879,822539000.0,26032000.0,796507000.0,822539000.0,0.0,131391000.0,0.0,0.0,0.0,596050000.0,727441000.0,0.177,727441000.0,596050000.0,542377000.0,1.67,1.585,1.67,1768863000.0,1615545250.0,1768863000.0,6498651906.0,11.0,8.934,441175000.0,2.287,1.0,1675663000.0,0.408,1810933000.0,53673000.0,1603049000.0,1685098750.0,60899000.0,0.0,0.0,0.0,1555334000.0,635977000.0,919357000.0,5564627906.0,-25555000.0,-333512000.0,27034000.0,-159041000.0,0.0,-144714000.0,-477212000.0,932000.0,596371000.0,0.0,322154000.0,322154000.0,322154000.0,0.0,0.0,0.078,1083521000.0,592142000.0,609945000.0,0.0,3.146,17.273,17.036,570149000.0,0.0,28.45,1.355,1.336,522131000.0,-40772000.0,4108051000.0,4108051000.0,0.0,0.097,0.199,0.354,0.145,53535000.0,1074841000.0,1.0,195593248.0,192934000.0,205294000.0,21.293,1513264000.0,132456000.0,220223000.0,0.0,7.843,188466000.0
76,DGX,MRT,2002-09-30,2002-09-30,2002-09-30,2021-10-22,-2837000.0,3465737000.0,3213373250.0,930145000.0,2535592000.0,1.24,8.657,-157206000.0,113854000.0,113854000.0,2350645000.0,291395000.0,1.08,1.066,1047878000.0,251100000.0,796778000.0,1047878000.0,0.0,136424000.0,0.0,0.0,0.0,535803000.0,672227000.0,0.169,672227000.0,535803000.0,482269000.0,1.515,1.465,1.515,1677726000.0,1507326250.0,1677726000.0,7027289837.0,13.0,10.454,357244000.0,1.843,1.0,1634081000.0,0.41,1811713000.0,53534000.0,1726541000.0,1682386000.0,59015000.0,0.0,0.0,0.0,1788011000.0,861507000.0,926504000.0,5994542837.0,-125025000.0,-430630000.0,32370000.0,-71468000.0,0.0,-55657000.0,-583818000.0,-3012000.0,514450000.0,0.0,291395000.0,291395000.0,291395000.0,0.0,0.0,0.073,1078753000.0,555328000.0,610407000.0,0.0,3.573,20.572,20.307,571516000.0,0.0,30.765,1.504,1.496,576461000.0,-122469000.0,3984726000.0,3984726000.0,0.0,0.091,0.193,0.318,0.134,83604000.0,1066167000.0,1.0,194849434.0,193800000.0,199424000.0,20.561,1654024000.0,192899000.0,190874000.0,0.0,8.535,68638000.0
77,DGX,MRT,2002-06-30,2002-06-30,2002-06-30,2021-10-22,-2255000.0,3451485000.0,3080306500.0,933814000.0,2517671000.0,1.243,8.144,-153944000.0,89840000.0,89840000.0,2261134000.0,254900000.0,0.987,1.198,1122587000.0,301768000.0,820819000.0,1122587000.0,0.0,140639000.0,0.0,0.0,0.0,480966000.0,621605000.0,0.162,621605000.0,480966000.0,426010000.0,1.34,1.285,1.34,1569994000.0,1398625250.0,1569994000.0,9019529137.0,19.0,14.51,378170000.0,1.962,1.0,1568067000.0,0.41,1802481000.0,54956000.0,1735170000.0,1621195500.0,57930000.0,0.0,0.0,0.0,1881491000.0,946581000.0,934910000.0,8347361137.0,-84325000.0,-430630000.0,37602000.0,-51886000.0,0.0,-32294000.0,-584145000.0,-1795000.0,532114000.0,0.0,254900000.0,254900000.0,254900000.0,0.0,0.0,0.067,1065559000.0,502508000.0,644813000.0,0.0,5.317,32.748,32.108,568994000.0,0.0,43.025,2.18,2.166,597667000.0,-209086000.0,3829201000.0,3829201000.0,0.0,0.083,0.182,0.297,0.126,101019000.0,1044628000.0,1.0,194011880.0,192786000.0,200594000.0,19.862,1649004000.0,193226000.0,171110000.0,0.0,8.554,-12767000.0
78,DGX,MRT,2002-03-31,2002-03-31,2002-03-31,2021-10-22,-2935000.0,3005716000.0,2942041500.0,949867000.0,2055849000.0,1.255,7.575,-146637000.0,149427000.0,149427000.0,2180267000.0,193244000.0,1.523,1.079,821595000.0,1405000.0,820190000.0,821595000.0,0.0,143772000.0,0.0,0.0,0.0,404138000.0,547910000.0,0.148,547910000.0,404138000.0,343640000.0,1.03,0.98,1.03,1445598000.0,1296095000.0,1445598000.0,8677291589.0,21.0,15.837,331289000.0,1.736,1.0,1511713000.0,0.409,1378562000.0,60498000.0,1675635000.0,1576191000.0,51533000.0,0.0,0.0,0.0,1560118000.0,623687000.0,936431000.0,7977882589.0,28697000.0,-106923000.0,32409000.0,-203232000.0,0.0,-210578000.0,-238651000.0,-7328000.0,477926000.0,0.0,193244000.0,193244000.0,193244000.0,0.0,0.0,0.052,1061283000.0,450430000.0,622282000.0,0.0,5.519,41.284,40.218,519944000.0,0.0,41.425,2.161,2.141,548400000.0,-296237000.0,3691980000.0,3691980000.0,0.0,0.066,0.149,0.256,0.109,107339000.0,1024281000.0,1.0,192586182.0,190844000.0,198614000.0,19.346,1627154000.0,205454000.0,150396000.0,0.0,8.526,326180000.0
79,DGX,MRT,2001-12-31,2001-12-31,2001-12-31,2021-10-22,-3470000.0,2930555000.0,2916421250.0,876514000.0,2054041000.0,1.244,7.179,-148986000.0,122332000.0,122332000.0,2151594000.0,162303000.0,1.331,1.194,821741000.0,1404000.0,820337000.0,821741000.0,0.0,147727000.0,0.0,0.0,0.0,367112000.0,514839000.0,0.142,514839000.0,367112000.0,296589000.0,0.87,0.83,0.87,1335987000.0,1209499500.0,1335987000.0,7573094878.0,21.0,14.71,316817000.0,1.702,1.0,1476177000.0,0.407,1379143000.0,70523000.0,1592198000.0,1554361750.0,49906000.0,0.0,0.0,0.0,1594568000.0,658623000.0,935945000.0,6853442878.0,-49145000.0,-152864000.0,25631000.0,-205550000.0,0.0,-218332000.0,-296616000.0,-17439000.0,465803000.0,0.0,162303000.0,162303000.0,162303000.0,0.0,0.0,0.045,1064627000.0,411550000.0,657219000.0,0.0,5.13,42.226,41.213,508619000.0,0.0,35.855,1.889,1.839,508340000.0,-362926000.0,3627771000.0,3627771000.0,0.0,0.056,0.134,0.236,0.101,92589000.0,1018680000.0,1.0,191143296.0,186106000.0,195220000.0,19.493,1551412000.0,210327000.0,134286000.0,0.0,8.336,217891000.0
80,DGX,MRT,2001-09-30,2001-09-30,2001-09-30,2021-10-22,-3240000.0,2933470000.0,2899916500.0,988405000.0,1945065000.0,1.225,6.655,-158672000.0,238879000.0,238879000.0,2116041000.0,136728000.0,1.112,1.36,958531000.0,280618000.0,677913000.0,958531000.0,0.0,141504000.0,0.0,0.0,0.0,351747000.0,493251000.0,0.139,493251000.0,351747000.0,270117000.0,0.745,0.7,0.745,1242922000.0,1133201500.0,1242922000.0,6685693811.0,19.0,13.554,265609000.0,1.422,1.0,1437624000.0,0.405,1282678000.0,81630000.0,1481779000.0,1531957000.0,46188000.0,0.0,0.0,0.0,1690548000.0,888665000.0,801883000.0,5845438811.0,77093000.0,37404000.0,23532000.0,-230157000.0,0.0,-237016000.0,-110172000.0,-11377000.0,424281000.0,0.0,136728000.0,136728000.0,136728000.0,0.0,0.0,0.038,1058830000.0,378794000.0,608047000.0,0.0,4.703,42.752,41.409,493197000.0,0.0,30.85,1.645,1.621,513637000.0,-413834000.0,3553665000.0,3553665000.0,0.0,0.047,0.121,0.23,0.099,101258000.0,1007867000.0,1.0,189479378.0,186764000.0,,19.028,1650792000.0,201198000.0,133389000.0,0.0,8.839,99740000.0
81,DGX,MRT,2001-06-30,2001-06-30,2001-06-30,2021-10-22,-3599000.0,2898425000.0,2918087500.0,956660000.0,1941765000.0,1.2,6.265,-154180000.0,174165000.0,174165000.0,2085219000.0,115318000.0,1.075,1.499,1014420000.0,287747000.0,726673000.0,1014420000.0,0.0,137835000.0,0.0,0.0,0.0,330533000.0,468368000.0,0.134,468368000.0,330533000.0,234250000.0,0.635,0.595,0.635,1159873000.0,1068880250.0,1159873000.0,7936626966.0,24.0,16.945,226933000.0,1.226,1.0,1415493000.0,0.404,1293469000.0,96283000.0,1555152000.0,1580777750.0,44456000.0,0.0,0.0,0.0,1738552000.0,890059000.0,848493000.0,7033845966.0,74738000.0,37404000.0,24478000.0,-180008000.0,0.0,-185739000.0,-120636000.0,-28230000.0,381113000.0,0.0,115318000.0,115318000.0,115318000.0,0.0,0.0,0.033,1059045000.0,356448000.0,602312000.0,0.0,6.064,60.995,58.937,486839000.0,0.0,37.425,2.009,1.979,520873000.0,-463927000.0,3500712000.0,3500712000.0,0.0,0.04,0.108,0.209,0.094,87419000.0,1008038000.0,1.0,187945116.0,185132000.0,,18.909,1604956000.0,217142000.0,118932000.0,0.0,8.669,66601000.0
82,DGX,MRT,2001-03-31,2001-03-31,2001-03-31,2021-10-22,-9734000.0,2903235000.0,2927706250.0,952814000.0,1950421000.0,1.177,5.981,-142452000.0,120730000.0,120730000.0,2056265000.0,119991000.0,1.036,1.641,1023511000.0,265030000.0,758481000.0,1023511000.0,0.0,135376000.0,0.0,0.0,0.0,334390000.0,469766000.0,0.136,469766000.0,334390000.0,228361000.0,0.665,0.625,0.665,1099216000.0,1013991250.0,1099216000.0,5132753188.0,15.0,10.926,234577000.0,1.276,1.0,1389971000.0,0.403,1297679000.0,106029000.0,1588318000.0,1667529250.0,45161000.0,0.0,0.0,0.0,1804019000.0,920019000.0,884000000.0,4105956188.0,92243000.0,45934000.0,23917000.0,-182115000.0,0.0,-166980000.0,-117806000.0,-24810000.0,377029000.0,0.0,119991000.0,119991000.0,119991000.0,0.0,0.0,0.035,1051335000.0,338636000.0,654989000.0,0.0,3.735,34.219,33.41,473064000.0,0.0,22.218,1.191,1.185,509272000.0,-489392000.0,3446236000.0,3446236000.0,0.0,0.041,0.118,0.201,0.097,65195000.0,1004410000.0,1.0,184807300.0,183778000.0,,18.752,1605556000.0,235990000.0,108370000.0,0.0,8.736,32795000.0
83,DGX,MRT,2000-12-31,2000-12-31,2000-12-31,2021-10-22,-5458000.0,2864536000.0,2911556250.0,980689000.0,1883847000.0,1.175,5.578,-116450000.0,171477000.0,171477000.0,2056237000.0,102052000.0,1.027,1.779,1026113000.0,265408000.0,760705000.0,1026113000.0,0.0,134296000.0,0.0,0.0,0.0,311177000.0,445473000.0,0.13,445473000.0,311177000.0,198085000.0,0.57,0.54,0.57,1030795000.0,963194750.0,1030795000.0,7587456150.0,24.0,17.032,253005000.0,1.369,1.0,1364925000.0,0.399,1261603000.0,113092000.0,1502579000.0,1762441750.0,44274000.0,0.0,0.0,0.0,1833741000.0,954990000.0,878751000.0,6560659150.0,144193000.0,92225000.0,22147000.0,-190762000.0,0.0,-177247000.0,-48015000.0,-27415000.0,369455000.0,0.0,102052000.0,102052000.0,102052000.0,0.0,0.0,0.03,1049208000.0,315717000.0,689582000.0,0.0,6.365,64.287,62.281,449856000.0,0.0,35.5,1.918,1.918,485573000.0,-525111000.0,3421162000.0,3421162000.0,0.0,0.035,0.106,0.177,0.091,61717000.0,1001443000.0,1.0,184807300.0,184807300.0,,18.512,1602933000.0,231105000.0,96033000.0,0.0,8.674,25699000.0
84,DGX,MRT,2000-09-30,2000-09-30,2000-09-30,2021-10-22,-1934000.0,3006154000.0,2915042500.0,1049348000.0,1956806000.0,1.166,5.479,-96517000.0,161786000.0,161786000.0,2074636000.0,62152000.0,1.063,2.05,1188583000.0,282520000.0,906063000.0,1188583000.0,0.0,134383000.0,0.0,0.0,0.0,248274000.0,382657000.0,0.113,382657000.0,248274000.0,128786000.0,0.32,0.297,0.32,985637000.0,921011500.0,985637000.0,6338371345.0,26.0,16.564,213013000.0,1.184,1.0,1324718000.0,0.39,1368713000.0,119488000.0,1677062000.0,1869534000.0,43012000.0,0.0,0.0,0.0,2020517000.0,987176000.0,1033341000.0,5243369345.0,124987000.0,-10537000.0,18569000.0,-79064000.0,87000.0,-71673000.0,-112870000.0,-24667000.0,309530000.0,0.0,62152000.0,62152000.0,62152000.0,0.0,0.0,0.018,1075743000.0,248975000.0,669774000.0,0.0,5.32,84.364,89.688,424081000.0,0.0,28.7,1.542,1.519,513391000.0,-550443000.0,3399354000.0,3399354000.0,0.0,0.021,0.067,0.133,0.073,23507000.0,983501000.0,1.0,182695796.0,179888000.0,,18.897,1637441000.0,278427000.0,66634000.0,34882000.0,9.103,62172000.0
85,DGX,MRT,2000-06-30,2000-06-30,2000-06-30,2021-10-22,-2930000.0,2936900000.0,2870145250.0,955694000.0,1981206000.0,1.102,5.274,-90793000.0,99427000.0,99427000.0,1955984000.0,24044000.0,1.335,2.123,1194429000.0,50048000.0,1144381000.0,1194429000.0,0.0,125053000.0,0.0,0.0,0.0,176119000.0,301172000.0,0.095,301172000.0,176119000.0,67069000.0,0.095,0.082,0.095,940317000.0,888356500.0,940317000.0,4496952726.0,26.0,14.932,246113000.0,1.38,1.0,1207976000.0,0.382,1413905000.0,109050000.0,1902158000.0,1958624750.0,47849000.0,0.0,0.0,0.0,1996583000.0,715839000.0,1280744000.0,3319811726.0,-49051000.0,-1035537000.0,11239000.0,763353000.0,0.0,734046000.0,-1120003000.0,-11450000.0,336906000.0,0.0,24044000.0,24044000.0,24044000.0,0.0,0.0,0.008,1027140000.0,180836000.0,621254000.0,0.0,3.531,138.072,196.711,425043000.0,0.0,18.688,1.049,1.053,504952000.0,-579126000.0,3163960000.0,3163960000.0,0.0,0.008,0.027,0.09,0.056,17326000.0,908290000.0,1.0,177648788.0,178308000.0,,17.744,1522995000.0,234008000.0,43025000.0,44537000.0,8.541,239855000.0
86,DGX,MRT,2000-03-31,2000-03-31,2000-03-31,2021-10-22,-1441000.0,2838635000.0,2464122000.0,830424000.0,2008211000.0,1.088,5.076,-80935000.0,28487000.0,28487000.0,1671618000.0,6963000.0,1.334,2.168,1205628000.0,47729000.0,1157899000.0,1205628000.0,0.0,107537000.0,0.0,0.0,0.0,117217000.0,224754000.0,0.084,224754000.0,117217000.0,33363000.0,0.035,0.03,0.035,896030000.0,802481750.0,896030000.0,2927421302.0,25.0,13.025,178158000.0,1.009,1.0,1009263000.0,0.376,1425275000.0,83854000.0,1967968000.0,1675086250.0,49905000.0,0.0,0.0,0.0,1942605000.0,622533000.0,1320072000.0,1737828302.0,-125710000.0,-1035537000.0,5529000.0,757776000.0,0.0,725636000.0,-1110439000.0,-7719000.0,259093000.0,0.0,6963000.0,6963000.0,6963000.0,0.0,0.0,0.003,886689000.0,122574000.0,527971000.0,0.0,1.939,249.58,283.929,423283000.0,0.0,9.938,0.648,0.654,484225000.0,-609265000.0,2680881000.0,2680881000.0,0.0,0.003,0.009,0.07,0.044,13052000.0,776674000.0,1.0,174875804.0,176524000.0,,15.187,1413360000.0,236564000.0,26400000.0,46833000.0,8.007,207891000.0
87,DGX,MRT,1999-12-31,1999-12-31,1999-12-31,2021-10-22,-2450000.0,2878481000.0,2084013000.0,872661000.0,2005820000.0,1.058,4.989,-76029000.0,27284000.0,27284000.0,1379989000.0,-3413000.0,1.244,2.339,1216877000.0,45435000.0,1171442000.0,1216877000.0,0.0,90835000.0,0.0,0.0,0.0,73695000.0,164530000.0,0.075,164530000.0,73695000.0,12245000.0,-0.025,-0.025,-0.025,862062000.0,722546000.0,862062000.0,2550443665.0,35.0,15.501,173506000.0,1.004,1.0,825254000.0,0.374,1435882000.0,61450000.0,1930948000.0,1378505750.0,52302000.0,0.0,0.0,0.0,2016419000.0,701244000.0,1315175000.0,1320083665.0,-175624000.0,-1034612000.0,3326000.0,720808000.0,0.0,682831000.0,-1107990000.0,-10051000.0,249535000.0,0.0,-3413000.0,-3413000.0,-3413000.0,0.0,0.0,-0.002,746609000.0,78645000.0,655809000.0,0.0,1.531,-386.781,-305.6,427978000.0,0.0,7.64,0.599,0.599,539256000.0,-627045000.0,2205243000.0,2205243000.0,0.0,-0.002,-0.005,0.053,0.033,9597000.0,643440000.0,1.0,172785820.0,172785820.0,,12.763,1442599000.0,228982000.0,15658000.0,0.0,8.349,171417000.0
88,DGX,MRT,1999-09-30,1999-09-30,1999-09-30,2021-10-22,-145000.0,2826565000.0,1704452750.0,875011000.0,1951554000.0,1.029,5.814,-59115000.0,36799000.0,36799000.0,1109652000.0,16463000.0,1.37,2.306,1267159000.0,36684000.0,1230475000.0,1267159000.0,0.0,74390000.0,0.0,0.0,0.0,79023000.0,153413000.0,0.087,153413000.0,79023000.0,40776000.0,0.153,0.148,0.153,855017000.0,648763000.0,855017000.0,1042562914.0,13.0,6.796,164268000.0,1.117,1.0,644345000.0,0.367,1384690000.0,38247000.0,2033425000.0,1100272750.0,51376000.0,0.0,0.0,0.0,1971548000.0,638810000.0,1332738000.0,791197914.0,-144197000.0,-1025948000.0,221000.0,765864000.0,1000.0,729013000.0,-1096593000.0,-10639000.0,223383000.0,0.0,16463000.0,16463000.0,16463000.0,0.0,0.0,0.009,554189000.0,90156000.0,575790000.0,0.0,0.925,48.059,42.484,445000000.0,0.0,6.5,0.451,0.545,553684000.0,-612477000.0,1753997000.0,1753997000.0,0.0,0.01,0.025,0.072,0.045,5783000.0,500361000.0,1.0,121722756.0,147072000.0,,11.926,1441875000.0,175798000.0,24313000.0,26336000.0,9.804,236201000.0
89,DGX,MRT,1999-06-30,1999-06-30,1999-06-30,2021-10-22,433000.0,1312807000.0,1339352750.0,527807000.0,785000000.0,1.12,4.987,-46056000.0,148478000.0,148478000.0,934426000.0,31920000.0,1.684,1.2,399843000.0,61452000.0,338391000.0,399843000.0,0.0,67494000.0,0.0,0.0,0.0,88137000.0,155631000.0,0.104,155631000.0,88137000.0,60517000.0,0.268,0.263,0.268,596818000.0,575356750.0,596818000.0,1086892867.0,12.0,6.984,106746000.0,0.892,1.0,565442000.0,0.377,482813000.0,27620000.0,768004000.0,804793000.0,32923000.0,0.0,0.0,0.0,715989000.0,313355000.0,402634000.0,824456867.0,-4208000.0,-948000.0,-8105000.0,-89114000.0,58000.0,-100816000.0,-56194000.0,-7437000.0,152802000.0,0.0,31920000.0,31920000.0,31920000.0,0.0,0.0,0.021,468400000.0,97042000.0,239224000.0,0.0,1.381,25.829,25.541,243107000.0,0.0,6.845,0.55,0.546,238935000.0,-603051000.0,1499868000.0,1499868000.0,0.0,0.024,0.055,0.11,0.059,3394000.0,447136000.0,1.0,120446584.0,119680000.0,,12.532,829994000.0,92521000.0,28597000.0,12679000.0,6.935,214452000.0
90,DGX,MRT,1999-03-31,1999-03-31,1999-03-31,2021-10-22,-1719000.0,1318199000.0,1352171250.0,530639000.0,787560000.0,1.089,4.848,-42270000.0,154197000.0,154197000.0,916161000.0,27687000.0,1.716,1.287,416633000.0,56446000.0,360187000.0,416633000.0,0.0,68007000.0,0.0,0.0,0.0,85917000.0,153924000.0,0.105,153924000.0,85917000.0,54269000.0,0.233,0.228,0.233,576287000.0,566306000.0,576287000.0,930457754.0,11.0,6.045,94104000.0,0.792,1.0,556412000.0,0.378,489784000.0,31648000.0,781646000.0,841884750.0,33042000.0,0.0,0.0,0.0,741912000.0,309205000.0,432707000.0,668495754.0,-18387000.0,-948000.0,-13714000.0,-90233000.0,0.0,-106787000.0,-47974000.0,-7169000.0,136374000.0,0.0,27687000.0,27687000.0,27687000.0,0.0,0.0,0.019,463450000.0,92962000.0,243216000.0,0.0,1.16,24.145,23.873,241295000.0,0.0,5.562,0.454,0.449,243801000.0,-616110000.0,1472573000.0,1472573000.0,0.0,0.02,0.049,0.102,0.058,2113000.0,442039000.0,1.0,120179012.0,118864000.0,,12.389,828415000.0,83820000.0,26582000.0,9543000.0,6.969,221434000.0
91,DGX,MRT,1998-12-31,1998-12-31,1998-12-31,2021-10-22,-3038000.0,1360240000.0,1373516000.0,578187000.0,782053000.0,1.062,4.746,-39575000.0,202908000.0,202908000.0,896793000.0,26885000.0,1.868,1.399,464870000.0,51444000.0,413426000.0,464870000.0,0.0,68845000.0,0.0,0.0,0.0,87264000.0,156109000.0,0.107,156109000.0,87264000.0,53861000.0,0.225,0.223,0.225,566930000.0,560099000.0,566930000.0,821503509.0,9.0,5.262,101807000.0,0.852,1.0,561814000.0,0.385,494721000.0,33403000.0,818016000.0,878972000.0,31164000.0,0.0,0.0,0.0,793310000.0,309465000.0,483845000.0,531908509.0,41247000.0,-948000.0,-12887000.0,-49853000.0,0.0,-60415000.0,-39720000.0,-2232000.0,141382000.0,0.0,26885000.0,26885000.0,26885000.0,0.0,0.0,0.018,467582000.0,94232000.0,242285000.0,0.0,0.938,19.785,19.789,240389000.0,0.0,4.452,0.365,0.365,220861000.0,-623514000.0,1458607000.0,1458607000.0,0.0,0.02,0.048,0.099,0.06,2113000.0,445885000.0,1.0,119462888.0,119462888.0,,12.21,865519000.0,107783000.0,26976000.0,15736000.0,7.245,268722000.0
92,DGX,MRT,1998-09-30,1998-09-30,1998-09-30,2021-10-22,-2972000.0,1366165000.0,1383688000.0,561685000.0,804480000.0,1.056,4.728,-37190000.0,180996000.0,180996000.0,901574000.0,-15842000.0,1.852,1.434,470591000.0,47091000.0,423500000.0,470591000.0,0.0,70287000.0,0.0,0.0,0.0,29834000.0,100121000.0,0.069,100121000.0,29834000.0,-6213000.0,-0.143,-0.145,-0.143,561392000.0,553531500.0,561392000.0,834037862.0,28.0,8.33,105618000.0,0.889,1.0,559189000.0,0.383,500891000.0,36047000.0,851506000.0,910755750.0,29799000.0,0.0,0.0,0.0,804773000.0,303363000.0,501410000.0,497727862.0,56487000.0,0.0,-12224000.0,-45343000.0,-19000.0,-57684000.0,-28637000.0,-1232000.0,142808000.0,0.0,-15842000.0,-15842000.0,-15842000.0,0.0,0.0,-0.011,525707000.0,33482000.0,243789000.0,0.0,0.887,-31.418,-28.846,241418000.0,0.0,4.125,0.341,0.335,253103000.0,-628823000.0,1460763000.0,1460763000.0,0.0,-0.011,-0.029,0.033,0.02,0.0,454896000.0,1.0,120661300.0,118744000.0,,12.302,865274000.0,84778000.0,9629000.0,12483000.0,7.287,258322000.0
93,DGX,MRT,1998-06-30,1998-06-30,1998-06-30,2021-10-22,-2209000.0,1364081000.0,1397582250.0,551095000.0,812986000.0,1.054,4.706,-37320000.0,152686000.0,152686000.0,919874000.0,-18910000.0,1.98,1.433,488996000.0,42656000.0,446340000.0,488996000.0,0.0,72134000.0,0.0,0.0,0.0,26044000.0,98178000.0,0.067,98178000.0,26044000.0,-11990000.0,-0.168,-0.17,-0.168,560615000.0,554839000.0,560615000.0,995398217.0,38.0,10.139,99649000.0,0.836,1.0,553809000.0,0.376,505624000.0,38034000.0,916371000.0,947416750.0,29221000.0,0.0,0.0,0.0,803466000.0,278396000.0,525070000.0,660931217.0,76852000.0,0.0,-4894000.0,-27086000.0,-18000.0,-32096000.0,-28021000.0,-482000.0,136969000.0,0.0,-18910000.0,-18910000.0,-18910000.0,0.0,0.0,-0.013,523167000.0,30642000.0,226117000.0,0.0,1.179,-34.951,-32.56,244396000.0,0.0,5.47,0.448,0.442,269023000.0,-634854000.0,1473683000.0,1473683000.0,0.0,-0.014,-0.034,0.027,0.018,0.0,451804000.0,1.0,120828376.0,119132000.0,,12.37,858457000.0,85862000.0,6920000.0,9623000.0,7.206,272699000.0
94,DGX,MRT,1998-03-31,1998-03-31,1998-03-31,2021-10-22,-2059000.0,1403578000.0,1405860250.0,581618000.0,821960000.0,1.073,4.644,-34900000.0,172584000.0,172584000.0,941661000.0,-19676000.0,1.942,1.545,507051000.0,37654000.0,469397000.0,507051000.0,0.0,74155000.0,0.0,0.0,0.0,25692000.0,99847000.0,0.066,99847000.0,25692000.0,-13805000.0,-0.173,-0.173,-0.173,551459000.0,554988250.0,551459000.0,859634662.0,33.0,8.61,119974000.0,1.01,1.0,566806000.0,0.376,508602000.0,39497000.0,929995000.0,976779500.0,29958000.0,0.0,0.0,0.0,852119000.0,299448000.0,552671000.0,506486662.0,104670000.0,-16000000.0,-45000.0,-9351000.0,0.0,-9523000.0,-40681000.0,359000.0,154874000.0,0.0,-19676000.0,-19676000.0,-19676000.0,0.0,0.0,-0.013,535502000.0,31304000.0,248290000.0,0.0,0.918,-25.741,-24.292,247690000.0,0.0,4.202,0.336,0.331,274246000.0,-643679000.0,1508467000.0,1508467000.0,0.0,-0.014,-0.035,0.026,0.017,0.0,463525000.0,1.0,120520324.0,118752000.0,,12.703,894976000.0,88108000.0,5871000.0,13504000.0,7.537,282170000.0
95,DGX,MRT,1997-12-31,1997-12-31,1997-12-31,2021-10-22,-2515000.0,1400928000.0,1401354000.0,571884000.0,829044000.0,1.091,4.522,-30836000.0,161661000.0,161661000.0,962935000.0,-22260000.0,1.938,1.591,514809000.0,32648000.0,482161000.0,514809000.0,0.0,76397000.0,0.0,0.0,0.0,21938000.0,98335000.0,0.064,98335000.0,21938000.0,-19058000.0,-0.193,-0.193,-0.193,540660000.0,553732250.0,540660000.0,895439154.0,41.0,9.106,145431000.0,1.216,1.0,565760000.0,0.37,513779000.0,40996000.0,945151000.0,1007505750.0,30360000.0,0.0,0.0,0.0,860268000.0,295146000.0,565122000.0,504575154.0,119701000.0,-16000000.0,0.0,-21367000.0,0.0,-21465000.0,-35101000.0,1338000.0,176267000.0,0.0,-22260000.0,-22260000.0,-22260000.0,0.0,0.0,-0.015,539691000.0,26069000.0,244885000.0,0.0,0.933,-22.667,-21.865,250223000.0,0.0,4.22,0.33,0.33,269969000.0,-650281000.0,1528695000.0,1528695000.0,0.0,-0.016,-0.04,0.022,0.014,0.0,467052000.0,1.0,119567572.0,119567572.0,,12.785,887149000.0,120653000.0,3202000.0,17613000.0,7.42,276738000.0
96,DGX,MRT,1997-09-30,1997-09-30,1997-09-30,2021-10-22,-2429000.0,1421742000.0,1399888500.0,553435000.0,868307000.0,1.106,4.836,-33173000.0,124509000.0,124509000.0,950137000.0,-451963000.0,1.984,1.509,515373000.0,24408000.0,490965000.0,515373000.0,0.0,81675000.0,0.0,0.0,0.0,-396398000.0,-314723000.0,-0.203,-314723000.0,-396398000.0,-442926000.0,,,,566622000.0,553247000.0,566622000.0,943429003.0,-2.0,-2.998,-25679000.0,-0.219,1.0,598128000.0,0.386,535497000.0,46528000.0,998150000.0,1044470500.0,29235000.0,0.0,0.0,0.0,855120000.0,278959000.0,576161000.0,503521003.0,76190000.0,-16000000.0,0.0,-4583000.0,-69000.0,114411000.0,-45715000.0,3651000.0,7494000.0,0.0,-451963000.0,-451963000.0,-451963000.0,0.0,0.0,-0.292,990173000.0,-392045000.0,232991000.0,,0.889,-1.114,,267912000.0,0.0,4.235,0.325,0.321,293255000.0,-612863000.0,1548265000.0,1548265000.0,0.0,-0.323,-0.817,-0.38,-0.256,0.0,495402000.0,1.0,118895160.0,117172000.0,,13.214,886245000.0,91597000.0,9037000.0,21560000.0,7.564,274476000.0
97,DGX,MRT,1997-06-30,1997-06-30,1997-06-30,2021-10-22,-2856000.0,1397193000.0,,523470000.0,873723000.0,,4.821,-36479000.0,75834000.0,75834000.0,976363000.0,-574392000.0,2.082,1.49,515742000.0,16535000.0,499207000.0,515742000.0,0.0,87626000.0,0.0,0.0,0.0,-556172000.0,-468546000.0,-0.297,-468546000.0,-556172000.0,-612181000.0,,,,561212000.0,,561212000.0,1054257723.0,-2.0,-2.25,-61182000.0,-0.526,1.0,603621000.0,0.382,551813000.0,56009000.0,1033822000.0,,27921000.0,0.0,0.0,0.0,835981000.0,251466000.0,584515000.0,606432723.0,38229000.0,-16000000.0,0.0,-11051000.0,-40000.0,107972000.0,-45040000.0,3653000.0,-24703000.0,0.0,-574392000.0,-574392000.0,-574392000.0,0.0,0.0,-0.364,1155648000.0,-552027000.0,210073000.0,,1.081,-1.056,,273140000.0,0.0,5.14,0.384,0.379,310387000.0,-615827000.0,1579984000.0,1579984000.0,0.0,,,,-0.352,0.0,500901000.0,1.0,117983020.0,116408000.0,,13.573,845380000.0,95402000.0,-37789000.0,24858000.0,7.262,272004000.0
98,DGX,MRT,1997-03-31,1997-03-31,1997-03-31,2021-10-22,-4600000.0,1385553000.0,,516511000.0,869042000.0,,4.732,-56369000.0,67914000.0,67914000.0,1003071000.0,-620402000.0,2.152,1.536,515739000.0,8827000.0,506912000.0,515739000.0,0.0,93712000.0,0.0,0.0,0.0,-600754000.0,-507042000.0,-0.316,-507042000.0,-600754000.0,-666143000.0,,,,546435000.0,,546435000.0,930754410.0,-2.0,-1.836,-85863000.0,-0.744,1.0,599933000.0,0.374,540421000.0,65389000.0,1052900000.0,,28604000.0,0.0,0.0,0.0,839118000.0,240057000.0,599061000.0,436921410.0,23084000.0,0.0,0.0,-13188000.0,-1172000.0,104703000.0,-52125000.0,-2439000.0,-29494000.0,0.0,-620402000.0,-620402000.0,-620402000.0,0.0,0.0,-0.387,1198674000.0,-598741000.0,214716000.0,,0.8,-0.704,,279168000.0,0.0,3.72,0.273,0.268,313827000.0,-623886000.0,1603004000.0,1603004000.0,0.0,,,,-0.375,0.0,493252000.0,1.0,117451992.0,115480000.0,,13.881,845132000.0,90209000.0,-45741000.0,16514000.0,7.318,276454000.0
99,DGX,MRT,1996-12-31,1996-12-31,1996-12-31,2021-10-22,-4829000.0,1395066000.0,1624225500.0,510965000.0,884101000.0,0.995,4.587,-70396000.0,41960000.0,41960000.0,1010875000.0,-625960000.0,2.049,1.59,535793000.0,20785000.0,515008000.0,535793000.0,0.0,99098000.0,0.0,0.0,0.0,-601284000.0,-502186000.0,-0.311,-502186000.0,-601284000.0,-676202000.0,-5.43,-5.43,-5.43,538719000.0,417260000.0,538719000.0,,,,-158882000.0,-1.353,1.0,605421000.0,0.375,546457000.0,74918000.0,1093010000.0,1392806000.0,28524000.0,0.0,0.0,0.0,856347000.0,249432000.0,606915000.0,444262160.0,5514000.0,0.0,0.0,39783000.0,-1172000.0,157674000.0,-63674000.0,-5267000.0,-88486000.0,0.0,-625960000.0,-625960000.0,-625960000.0,0.0,0.0,-0.387,1205492000.0,-600071000.0,206701000.0,0.0,0.825,-0.71,-0.697,287749000.0,0.0,3.783,0.275,0.275,328637000.0,-627892000.0,1616296000.0,1616296000.0,0.0,-0.385,-1.5,-0.432,-0.372,0.0,495323000.0,1.0,117451992.0,117451992.0,,13.761,848609000.0,118582000.0,-50242000.0,21946000.0,7.225,261533000.0
100,DGX,MRT,1996-09-30,1996-09-30,1996-09-30,2021-10-22,,,,,,,,,,,,,,,,,,,,,,,0.0,,,,,,,,,,,,,,,,,,1.0,,,,,,,,,,,,,,,,,,,,,,,,,,,,,,,,,,,,,,,,,,,,,,,,,,,,,,1.0,,,,,,,,,,
101,DGX,MRT,1996-06-30,1996-06-30,1996-06-30,2021-10-22,,,,,,,,,,,,,,,,,,,,,,,0.0,,,,,,,,,,,,,,,,,,1.0,,,,,,,,,,,,,,,,,,,,,,,,,,,,,,,,,,,,,,,,,,,,,,,,,,,,,,1.0,,,,,,,,,,
102,DGX,MRT,1996-03-31,1996-03-31,1996-03-31,2021-10-22,,,,,,,,,,,,,,,,,,,,,,,0.0,,,,,,,,,,,,,,,,,,1.0,,,,,,,,,,,,,,,,,,,,,,,,,,,,,,,,,,,,,,,,,,,,,,,,,,,,,,1.0,,,,,,,,,,
103,DGX,MRT,1995-12-31,1995-12-31,1995-12-31,2021-10-22,1096000.0,1853385000.0,,502158000.0,1351227000.0,,,-74045000.0,36446000.0,36446000.0,980232000.0,-52052000.0,1.666,5.266,1207714000.0,12148000.0,1195566000.0,1207714000.0,0.0,101513000.0,0.0,,0.0,24448000.0,125961000.0,0.077,125961000.0,24448000.0,-57568000.0,,,,295801000.0,,295801000.0,,,,11783000.0,,1.0,649156000.0,0.398,1030633000.0,82016000.0,1692602000.0,,26601000.0,0.0,0.0,0.0,1557584000.0,301418000.0,1256166000.0,,-2273000.0,-22907000.0,0.0,41945000.0,-36959000.0,4986000.0,-93087000.0,985000.0,85828000.0,0.0,-52052000.0,-52052000.0,-52052000.0,0.0,0.0,-0.032,618487000.0,30669000.0,240525000.0,,,,,296116000.0,0.0,,,,318252000.0,-3118000.0,1629388000.0,1629388000.0,0.0,,,,0.015,0.0,523271000.0,1.0,,,,,822752000.0,104907000.0,-5516000.0,39766000.0,,200740000.0
104,DGX,MRT,1994-12-31,1994-12-31,1994-12-31,2021-10-22,,,,,,,,-93354000.0,,,969844000.0,28345000.0,,,,,,,,89517000.0,,,0.0,126050000.0,215567000.0,0.132,215567000.0,126050000.0,62755000.0,,,,,,,,,,-55391000.0,,1.0,663855000.0,0.406,,63295000.0,,,,,,,,,,,-691000.0,-12154000.0,0.0,68000000.0,-60468000.0,7532000.0,-46186000.0,3560000.0,37963000.0,0.0,28345000.0,28345000.0,28345000.0,0.0,0.0,0.017,534341000.0,129514000.0,,,,,,,0.0,,,,,,1633699000.0,1633699000.0,0.0,,,,0.077,0.0,411939000.0,1.0,,,,,,,34410000.0,,,
