None,ticker,dimension,calendardate,datekey,reportperiod,lastupdated,accoci,assets,assetsavg,assetsc,assetsnc,assetturnover,bvps,capex,cashneq,cashnequsd,cor,consolinc,currentratio,de,debt,debtc,debtnc,debtusd,deferredrev,depamor,deposits,divyield,dps,ebit,ebitda,ebitdamargin,ebitdausd,ebitusd,ebt,eps,epsdil,epsusd,equity,equityavg,equityusd,ev,evebit,evebitda,fcf,fcfps,fxusd,gp,grossmargin,intangibles,intexp,invcap,invcapavg,inventory,investments,investmentsc,investmentsnc,liabilities,liabilitiesc,liabilitiesnc,marketcap,ncf,ncfbus,ncfcommon,ncfdebt,ncfdiv,ncff,ncfi,ncfinv,ncfo,ncfx,netinc,netinccmn,netinccmnusd,netincdis,netincnci,netmargin,opex,opinc,payables,payoutratio,pb,pe,pe1,ppnenet,prefdivis,price,ps,ps1,receivables,retearn,revenue,revenueusd,rnd,roa,roe,roic,ros,sbcomp,sgna,sharefactor,sharesbas,shareswa,shareswadil,sps,tangibles,taxassets,taxexp,taxliabilities,tbvps,workingcapital
0,SRCL,MRY,2020-12-31,2020-12-31,2020-12-31,2021-08-06,-187400000.0,5581900000.0,5813400000.0,552500000.0,5029400000.0,0.46,26.558,-119500000.0,53300000.0,53300000.0,1622400000.0,-55900000.0,0.793,1.295,2165300000.0,177200000.0,1988100000.0,2165300000.0,0.0,233500000.0,0.0,0.0,0.0,24500000.0,258000000.0,0.096,258000000.0,24500000.0,-57400000.0,-0.63,-0.63,-0.63,2430100000.0,2332875000.0,2430100000.0,8685732814.0,355.0,33.666,410700000.0,4.489,1.0,1053100000.0,0.394,3906700000.0,81900000.0,3090100000.0,3636875000.0,0.0,0.0,0.0,0.0,3147500000.0,697100000.0,2450400000.0,6347332814.0,18600000.0,498900000.0,-400000.0,-890700000.0,0.0,-892500000.0,381400000.0,0.0,530200000.0,-500000.0,-57300000.0,-57300000.0,-57300000.0,0.0,1400000.0,-0.021,1021200000.0,31900000.0,181200000.0,0.0,2.612,-110.774,-110.048,1066300000.0,0.0,69.33,2.372,2.371,380700000.0,1382600000.0,2675500000.0,2675500000.0,0.0,-0.01,-0.025,0.007,0.009,25500000.0,897600000.0,1.0,91552471.0,91500000.0,91500000.0,29.24,1675200000.0,0.0,-100000.0,403100000.0,18.308,-144600000.0
1,SRCL,MRY,2019-12-31,2019-12-31,2019-12-31,2021-08-06,-318100000.0,6437000000.0,6708425000.0,706600000.0,5730400000.0,0.493,25.614,-194200000.0,34700000.0,34700000.0,2134400000.0,-346000000.0,0.934,1.76,3115200000.0,199800000.0,2915400000.0,3115200000.0,0.0,272800000.0,0.0,0.0,0.0,-245300000.0,27500000.0,0.008,27500000.0,-245300000.0,-363600000.0,-3.81,-3.81,-3.81,2330900000.0,2482300000.0,2330900000.0,8926159303.0,-36.0,324.588,53800000.0,0.591,1.0,1174500000.0,0.355,4404600000.0,118300000.0,4356000000.0,4410125000.0,0.0,0.0,0.0,0.0,4102300000.0,756900000.0,3345400000.0,5814859303.0,400000.0,86400000.0,19900000.0,-160800000.0,0.0,-141600000.0,-104000000.0,0.0,248000000.0,-2000000.0,-346800000.0,-346800000.0,-346800000.0,0.0,800000.0,-0.105,1386400000.0,-211900000.0,290800000.0,0.0,2.495,-16.767,-16.748,1233500000.0,0.0,63.81,1.757,1.755,544300000.0,1442400000.0,3308900000.0,3308900000.0,0.0,-0.052,-0.14,-0.056,-0.074,17100000.0,1055100000.0,1.0,91127712.0,91000000.0,91000000.0,36.362,2032400000.0,0.0,-16800000.0,295100000.0,22.334,-50300000.0
2,SRCL,MRY,2018-12-31,2018-12-31,2018-12-31,2021-08-06,-365300000.0,6455500000.0,6822175000.0,747300000.0,5708200000.0,0.511,29.706,-130800000.0,34300000.0,34300000.0,2109900000.0,-245600000.0,1.019,1.491,2783000000.0,119100000.0,2663900000.0,2783000000.0,0.0,255900000.0,0.0,0.0,0.0,-168500000.0,87400000.0,0.025,87400000.0,-168500000.0,-274500000.0,-2.91,-2.91,-2.91,2587400000.0,2834800000.0,2587400000.0,6109925230.0,-36.0,69.908,34900000.0,0.401,1.0,1376000000.0,0.395,4859900000.0,106000000.0,3611100000.0,3445650000.0,0.0,0.0,0.0,0.0,3858400000.0,733200000.0,3125200000.0,3323925230.0,-7900000.0,-19500000.0,20100000.0,-2700000.0,0.0,-25700000.0,-147500000.0,0.0,165700000.0,-400000.0,-244700000.0,-253300000.0,-253300000.0,0.0,-900000.0,-0.073,1537100000.0,-161100000.0,309100000.0,0.0,1.285,-13.122,-12.608,743500000.0,8600000.0,36.69,0.954,0.917,599600000.0,1789200000.0,3485900000.0,3485900000.0,0.0,-0.037,-0.089,-0.049,-0.048,24100000.0,1165600000.0,1.0,90594855.0,87100000.0,87100000.0,40.022,1595600000.0,0.0,-29800000.0,307300000.0,18.319,14100000.0
3,SRCL,MRY,2017-12-31,2017-12-31,2017-12-31,2021-08-06,-287000000.0,6988300000.0,7009753750.0,813400000.0,6174900000.0,0.511,33.958,-143000000.0,42200000.0,42200000.0,2118200000.0,43000000.0,0.839,1.408,2741800000.0,126500000.0,2615300000.0,2741800000.0,0.0,249500000.0,0.0,0.0,0.0,-14800000.0,234700000.0,0.066,234700000.0,-14800000.0,-108500000.0,0.27,0.27,0.27,2896600000.0,2833774250.0,2896600000.0,8530833839.0,-576.0,36.348,365600000.0,4.286,1.0,1462500000.0,0.408,5395500000.0,93700000.0,3323000000.0,3463164000.0,0.0,0.0,0.0,0.0,4079700000.0,969400000.0,3110300000.0,5804501839.0,-2000000.0,-51300000.0,10200000.0,-260200000.0,0.0,-321200000.0,-193000000.0,0.0,508600000.0,3600000.0,42400000.0,23400000.0,23400000.0,0.0,600000.0,0.007,1470100000.0,-7600000.0,251000000.0,0.0,2.004,248.056,251.815,741000000.0,19000000.0,67.99,1.621,1.62,624100000.0,2029500000.0,3580700000.0,3580700000.0,0.0,0.003,0.008,-0.004,-0.004,21300000.0,1395600000.0,1.0,85372876.0,85300000.0,85600000.0,41.978,1592800000.0,0.0,-150900000.0,371100000.0,18.673,-156000000.0
4,SRCL,MRY,2016-12-31,2016-12-31,2016-12-31,2021-08-06,-367600000.0,6980100000.0,7074069000.0,773600000.0,6206500000.0,0.504,33.048,-136200000.0,44200000.0,44200000.0,2075400000.0,207900000.0,1.425,1.484,2954500000.0,77200000.0,2877300000.0,2954500000.0,17900000.0,252500000.0,0.0,0.0,0.0,424300000.0,676800000.0,0.19,676800000.0,424300000.0,326500000.0,2.1,2.08,2.1,2805800000.0,2819485000.0,2805800000.0,9527318376.0,22.0,14.077,424600000.0,5.001,1.0,1486900000.0,0.417,5453000000.0,97800000.0,3894500000.0,3991266000.0,0.0,0.0,0.0,0.0,4163700000.0,542900000.0,3620800000.0,6554831376.0,-11400000.0,-61800000.0,-3300000.0,-295000000.0,0.0,-376800000.0,-195600000.0,0.0,560800000.0,200000.0,206300000.0,178200000.0,178200000.0,0.0,1600000.0,0.05,1053100000.0,433800000.0,206500000.0,0.0,2.336,36.784,36.686,723900000.0,28100000.0,77.04,1.84,1.836,634900000.0,2006100000.0,3562300000.0,3562300000.0,0.0,0.025,0.063,0.106,0.119,20500000.0,1053100000.0,1.0,85083481.0,84900000.0,85600000.0,41.959,1527100000.0,0.0,120200000.0,645400000.0,17.987,230700000.0
5,SRCL,MRY,2015-12-31,2015-12-31,2015-12-31,2021-08-06,-282631000.0,7065163000.0,5288019500.0,761828000.0,6303335000.0,0.565,32.154,-114800000.0,55634000.0,55634000.0,1731100000.0,268000000.0,1.297,1.582,3201761000.0,161409000.0,3040352000.0,3201761000.0,16989000.0,127400000.0,0.0,0.0,0.0,487400000.0,614800000.0,0.206,614800000.0,487400000.0,409900000.0,3.02,2.98,3.02,2729891000.0,2334903000.0,2729891000.0,11732372865.0,24.0,19.083,271300000.0,3.196,1.0,1254800000.0,0.42,5600738000.0,77500000.0,4023203000.0,2802886250.0,0.0,69000.0,69000.0,0.0,4317325000.0,587349000.0,3729976000.0,10249163865.0,33400000.0,-2419400000.0,-70500000.0,1516700000.0,0.0,2185400000.0,-2533900000.0,0.0,386100000.0,-4200000.0,267000000.0,256900000.0,256900000.0,0.0,1000000.0,0.086,767200000.0,487600000.0,149202000.0,0.0,3.754,39.896,39.934,665602000.0,10100000.0,120.6,3.433,3.429,614494000.0,1868645000.0,2985900000.0,2985900000.0,0.0,0.049,0.11,0.174,0.163,4800000.0,767200000.0,1.0,84984775.0,84900000.0,86200000.0,35.17,1464425000.0,0.0,142900000.0,608272000.0,17.249,174479000.0
6,SRCL,MRY,2014-12-31,2014-12-31,2014-12-31,2021-08-06,-138419000.0,4373302000.0,4280449000.0,551894000.0,3821408000.0,0.597,22.312,-86496000.0,22236000.0,22236000.0,1461190000.0,328146000.0,1.197,1.296,1659215000.0,131969000.0,1527246000.0,1659215000.0,21624000.0,104616000.0,0.0,0.0,0.0,552020000.0,656636000.0,0.257,656636000.0,552020000.0,485878000.0,3.84,3.79,3.84,1895012000.0,1836817500.0,1895012000.0,12767308026.0,23.0,19.444,362004000.0,4.262,1.0,1094411000.0,0.428,3328477000.0,66142000.0,2220897000.0,2143771250.0,0.0,380000.0,380000.0,0.0,2456117000.0,460907000.0,1995210000.0,11131886026.0,-44931000.0,-374321000.0,-142214000.0,99460000.0,0.0,-30049000.0,-462774000.0,-1957000.0,448500000.0,-608000.0,326456000.0,326456000.0,326456000.0,0.0,1690000.0,0.128,538075000.0,556336000.0,114596000.0,0.0,5.874,34.099,34.135,460408000.0,0.0,131.08,4.356,4.356,465473000.0,1743371000.0,2555601000.0,2555601000.0,0.0,0.076,0.178,0.257,0.216,-133000.0,505383000.0,1.0,84924367.0,84932792.0,86233612.0,30.09,1044825000.0,0.0,159422000.0,403847000.0,12.302,90987000.0
7,SRCL,MRY,2013-12-31,2013-12-31,2013-12-31,2021-08-06,-56468000.0,3887973000.0,3723434500.0,540265000.0,3347708000.0,0.575,20.377,-73109000.0,67167000.0,67167000.0,1178173000.0,313084000.0,1.298,1.211,1431043000.0,150380000.0,1280663000.0,1431043000.0,18826000.0,88408000.0,0.0,0.0,0.0,531277000.0,619685000.0,0.289,619685000.0,531277000.0,476034000.0,3.62,3.56,3.62,1750461000.0,1674304750.0,1750461000.0,11296566400.0,21.0,18.23,332198000.0,3.867,1.0,964634000.0,0.45,2951617000.0,55243000.0,1884048000.0,1829321500.0,0.0,413000.0,413000.0,0.0,2120435000.0,416184000.0,1704251000.0,9956977400.0,32507000.0,-161936000.0,-121355000.0,-30791000.0,0.0,-136019000.0,-234972000.0,73000.0,405307000.0,-1809000.0,311372000.0,311372000.0,311372000.0,0.0,1712000.0,0.145,429015000.0,535619000.0,89146000.0,0.0,5.688,31.978,32.091,358967000.0,0.0,116.17,4.647,4.657,388996000.0,1610964000.0,2142807000.0,2142807000.0,0.0,0.084,0.186,0.29,0.248,304000.0,401948000.0,1.0,85710402.0,85902550.0,87391988.0,24.945,936356000.0,18031000.0,164662000.0,396119000.0,10.9,124081000.0
8,SRCL,MRY,2012-12-31,2012-12-31,2012-12-31,2021-08-06,-39064000.0,3546738000.0,3393805500.0,441286000.0,3105452000.0,0.564,18.053,-65236000.0,31324000.0,31324000.0,1055844000.0,269941000.0,1.333,1.29,1356084000.0,87781000.0,1268303000.0,1356084000.0,18095000.0,76283000.0,0.0,0.0,0.0,466926000.0,543209000.0,0.284,543209000.0,466926000.0,415252000.0,3.14,3.08,3.14,1541793000.0,1421627000.0,1541793000.0,9292717653.0,20.0,17.107,325548000.0,3.812,1.0,857305000.0,0.448,2732574000.0,51674000.0,1807864000.0,1721809750.0,0.0,503000.0,503000.0,0.0,1989415000.0,331060000.0,1658355000.0,8011772653.0,12149000.0,-223603000.0,16433000.0,-132223000.0,0.0,-91526000.0,-288928000.0,-89000.0,390784000.0,1819000.0,267996000.0,267996000.0,267996000.0,0.0,1945000.0,0.14,388469000.0,468836000.0,80886000.0,0.0,5.196,29.895,29.707,335870000.0,0.0,93.28,4.188,4.164,322246000.0,1463277000.0,1913149000.0,1913149000.0,0.0,0.079,0.189,0.271,0.244,-13822000.0,366415000.0,1.0,85889501.0,85401365.0,87018473.0,22.402,814164000.0,22995000.0,147256000.0,359780000.0,9.533,110226000.0
9,SRCL,MRY,2011-12-31,2011-12-31,2011-12-31,2021-08-06,-45984000.0,3177090000.0,2985457750.0,390596000.0,2786494000.0,0.561,14.019,-53301000.0,22511000.0,22511000.0,915304000.0,237343000.0,1.195,1.627,1384639000.0,100526000.0,1284113000.0,1384639000.0,12855000.0,66046000.0,0.0,0.0,0.0,419163000.0,485209000.0,0.289,485209000.0,419163000.0,369732000.0,2.75,2.69,2.75,1198166000.0,1187430750.0,1198166000.0,8008464101.0,19.0,16.505,252803000.0,2.958,1.0,760744000.0,0.454,2460321000.0,49431000.0,1751983000.0,1609398500.0,0.0,416000.0,416000.0,0.0,1949839000.0,326914000.0,1622925000.0,6632082101.0,-56765000.0,-466838000.0,-92770000.0,224218000.0,0.0,137872000.0,-504197000.0,15942000.0,306104000.0,3456000.0,234751000.0,234751000.0,234751000.0,0.0,2592000.0,0.14,336433000.0,424311000.0,66635000.0,0.0,5.535,28.252,28.335,293912000.0,0.0,77.92,3.957,3.973,290854000.0,1243303000.0,1676048000.0,1676048000.0,0.0,0.079,0.198,0.26,0.25,-2043000.0,320164000.0,1.0,85113990.0,85467421.0,87367712.0,19.61,716769000.0,19314000.0,134981000.0,313733000.0,8.386,63682000.0
10,SRCL,MRY,2010-12-31,2010-12-31,2010-12-31,2021-08-06,-16869000.0,2639023000.0,2415327000.0,368688000.0,2270335000.0,0.596,12.326,-48320000.0,79276000.0,79276000.0,771961000.0,210457000.0,1.195,1.487,1105628000.0,91406000.0,1014222000.0,1105628000.0,14455000.0,53885000.0,0.0,0.0,0.0,366356000.0,420241000.0,0.292,420241000.0,366356000.0,329275000.0,2.44,2.39,2.44,1048425000.0,976130750.0,1048425000.0,7877899221.0,22.0,18.746,277350000.0,3.261,1.0,667427000.0,0.464,1970938000.0,37081000.0,1385948000.0,1299026500.0,0.0,16248000.0,16248000.0,0.0,1558673000.0,308489000.0,1250184000.0,6921142221.0,63509000.0,-182430000.0,-94335000.0,56083000.0,0.0,-13565000.0,-245482000.0,-14732000.0,325670000.0,-3114000.0,207879000.0,207879000.0,207879000.0,0.0,2578000.0,0.144,296744000.0,370683000.0,54777000.0,0.0,6.601,33.294,33.164,267971000.0,0.0,80.92,4.808,4.782,214899000.0,1017497000.0,1439388000.0,1439388000.0,0.0,0.086,0.213,0.282,0.255,-9389000.0,286825000.0,1.0,85530675.0,85057775.0,86962651.0,16.922,668085000.0,16824000.0,121396000.0,222647000.0,7.854,60199000.0
11,SRCL,MRY,2009-12-31,2009-12-31,2009-12-31,2021-08-06,-12292000.0,2182803000.0,1925791250.0,246540000.0,1936263000.0,0.612,9.976,-39910000.0,15767000.0,15767000.0,625340000.0,176389000.0,1.059,1.568,988851000.0,78026000.0,910825000.0,988851000.0,14954000.0,39990000.0,0.0,0.0,0.0,311323000.0,351313000.0,0.298,351313000.0,311323000.0,276990000.0,2.07,2.03,2.07,845695000.0,769014000.0,845695000.0,5458527922.0,18.0,15.538,237336000.0,2.8,1.0,552396000.0,0.469,1663545000.0,34333000.0,1259528000.0,1108191000.0,0.0,1131000.0,1131000.0,0.0,1325630000.0,232814000.0,1092816000.0,4646771922.0,6672000.0,-310664000.0,-75686000.0,146553000.0,0.0,81772000.0,-350189000.0,385000.0,277246000.0,-2157000.0,175691000.0,175691000.0,175691000.0,0.0,698000.0,0.149,237207000.0,315189000.0,47608000.0,0.0,5.495,26.449,26.652,246154000.0,0.0,55.17,3.946,3.971,179770000.0,809618000.0,1177736000.0,1177736000.0,0.0,0.091,0.228,0.281,0.264,3733000.0,231817000.0,1.0,84226426.0,84769912.0,86744003.0,13.893,519258000.0,14087000.0,101299000.0,171744000.0,6.125,13726000.0
12,SRCL,MRY,2008-12-31,2008-12-31,2008-12-31,2021-08-06,-32075000.0,1759298000.0,1699791000.0,224430000.0,1534868000.0,0.638,7.801,-47520000.0,9095000.0,9095000.0,598650000.0,148771000.0,1.249,1.624,792726000.0,38880000.0,753846000.0,792726000.0,13663000.0,34148000.0,0.0,0.0,0.0,272108000.0,306256000.0,0.283,306256000.0,272108000.0,239004000.0,1.73,1.68,1.73,670480000.0,677416250.0,670480000.0,5185328917.0,19.0,16.931,163035000.0,1.897,1.0,485029000.0,0.448,1306402000.0,33104000.0,1056885000.0,996090000.0,0.0,1408000.0,1408000.0,0.0,1088660000.0,179642000.0,909018000.0,4456410917.0,-8013000.0,-84947000.0,-167338000.0,80137000.0,0.0,-77882000.0,-132930000.0,-463000.0,210555000.0,-7756000.0,148708000.0,148708000.0,148708000.0,0.0,63000.0,0.137,210790000.0,274239000.0,33612000.0,0.0,6.647,29.968,30.104,207144000.0,0.0,52.08,4.112,4.131,168598000.0,633927000.0,1083679000.0,1083679000.0,0.0,0.087,0.22,0.273,0.251,2436000.0,203210000.0,1.0,85568566.0,85950192.0,88335832.0,12.608,452896000.0,16821000.0,90296000.0,147287000.0,5.269,44788000.0
13,SRCL,MRY,2007-12-31,2007-12-31,2007-12-31,2021-08-06,30520000.0,1608159000.0,1468032500.0,210276000.0,1397883000.0,0.635,8.154,-48397000.0,17108000.0,17108000.0,514846000.0,118653000.0,1.404,1.252,635784000.0,22003000.0,613781000.0,635784000.0,12095000.0,31137000.0,0.0,0.0,0.0,225205000.0,256342000.0,0.275,256342000.0,225205000.0,191240000.0,1.35,1.32,1.35,714075000.0,669578000.0,714075000.0,5716176917.0,25.0,22.299,125645000.0,1.435,1.0,417921000.0,0.448,1186022000.0,33965000.0,891095000.0,799711000.0,0.0,1256000.0,1256000.0,0.0,894084000.0,149718000.0,744366000.0,5162293917.0,3616000.0,-114781000.0,-103679000.0,62990000.0,0.0,-32635000.0,-135261000.0,1301000.0,174042000.0,-2530000.0,118378000.0,118378000.0,118378000.0,0.0,275000.0,0.127,193377000.0,224544000.0,40049000.0,0.0,7.229,43.609,44.0,193039000.0,0.0,59.4,5.534,5.577,157435000.0,485219000.0,932767000.0,932767000.0,0.0,0.081,0.177,0.282,0.241,2660000.0,176737000.0,1.0,86907305.0,87578650.0,89933242.0,10.651,422137000.0,13510000.0,72862000.0,125041000.0,4.82,60558000.0
14,SRCL,MRY,2006-12-31,2006-12-31,2006-12-31,2021-08-06,5229000.0,1327906000.0,1261437000.0,218602000.0,1109304000.0,0.626,7.066,-35582000.0,13492000.0,13492000.0,439770000.0,105270000.0,1.539,1.124,465796000.0,22681000.0,443115000.0,465796000.0,11662000.0,27036000.0,0.0,0.0,0.0,200993000.0,228029000.0,0.289,228029000.0,200993000.0,172574000.0,1.19,1.16,1.19,625081000.0,587145000.0,625081000.0,3798009050.0,19.0,16.656,124580000.0,1.408,1.0,349867000.0,0.443,929852000.0,28419000.0,708327000.0,692144500.0,0.0,2548000.0,2548000.0,0.0,702825000.0,142031000.0,560794000.0,3350622050.0,5667000.0,-164015000.0,-42757000.0,86877000.0,0.0,52547000.0,-201425000.0,-1828000.0,160162000.0,-5617000.0,105270000.0,105270000.0,105270000.0,0.0,0.0,0.133,148105000.0,201762000.0,25033000.0,0.0,5.36,31.829,31.723,156953000.0,0.0,37.75,4.243,4.229,130354000.0,366841000.0,789637000.0,789637000.0,0.0,0.083,0.179,0.29,0.255,2183000.0,144366000.0,1.0,88758200.0,88466990.0,90529998.0,8.926,398054000.0,16072000.0,67304000.0,105521000.0,4.499,76571000.0
15,SRCL,MRY,2005-12-31,2005-12-31,2005-12-31,2021-08-06,546000.0,1047660000.0,932973750.0,144042000.0,903618000.0,0.653,5.89,-26012000.0,7825000.0,7825000.0,341420000.0,67154000.0,1.459,1.008,360885000.0,12044000.0,348841000.0,360885000.0,10394000.0,21431000.0,0.0,0.0,0.0,124991000.0,146422000.0,0.24,146422000.0,124991000.0,111980000.0,0.76,0.74,0.76,521634000.0,512152250.0,521634000.0,2841468639.0,23.0,19.406,68315000.0,0.771,1.0,268037000.0,0.44,746810000.0,13011000.0,555150000.0,445182500.0,5263000.0,14556000.0,3884000.0,10672000.0,526026000.0,98760000.0,427266000.0,2597948639.0,-25000.0,-139696000.0,-60657000.0,120157000.0,0.0,59500000.0,-156001000.0,-621000.0,94327000.0,2149000.0,67154000.0,67154000.0,67154000.0,0.0,0.0,0.11,101505000.0,166532000.0,27872000.0,0.0,4.98,38.686,38.737,136220000.0,0.0,29.44,4.263,4.278,103703000.0,261571000.0,609457000.0,609457000.0,0.0,0.072,0.131,0.281,0.205,7459000.0,98032000.0,1.0,88245538.0,88569160.0,90621018.0,6.881,300850000.0,13452000.0,44826000.0,71549000.0,3.397,45282000.0
16,SRCL,MRY,2004-12-31,2004-12-31,2004-12-31,2021-08-06,2461000.0,834141000.0,793074250.0,115492000.0,718649000.0,0.651,5.597,-33227000.0,7850000.0,7850000.0,288022000.0,78178000.0,1.387,0.684,203649000.0,13218000.0,190431000.0,203649000.0,7611000.0,21803000.0,0.0,0.0,0.0,139750000.0,161553000.0,0.313,161553000.0,139750000.0,128564000.0,0.885,0.845,0.885,495372000.0,475257000.0,495372000.0,2257145890.0,16.0,13.972,81384000.0,0.92,1.0,228206000.0,0.442,567608000.0,11186000.0,379094000.0,355212750.0,4259000.0,13039000.0,3522000.0,9517000.0,338769000.0,83238000.0,255531000.0,2068464890.0,610000.0,-72408000.0,-21661000.0,14720000.0,0.0,-6941000.0,-105093000.0,542000.0,114611000.0,-1967000.0,78178000.0,78178000.0,78178000.0,0.0,0.0,0.151,82551000.0,145655000.0,17998000.0,0.0,4.176,26.458,25.96,135512000.0,0.0,22.975,4.007,3.939,74888000.0,194417000.0,516228000.0,516228000.0,0.0,0.099,0.164,0.393,0.271,7740000.0,80623000.0,1.0,90031116.0,88501826.0,92391794.0,5.833,266533000.0,13296000.0,50386000.0,57477000.0,3.012,32254000.0
17,SRCL,MRY,2003-12-31,2003-12-31,2003-12-31,2021-08-06,530000.0,707462000.0,700073750.0,97737000.0,609725000.0,0.647,4.921,-20284000.0,7240000.0,7240000.0,256600000.0,65781000.0,1.417,0.735,167846000.0,4830000.0,163016000.0,167846000.0,4987000.0,17255000.0,0.0,0.0,0.0,121577000.0,138832000.0,0.306,138832000.0,121577000.0,108729000.0,0.795,0.715,0.795,407820000.0,380407250.0,407820000.0,2138080969.0,18.0,15.4,103603000.0,1.25,1.0,196625000.0,0.434,496588000.0,12848000.0,302486000.0,323264750.0,3244000.0,10581000.0,2864000.0,7717000.0,299642000.0,68994000.0,230648000.0,1964868969.0,-1135000.0,-37222000.0,-2671000.0,-64149000.0,0.0,-66820000.0,-57635000.0,-129000.0,123887000.0,-567000.0,65781000.0,65781000.0,65781000.0,0.0,0.0,0.145,70228000.0,126397000.0,15741000.0,0.0,4.818,29.87,29.371,96562000.0,0.0,23.35,4.335,4.27,59711000.0,116239000.0,453225000.0,453225000.0,0.0,0.094,0.173,0.376,0.268,10120000.0,69558000.0,1.0,84148564.0,82878040.0,92195604.0,5.469,210874000.0,12345000.0,42948000.0,42277000.0,2.544,28743000.0
18,SRCL,MRY,2002-12-31,2002-12-31,2002-12-31,2021-08-06,-229000.0,667095000.0,631861750.0,94356000.0,572739000.0,0.635,4.314,-14647000.0,8375000.0,8375000.0,237010000.0,45724000.0,1.755,1.042,228057000.0,3933000.0,224124000.0,228057000.0,3681000.0,14981000.0,0.0,0.0,0.0,97116000.0,112097000.0,0.279,112097000.0,97116000.0,75577000.0,0.595,0.505,0.595,326729000.0,278644000.0,326729000.0,1435936549.0,15.0,12.81,84084000.0,1.11,1.0,164509000.0,0.41,467382000.0,21539000.0,365641000.0,364501500.0,4494000.0,9052000.0,1335000.0,7717000.0,340366000.0,53754000.0,286612000.0,1222970549.0,-4362000.0,-34591000.0,5623000.0,-59328000.0,0.0,-53705000.0,-49470000.0,-232000.0,98731000.0,82000.0,45724000.0,45724000.0,45724000.0,0.0,0.0,0.114,63677000.0,100832000.0,14330000.0,0.0,3.743,26.747,27.21,88501000.0,0.0,16.19,3.046,3.054,62013000.0,50458000.0,401519000.0,401519000.0,0.0,0.072,0.164,0.266,0.242,4983000.0,60402000.0,1.0,75538638.0,75736730.0,90226342.0,5.302,199713000.0,6720000.0,29853000.0,30729000.0,2.637,40602000.0
19,SRCL,MRY,2001-12-31,2001-12-31,2001-12-31,2021-08-06,-3996000.0,614530000.0,605996250.0,98346000.0,516184000.0,0.592,3.654,-15412000.0,12737000.0,12737000.0,215959000.0,14710000.0,1.552,1.643,279998000.0,12633000.0,267365000.0,279998000.0,4920000.0,25234000.0,0.0,0.0,0.0,59933000.0,85167000.0,0.237,85167000.0,59933000.0,24516000.0,0.19,0.175,0.19,232510000.0,167512750.0,232510000.0,1444682166.0,24.0,16.963,49138000.0,0.772,1.0,143065000.0,0.398,422652000.0,35417000.0,395760000.0,448380250.0,6044000.0,6607000.0,4625000.0,1982000.0,382020000.0,63379000.0,318641000.0,1122633166.0,10071000.0,-21262000.0,52570000.0,-70376000.0,0.0,-17806000.0,-36673000.0,1000.0,64550000.0,0.0,14710000.0,14710000.0,14710000.0,0.0,0.0,0.041,69771000.0,73294000.0,13317000.0,0.0,4.828,76.318,80.105,82736000.0,0.0,15.22,3.127,2.698,65300000.0,5412000.0,359024000.0,359024000.0,0.0,0.024,0.088,0.134,0.167,1792000.0,66086000.0,1.0,73760392.0,63635580.0,84401524.0,5.642,191878000.0,0.0,9806000.0,3194000.0,3.015,34967000.0
20,SRCL,MRY,2000-12-31,2000-12-31,2000-12-31,2021-08-06,0.0,597982000.0,593917500.0,91011000.0,506971000.0,0.545,2.263,-11586000.0,2666000.0,2666000.0,196345000.0,14511000.0,2.111,3.439,350201000.0,5097000.0,345104000.0,350201000.0,505000.0,23469000.0,0.0,0.0,0.0,63601000.0,87070000.0,0.269,87070000.0,63601000.0,23816000.0,0.2,0.18,0.2,134700000.0,127434250.0,134700000.0,920030735.0,14.0,10.567,-1117000.0,-0.019,1.0,127377000.0,0.393,418790000.0,39785000.0,483614000.0,480162250.0,3216000.0,281000.0,281000.0,0.0,463282000.0,43113000.0,420169000.0,570812735.0,-16678000.0,-4516000.0,2299000.0,-13546000.0,0.0,-11547000.0,-15600000.0,502000.0,10469000.0,0.0,14511000.0,14511000.0,14511000.0,0.0,0.0,0.045,63911000.0,63466000.0,14444000.0,0.0,4.238,39.337,47.663,73908000.0,0.0,9.533,1.763,1.753,71225000.0,-6756000.0,323722000.0,323722000.0,0.0,0.024,0.114,0.132,0.196,1219000.0,59457000.0,1.0,59880696.0,59516412.0,80371376.0,5.439,179192000.0,0.0,9305000.0,0.0,3.011,47898000.0
21,SRCL,MRY,1999-12-31,1999-12-31,1999-12-31,2021-08-06,0.0,595786000.0,242328500.0,77540000.0,518246000.0,0.548,2.074,-3795000.0,19344000.0,19344000.0,86123000.0,13968000.0,1.53,4.044,361185000.0,5741000.0,355444000.0,361185000.0,142000.0,9879000.0,0.0,0.0,0.0,13993000.0,23872000.0,0.18,23872000.0,13993000.0,7798000.0,0.24,0.23,0.24,118114000.0,110457000.0,118114000.0,266694855.0,19.0,11.172,7982000.0,0.14,1.0,46725000.0,0.352,421001000.0,6195000.0,465944000.0,148854750.0,2035000.0,285000.0,285000.0,0.0,477672000.0,50682000.0,426990000.0,276933855.0,18061000.0,-422280000.0,47650000.0,315407000.0,0.0,431912000.0,-425628000.0,447000.0,11777000.0,0.0,13968000.0,13968000.0,13968000.0,0.0,0.0,0.105,34441000.0,12284000.0,17923000.0,0.0,2.345,19.826,19.594,75112000.0,0.0,4.702,2.085,2.016,48284000.0,-18724000.0,132848000.0,132848000.0,0.0,0.058,0.126,0.094,0.105,192000.0,26480000.0,1.0,58890772.0,56960336.0,60967112.0,2.332,174785000.0,0.0,-6170000.0,0.0,3.069,26858000.0
22,SRCL,MRY,1998-12-31,1998-12-31,1998-12-31,2021-08-06,0.0,97755000.0,72368250.0,21810000.0,75945000.0,0.921,1.26,-3937000.0,1283000.0,1283000.0,45328000.0,5713000.0,1.056,0.822,28959000.0,5499000.0,23460000.0,28959000.0,2178000.0,4064000.0,0.0,0.0,0.0,7138000.0,11202000.0,0.168,11202000.0,7138000.0,6361000.0,0.135,0.128,0.135,53651000.0,49429000.0,53651000.0,184017709.0,26.0,16.427,925000.0,0.022,1.0,21353000.0,0.32,49112000.0,777000.0,55675000.0,32112500.0,1291000.0,536000.0,536000.0,0.0,44104000.0,20644000.0,23460000.0,175265709.0,-4091000.0,-19775000.0,344000.0,14456000.0,0.0,14800000.0,-23753000.0,-41000.0,4862000.0,0.0,5713000.0,5713000.0,5713000.0,0.0,0.0,0.086,14929000.0,6424000.0,6502000.0,0.0,3.267,30.678,29.87,23100000.0,0.0,4.032,2.628,2.576,16582000.0,-32352000.0,66681000.0,66681000.0,0.0,0.079,0.116,0.222,0.107,0.0,14929000.0,1.0,43463288.0,42588344.0,45054112.0,1.566,48643000.0,0.0,648000.0,0.0,1.142,1166000.0
23,SRCL,MRY,1997-12-31,1997-12-31,1997-12-31,2021-08-06,0.0,61266000.0,58210500.0,17152000.0,44114000.0,0.793,1.099,-1235000.0,5374000.0,5374000.0,34109000.0,1430000.0,1.398,0.36,6527000.0,3052000.0,3475000.0,6527000.0,255000.0,3078000.0,0.0,0.0,0.0,2004000.0,5082000.0,0.11,5082000.0,2004000.0,1576000.0,0.035,0.033,0.035,45026000.0,42520000.0,45026000.0,,,,-1335000.0,-0.033,1.0,12057000.0,0.261,29458000.0,428000.0,20688000.0,21850500.0,660000.0,0.0,0.0,0.0,16200000.0,12273000.0,3927000.0,153351426.0,-6576000.0,-5552000.0,57000.0,-3210000.0,0.0,-3153000.0,-3323000.0,3464000.0,-100000.0,0.0,1430000.0,1430000.0,1430000.0,0.0,0.0,0.031,10671000.0,1386000.0,1927000.0,0.0,3.406,107.239,104.5,11241000.0,0.0,3.658,3.322,3.245,10286000.0,-38061000.0,46166000.0,46166000.0,0.0,0.025,0.034,0.092,0.043,0.0,10671000.0,1.0,41927936.0,40959984.0,43064464.0,1.127,31808000.0,0.0,146000.0,0.0,0.777,4879000.0
24,SRCL,MRY,1996-12-31,1996-12-31,1996-12-31,2021-08-06,0.0,55155000.0,,23781000.0,31374000.0,,,-995000.0,11950000.0,11950000.0,19423000.0,-2389000.0,2.595,0.378,7806000.0,3215000.0,4591000.0,7806000.0,670000.0,2064000.0,0.0,0.0,0.0,-2016000.0,48000.0,0.002,48000.0,-2016000.0,-2389000.0,-0.08,-0.08,-0.08,40014000.0,,40014000.0,,,,-938000.0,,1.0,5119000.0,0.209,18834000.0,373000.0,23013000.0,,360000.0,5799000.0,5799000.0,0.0,15141000.0,9164000.0,5977000.0,,11812000.0,-6516000.0,28535000.0,-3530000.0,0.0,25065000.0,-13310000.0,-5799000.0,57000.0,0.0,-2389000.0,-2389000.0,-2389000.0,0.0,0.0,-0.097,7556000.0,-2437000.0,1510000.0,0.0,,,-35.938,12007000.0,0.0,2.875,,,4756000.0,-39491000.0,24542000.0,24542000.0,0.0,,,,-0.082,0.0,7556000.0,1.0,,,,,36321000.0,0.0,0.0,0.0,,14617000.0
25,SRCL,MRY,1995-12-31,1995-12-31,1995-12-31,2021-08-06,,,,,,,,-726000.0,,,17478000.0,-4544000.0,,,,,,,,1916000.0,,,0.0,-4267000.0,-2351000.0,-0.11,-2351000.0,-4267000.0,-4544000.0,-0.203,-0.203,-0.203,,,,,,,-1597000.0,,1.0,3861000.0,0.181,,277000.0,,,,,,,,,,,-1068000.0,333000.0,18000.0,205000.0,0.0,196000.0,-393000.0,0.0,-871000.0,0.0,-4544000.0,-4544000.0,-4544000.0,0.0,0.0,-0.213,8137000.0,-4276000.0,,0.0,,,,,0.0,,,,,,21339000.0,21339000.0,0.0,,,,-0.2,0.0,8137000.0,1.0,,,,,,,0.0,,,
0,SRCL,MRQ,2021-06-30,2021-06-30,2021-06-30,2021-08-06,-193700000.0,5517100000.0,,548400000.0,4968700000.0,,27.122,-35000000.0,61700000.0,61700000.0,403600000.0,29300000.0,0.81,1.214,2081800000.0,184200000.0,1897600000.0,2081800000.0,0.0,55000000.0,0.0,0.0,0.0,56300000.0,111300000.0,0.165,111300000.0,56300000.0,38400000.0,0.32,0.32,0.32,2489800000.0,,2489800000.0,8652076439.0,58.0,23.208,52200000.0,0.569,1.0,269100000.0,0.4,3841400000.0,17900000.0,3019100000.0,,0.0,0.0,0.0,0.0,3023600000.0,676700000.0,2346900000.0,6565476439.0,11700000.0,-700000.0,1500000.0,-44000000.0,0.0,-42500000.0,-33900000.0,0.0,87200000.0,900000.0,29300000.0,29300000.0,29300000.0,0.0,0.0,0.044,213500000.0,55600000.0,176900000.0,0.0,2.637,289.228,286.2,1073700000.0,0.0,71.55,2.494,2.495,402700000.0,1438000000.0,672700000.0,672700000.0,0.0,,,,,7100000.0,213500000.0,1.0,91760677.0,91800000.0,92100000.0,7.328,1675700000.0,0.0,9100000.0,389600000.0,18.254,-128300000.0
1,SRCL,MRQ,2021-03-31,2021-03-31,2021-03-31,2021-08-06,-200300000.0,5531400000.0,,537200000.0,4994200000.0,,26.694,-24700000.0,50000000.0,50000000.0,406600000.0,26200000.0,0.797,1.261,2136600000.0,180300000.0,1956300000.0,2136600000.0,0.0,55300000.0,0.0,0.0,0.0,58300000.0,113600000.0,0.17,113600000.0,58300000.0,39900000.0,0.29,0.28,0.29,2445200000.0,,2445200000.0,8296536687.0,71.0,24.034,37900000.0,0.414,1.0,261400000.0,0.391,3865300000.0,18400000.0,3078700000.0,,0.0,0.0,0.0,0.0,3082600000.0,674000000.0,2408600000.0,6184536687.0,-3300000.0,0.0,-5100000.0,-34400000.0,0.0,-40100000.0,-24500000.0,0.0,62600000.0,-1300000.0,26100000.0,26100000.0,26100000.0,0.0,100000.0,0.039,202300000.0,59100000.0,195100000.0,0.0,2.529,-557.165,-562.583,1075900000.0,0.0,67.51,2.417,2.417,388300000.0,1408700000.0,668000000.0,668000000.0,0.0,,,,,5100000.0,202300000.0,1.0,91609194.0,91600000.0,92000000.0,7.293,1666100000.0,0.0,13800000.0,394000000.0,18.189,-136800000.0
2,SRCL,MRQ,2020-12-31,2020-12-31,2020-12-31,2021-08-06,-187400000.0,5581900000.0,,552500000.0,5029400000.0,,26.472,-24800000.0,53300000.0,53300000.0,386400000.0,49000000.0,0.793,1.295,2165300000.0,177200000.0,1988100000.0,2165300000.0,0.0,55700000.0,0.0,0.0,0.0,91500000.0,147200000.0,0.224,147200000.0,91500000.0,71600000.0,0.53,0.53,0.53,2430100000.0,,2430100000.0,8685732814.0,355.0,33.666,140200000.0,1.527,1.0,269500000.0,0.411,3906700000.0,19900000.0,3090100000.0,,0.0,0.0,0.0,0.0,3147500000.0,697100000.0,2450400000.0,6347332814.0,-6100000.0,77700000.0,500000.0,-223300000.0,0.0,-224200000.0,53200000.0,0.0,165000000.0,-100000.0,48500000.0,48500000.0,48500000.0,0.0,500000.0,0.074,176300000.0,93200000.0,181200000.0,0.0,2.612,-110.774,-110.048,1066300000.0,0.0,69.33,2.372,2.371,380700000.0,1382600000.0,655900000.0,655900000.0,0.0,,,,,5200000.0,218900000.0,1.0,91552471.0,91800000.0,91800000.0,7.145,1675200000.0,0.0,23100000.0,403100000.0,18.248,-144600000.0
3,SRCL,MRQ,2020-09-30,2020-09-30,2020-09-30,2021-08-06,-229600000.0,5633200000.0,,565700000.0,5067500000.0,,25.504,-20100000.0,59400000.0,59400000.0,369100000.0,-80900000.0,0.824,1.412,2397800000.0,206400000.0,2191400000.0,2397800000.0,0.0,57700000.0,0.0,0.0,0.0,-57000000.0,700000.0,0.001,700000.0,-57000000.0,-74700000.0,-0.89,-0.89,-0.89,2333600000.0,,2333600000.0,8234710917.0,-31.0,-337.488,137800000.0,1.506,1.0,267300000.0,0.42,3924200000.0,17700000.0,3360500000.0,,0.0,0.0,0.0,0.0,3294700000.0,686900000.0,2607800000.0,5768910917.0,17400000.0,-6500000.0,200000.0,-117500000.0,0.0,-117300000.0,-24100000.0,0.0,157900000.0,900000.0,-81200000.0,-81200000.0,-81200000.0,0.0,300000.0,-0.128,323100000.0,-55800000.0,156100000.0,0.0,2.472,-17.745,-17.664,1074600000.0,0.0,63.06,2.046,2.046,384900000.0,1334100000.0,636400000.0,636400000.0,0.0,,,,,7400000.0,219000000.0,1.0,91482888.0,91500000.0,91500000.0,6.955,1709000000.0,0.0,6500000.0,356900000.0,18.678,-121200000.0
4,SRCL,MRQ,2020-06-30,2020-06-30,2020-06-30,2021-08-06,-347000000.0,5685300000.0,,592600000.0,5092700000.0,,25.072,-35000000.0,42000000.0,42000000.0,368500000.0,-4100000.0,0.897,1.479,2507800000.0,197900000.0,2309900000.0,2507800000.0,0.0,60200000.0,0.0,0.0,0.0,23500000.0,83700000.0,0.14,83700000.0,23500000.0,4200000.0,-0.05,-0.05,-0.05,2291600000.0,,2291600000.0,8106126403.0,-33.0,1724.708,90200000.0,0.987,1.0,229700000.0,0.384,3946400000.0,19300000.0,3544400000.0,,0.0,0.0,0.0,0.0,3389200000.0,660300000.0,2728900000.0,5117526403.0,6000000.0,427700000.0,100000.0,-511500000.0,0.0,-511400000.0,392400000.0,0.0,125200000.0,-200000.0,-4500000.0,-4500000.0,-4500000.0,0.0,400000.0,-0.008,204800000.0,24900000.0,149600000.0,0.0,2.233,-16.884,-16.811,1081600000.0,0.0,55.98,1.697,1.696,376100000.0,1415300000.0,598200000.0,598200000.0,0.0,,,,,7800000.0,201000000.0,1.0,91417049.0,91400000.0,91400000.0,6.545,1738900000.0,0.0,8700000.0,363000000.0,19.025,-67700000.0
5,SRCL,MRQ,2020-03-31,2020-03-31,2020-03-31,2021-08-06,-357200000.0,6353200000.0,,1203200000.0,5150000000.0,,24.931,-39600000.0,36000000.0,36000000.0,498400000.0,-19900000.0,1.47,1.789,3024600000.0,186200000.0,2838400000.0,3024600000.0,0.0,59900000.0,0.0,0.0,0.0,-33500000.0,26400000.0,0.034,26400000.0,-33500000.0,-58500000.0,-0.22,-0.22,-0.22,2276200000.0,,2276200000.0,7514454119.0,-28.0,-825.764,42500000.0,0.465,1.0,286600000.0,0.365,3970800000.0,25000000.0,4552500000.0,,0.0,0.0,0.0,0.0,4073000000.0,818500000.0,3254500000.0,4433954119.0,1300000.0,0.0,-1200000.0,-38400000.0,0.0,-39600000.0,-40100000.0,0.0,82100000.0,-1100000.0,-20100000.0,-20100000.0,-20100000.0,0.0,200000.0,-0.026,317000000.0,-30400000.0,203600000.0,0.0,1.948,-13.473,-13.457,1112700000.0,0.0,48.58,1.359,1.359,418000000.0,1419800000.0,785000000.0,785000000.0,0.0,,,,,5100000.0,258700000.0,1.0,91271184.0,91300000.0,91300000.0,8.598,2382400000.0,0.0,-38400000.0,380600000.0,26.094,384700000.0
6,SRCL,MRQ,2019-12-31,2019-12-31,2019-12-31,2021-08-06,-318100000.0,6437000000.0,,706600000.0,5730400000.0,,25.614,-33000000.0,34700000.0,34700000.0,520400000.0,-219200000.0,0.934,1.76,3115200000.0,199800000.0,2915400000.0,3115200000.0,0.0,65700000.0,0.0,0.0,0.0,-200900000.0,-135200000.0,-0.169,-135200000.0,-200900000.0,-228100000.0,-2.41,-2.41,-2.41,2330900000.0,,2330900000.0,8926159303.0,-36.0,324.588,13800000.0,0.152,1.0,279500000.0,0.349,4404600000.0,27200000.0,4356000000.0,,0.0,0.0,0.0,0.0,4102300000.0,756900000.0,3345400000.0,5814859303.0,3900000.0,68800000.0,3700000.0,-85300000.0,0.0,-81600000.0,37300000.0,0.0,46800000.0,1400000.0,-219300000.0,-219300000.0,-219300000.0,0.0,100000.0,-0.274,478000000.0,-198500000.0,290800000.0,0.0,2.495,-16.767,-16.748,1233500000.0,0.0,63.81,1.757,1.755,544300000.0,1442400000.0,799900000.0,799900000.0,0.0,,,,,3400000.0,245700000.0,1.0,91127712.0,91000000.0,91000000.0,8.79,2032400000.0,0.0,-8800000.0,295100000.0,22.334,-50300000.0
7,SRCL,MRQ,2019-09-30,2019-09-30,2019-09-30,2021-08-06,-385400000.0,6676300000.0,,750500000.0,5925800000.0,,27.154,-53000000.0,30800000.0,30800000.0,537800000.0,-59000000.0,0.943,1.697,3142100000.0,204400000.0,2937700000.0,3142100000.0,0.0,67700000.0,0.0,0.0,0.0,-37900000.0,29800000.0,0.036,29800000.0,-37900000.0,-67800000.0,-0.65,-0.65,-0.65,2473700000.0,,2473700000.0,7829682038.0,-20.0,-65.139,77200000.0,0.847,1.0,295300000.0,0.354,4645200000.0,29900000.0,4346700000.0,,0.0,0.0,0.0,0.0,4199000000.0,795700000.0,3403300000.0,4640782038.0,-3700000.0,4300000.0,2300000.0,-84900000.0,0.0,-83300000.0,-48200000.0,0.0,130200000.0,-2400000.0,-59200000.0,-59200000.0,-59200000.0,0.0,200000.0,-0.071,329800000.0,-34500000.0,216900000.0,0.0,1.876,-10.408,-10.045,1177200000.0,0.0,50.93,1.38,1.38,562800000.0,1661700000.0,833100000.0,833100000.0,0.0,,,,,3700000.0,246600000.0,1.0,91120794.0,91100000.0,91100000.0,9.145,2031100000.0,0.0,-8600000.0,396900000.0,22.295,-45200000.0
8,SRCL,MRQ,2019-06-30,2019-06-30,2019-06-30,2021-08-06,-356600000.0,6869700000.0,,819100000.0,6050600000.0,,28.11,-42100000.0,34500000.0,34500000.0,543200000.0,-30200000.0,1.045,1.684,3223400000.0,209000000.0,3014400000.0,3223400000.0,0.0,69800000.0,0.0,0.0,0.0,100000.0,69900000.0,0.083,69900000.0,100000.0,-33500000.0,-0.33,-0.33,-0.33,2558000000.0,,2558000000.0,7501003691.0,-26.0,-312.542,-7300000.0,-0.08,1.0,302600000.0,0.358,4757900000.0,33600000.0,4516500000.0,,0.0,0.0,0.0,0.0,4307500000.0,784200000.0,3523300000.0,4347203691.0,-13700000.0,0.0,13600000.0,-21600000.0,0.0,-8000000.0,-40800000.0,0.0,34800000.0,300000.0,-30500000.0,-30500000.0,-30500000.0,0.0,300000.0,-0.036,277300000.0,25300000.0,229400000.0,0.0,1.699,-11.775,-11.315,1179400000.0,0.0,47.75,1.285,1.284,613700000.0,1720900000.0,845800000.0,845800000.0,0.0,,,,,5700000.0,277000000.0,1.0,91040915.0,91000000.0,91000000.0,9.295,2111800000.0,0.0,-3000000.0,436300000.0,23.207,34900000.0
9,SRCL,MRQ,2019-03-31,2019-03-31,2019-03-31,2021-08-06,-356900000.0,6850700000.0,,801600000.0,6049100000.0,,28.298,-66100000.0,48200000.0,48200000.0,533000000.0,-37600000.0,1.02,1.668,3202000000.0,202100000.0,2999900000.0,3202000000.0,0.0,69600000.0,0.0,0.0,0.0,-6600000.0,63000000.0,0.076,63000000.0,-6600000.0,-34200000.0,-0.42,-0.42,-0.42,2566600000.0,,2566600000.0,7684766076.0,-34.0,228.713,-29900000.0,-0.33,1.0,297100000.0,0.358,4797200000.0,27600000.0,4421300000.0,,0.0,0.0,0.0,0.0,4280200000.0,786000000.0,3494200000.0,4936066076.0,13900000.0,13300000.0,300000.0,31000000.0,0.0,31300000.0,-52300000.0,0.0,36200000.0,-1300000.0,-37800000.0,-37800000.0,-37800000.0,0.0,200000.0,-0.046,301300000.0,-4200000.0,210700000.0,0.0,1.923,-15.816,-15.201,1145600000.0,0.0,54.42,1.443,1.443,600900000.0,1751400000.0,830100000.0,830100000.0,0.0,,,,,4300000.0,285800000.0,1.0,90703162.0,90700000.0,90700000.0,9.152,2053500000.0,0.0,3600000.0,422100000.0,22.641,15600000.0
10,SRCL,MRQ,2018-12-31,2018-12-31,2018-12-31,2021-08-06,-365300000.0,6455500000.0,,747300000.0,5708200000.0,,28.527,-33900000.0,34300000.0,34300000.0,524000000.0,-319200000.0,1.019,1.491,2783000000.0,119100000.0,2663900000.0,2783000000.0,0.0,63700000.0,0.0,0.0,0.0,-346600000.0,-282900000.0,-0.332,-282900000.0,-346600000.0,-375300000.0,-3.67,-3.67,-3.67,2587400000.0,,2587400000.0,6109925230.0,-36.0,69.908,41900000.0,0.462,1.0,328700000.0,0.385,4859900000.0,28700000.0,3611100000.0,,0.0,0.0,0.0,0.0,3858400000.0,733200000.0,3125200000.0,3323925230.0,-17700000.0,-5100000.0,0.0,-56900000.0,0.0,-57100000.0,-38100000.0,0.0,75800000.0,1700000.0,-318400000.0,-318400000.0,-318400000.0,0.0,-800000.0,-0.373,674600000.0,-345900000.0,309100000.0,0.0,1.285,-13.122,-12.608,743500000.0,0.0,36.69,0.954,0.917,599600000.0,1789200000.0,852700000.0,852700000.0,0.0,,,,,4600000.0,314500000.0,1.0,90594855.0,90700000.0,90100000.0,9.401,1595600000.0,0.0,-56900000.0,307300000.0,17.592,14100000.0
11,SRCL,MRQ,2018-09-30,2018-09-30,2018-09-30,2021-08-06,-342500000.0,6902900000.0,,803100000.0,6099800000.0,,33.697,-32900000.0,52000000.0,52000000.0,519400000.0,23500000.0,1.072,1.359,2838000000.0,117200000.0,2720800000.0,2838000000.0,0.0,63900000.0,0.0,0.0,0.0,62100000.0,126000000.0,0.147,126000000.0,62100000.0,34400000.0,0.2,0.2,0.2,2921500000.0,,2921500000.0,7649394930.0,50.0,18.313,-174000000.0,-2.007,1.0,335500000.0,0.392,5284400000.0,27700000.0,3655200000.0,,0.0,0.0,0.0,0.0,3970300000.0,749300000.0,3221000000.0,5039894930.0,7000000.0,6400000.0,11300000.0,174300000.0,0.0,174600000.0,-26000000.0,0.0,-141100000.0,-500000.0,23500000.0,17500000.0,17500000.0,0.0,0.0,0.02,267200000.0,68300000.0,222800000.0,0.0,1.725,33.962,33.919,755100000.0,6000000.0,58.68,1.431,1.445,607400000.0,2107600000.0,854900000.0,854900000.0,0.0,,,,,6700000.0,267200000.0,1.0,85887780.0,86700000.0,86800000.0,9.86,1618500000.0,0.0,10900000.0,435000000.0,18.668,53800000.0
12,SRCL,MRQ,2018-06-30,2018-06-30,2018-06-30,2021-08-06,-345800000.0,6914600000.0,,813300000.0,6101300000.0,,33.765,-35500000.0,45000000.0,45000000.0,530000000.0,27600000.0,0.812,1.388,2654500000.0,118800000.0,2535700000.0,2654500000.0,0.0,65600000.0,0.0,0.0,0.0,61900000.0,127500000.0,0.144,127500000.0,61900000.0,37300000.0,0.31,0.31,0.31,2890300000.0,,2890300000.0,8258591383.0,45.0,18.63,85100000.0,0.994,1.0,353300000.0,0.4,5297100000.0,24600000.0,3225600000.0,,0.0,0.0,0.0,0.0,4013000000.0,1001400000.0,3011600000.0,5587291383.0,-4400000.0,-4900000.0,5100000.0,-70000000.0,0.0,-80600000.0,-39300000.0,0.0,120600000.0,-5100000.0,27700000.0,26600000.0,26600000.0,0.0,-100000.0,0.03,290900000.0,62400000.0,205900000.0,0.0,1.933,33.577,33.482,744400000.0,1100000.0,65.29,1.574,1.575,629600000.0,2090100000.0,883300000.0,883300000.0,0.0,,,,,5700000.0,290900000.0,1.0,85576526.0,85600000.0,85800000.0,10.319,1617500000.0,0.0,9600000.0,414200000.0,18.896,-188100000.0
13,SRCL,MRQ,2018-03-31,2018-03-31,2018-03-31,2021-08-06,-270700000.0,7015700000.0,,810600000.0,6205100000.0,,34.386,-28500000.0,49400000.0,49400000.0,536500000.0,22500000.0,0.811,1.382,2720700000.0,134500000.0,2586200000.0,2720700000.0,0.0,62700000.0,0.0,0.0,0.0,54100000.0,116800000.0,0.131,116800000.0,54100000.0,29100000.0,0.25,0.25,0.25,2940000000.0,,2940000000.0,7706511215.0,-105.0,42.648,81900000.0,0.958,1.0,358500000.0,0.401,5396400000.0,25000000.0,3290700000.0,,0.0,0.0,0.0,0.0,4063600000.0,999900000.0,3063700000.0,5006911215.0,7200000.0,-15900000.0,3700000.0,-50100000.0,0.0,-62600000.0,-44100000.0,0.0,110400000.0,3500000.0,22500000.0,21000000.0,21000000.0,0.0,0.0,0.023,304400000.0,54100000.0,177000000.0,0.0,1.703,-556.323,-585.3,748900000.0,1500000.0,58.53,1.397,1.397,633500000.0,2063500000.0,895000000.0,895000000.0,0.0,,,,,7100000.0,304400000.0,1.0,85544357.0,85500000.0,85800000.0,10.468,1619300000.0,0.0,6600000.0,416900000.0,18.939,-189300000.0
14,SRCL,MRQ,2017-12-31,2017-12-31,2017-12-31,2021-08-06,-287000000.0,6988300000.0,,813400000.0,6174900000.0,,33.958,-51300000.0,42200000.0,42200000.0,543800000.0,89600000.0,0.839,1.408,2741800000.0,126500000.0,2615300000.0,2741800000.0,0.0,72300000.0,0.0,0.0,0.0,-24900000.0,47400000.0,0.053,47400000.0,-24900000.0,-47100000.0,0.97,0.97,0.97,2896600000.0,,2896600000.0,8530833839.0,-576.0,36.348,65300000.0,0.766,1.0,344000000.0,0.387,5395500000.0,22200000.0,3323000000.0,,0.0,0.0,0.0,0.0,4079700000.0,969400000.0,3110300000.0,5804501839.0,-10000000.0,-28700000.0,5200000.0,-42900000.0,0.0,-49900000.0,-79300000.0,0.0,116600000.0,2600000.0,89200000.0,83300000.0,83300000.0,0.0,400000.0,0.094,367400000.0,-23400000.0,251000000.0,0.0,2.004,248.056,251.815,741000000.0,5900000.0,67.99,1.621,1.62,624100000.0,2029500000.0,887800000.0,887800000.0,0.0,,,,,4000000.0,292900000.0,1.0,85372876.0,85300000.0,86500000.0,10.408,1592800000.0,0.0,-136300000.0,371100000.0,18.673,-156000000.0
15,SRCL,MRQ,2017-09-30,2017-09-30,2017-09-30,2021-08-06,-286693000.0,7016362000.0,,794706000.0,6221656000.0,,32.912,-28600000.0,52171000.0,52171000.0,514700000.0,39000000.0,0.817,1.495,2778503000.0,144771000.0,2633732000.0,2778503000.0,19071000.0,60300000.0,0.0,0.0,0.0,91300000.0,151600000.0,0.172,151600000.0,91300000.0,66800000.0,0.42,0.41,0.42,2807383000.0,,2807383000.0,8928983620.0,126.0,29.34,124500000.0,1.46,1.0,368100000.0,0.417,5456652000.0,24500000.0,3313375000.0,,0.0,0.0,0.0,0.0,4197641000.0,972667000.0,3224974000.0,6111956620.0,7998000.0,-1500000.0,600000.0,-95300000.0,0.0,-112300000.0,-29900000.0,0.0,153100000.0,-2900000.0,39000000.0,35500000.0,35500000.0,0.0,0.0,0.04,274500000.0,93600000.0,144600000.0,0.0,2.177,-129.466,-132.63,729571000.0,3500000.0,71.62,1.698,1.697,627904000.0,1946133000.0,882800000.0,882800000.0,0.0,,,,,5400000.0,274500000.0,1.0,85338685.0,85300000.0,85600000.0,10.349,1559710000.0,0.0,27800000.0,501647000.0,18.285,-177961000.0
16,SRCL,MRQ,2017-06-30,2017-06-30,2017-06-30,2021-08-06,-316737000.0,7037497000.0,,796114000.0,6241383000.0,,32.238,-30000000.0,44191000.0,44191000.0,536000000.0,-144200000.0,0.87,1.555,2861218000.0,111400000.0,2749818000.0,2861218000.0,19239000.0,58700000.0,0.0,0.0,0.0,-193800000.0,-135100000.0,-0.147,-135100000.0,-193800000.0,-217500000.0,-1.74,-1.74,-1.74,2749938000.0,,2749938000.0,9323975079.0,87.0,27.012,40600000.0,0.476,1.0,381700000.0,0.416,5476616000.0,23700000.0,3462675000.0,,0.0,0.0,0.0,0.0,4276681000.0,915233000.0,3361448000.0,6507662079.0,0.0,-4200000.0,900000.0,-20400000.0,0.0,-41900000.0,-34000000.0,0.0,70600000.0,2500000.0,-144000000.0,-148800000.0,-148800000.0,0.0,-200000.0,-0.162,574000000.0,-192300000.0,150043000.0,0.0,2.366,-307.357,-318.0,733770000.0,4800000.0,76.32,1.804,1.805,639611000.0,1910684000.0,917700000.0,917700000.0,0.0,,,,,5900000.0,574000000.0,1.0,85268109.0,85300000.0,85300000.0,10.758,1560881000.0,0.0,-73500000.0,513949000.0,18.299,-119119000.0
17,SRCL,MRQ,2017-03-31,2017-03-31,2017-03-31,2021-08-06,-341119000.0,6996856000.0,,759924000.0,6236932000.0,,33.817,-33100000.0,47023000.0,47023000.0,523700000.0,58600000.0,1.311,1.425,2863336000.0,96301000.0,2767035000.0,2863336000.0,17974000.0,58200000.0,0.0,0.0,0.0,112600000.0,170800000.0,0.191,170800000.0,112600000.0,89300000.0,0.63,0.62,0.63,2881176000.0,,2881176000.0,9972084761.0,25.0,15.102,135200000.0,1.587,1.0,368700000.0,0.413,5480002000.0,23300000.0,3753606000.0,,0.0,0.0,0.0,0.0,4104375000.0,579561000.0,3524814000.0,7066136761.0,2800000.0,-16900000.0,3500000.0,-101600000.0,0.0,-117100000.0,-49800000.0,0.0,168300000.0,1400000.0,58200000.0,53400000.0,53400000.0,0.0,400000.0,0.06,254200000.0,114500000.0,133119000.0,0.0,2.453,42.846,42.727,725420000.0,4800000.0,82.89,1.973,1.972,615348000.0,2059452000.0,892400000.0,892400000.0,0.0,,,,,6000000.0,254200000.0,1.0,85247156.0,85200000.0,85600000.0,10.474,1516854000.0,0.0,31100000.0,657865000.0,17.803,180363000.0
18,SRCL,MRQ,2016-12-31,2016-12-31,2016-12-31,2021-08-06,-367600000.0,6980100000.0,,773600000.0,6206500000.0,,33.027,-36535000.0,44200000.0,44200000.0,539631000.0,18902000.0,1.425,1.484,2954500000.0,77200000.0,2877300000.0,2954500000.0,17900000.0,56110000.0,0.0,0.0,0.0,60921000.0,117031000.0,0.129,117031000.0,60921000.0,36261000.0,0.15,0.15,0.15,2805800000.0,,2805800000.0,9527318376.0,22.0,14.077,106497000.0,1.254,1.0,366723000.0,0.405,5453000000.0,24660000.0,3894500000.0,,0.0,0.0,0.0,0.0,4163700000.0,542900000.0,3620800000.0,6554831376.0,3943000.0,-10603000.0,1787000.0,-74228000.0,0.0,-89864000.0,-47103000.0,0.0,143032000.0,-2122000.0,18685000.0,12691000.0,12691000.0,0.0,217000.0,0.014,298071000.0,68652000.0,206500000.0,0.0,2.336,36.784,36.686,723900000.0,5994000.0,77.04,1.84,1.836,634900000.0,2006100000.0,906354000.0,906354000.0,0.0,,,,,3829000.0,400382000.0,1.0,85083481.0,84955644.0,85331425.0,10.669,1527100000.0,0.0,17576000.0,645400000.0,17.975,230700000.0
19,SRCL,MRQ,2016-09-30,2016-09-30,2016-09-30,2021-08-06,-314500000.0,7057264000.0,,773938000.0,6283326000.0,,33.482,-33887000.0,40291000.0,40291000.0,514188000.0,65173000.0,1.439,1.474,3012778000.0,91008000.0,2921770000.0,3012778000.0,15536000.0,65356000.0,0.0,0.0,0.0,127092000.0,192448000.0,0.216,192448000.0,127092000.0,102381000.0,0.72,0.72,0.72,2847457000.0,,2847457000.0,9889398995.0,19.0,13.009,138441000.0,1.628,1.0,375956000.0,0.422,5524008000.0,24711000.0,3968016000.0,,0.0,63000.0,63000.0,0.0,4198475000.0,537727000.0,3660748000.0,6815262995.0,-4029000.0,-9100000.0,5419000.0,-114208000.0,0.0,-137753000.0,-40629000.0,0.0,172328000.0,2025000.0,64795000.0,61536000.0,61536000.0,0.0,378000.0,0.069,251439000.0,124517000.0,146400000.0,0.0,2.393,28.855,28.827,727774000.0,3259000.0,80.14,1.923,1.923,637921000.0,1993343000.0,890144000.0,890144000.0,0.0,,,,,5114000.0,218311000.0,1.0,85041964.0,85044303.0,85570529.0,10.467,1533256000.0,0.0,37586000.0,654495000.0,18.029,236211000.0
20,SRCL,MRQ,2016-06-30,2016-06-30,2016-06-30,2021-08-06,-297558000.0,7146368000.0,,770362000.0,6376006000.0,,33.198,-32359000.0,44320000.0,44320000.0,513980000.0,46230000.0,1.49,1.532,3118456000.0,109868000.0,3008588000.0,3118456000.0,17132000.0,82620000.0,0.0,0.0,0.0,97403000.0,180023000.0,0.202,180023000.0,97403000.0,73036000.0,0.44,0.43,0.44,2818247000.0,,2818247000.0,11947594224.0,23.0,16.553,56132000.0,0.661,1.0,377641000.0,0.424,5636517000.0,24367000.0,4066883000.0,,0.0,64000.0,64000.0,0.0,4317289000.0,517104000.0,3800185000.0,8841100224.0,-1335000.0,-17213000.0,4877000.0,-28629000.0,0.0,-40762000.0,-49572000.0,0.0,88491000.0,508000.0,46034000.0,37293000.0,37293000.0,0.0,196000.0,0.042,277933000.0,99708000.0,145069000.0,0.0,3.137,36.219,36.153,707060000.0,8741000.0,104.12,2.621,2.621,627135000.0,1931807000.0,891621000.0,891621000.0,0.0,,,,,5452000.0,227024000.0,1.0,84912603.0,84893263.0,85760686.0,10.503,1509851000.0,0.0,27002000.0,705873000.0,17.785,253258000.0
21,SRCL,MRQ,2016-03-31,2016-03-31,2016-03-31,2021-08-06,-265018000.0,7112544000.0,,757358000.0,6355186000.0,,33.132,-33419000.0,45655000.0,45655000.0,507601000.0,77595000.0,1.371,1.53,3152149000.0,114066000.0,3038083000.0,3152149000.0,17543000.0,48414000.0,0.0,0.0,0.0,138884000.0,187298000.0,0.214,187298000.0,138884000.0,114822000.0,0.79,0.78,0.79,2806436000.0,,2806436000.0,13840022590.0,24.0,19.172,123530000.0,1.458,1.0,366580000.0,0.419,5630860000.0,24062000.0,4035665000.0,,0.0,64000.0,64000.0,0.0,4294055000.0,552513000.0,3741542000.0,10681608590.0,-9979000.0,-24884000.0,-15383000.0,-77935000.0,0.0,-108421000.0,-58296000.0,0.0,156949000.0,-211000.0,76786000.0,66680000.0,66680000.0,0.0,809000.0,0.076,225657000.0,140923000.0,133779000.0,0.0,3.806,36.253,36.366,677525000.0,10106000.0,126.19,3.341,3.344,622709000.0,1897636000.0,874181000.0,874181000.0,0.0,,,,,6105000.0,207383000.0,1.0,84647029.0,84705000.0,85845501.0,10.32,1481684000.0,0.0,38036000.0,617011000.0,17.492,204845000.0
22,SRCL,MRQ,2015-12-31,2015-12-31,2015-12-31,2021-08-06,-282631000.0,7065163000.0,,761828000.0,6303335000.0,,32.224,-42234000.0,55634000.0,55634000.0,519326000.0,80525000.0,1.297,1.582,3201761000.0,161409000.0,3040352000.0,3201761000.0,16989000.0,44967000.0,0.0,0.0,0.0,155457000.0,200424000.0,0.226,200424000.0,155457000.0,130405000.0,0.83,0.82,0.83,2729891000.0,,2729891000.0,11732372865.0,24.0,19.083,50575000.0,0.597,1.0,368970000.0,0.415,5600738000.0,25052000.0,4023203000.0,,0.0,69000.0,69000.0,0.0,4317325000.0,587349000.0,3729976000.0,10249163865.0,22753000.0,-2322302000.0,-21000000.0,1691998000.0,0.0,1661884000.0,-1728317000.0,635919000.0,92809000.0,-3623000.0,80781000.0,70681000.0,70681000.0,0.0,-256000.0,0.08,218443000.0,150527000.0,149202000.0,0.0,3.754,39.896,39.934,665602000.0,10100000.0,120.6,3.433,3.429,614494000.0,1868645000.0,888296000.0,888296000.0,0.0,,,,,4125000.0,245400000.0,1.0,84984775.0,84717135.0,86095423.0,10.485,1464425000.0,0.0,49624000.0,608272000.0,17.286,174479000.0
23,SRCL,MRQ,2015-09-30,2015-09-30,2015-09-30,2021-08-06,-237246000.0,5176457000.0,,1319465000.0,3856992000.0,,31.998,-25772000.0,32883000.0,32883000.0,418921000.0,69906000.0,2.471,0.899,1516092000.0,106405000.0,1409687000.0,1516092000.0,18223000.0,27490000.0,0.0,0.0,0.0,126553000.0,154043000.0,0.214,154043000.0,126553000.0,109167000.0,0.82,0.81,0.82,2716113000.0,,2716113000.0,13448034388.0,29.0,23.312,88859000.0,1.047,1.0,299675000.0,0.417,3356957000.0,17386000.0,2768775000.0,,0.0,636288000.0,636288000.0,0.0,2442015000.0,533934000.0,1908081000.0,11812984388.0,-73000.0,-35332000.0,-3559000.0,-164907000.0,0.0,580385000.0,-697294000.0,-636190000.0,114631000.0,2205000.0,69449000.0,69449000.0,69449000.0,0.0,457000.0,0.097,170919000.0,128756000.0,150213000.0,0.0,4.349,43.956,44.066,464898000.0,0.0,139.25,4.258,4.26,524503000.0,1826835000.0,718596000.0,718596000.0,0.0,,,,,670000.0,161680000.0,1.0,84832922.0,84884599.0,86120315.0,8.466,1819500000.0,51094000.0,39718000.0,430203000.0,21.435,785531000.0
24,SRCL,MRQ,2015-06-30,2015-06-30,2015-06-30,2021-08-06,-180907000.0,4526944000.0,,660193000.0,3866751000.0,,23.101,-25438000.0,32956000.0,32956000.0,410865000.0,88277000.0,1.295,1.297,1668006000.0,129270000.0,1538736000.0,1668006000.0,18560000.0,27380000.0,0.0,0.0,0.0,152752000.0,180132000.0,0.252,180132000.0,152752000.0,136323000.0,1.03,1.02,1.03,1962703000.0,,1962703000.0,12925751645.0,27.0,21.89,20668000.0,0.243,1.0,304824000.0,0.426,3362268000.0,16429000.0,2289991000.0,,0.0,103000.0,103000.0,0.0,2544923000.0,509735000.0,2035188000.0,11388645645.0,-5327000.0,-27556000.0,-61877000.0,59935000.0,0.0,735000.0,-52980000.0,14000.0,46106000.0,812000.0,87830000.0,87830000.0,87830000.0,0.0,447000.0,0.123,150060000.0,154764000.0,143833000.0,0.0,5.803,40.365,40.334,468960000.0,0.0,133.91,4.181,4.177,524134000.0,1788123000.0,715689000.0,715689000.0,0.0,,,,,2740000.0,141139000.0,1.0,85047014.0,84961907.0,86221034.0,8.424,1164676000.0,28327000.0,48493000.0,428392000.0,13.708,150458000.0
25,SRCL,MRQ,2015-03-31,2015-03-31,2015-03-31,2021-08-06,-206434000.0,4383514000.0,,596063000.0,3787451000.0,,22.706,-21356000.0,38283000.0,38283000.0,381988000.0,29292000.0,1.236,1.26,1575389000.0,113212000.0,1462177000.0,1575389000.0,20313000.0,27563000.0,0.0,0.0,0.0,52638000.0,80201000.0,0.121,80201000.0,52638000.0,34005000.0,0.34,0.34,0.34,1930905000.0,,1930905000.0,13565174960.0,29.0,23.303,111198000.0,1.308,1.0,281331000.0,0.424,3308644000.0,18633000.0,2129576000.0,,0.0,116000.0,116000.0,0.0,2433507000.0,482400000.0,1951107000.0,11928195960.0,16047000.0,-34210000.0,15936000.0,-70326000.0,0.0,-57604000.0,-55309000.0,257000.0,132554000.0,-3594000.0,28940000.0,28940000.0,28940000.0,0.0,352000.0,0.044,227778000.0,53553000.0,120198000.0,0.0,6.178,43.179,43.077,446831000.0,0.0,140.43,4.503,4.508,467094000.0,1805059000.0,663319000.0,663319000.0,0.0,,,,,-2735000.0,218981000.0,1.0,84940511.0,85037823.0,86357006.0,7.8,1074870000.0,27331000.0,5065000.0,422971000.0,12.64,113663000.0
26,SRCL,MRQ,2014-12-31,2014-12-31,2014-12-31,2021-08-06,-138419000.0,4373302000.0,,551894000.0,3821408000.0,,22.318,-20234000.0,22236000.0,22236000.0,391978000.0,82658000.0,1.197,1.296,1659215000.0,131969000.0,1527246000.0,1659215000.0,21624000.0,25014000.0,0.0,0.0,0.0,137477000.0,162491000.0,0.24,162491000.0,137477000.0,119315000.0,0.97,0.96,0.97,1895012000.0,,1895012000.0,12767308026.0,23.0,19.444,83294000.0,0.981,1.0,284969000.0,0.421,3328477000.0,18162000.0,2220897000.0,,0.0,380000.0,380000.0,0.0,2456117000.0,460907000.0,1995210000.0,11131886026.0,-19749000.0,-45510000.0,-19114000.0,-39836000.0,0.0,-56260000.0,-65650000.0,94000.0,103528000.0,-1367000.0,82526000.0,82526000.0,82526000.0,0.0,132000.0,0.122,146206000.0,138763000.0,114596000.0,0.0,5.874,34.099,34.135,460408000.0,0.0,131.08,4.356,4.356,465473000.0,1743371000.0,676947000.0,676947000.0,0.0,,,,,-2751000.0,137728000.0,1.0,84924367.0,84908243.0,86222842.0,7.973,1044825000.0,0.0,36789000.0,403847000.0,12.305,90987000.0
27,SRCL,MRQ,2014-09-30,2014-09-30,2014-09-30,2021-08-06,-95351000.0,4445634000.0,,592677000.0,3852957000.0,,21.88,-22594000.0,41985000.0,41985000.0,389208000.0,83041000.0,1.15,1.382,1677407000.0,165074000.0,1512333000.0,1677407000.0,22406000.0,28765000.0,0.0,0.0,0.0,138890000.0,167655000.0,0.251,167655000.0,138890000.0,122246000.0,0.98,0.96,0.98,1856687000.0,,1856687000.0,11575361887.0,21.0,17.754,84030000.0,0.99,1.0,278669000.0,0.417,3326138000.0,16644000.0,2239613000.0,,0.0,479000.0,479000.0,0.0,2565447000.0,515305000.0,2050142000.0,9885485887.0,16659000.0,-23979000.0,-7109000.0,-41104000.0,0.0,-44546000.0,-46572000.0,1000.0,106624000.0,1153000.0,82845000.0,82845000.0,82845000.0,0.0,196000.0,0.124,139133000.0,139536000.0,131617000.0,0.0,5.324,30.691,30.755,498577000.0,0.0,116.56,4.041,4.043,456461000.0,1694549000.0,667877000.0,667877000.0,0.0,,,,,574000.0,130636000.0,1.0,84810277.0,84858360.0,86116455.0,7.87,1119496000.0,18185000.0,39401000.0,470383000.0,13.193,77372000.0
28,SRCL,MRQ,2014-06-30,2014-06-30,2014-06-30,2021-08-06,-45554000.0,4437281000.0,,566875000.0,3870406000.0,,21.573,-27248000.0,25326000.0,25326000.0,365518000.0,82677000.0,1.16,1.415,1715202000.0,151289000.0,1563913000.0,1715202000.0,22394000.0,27481000.0,0.0,0.0,0.0,144295000.0,171776000.0,0.268,171776000.0,144295000.0,127877000.0,0.97,0.95,0.97,1827222000.0,,1827222000.0,11356408562.0,21.0,17.742,65251000.0,0.77,1.0,275304000.0,0.43,3347886000.0,16418000.0,2290432000.0,,0.0,488000.0,488000.0,0.0,2584938000.0,488839000.0,2096099000.0,10029088562.0,-24282000.0,-292570000.0,-47732000.0,248600000.0,0.0,203579000.0,-319923000.0,-105000.0,92499000.0,-437000.0,81936000.0,81936000.0,81936000.0,0.0,741000.0,0.128,129926000.0,145378000.0,125392000.0,0.0,5.489,31.361,31.579,480419000.0,0.0,118.42,4.335,4.336,451995000.0,1634875000.0,640822000.0,640822000.0,0.0,,,,,1106000.0,121524000.0,1.0,84690834.0,84699043.0,85982588.0,7.566,1089395000.0,15727000.0,45941000.0,462180000.0,12.862,78036000.0
29,SRCL,MRQ,2014-03-31,2014-03-31,2014-03-31,2021-08-06,-57128000.0,3865579000.0,,502886000.0,3362693000.0,,20.738,-16420000.0,43058000.0,43058000.0,314486000.0,79770000.0,1.247,1.176,1370378000.0,124307000.0,1246071000.0,1370378000.0,21998000.0,23356000.0,0.0,0.0,0.0,131358000.0,154714000.0,0.271,154714000.0,131358000.0,116440000.0,0.93,0.91,0.93,1768349000.0,,1768349000.0,11044791788.0,21.0,17.735,129429000.0,1.518,1.0,255469000.0,0.448,2965575000.0,14918000.0,1824143000.0,,0.0,353000.0,353000.0,0.0,2080032000.0,403181000.0,1676851000.0,9675739788.0,-17559000.0,-12262000.0,-68259000.0,-68200000.0,0.0,-132822000.0,-30629000.0,-1947000.0,145849000.0,43000.0,79149000.0,79149000.0,79149000.0,0.0,621000.0,0.139,122810000.0,132659000.0,94118000.0,0.0,5.472,30.629,30.791,359329000.0,0.0,113.62,4.4,4.406,383304000.0,1611780000.0,569955000.0,569955000.0,0.0,,,,,938000.0,115495000.0,1.0,85158773.0,85270046.0,86613843.0,6.684,900004000.0,14401000.0,37291000.0,398909000.0,10.555,99705000.0
30,SRCL,MRQ,2013-12-31,2013-12-31,2013-12-31,2021-08-06,-56468000.0,3887973000.0,,540265000.0,3347708000.0,,20.462,-18780000.0,67167000.0,67167000.0,314614000.0,78587000.0,1.298,1.211,1431043000.0,150380000.0,1280663000.0,1431043000.0,18826000.0,23295000.0,0.0,0.0,0.0,134533000.0,157828000.0,0.278,157828000.0,134533000.0,119318000.0,0.91,0.89,0.91,1750461000.0,,1750461000.0,11296566400.0,21.0,18.23,50438000.0,0.59,1.0,253285000.0,0.446,2951617000.0,15215000.0,1884048000.0,,0.0,413000.0,413000.0,0.0,2120435000.0,416184000.0,1704251000.0,9956977400.0,-555000.0,-30034000.0,-40651000.0,14887000.0,0.0,-20973000.0,-48786000.0,28000.0,69218000.0,-14000.0,78164000.0,78164000.0,78164000.0,0.0,423000.0,0.138,118178000.0,135107000.0,89146000.0,0.0,5.688,31.978,32.091,358967000.0,0.0,116.17,4.647,4.657,388996000.0,1610964000.0,567899000.0,567899000.0,0.0,,,,,570000.0,110995000.0,1.0,85710402.0,85544908.0,87076124.0,6.639,936356000.0,18031000.0,41154000.0,396119000.0,10.946,124081000.0
31,SRCL,MRQ,2013-09-30,2013-09-30,2013-09-30,2021-08-06,-54998000.0,3845129000.0,,527972000.0,3317157000.0,,19.866,-16888000.0,63580000.0,63580000.0,293176000.0,80832000.0,1.283,1.244,1403169000.0,107577000.0,1295592000.0,1403169000.0,19491000.0,21850000.0,0.0,0.0,0.0,133920000.0,155770000.0,0.291,155770000.0,133920000.0,120453000.0,0.94,0.92,0.94,1705529000.0,,1705529000.0,11212449476.0,22.0,18.592,142620000.0,1.661,1.0,241403000.0,0.452,2928656000.0,13467000.0,1844458000.0,,0.0,447000.0,447000.0,0.0,2122396000.0,411604000.0,1710792000.0,9911817476.0,46287000.0,-68501000.0,-38196000.0,8656000.0,0.0,-26577000.0,-85377000.0,12000.0,159508000.0,-1267000.0,80547000.0,80547000.0,80547000.0,0.0,285000.0,0.151,106008000.0,135395000.0,82552000.0,0.0,5.812,32.682,32.599,352368000.0,0.0,115.4,4.769,4.766,370077000.0,1581964000.0,534579000.0,534579000.0,0.0,,,,,164000.0,99299000.0,1.0,85890966.0,85849656.0,87401565.0,6.227,916473000.0,22181000.0,39906000.0,384110000.0,10.675,116368000.0
32,SRCL,MRQ,2013-06-30,2013-06-30,2013-06-30,2021-08-06,-78564000.0,3618425000.0,,467765000.0,3150660000.0,,18.949,-20961000.0,18001000.0,18001000.0,288673000.0,78443000.0,1.49,1.206,1318633000.0,72430000.0,1246203000.0,1318633000.0,18183000.0,21775000.0,0.0,0.0,0.0,132678000.0,154453000.0,0.293,154453000.0,132678000.0,119663000.0,0.91,0.89,0.91,1632025000.0,,1632025000.0,10788033775.0,22.0,18.579,57450000.0,0.667,1.0,237852000.0,0.452,2767681000.0,13015000.0,1837416000.0,,0.0,460000.0,460000.0,0.0,1968982000.0,313960000.0,1655022000.0,9528055775.0,5377000.0,-44502000.0,-49263000.0,37426000.0,0.0,-7667000.0,-65450000.0,13000.0,78411000.0,83000.0,78044000.0,78044000.0,78044000.0,0.0,399000.0,0.148,104332000.0,133520000.0,88420000.0,0.0,5.838,33.06,32.866,345743000.0,0.0,110.43,4.706,4.698,361894000.0,1549769000.0,526525000.0,526525000.0,0.0,,,,,-274000.0,97799000.0,1.0,86281407.0,86125012.0,87614953.0,6.113,850744000.0,19998000.0,41619000.0,371467000.0,9.878,153805000.0
33,SRCL,MRQ,2013-03-31,2013-03-31,2013-03-31,2021-08-06,-62069000.0,3542211000.0,,437955000.0,3104256000.0,,18.691,-16480000.0,12722000.0,12722000.0,281710000.0,75222000.0,1.367,1.191,1272700000.0,79589000.0,1193111000.0,1272700000.0,16754000.0,21488000.0,0.0,0.0,0.0,130146000.0,151634000.0,0.295,151634000.0,130146000.0,116600000.0,0.87,0.85,0.87,1609204000.0,,1609204000.0,10465746508.0,22.0,18.629,81690000.0,0.949,1.0,232094000.0,0.452,2730527000.0,13546000.0,1751364000.0,,0.0,479000.0,479000.0,0.0,1916743000.0,320298000.0,1596445000.0,9140986508.0,-18602000.0,-18899000.0,6755000.0,-91760000.0,0.0,-80802000.0,-35359000.0,20000.0,98170000.0,-611000.0,74617000.0,74617000.0,74617000.0,0.0,605000.0,0.145,100497000.0,131597000.0,75894000.0,0.0,5.68,32.91,32.772,336687000.0,0.0,106.18,4.647,4.648,342434000.0,1530735000.0,513804000.0,513804000.0,0.0,,,,,-156000.0,93855000.0,1.0,86089532.0,86093301.0,87459497.0,5.968,811684000.0,17801000.0,41983000.0,365228000.0,9.428,117657000.0
34,SRCL,MRQ,2012-12-31,2012-12-31,2012-12-31,2021-08-06,-39064000.0,3546738000.0,,441286000.0,3105452000.0,,17.959,-13578000.0,31324000.0,31324000.0,276682000.0,70508000.0,1.333,1.29,1356084000.0,87781000.0,1268303000.0,1356084000.0,18095000.0,21094000.0,0.0,0.0,0.0,120119000.0,141213000.0,0.28,141213000.0,120119000.0,107042000.0,0.82,0.8,0.82,1541793000.0,,1541793000.0,9292717653.0,20.0,17.107,100059000.0,1.165,1.0,226956000.0,0.451,2732574000.0,13077000.0,1807864000.0,,0.0,503000.0,503000.0,0.0,1989415000.0,331060000.0,1658355000.0,8011772653.0,18455000.0,-76294000.0,-25501000.0,11001000.0,0.0,-5515000.0,-89912000.0,-40000.0,113637000.0,245000.0,70069000.0,70069000.0,70069000.0,0.0,439000.0,0.139,106656000.0,120300000.0,80886000.0,0.0,5.196,29.895,29.707,335870000.0,0.0,93.28,4.188,4.164,322246000.0,1463277000.0,503638000.0,503638000.0,0.0,,,,,-5174000.0,100277000.0,1.0,85889501.0,85852454.0,87340205.0,5.866,814164000.0,22995000.0,36973000.0,359780000.0,9.483,110226000.0
35,SRCL,MRQ,2012-09-30,2012-09-30,2012-09-30,2021-08-06,-41602000.0,3411596000.0,,417385000.0,2994211000.0,,17.233,-17839000.0,16205000.0,16205000.0,264930000.0,65746000.0,0.801,1.298,1297150000.0,286636000.0,1010514000.0,1297150000.0,15248000.0,19445000.0,0.0,0.0,0.0,113907000.0,133352000.0,0.278,133352000.0,113907000.0,100859000.0,0.76,0.75,0.76,1477676000.0,,1477676000.0,9060353884.0,20.0,16.992,70510000.0,0.822,1.0,215554000.0,0.449,2629116000.0,13048000.0,1542102000.0,,0.0,466000.0,466000.0,0.0,1918738000.0,521323000.0,1397415000.0,7750030884.0,-38008000.0,-35593000.0,44879000.0,-121851000.0,0.0,-73206000.0,-53479000.0,-47000.0,88349000.0,328000.0,65477000.0,65477000.0,65477000.0,0.0,269000.0,0.136,101007000.0,114547000.0,80213000.0,0.0,5.245,29.556,29.473,328222000.0,0.0,90.483,4.176,4.18,314577000.0,1434373000.0,480484000.0,480484000.0,0.0,,,,,-5342000.0,95446000.0,1.0,85651695.0,85748998.0,87305779.0,5.603,782480000.0,19712000.0,35382000.0,356196000.0,9.125,-103938000.0
36,SRCL,MRQ,2012-06-30,2012-06-30,2012-06-30,2021-08-06,-57736000.0,3341654000.0,,436128000.0,2905526000.0,,16.059,-16770000.0,54213000.0,54213000.0,259462000.0,68372000.0,1.444,1.428,1364536000.0,82074000.0,1282462000.0,1364536000.0,16030000.0,18026000.0,0.0,0.0,0.0,117562000.0,135588000.0,0.289,135588000.0,117562000.0,104779000.0,0.79,0.78,0.79,1367714000.0,,1367714000.0,9111102693.0,20.0,17.503,72467000.0,0.851,1.0,209488000.0,0.447,2558977000.0,12783000.0,1791018000.0,,0.0,418000.0,418000.0,0.0,1952478000.0,301982000.0,1650496000.0,7799557693.0,23951000.0,-83534000.0,0.0,28200000.0,0.0,34652000.0,-100304000.0,0.0,89237000.0,366000.0,67593000.0,67593000.0,67593000.0,0.0,779000.0,0.144,91761000.0,117727000.0,77240000.0,0.0,5.703,30.469,30.557,309443000.0,0.0,91.67,4.342,4.346,294890000.0,1372808000.0,468950000.0,468950000.0,0.0,,,,,-2330000.0,86626000.0,1.0,85082990.0,85170255.0,86835615.0,5.506,782677000.0,23005000.0,37186000.0,341511000.0,9.19,134146000.0
37,SRCL,MRQ,2012-03-31,2012-03-31,2012-03-31,2021-08-06,-29538000.0,3275234000.0,,427078000.0,2848156000.0,,15.317,-17049000.0,30262000.0,30262000.0,254770000.0,65315000.0,1.279,1.499,1341807000.0,91038000.0,1250769000.0,1341807000.0,13941000.0,17718000.0,0.0,0.0,0.0,115338000.0,133056000.0,0.289,133056000.0,115338000.0,102572000.0,0.76,0.75,0.76,1299325000.0,,1299325000.0,8451653965.0,20.0,16.845,82512000.0,0.973,1.0,205307000.0,0.446,2506707000.0,12766000.0,1746255000.0,,0.0,420000.0,420000.0,0.0,1947496000.0,333817000.0,1613679000.0,7089525965.0,7751000.0,-28182000.0,-2945000.0,-49573000.0,0.0,-47457000.0,-45233000.0,-2000.0,99561000.0,880000.0,64857000.0,64857000.0,64857000.0,0.0,458000.0,0.141,89045000.0,116262000.0,71806000.0,0.0,5.456,29.063,29.245,301274000.0,0.0,83.64,4.079,4.082,315144000.0,1305215000.0,460077000.0,460077000.0,0.0,,,,,-976000.0,84066000.0,1.0,84762386.0,84828280.0,86587944.0,5.424,768527000.0,19055000.0,37715000.0,335913000.0,9.06,93261000.0
38,SRCL,MRQ,2011-12-31,2011-12-31,2011-12-31,2021-08-06,-45984000.0,3177090000.0,,390596000.0,2786494000.0,,14.111,-16320000.0,22511000.0,22511000.0,245039000.0,65123000.0,1.195,1.627,1384639000.0,100526000.0,1284113000.0,1384639000.0,12855000.0,18059000.0,0.0,0.0,0.0,113168000.0,131227000.0,0.294,131227000.0,113168000.0,100150000.0,0.76,0.74,0.76,1198166000.0,,1198166000.0,8008464101.0,19.0,16.505,74608000.0,0.879,1.0,201518000.0,0.451,2460321000.0,13018000.0,1751983000.0,,0.0,416000.0,416000.0,0.0,1949839000.0,326914000.0,1622925000.0,6632082101.0,-884000.0,-1779000.0,-11569000.0,-52324000.0,0.0,-74083000.0,-18098000.0,1000.0,90928000.0,369000.0,64288000.0,64288000.0,64288000.0,0.0,835000.0,0.144,86134000.0,115384000.0,66635000.0,0.0,5.535,28.252,28.335,293912000.0,0.0,77.92,3.957,3.973,290854000.0,1243303000.0,446557000.0,446557000.0,0.0,,,,,3008000.0,80967000.0,1.0,85113990.0,84907393.0,86608247.0,5.259,716769000.0,19314000.0,35862000.0,313733000.0,8.442,63682000.0
39,SRCL,MRQ,2011-09-30,2011-09-30,2011-09-30,2021-08-06,-32870000.0,3155508000.0,,384842000.0,2770666000.0,,13.822,-13329000.0,23395000.0,23395000.0,230869000.0,59744000.0,1.166,1.644,1399777000.0,95149000.0,1304628000.0,1399777000.0,13662000.0,16933000.0,0.0,0.0,0.0,103729000.0,120662000.0,0.287,120662000.0,103729000.0,91695000.0,0.69,0.68,0.69,1182663000.0,,1182663000.0,8146225090.0,20.0,17.628,82153000.0,0.96,1.0,190055000.0,0.452,2449216000.0,12034000.0,1752761000.0,,0.0,416000.0,416000.0,0.0,1943783000.0,329913000.0,1613870000.0,6951150090.0,-17027000.0,-184625000.0,-76899000.0,142423000.0,0.0,67589000.0,-181610000.0,16344000.0,95482000.0,1512000.0,59247000.0,59247000.0,59247000.0,0.0,497000.0,0.141,85489000.0,104566000.0,70285000.0,0.0,5.878,31.533,31.409,290721000.0,0.0,80.72,4.283,4.256,283710000.0,1187960000.0,420924000.0,420924000.0,0.0,,,,,1780000.0,81280000.0,1.0,86114347.0,85564682.0,87385121.0,4.919,706292000.0,15696000.0,32448000.0,301115000.0,8.254,54929000.0
40,SRCL,MRQ,2011-06-30,2011-06-30,2011-06-30,2021-08-06,-287000.0,2965596000.0,,371647000.0,2593949000.0,,14.239,-11960000.0,38199000.0,38199000.0,223700000.0,55890000.0,1.385,1.401,1233274000.0,67879000.0,1165395000.0,1233274000.0,14171000.0,15951000.0,0.0,0.0,0.0,100844000.0,116795000.0,0.285,116795000.0,100844000.0,87837000.0,0.65,0.63,0.65,1223651000.0,,1223651000.0,8631275811.0,22.0,19.147,42149000.0,0.49,1.0,186741000.0,0.455,2285976000.0,13007000.0,1606360000.0,,0.0,19063000.0,19063000.0,0.0,1714564000.0,268335000.0,1446229000.0,7650861811.0,13543000.0,-261280000.0,-4302000.0,229915000.0,0.0,232070000.0,-272403000.0,837000.0,54109000.0,-233000.0,55542000.0,55542000.0,55542000.0,0.0,348000.0,0.135,84793000.0,101948000.0,58346000.0,0.0,6.252,35.115,35.087,276770000.0,0.0,89.12,4.889,4.894,252462000.0,1128713000.0,410441000.0,410441000.0,0.0,,,,,-2602000.0,81247000.0,1.0,85848988.0,85936036.0,87935310.0,4.776,679620000.0,15352000.0,32295000.0,269218000.0,7.908,103312000.0
41,SRCL,MRQ,2011-03-31,2011-03-31,2011-03-31,2021-08-06,-3931000.0,2643637000.0,,337663000.0,2305974000.0,,13.401,-11692000.0,24656000.0,24656000.0,215696000.0,56586000.0,1.155,1.28,1005070000.0,83516000.0,921554000.0,1005070000.0,14679000.0,15103000.0,0.0,0.0,0.0,101422000.0,116525000.0,0.293,116525000.0,101422000.0,90050000.0,0.65,0.64,0.65,1145243000.0,,1145243000.0,8598123074.0,23.0,19.6,53893000.0,0.631,1.0,182430000.0,0.458,2005316000.0,11372000.0,1326490000.0,,0.0,19768000.0,19768000.0,0.0,1465630000.0,292245000.0,1173385000.0,7572055074.0,-52397000.0,-19154000.0,0.0,-95796000.0,0.0,-87704000.0,-32086000.0,-1240000.0,65585000.0,1808000.0,55674000.0,55674000.0,55674000.0,0.0,912000.0,0.14,80017000.0,102413000.0,56120000.0,0.0,6.612,35.148,35.187,272593000.0,0.0,88.67,5.04,5.044,231171000.0,1073171000.0,398126000.0,398126000.0,0.0,,,,,-4229000.0,76670000.0,1.0,85395907.0,85459302.0,87526683.0,4.659,638321000.0,15408000.0,34376000.0,241096000.0,7.469,45418000.0
42,SRCL,MRQ,2010-12-31,2010-12-31,2010-12-31,2021-08-06,-16869000.0,2639023000.0,,368688000.0,2270335000.0,,12.295,-12383000.0,79276000.0,79276000.0,239336000.0,50757000.0,1.195,1.487,1105628000.0,91406000.0,1014222000.0,1105628000.0,14455000.0,15375000.0,0.0,0.0,0.0,92756000.0,108131000.0,0.275,108131000.0,92756000.0,82017000.0,0.58,0.57,0.58,1048425000.0,,1048425000.0,7877899221.0,22.0,18.746,107861000.0,1.265,1.0,154153000.0,0.392,1970938000.0,10739000.0,1385948000.0,,0.0,16248000.0,16248000.0,0.0,1558673000.0,308489000.0,1250184000.0,6921142221.0,58649000.0,-86815000.0,-50746000.0,84152000.0,0.0,40142000.0,-104758000.0,2440000.0,120244000.0,3021000.0,49980000.0,49980000.0,49980000.0,0.0,777000.0,0.127,60239000.0,93914000.0,54777000.0,0.0,6.601,33.294,33.164,267971000.0,0.0,80.92,4.808,4.782,214899000.0,1017497000.0,393489000.0,393489000.0,0.0,,,,,-2879000.0,95758000.0,1.0,85530675.0,85272539.0,87358321.0,4.614,668085000.0,16824000.0,32037000.0,222647000.0,7.835,60199000.0
43,SRCL,MRQ,2010-09-30,2010-09-30,2010-09-30,2021-08-06,-14448000.0,2434286000.0,,313141000.0,2121145000.0,,12.012,-10920000.0,20627000.0,20627000.0,185515000.0,57300000.0,1.16,1.344,977384000.0,96932000.0,880452000.0,977384000.0,16925000.0,13504000.0,0.0,0.0,0.0,95840000.0,109344000.0,0.301,109344000.0,95840000.0,87331000.0,0.66,0.65,0.66,1024583000.0,,1024583000.0,6870300536.0,19.0,17.013,65201000.0,0.764,1.0,177473000.0,0.489,1825531000.0,8509000.0,1295523000.0,,0.0,18632000.0,18632000.0,0.0,1377302000.0,269989000.0,1107313000.0,5926632536.0,12376000.0,-27789000.0,-19329000.0,10801000.0,0.0,-4007000.0,-54970000.0,-16261000.0,76121000.0,-4768000.0,56686000.0,56686000.0,56686000.0,0.0,614000.0,0.156,81434000.0,96039000.0,49354000.0,0.0,5.784,29.266,29.071,262650000.0,0.0,69.48,4.36,4.359,216508000.0,967517000.0,362988000.0,362988000.0,0.0,,,,,-821000.0,65033000.0,1.0,85299835.0,85295740.0,87179057.0,4.256,608755000.0,14935000.0,30645000.0,214050000.0,7.137,43152000.0
44,SRCL,MRQ,2010-06-30,2010-06-30,2010-06-30,2021-08-06,-31892000.0,2300988000.0,,261060000.0,2039928000.0,,11.182,-12213000.0,8251000.0,8251000.0,176540000.0,53766000.0,1.035,1.392,951919000.0,92490000.0,859429000.0,951919000.0,16568000.0,12617000.0,0.0,0.0,0.0,92066000.0,104683000.0,0.301,104683000.0,92066000.0,83196000.0,0.63,0.61,0.63,949203000.0,,949203000.0,6523769964.0,19.0,17.018,36037000.0,0.425,1.0,171194000.0,0.492,1761613000.0,8870000.0,1230725000.0,,0.0,2234000.0,2234000.0,0.0,1321585000.0,252318000.0,1069267000.0,5549936964.0,-14635000.0,-17367000.0,-17839000.0,-36210000.0,0.0,-41782000.0,-22068000.0,-488000.0,48250000.0,965000.0,53094000.0,53094000.0,53094000.0,0.0,672000.0,0.153,77596000.0,93598000.0,44051000.0,0.0,5.847,28.854,28.763,252391000.0,0.0,65.58,4.288,4.301,194306000.0,910831000.0,347734000.0,347734000.0,0.0,,,,,-8400000.0,63564000.0,1.0,84628499.0,84890285.0,86694239.0,4.096,539375000.0,16458000.0,30102000.0,196061000.0,6.354,8742000.0
45,SRCL,MRQ,2010-03-31,2010-03-31,2010-03-31,2021-08-06,-22562000.0,2287011000.0,,271814000.0,2015197000.0,,10.409,-12804000.0,22886000.0,22886000.0,170570000.0,48634000.0,1.115,1.559,996719000.0,67680000.0,929039000.0,996719000.0,16377000.0,12389000.0,0.0,0.0,0.0,85694000.0,98083000.0,0.293,98083000.0,85694000.0,76731000.0,0.57,0.56,0.57,882312000.0,,882312000.0,5593649372.0,17.0,15.242,68251000.0,0.805,1.0,164607000.0,0.491,1733131000.0,8963000.0,1283910000.0,,0.0,1786000.0,1786000.0,0.0,1375121000.0,243803000.0,1131318000.0,4620565372.0,7119000.0,-50459000.0,-6421000.0,-2660000.0,0.0,-7918000.0,-63686000.0,-423000.0,81055000.0,-2332000.0,48119000.0,48119000.0,48119000.0,0.0,515000.0,0.144,77475000.0,87132000.0,45922000.0,0.0,5.237,25.228,25.115,253830000.0,0.0,54.5,3.739,3.738,192296000.0,857737000.0,335177000.0,335177000.0,0.0,,,,,2711000.0,62470000.0,1.0,84781016.0,84766721.0,86573237.0,3.954,553880000.0,9746000.0,28612000.0,187797000.0,6.534,28011000.0
46,SRCL,MRQ,2009-12-31,2009-12-31,2009-12-31,2021-08-06,-12292000.0,2182803000.0,,246540000.0,1936263000.0,,10.026,-10266000.0,15767000.0,15767000.0,186856000.0,45158000.0,1.059,1.568,988851000.0,78026000.0,910825000.0,988851000.0,14954000.0,11527000.0,0.0,0.0,0.0,80191000.0,91718000.0,0.293,91718000.0,80191000.0,71419000.0,0.53,0.52,0.53,845695000.0,,845695000.0,5458527922.0,18.0,15.538,53053000.0,0.629,1.0,126686000.0,0.404,1663545000.0,8772000.0,1259528000.0,,0.0,1131000.0,1131000.0,0.0,1325630000.0,232814000.0,1092816000.0,4646771922.0,1481000.0,-203585000.0,-5700000.0,147172000.0,0.0,152020000.0,-214048000.0,443000.0,63319000.0,190000.0,44608000.0,44608000.0,44608000.0,0.0,550000.0,0.142,44770000.0,81916000.0,47608000.0,0.0,5.495,26.449,26.652,246154000.0,0.0,55.17,3.946,3.971,179770000.0,809618000.0,313542000.0,313542000.0,0.0,,,,,-6771000.0,73727000.0,1.0,84226426.0,84351700.0,86493134.0,3.717,519258000.0,14087000.0,26811000.0,171744000.0,6.156,13726000.0
47,SRCL,MRQ,2009-09-30,2009-09-30,2009-09-30,2021-08-06,-13696000.0,1929467000.0,,223334000.0,1706133000.0,,9.13,-11740000.0,14286000.0,14286000.0,150272000.0,46563000.0,1.089,1.474,826042000.0,58001000.0,768041000.0,826042000.0,14202000.0,9959000.0,0.0,0.0,0.0,78898000.0,88857000.0,0.298,88857000.0,78898000.0,69636000.0,0.55,0.54,0.55,775168000.0,,775168000.0,4902745471.0,16.0,14.442,75985000.0,0.895,1.0,147564000.0,0.495,1449743000.0,9262000.0,1086401000.0,,0.0,1519000.0,1519000.0,0.0,1142672000.0,205079000.0,937593000.0,4119869471.0,11604000.0,-46560000.0,-40011000.0,24373000.0,0.0,-15832000.0,-58679000.0,-571000.0,87725000.0,-1610000.0,46526000.0,46526000.0,46526000.0,0.0,37000.0,0.156,68031000.0,79533000.0,33412000.0,0.0,5.315,24.204,24.1,227327000.0,0.0,48.44,3.62,3.613,167946000.0,765010000.0,297836000.0,297836000.0,0.0,,,,,3963000.0,54312000.0,1.0,85050980.0,84899815.0,86794118.0,3.508,479724000.0,10482000.0,23110000.0,165373000.0,5.65,18255000.0
48,SRCL,MRQ,2009-06-30,2009-06-30,2009-06-30,2021-08-06,-10807000.0,1841682000.0,,208703000.0,1632979000.0,,9.028,-9759000.0,2682000.0,2682000.0,145618000.0,43994000.0,1.26,1.402,785558000.0,43917000.0,741641000.0,785558000.0,14165000.0,9660000.0,0.0,0.0,0.0,78669000.0,88329000.0,0.305,88329000.0,78669000.0,70469000.0,0.52,0.51,0.52,766619000.0,,766619000.0,5128424669.0,17.0,15.524,40167000.0,0.473,1.0,143650000.0,0.497,1392941000.0,8200000.0,1065926000.0,,0.0,977000.0,977000.0,0.0,1075063000.0,165691000.0,909372000.0,4373927669.0,-6414000.0,-44223000.0,-5722000.0,3028000.0,0.0,-2407000.0,-51357000.0,2177000.0,49926000.0,-2576000.0,43902000.0,43902000.0,43902000.0,0.0,92000.0,0.152,64110000.0,79540000.0,29821000.0,0.0,5.705,26.848,26.839,216971000.0,0.0,51.53,3.914,3.916,163263000.0,718484000.0,289268000.0,289268000.0,0.0,,,,,3344000.0,53047000.0,1.0,84881189.0,84919498.0,86843260.0,3.406,448741000.0,11121000.0,26567000.0,161698000.0,5.284,43012000.0
49,SRCL,MRQ,2009-03-31,2009-03-31,2009-03-31,2021-08-06,-37045000.0,1749213000.0,,211245000.0,1537968000.0,,8.11,-8145000.0,9096000.0,9096000.0,142594000.0,40674000.0,1.209,1.54,763593000.0,39594000.0,723999000.0,763593000.0,14719000.0,8844000.0,0.0,0.0,0.0,73565000.0,82409000.0,0.297,82409000.0,73565000.0,65466000.0,0.48,0.47,0.48,688574000.0,,688574000.0,4854449482.0,17.0,15.129,68131000.0,0.802,1.0,134496000.0,0.485,1308046000.0,8099000.0,1020909000.0,,0.0,3036000.0,3036000.0,0.0,1060639000.0,174755000.0,885884000.0,4070818482.0,1000.0,-16296000.0,-24253000.0,-28020000.0,0.0,-52009000.0,-26105000.0,-1664000.0,76276000.0,1839000.0,40655000.0,40655000.0,40655000.0,0.0,19000.0,0.147,60296000.0,74200000.0,29475000.0,0.0,5.912,25.814,25.8,207985000.0,0.0,47.73,3.681,3.664,158696000.0,674582000.0,277090000.0,277090000.0,0.0,,,,,3197000.0,50731000.0,1.0,85288466.0,84908733.0,86841903.0,3.263,441167000.0,11436000.0,24811000.0,152494000.0,5.196,36490000.0
50,SRCL,MRQ,2008-12-31,2008-12-31,2008-12-31,2021-08-06,-32075000.0,1759298000.0,,224430000.0,1534868000.0,,7.849,-11791000.0,9095000.0,9095000.0,167326000.0,39188000.0,1.249,1.624,792726000.0,38880000.0,753846000.0,792726000.0,13663000.0,8860000.0,0.0,0.0,0.0,71014000.0,79874000.0,0.291,79874000.0,71014000.0,62795000.0,0.46,0.44,0.46,670480000.0,,670480000.0,5185328917.0,19.0,16.931,42487000.0,0.497,1.0,106685000.0,0.389,1306402000.0,8219000.0,1056885000.0,,0.0,1408000.0,1408000.0,0.0,1088660000.0,179642000.0,909018000.0,4456410917.0,2052000.0,-38383000.0,-27032000.0,25867000.0,0.0,1989000.0,-50674000.0,-500000.0,54278000.0,-3541000.0,39132000.0,39132000.0,39132000.0,0.0,56000.0,0.143,34368000.0,72317000.0,33612000.0,0.0,6.647,29.968,30.104,207144000.0,0.0,52.08,4.112,4.131,168598000.0,633927000.0,274011000.0,274011000.0,0.0,,,,,-279000.0,58910000.0,1.0,85568566.0,85419477.0,87607810.0,3.208,452896000.0,16821000.0,23663000.0,147287000.0,5.302,44788000.0
51,SRCL,MRQ,2008-09-30,2008-09-30,2008-09-30,2021-08-06,9710000.0,1721628000.0,,223841000.0,1497787000.0,,8.116,-12752000.0,7043000.0,7043000.0,147809000.0,39241000.0,1.306,1.483,735961000.0,34282000.0,701679000.0,735961000.0,14136000.0,8651000.0,0.0,0.0,0.0,71082000.0,79733000.0,0.288,79733000.0,71082000.0,62464000.0,0.46,0.45,0.46,693489000.0,,693489000.0,5754836626.0,23.0,20.404,48890000.0,0.572,1.0,129289000.0,0.467,1268406000.0,8618000.0,1010701000.0,,0.0,1205000.0,1205000.0,0.0,1028139000.0,171439000.0,856700000.0,5031260626.0,-5352000.0,-13165000.0,-19111000.0,-21572000.0,0.0,-39041000.0,-26009000.0,-92000.0,61642000.0,-1944000.0,39227000.0,39227000.0,39227000.0,0.0,14000.0,0.142,57781000.0,71508000.0,31597000.0,0.0,7.255,37.638,38.006,208807000.0,0.0,58.91,4.741,4.743,174871000.0,594795000.0,277098000.0,277098000.0,0.0,,,,,1251000.0,48824000.0,1.0,85405884.0,85449871.0,87864210.0,3.243,453222000.0,17694000.0,23237000.0,151604000.0,5.304,52402000.0
52,SRCL,MRQ,2008-06-30,2008-06-30,2008-06-30,2021-08-06,30240000.0,1691900000.0,,220661000.0,1471239000.0,,7.835,-11678000.0,12395000.0,12395000.0,148394000.0,38685000.0,1.312,1.508,735971000.0,29118000.0,706853000.0,735971000.0,15104000.0,8292000.0,0.0,0.0,0.0,70565000.0,78857000.0,0.284,78857000.0,70565000.0,62426000.0,0.45,0.44,0.45,674552000.0,,674552000.0,5118425860.0,21.0,18.815,19355000.0,0.225,1.0,129392000.0,0.466,1249194000.0,8139000.0,998050000.0,,0.0,1128000.0,1128000.0,0.0,1017348000.0,168232000.0,849116000.0,4457318860.0,1190000.0,-25623000.0,-44208000.0,46856000.0,0.0,7194000.0,-38250000.0,-949000.0,31033000.0,1213000.0,38685000.0,38685000.0,38685000.0,0.0,0.0,0.139,58466000.0,70926000.0,33349000.0,0.0,6.608,35.003,35.17,202773000.0,0.0,51.7,4.364,4.358,173267000.0,555568000.0,277786000.0,277786000.0,0.0,,,,,-1623000.0,49711000.0,1.0,86215065.0,86093711.0,88484943.0,3.227,442706000.0,11765000.0,23741000.0,137557000.0,5.142,52429000.0
53,SRCL,MRQ,2008-03-31,2008-03-31,2008-03-31,2021-08-06,28650000.0,1626338000.0,,209733000.0,1416605000.0,,7.728,-11299000.0,11205000.0,11205000.0,135121000.0,31664000.0,1.277,1.423,672312000.0,22423000.0,649889000.0,672312000.0,16240000.0,8345000.0,0.0,0.0,0.0,59447000.0,67792000.0,0.266,67792000.0,59447000.0,51319000.0,0.36,0.35,0.36,671144000.0,,671144000.0,5124134084.0,22.0,19.618,52303000.0,0.602,1.0,119663000.0,0.47,1204506000.0,8128000.0,918724000.0,,0.0,173000.0,173000.0,0.0,955194000.0,164215000.0,790979000.0,4505458084.0,-5903000.0,-7776000.0,-76987000.0,28986000.0,0.0,-48024000.0,-17997000.0,1078000.0,63602000.0,-3484000.0,31664000.0,31664000.0,31664000.0,0.0,0.0,0.124,60175000.0,59488000.0,27876000.0,0.0,6.713,37.342,37.05,193560000.0,0.0,51.5,4.614,4.58,164046000.0,516883000.0,254784000.0,254784000.0,0.0,,,,,3087000.0,45765000.0,1.0,87484623.0,86845150.0,89393242.0,2.934,421832000.0,12873000.0,19655000.0,136391000.0,4.857,45518000.0
54,SRCL,MRQ,2007-12-31,2007-12-31,2007-12-31,2021-08-06,30520000.0,1608159000.0,,210276000.0,1397883000.0,,8.198,-10795000.0,17108000.0,17108000.0,155851000.0,24373000.0,1.404,1.252,635784000.0,22003000.0,613781000.0,635784000.0,12095000.0,8483000.0,0.0,0.0,0.0,47183000.0,55666000.0,0.221,55666000.0,47183000.0,38058000.0,0.28,0.27,0.28,714075000.0,,714075000.0,5716176917.0,25.0,22.299,35104000.0,0.403,1.0,95699000.0,0.38,1186022000.0,9125000.0,891095000.0,,0.0,1256000.0,1256000.0,0.0,894084000.0,149718000.0,744366000.0,5162293917.0,9405000.0,-35815000.0,-8505000.0,15349000.0,0.0,11484000.0,-46909000.0,-462000.0,45899000.0,-1069000.0,24098000.0,24098000.0,24098000.0,0.0,275000.0,0.096,48462000.0,47237000.0,40049000.0,0.0,7.229,43.609,44.0,193039000.0,0.0,59.4,5.534,5.577,157435000.0,485219000.0,251550000.0,251550000.0,0.0,,,,,-1781000.0,55346000.0,1.0,86907305.0,87107086.0,89527279.0,2.888,422137000.0,13510000.0,13960000.0,125041000.0,4.846,60558000.0
55,SRCL,MRQ,2007-09-30,2007-09-30,2007-09-30,2021-08-06,14033000.0,1474297000.0,,204223000.0,1270074000.0,,7.515,-14695000.0,7703000.0,7703000.0,124799000.0,32895000.0,1.452,1.247,561586000.0,16440000.0,545146000.0,561586000.0,13507000.0,7808000.0,0.0,0.0,0.0,61920000.0,69728000.0,0.294,69728000.0,61920000.0,53056000.0,0.38,0.37,0.38,656066000.0,,656066000.0,5529710599.0,24.0,21.052,42977000.0,0.492,1.0,112524000.0,0.474,1064512000.0,8864000.0,823060000.0,,0.0,13713000.0,812000.0,12901000.0,818231000.0,140608000.0,677623000.0,5008452599.0,5996000.0,-27437000.0,-36513000.0,22223000.0,0.0,-13320000.0,-42317000.0,-185000.0,57672000.0,3961000.0,32895000.0,32895000.0,32895000.0,0.0,0.0,0.139,50664000.0,61860000.0,35597000.0,0.0,7.634,40.612,40.539,185327000.0,0.0,57.16,5.628,5.607,154763000.0,461121000.0,237323000.0,237323000.0,0.0,,,,,1811000.0,42496000.0,1.0,87621634.0,87299448.0,89794892.0,2.718,409785000.0,14431000.0,20161000.0,119009000.0,4.694,63615000.0
56,SRCL,MRQ,2007-06-30,2007-06-30,2007-06-30,2021-08-06,9343000.0,1415180000.0,,195117000.0,1220063000.0,,7.409,-12656000.0,1707000.0,1707000.0,122577000.0,31998000.0,1.506,1.18,522965000.0,14219000.0,508746000.0,522965000.0,14021000.0,7708000.0,0.0,0.0,0.0,60305000.0,68013000.0,0.292,68013000.0,60305000.0,52029000.0,0.37,0.36,0.37,649274000.0,,649274000.0,4392942474.0,20.0,17.364,4925000.0,0.056,1.0,110268000.0,0.474,1021539000.0,8276000.0,785308000.0,,0.0,15927000.0,600000.0,15327000.0,765906000.0,129591000.0,636315000.0,3940638474.0,-16387000.0,-36884000.0,-12590000.0,27775000.0,0.0,17053000.0,-48281000.0,1259000.0,17581000.0,-2740000.0,31998000.0,31998000.0,31998000.0,0.0,0.0,0.137,50270000.0,59998000.0,32207000.0,0.0,6.069,33.406,33.179,177182000.0,0.0,44.46,4.604,4.552,154293000.0,428225000.0,232845000.0,232845000.0,0.0,,,,,756000.0,42192000.0,1.0,88633344.0,87634365.0,89956735.0,2.657,393641000.0,14674000.0,20031000.0,114932000.0,4.492,65526000.0
57,SRCL,MRQ,2007-03-31,2007-03-31,2007-03-31,2021-08-06,,,,,,,,-10251000.0,,,111619000.0,29387000.0,,,,,,,,7138000.0,,0.0,0.0,55797000.0,62935000.0,0.298,62935000.0,55797000.0,48097000.0,0.33,0.32,0.33,,,,4064112768.0,19.0,16.92,42639000.0,0.483,1.0,99430000.0,0.471,,7700000.0,,,,,,,,,,3611808768.0,4602000.0,-14645000.0,-46071000.0,-2357000.0,0.0,-47852000.0,2246000.0,689000.0,52890000.0,-2682000.0,29387000.0,29387000.0,29387000.0,0.0,0.0,0.139,44804000.0,54626000.0,,0.0,,32.5,32.6,,0.0,40.75,4.397,4.38,,,211049000.0,211049000.0,0.0,,,,,1874000.0,36703000.0,1.0,88633344.0,88284526.0,90436694.0,2.391,,,18710000.0,,,
58,SRCL,MRQ,2006-12-31,2006-12-31,2006-12-31,2021-08-06,5229000.0,1327906000.0,,218602000.0,1109304000.0,,7.046,-10627000.0,13492000.0,13492000.0,130344000.0,29045000.0,1.539,1.124,465796000.0,22681000.0,443115000.0,465796000.0,11662000.0,6927000.0,0.0,0.0,0.0,55064000.0,61991000.0,0.297,61991000.0,55064000.0,47614000.0,0.33,0.32,0.33,625081000.0,,625081000.0,3798009050.0,19.0,16.656,34818000.0,0.392,1.0,78353000.0,0.375,929852000.0,7450000.0,708327000.0,,0.0,2548000.0,2548000.0,0.0,702825000.0,142031000.0,560794000.0,3350622050.0,9312000.0,-21093000.0,-16697000.0,13268000.0,0.0,-2785000.0,-30647000.0,1073000.0,45445000.0,-2701000.0,29045000.0,29045000.0,29045000.0,0.0,0.0,0.139,24333000.0,54020000.0,25033000.0,0.0,5.36,31.829,31.723,156953000.0,0.0,37.75,4.243,4.229,130354000.0,366841000.0,208697000.0,208697000.0,0.0,,,,,2039000.0,42817000.0,1.0,88758200.0,88718414.0,90663360.0,2.352,398054000.0,16072000.0,18569000.0,105521000.0,4.487,76571000.0
59,SRCL,MRQ,2006-09-30,2006-09-30,2006-09-30,2021-08-06,4439000.0,1270026000.0,,183572000.0,1086454000.0,,6.838,-9450000.0,4180000.0,4180000.0,107700000.0,27532000.0,1.217,1.098,451567000.0,29041000.0,422526000.0,451567000.0,12397000.0,7101000.0,0.0,0.0,0.0,52945000.0,60046000.0,0.295,60046000.0,52945000.0,45135000.0,0.31,0.3,0.31,605273000.0,,605273000.0,3543432024.0,24.0,20.161,40918000.0,0.462,1.0,95567000.0,0.47,909991000.0,7810000.0,656619000.0,,7255000.0,19159000.0,6563000.0,12596000.0,664753000.0,150803000.0,513950000.0,3077239024.0,-428000.0,-16831000.0,-12194000.0,-14807000.0,0.0,-22359000.0,-27218000.0,-937000.0,50368000.0,-1219000.0,27532000.0,27532000.0,27532000.0,0.0,0.0,0.135,42532000.0,53035000.0,26926000.0,0.0,5.084,40.921,41.296,154287000.0,0.0,34.895,4.117,4.132,136414000.0,337795000.0,203267000.0,203267000.0,0.0,,,,,-1989000.0,34912000.0,1.0,88185672.0,88512004.0,90495268.0,2.296,360035000.0,15899000.0,17603000.0,82308000.0,4.068,32769000.0
60,SRCL,MRQ,2006-06-30,2006-06-30,2006-06-30,2021-08-06,3039000.0,1235405000.0,,174103000.0,1061302000.0,,6.493,-7999000.0,4608000.0,4608000.0,105883000.0,25168000.0,1.492,1.151,470801000.0,13976000.0,456825000.0,470801000.0,13287000.0,6713000.0,0.0,0.0,0.0,48512000.0,55225000.0,0.278,55225000.0,48512000.0,41259000.0,0.28,0.28,0.28,574408000.0,,574408000.0,3362234405.0,24.0,20.656,25168000.0,0.285,1.0,92541000.0,0.466,890305000.0,7253000.0,694603000.0,,6985000.0,17602000.0,5795000.0,11807000.0,660997000.0,116690000.0,544307000.0,2881378405.0,-3153000.0,-5266000.0,-8179000.0,-16976000.0,0.0,-24270000.0,-9529000.0,3736000.0,33167000.0,-2521000.0,25168000.0,25168000.0,25168000.0,0.0,0.0,0.127,42580000.0,49961000.0,28393000.0,0.0,5.016,40.554,40.688,150730000.0,0.0,32.55,4.132,4.129,130035000.0,310263000.0,198424000.0,198424000.0,0.0,,,,,-456000.0,34903000.0,1.0,88521610.0,88461750.0,90621330.0,2.243,345100000.0,14899000.0,16091000.0,78095000.0,3.901,57413000.0
61,SRCL,MRQ,2006-03-31,2006-03-31,2006-03-31,2021-08-06,47000.0,1212411000.0,,171370000.0,1041041000.0,,6.171,-7506000.0,7761000.0,7761000.0,95843000.0,23525000.0,1.536,1.229,488617000.0,14687000.0,473930000.0,488617000.0,13697000.0,6295000.0,0.0,0.0,0.0,44472000.0,50767000.0,0.283,50767000.0,44472000.0,38566000.0,0.265,0.26,0.265,543818000.0,,543818000.0,3328533528.0,25.0,21.656,23676000.0,0.269,1.0,83406000.0,0.465,872674000.0,5906000.0,709029000.0,,6273000.0,17558000.0,5990000.0,11568000.0,668593000.0,111564000.0,557029000.0,2975473528.0,-64000.0,-120825000.0,-5687000.0,105392000.0,0.0,101961000.0,-134031000.0,-5700000.0,31182000.0,824000.0,23525000.0,23525000.0,23525000.0,0.0,0.0,0.131,38660000.0,44746000.0,28902000.0,0.0,5.471,43.208,43.346,147244000.0,0.0,33.81,4.591,4.597,119435000.0,285096000.0,179249000.0,179249000.0,0.0,,,,,2589000.0,31734000.0,1.0,88005724.0,88124346.0,90311850.0,2.034,339737000.0,11378000.0,15041000.0,75283000.0,3.855,59806000.0
62,SRCL,MRQ,2005-12-31,2005-12-31,2005-12-31,2021-08-06,546000.0,1047660000.0,,144042000.0,903618000.0,,5.908,-6078000.0,7825000.0,7825000.0,104564000.0,-1026000.0,1.459,1.008,360885000.0,12044000.0,348841000.0,360885000.0,10394000.0,5696000.0,0.0,0.0,0.0,4026000.0,9722000.0,0.058,9722000.0,4026000.0,-137000.0,-0.01,-0.01,-0.01,521634000.0,,521634000.0,2841468639.0,23.0,19.406,-2672000.0,-0.03,1.0,61991000.0,0.372,746810000.0,4163000.0,555150000.0,,5263000.0,14556000.0,3884000.0,10672000.0,526026000.0,98760000.0,427266000.0,2597948639.0,4030000.0,-92808000.0,-24428000.0,113995000.0,0.0,89567000.0,-88988000.0,-430000.0,3406000.0,45000.0,-1026000.0,-1026000.0,-1026000.0,0.0,0.0,-0.006,18489000.0,43502000.0,27872000.0,0.0,4.98,38.686,38.737,136220000.0,0.0,29.44,4.263,4.278,103703000.0,261571000.0,166555000.0,166555000.0,0.0,,,,,1343000.0,32067000.0,1.0,88245538.0,88299088.0,90491538.0,1.886,300850000.0,13452000.0,889000.0,71549000.0,3.407,45282000.0
63,SRCL,MRQ,2005-09-30,2005-09-30,2005-09-30,2021-08-06,1017000.0,934809000.0,,135295000.0,799514000.0,,5.989,-6197000.0,3795000.0,3795000.0,81513000.0,23383000.0,1.426,0.757,247315000.0,12033000.0,235282000.0,247315000.0,11584000.0,5365000.0,0.0,0.0,0.0,41691000.0,47056000.0,0.307,47056000.0,41691000.0,38440000.0,0.265,0.26,0.265,531995000.0,,531995000.0,2783675389.0,18.0,15.836,27596000.0,0.311,1.0,71663000.0,0.468,660686000.0,3251000.0,422733000.0,,4525000.0,12505000.0,2988000.0,9517000.0,402814000.0,94910000.0,307904000.0,2540343389.0,-6998000.0,-12498000.0,-3521000.0,-19719000.0,0.0,-23240000.0,-18611000.0,84000.0,33793000.0,1060000.0,23383000.0,23383000.0,23383000.0,0.0,0.0,0.153,29711000.0,41952000.0,24873000.0,0.0,4.775,29.119,28.864,126350000.0,0.0,28.575,4.366,4.363,89983000.0,262597000.0,153176000.0,153176000.0,0.0,,,,,2807000.0,23300000.0,1.0,88900906.0,88829598.0,90803556.0,1.724,274123000.0,11887000.0,15057000.0,67240000.0,3.086,40385000.0
64,SRCL,MRQ,2005-06-30,2005-06-30,2005-06-30,2021-08-06,377000.0,910546000.0,,139021000.0,771525000.0,,5.764,-7441000.0,10793000.0,10793000.0,79863000.0,22982000.0,1.635,0.79,254125000.0,8282000.0,245843000.0,254125000.0,11448000.0,5142000.0,0.0,0.0,0.0,41010000.0,46152000.0,0.309,46152000.0,41010000.0,37756000.0,0.26,0.255,0.26,508686000.0,,508686000.0,2416939522.0,16.0,13.958,13473000.0,0.153,1.0,69285000.0,0.465,634787000.0,3254000.0,434057000.0,,4710000.0,12664000.0,3147000.0,9517000.0,401860000.0,85034000.0,316826000.0,2223801522.0,-2365000.0,-33683000.0,-5407000.0,23280000.0,0.0,17873000.0,-41345000.0,-221000.0,20914000.0,193000.0,22982000.0,22982000.0,22982000.0,0.0,0.0,0.154,27302000.0,41983000.0,19371000.0,0.0,4.372,26.167,26.208,124812000.0,0.0,25.16,3.939,3.932,86209000.0,239214000.0,149148000.0,149148000.0,0.0,,,,,1872000.0,21980000.0,1.0,88386388.0,88245672.0,90128160.0,1.69,275759000.0,12726000.0,14774000.0,64339000.0,3.125,53987000.0
65,SRCL,MRQ,2005-03-31,2005-03-31,2005-03-31,2021-08-06,1964000.0,838880000.0,,120576000.0,718304000.0,,5.457,-6296000.0,13158000.0,13158000.0,75480000.0,21815000.0,1.244,0.725,206296000.0,18692000.0,187604000.0,206296000.0,10104000.0,5228000.0,0.0,0.0,0.0,38264000.0,43492000.0,0.309,43492000.0,38264000.0,35921000.0,0.245,0.24,0.245,486294000.0,,486294000.0,2178424962.0,15.0,13.119,29918000.0,0.336,1.0,65098000.0,0.463,566339000.0,2343000.0,368790000.0,,4395000.0,12843000.0,3326000.0,9517000.0,352586000.0,96889000.0,255697000.0,1982625962.0,5308000.0,-707000.0,-27301000.0,2601000.0,0.0,-24700000.0,-7057000.0,-54000.0,36214000.0,851000.0,21815000.0,21815000.0,21815000.0,0.0,0.0,0.155,26003000.0,39095000.0,17524000.0,0.0,4.077,24.517,24.153,136392000.0,0.0,22.1,3.677,3.652,73483000.0,216232000.0,140578000.0,140578000.0,0.0,,,,,1437000.0,20685000.0,1.0,89711582.0,89118102.0,91021122.0,1.577,272541000.0,11449000.0,14106000.0,61281000.0,3.058,23687000.0
66,SRCL,MRQ,2004-12-31,2004-12-31,2004-12-31,2021-08-06,2461000.0,834141000.0,,115492000.0,718649000.0,,5.618,-9945000.0,7850000.0,7850000.0,90985000.0,19059000.0,1.387,0.684,203649000.0,13218000.0,190431000.0,203649000.0,7611000.0,5559000.0,0.0,0.0,0.0,33528000.0,39087000.0,0.281,39087000.0,33528000.0,30721000.0,0.22,0.205,0.22,495372000.0,,495372000.0,2257145890.0,16.0,13.972,21731000.0,0.246,1.0,47905000.0,0.345,567608000.0,2807000.0,379094000.0,,4259000.0,13039000.0,3522000.0,9517000.0,338769000.0,83238000.0,255531000.0,2068464890.0,-1105000.0,-4181000.0,-21690000.0,2179000.0,0.0,-19511000.0,-12567000.0,1559000.0,31676000.0,-703000.0,19059000.0,19059000.0,19059000.0,0.0,0.0,0.137,9761000.0,38144000.0,17998000.0,0.0,4.176,26.458,25.96,135512000.0,0.0,22.975,4.007,3.939,74888000.0,194417000.0,138890000.0,138890000.0,0.0,,,,,1560000.0,25818000.0,1.0,90031116.0,88170884.0,91740512.0,1.575,266533000.0,13296000.0,11662000.0,57477000.0,3.023,32254000.0
67,SRCL,MRQ,2004-09-30,2004-09-30,2004-09-30,2021-08-06,-534000.0,827843000.0,,119684000.0,708159000.0,,5.455,-8330000.0,8955000.0,8955000.0,71806000.0,21128000.0,1.423,0.678,197636000.0,7968000.0,189668000.0,197636000.0,9247000.0,6324000.0,0.0,0.0,0.0,38107000.0,44431000.0,0.327,44431000.0,38107000.0,34841000.0,0.235,0.23,0.235,493449000.0,,493449000.0,2271265675.0,16.0,14.182,27723000.0,0.306,1.0,64183000.0,0.472,561496000.0,3266000.0,370900000.0,,3910000.0,14598000.0,5081000.0,9517000.0,334394000.0,84128000.0,250266000.0,2073681675.0,-6111000.0,-12286000.0,-1860000.0,-17475000.0,0.0,-19335000.0,-22172000.0,-1556000.0,36053000.0,-657000.0,21128000.0,21128000.0,21128000.0,0.0,0.0,0.155,25969000.0,38214000.0,19217000.0,0.0,4.202,26.748,25.787,128877000.0,0.0,22.95,4.216,4.221,77000000.0,175358000.0,135989000.0,135989000.0,0.0,,,,,1333000.0,19253000.0,1.0,90356500.0,90458348.0,92599850.0,1.503,266347000.0,12908000.0,13713000.0,54900000.0,2.944,35556000.0
68,SRCL,MRQ,2004-06-30,2004-06-30,2004-06-30,2021-08-06,-53000.0,802668000.0,,112865000.0,689803000.0,,5.363,-9858000.0,15066000.0,15066000.0,64378000.0,18867000.0,1.718,0.697,212650000.0,4508000.0,208142000.0,212650000.0,10011000.0,5246000.0,0.0,0.0,0.0,33792000.0,39038000.0,0.315,39038000.0,33792000.0,31208000.0,0.215,0.205,0.215,472978000.0,,472978000.0,2398336710.0,18.0,15.865,8819000.0,0.1,1.0,59415000.0,0.48,546708000.0,2584000.0,387838000.0,,3757000.0,13042000.0,3525000.0,9517000.0,329690000.0,65706000.0,263984000.0,2247212710.0,11934000.0,-48320000.0,2943000.0,48606000.0,0.0,51549000.0,-57946000.0,232000.0,18677000.0,-346000.0,18867000.0,18867000.0,18867000.0,0.0,0.0,0.152,24809000.0,34606000.0,15905000.0,0.0,4.751,30.546,30.081,125879000.0,0.0,25.87,4.79,4.863,70278000.0,154230000.0,123793000.0,123793000.0,0.0,,,,,2759000.0,18330000.0,1.0,86865586.0,88189648.0,92432484.0,1.404,255960000.0,11224000.0,12341000.0,51548000.0,2.902,47159000.0
69,SRCL,MRQ,2004-03-31,2004-03-31,2004-03-31,2021-08-06,336000.0,707645000.0,,84390000.0,623255000.0,,5.089,-5094000.0,3132000.0,3132000.0,60853000.0,19124000.0,1.257,0.611,154256000.0,5332000.0,148924000.0,154256000.0,7624000.0,4674000.0,0.0,0.0,0.0,34323000.0,38997000.0,0.332,38997000.0,34323000.0,31794000.0,0.22,0.21,0.22,439229000.0,,439229000.0,2241625411.0,18.0,15.429,23111000.0,0.268,1.0,56703000.0,0.482,508608000.0,2529000.0,283019000.0,,2946000.0,13374000.0,3757000.0,9617000.0,268416000.0,67142000.0,201274000.0,2081019411.0,-4108000.0,-7621000.0,-1054000.0,-18590000.0,0.0,-19644000.0,-12408000.0,307000.0,28205000.0,-261000.0,19124000.0,19124000.0,19124000.0,0.0,0.0,0.163,22012000.0,34691000.0,9587000.0,0.0,4.738,29.634,28.719,97629000.0,0.0,23.98,4.539,4.514,58978000.0,135363000.0,117556000.0,117556000.0,0.0,,,,,2088000.0,17222000.0,1.0,86781460.0,86309166.0,92090020.0,1.362,199037000.0,9504000.0,12670000.0,38668000.0,2.306,17248000.0
70,SRCL,MRQ,2003-12-31,2003-12-31,2003-12-31,2021-08-06,530000.0,707462000.0,,97737000.0,609725000.0,,4.844,-6107000.0,7240000.0,7240000.0,73390000.0,18407000.0,1.417,0.735,167846000.0,4830000.0,163016000.0,167846000.0,4987000.0,4713000.0,0.0,0.0,0.0,32967000.0,37680000.0,0.329,37680000.0,32967000.0,30260000.0,0.22,0.2,0.22,407820000.0,,407820000.0,2138080969.0,18.0,15.4,29497000.0,0.35,1.0,41161000.0,0.359,496588000.0,2707000.0,302486000.0,,3244000.0,10581000.0,2864000.0,7717000.0,299642000.0,68994000.0,230648000.0,1964868969.0,698000.0,-3811000.0,-10695000.0,-14692000.0,0.0,-25387000.0,-9257000.0,661000.0,35604000.0,-262000.0,18407000.0,18407000.0,18407000.0,0.0,0.0,0.161,7997000.0,33164000.0,15741000.0,0.0,4.818,29.87,29.371,96562000.0,0.0,23.35,4.335,4.27,59711000.0,116239000.0,114551000.0,114551000.0,0.0,,,,,4399000.0,20299000.0,1.0,84148564.0,84183634.0,92781564.0,1.361,210874000.0,12345000.0,11853000.0,42277000.0,2.505,28743000.0
71,SRCL,MRQ,2003-09-30,2003-09-30,2003-09-30,2021-08-06,574000.0,696797000.0,,91258000.0,605539000.0,,4.714,-5202000.0,6542000.0,6542000.0,60369000.0,17171000.0,1.367,0.761,179754000.0,9766000.0,169988000.0,179754000.0,4758000.0,4243000.0,0.0,0.0,0.0,31210000.0,35453000.0,0.313,35453000.0,31210000.0,28381000.0,0.205,0.185,0.205,395668000.0,,395668000.0,2181044749.0,19.0,16.94,23242000.0,0.277,1.0,52859000.0,0.467,495369000.0,2829000.0,307864000.0,,4630000.0,9842000.0,2125000.0,7717000.0,301129000.0,66776000.0,234353000.0,1982745749.0,443000.0,302000.0,2363000.0,-24644000.0,0.0,-22281000.0,-5502000.0,-602000.0,28444000.0,-218000.0,17171000.0,17171000.0,17171000.0,0.0,0.0,0.152,21240000.0,31619000.0,10254000.0,0.0,5.011,33.716,32.812,94705000.0,0.0,23.625,4.487,4.488,62995000.0,97832000.0,113228000.0,113228000.0,0.0,,,,,2108000.0,16781000.0,1.0,83925746.0,83939514.0,92570916.0,1.349,201428000.0,8164000.0,11210000.0,38807000.0,2.4,24482000.0
72,SRCL,MRQ,2003-06-30,2003-06-30,2003-06-30,2021-08-06,-81000.0,695850000.0,,92366000.0,603484000.0,,4.536,-5319000.0,6099000.0,6099000.0,61127000.0,15522000.0,1.252,0.864,204398000.0,18576000.0,185822000.0,204398000.0,4783000.0,4035000.0,0.0,0.0,0.0,29126000.0,33161000.0,0.293,33161000.0,29126000.0,25741000.0,0.19,0.17,0.19,373371000.0,,373371000.0,1789583803.0,17.0,14.616,26245000.0,0.319,1.0,52008000.0,0.46,495527000.0,3385000.0,324818000.0,,4820000.0,9240000.0,1523000.0,7717000.0,322479000.0,73804000.0,248675000.0,1563142803.0,-3089000.0,-2412000.0,3928000.0,-31231000.0,0.0,-27303000.0,-7290000.0,441000.0,31564000.0,-60000.0,15522000.0,15522000.0,15522000.0,0.0,0.0,0.137,20752000.0,31256000.0,11281000.0,0.0,4.187,29.069,28.415,92938000.0,0.0,19.18,3.63,3.666,64730000.0,80661000.0,113135000.0,113135000.0,0.0,,,,,2194000.0,16594000.0,1.0,81498582.0,82303882.0,92210720.0,1.375,200323000.0,7363000.0,10219000.0,37386000.0,2.434,18562000.0
73,SRCL,MRQ,2003-03-31,2003-03-31,2003-03-31,2021-08-06,-21000.0,700186000.0,,100101000.0,600085000.0,,4.254,-3656000.0,9188000.0,9188000.0,61714000.0,14681000.0,1.278,1.031,235629000.0,25156000.0,210473000.0,235629000.0,4401000.0,4264000.0,0.0,0.0,0.0,28274000.0,32538000.0,0.29,32538000.0,28274000.0,24347000.0,0.18,0.16,0.18,344770000.0,,344770000.0,1744713487.0,17.0,14.844,24619000.0,0.304,1.0,50597000.0,0.451,490431000.0,3927000.0,357891000.0,,5279000.0,9681000.0,1964000.0,7717000.0,355416000.0,78305000.0,277111000.0,1525031487.0,813000.0,-31301000.0,1733000.0,6418000.0,0.0,8151000.0,-35586000.0,-629000.0,28275000.0,-27000.0,14681000.0,14681000.0,14681000.0,0.0,0.0,0.131,20239000.0,30358000.0,12637000.0,0.0,4.423,30.639,29.598,93552000.0,0.0,18.795,3.659,3.655,68540000.0,65139000.0,112311000.0,112311000.0,0.0,,,,,1419000.0,15884000.0,1.0,81140276.0,81043196.0,91686456.0,1.386,209755000.0,6579000.0,9666000.0,34143000.0,2.588,21796000.0
74,SRCL,MRQ,2002-12-31,2002-12-31,2002-12-31,2021-08-06,-229000.0,667095000.0,,94356000.0,572739000.0,,4.185,-3382000.0,8375000.0,8375000.0,68355000.0,11434000.0,1.755,1.042,228057000.0,3933000.0,224124000.0,228057000.0,3681000.0,3870000.0,0.0,0.0,0.0,23732000.0,27602000.0,0.267,27602000.0,23732000.0,18900000.0,0.145,0.125,0.145,326729000.0,,326729000.0,1435936549.0,15.0,12.81,22452000.0,0.288,1.0,34852000.0,0.338,467382000.0,4832000.0,365641000.0,,4494000.0,9052000.0,1335000.0,7717000.0,340366000.0,53754000.0,286612000.0,1222970549.0,2464000.0,-23707000.0,1882000.0,2046000.0,0.0,3928000.0,-27274000.0,-185000.0,25834000.0,-24000.0,11434000.0,11434000.0,11434000.0,0.0,0.0,0.111,10003000.0,24849000.0,14330000.0,0.0,3.743,26.747,27.21,88501000.0,0.0,16.19,3.046,3.054,62013000.0,50458000.0,103207000.0,103207000.0,0.0,,,,,3815000.0,18062000.0,1.0,75538638.0,78068264.0,90811414.0,1.322,199713000.0,6720000.0,7466000.0,30729000.0,2.558,40602000.0
75,SRCL,MRQ,2002-09-30,2002-09-30,2002-09-30,2021-08-06,-1339000.0,615401000.0,,86388000.0,529013000.0,,3.662,-3907000.0,5911000.0,5911000.0,56983000.0,12136000.0,1.586,1.229,218877000.0,1338000.0,217539000.0,218877000.0,3369000.0,3901000.0,0.0,0.0,0.0,25241000.0,29142000.0,0.286,29142000.0,25241000.0,19859000.0,0.16,0.135,0.16,276044000.0,,276044000.0,1509886092.0,19.0,15.875,19552000.0,0.259,1.0,44996000.0,0.441,432873000.0,5382000.0,341022000.0,,4268000.0,327000.0,327000.0,0.0,339357000.0,54472000.0,284885000.0,1277947092.0,-2999000.0,-814000.0,-76000.0,-21972000.0,0.0,-22048000.0,-4410000.0,311000.0,23459000.0,0.0,12136000.0,12136000.0,12136000.0,0.0,0.0,0.119,18391000.0,26605000.0,10136000.0,0.0,4.63,39.869,43.487,85149000.0,0.0,16.96,3.263,3.264,63274000.0,39024000.0,101979000.0,101979000.0,0.0,,,,,0.0,14442000.0,1.0,75350654.0,75386350.0,90248708.0,1.353,182528000.0,0.0,7723000.0,17755000.0,2.421,31916000.0
76,SRCL,MRQ,2002-06-30,2002-06-30,2002-06-30,2021-08-06,-2498000.0,622916000.0,,94855000.0,528061000.0,,3.497,-3522000.0,8910000.0,8910000.0,56271000.0,11523000.0,1.578,1.374,240849000.0,5109000.0,235740000.0,240849000.0,3115000.0,3647000.0,0.0,0.0,0.0,24610000.0,28257000.0,0.285,28257000.0,24610000.0,19094000.0,0.15,0.13,0.15,262439000.0,,262439000.0,1579836545.0,22.0,17.194,24845000.0,0.331,1.0,42998000.0,0.433,432398000.0,5516000.0,362335000.0,,4610000.0,638000.0,638000.0,0.0,360477000.0,60122000.0,300355000.0,1327437545.0,-2360000.0,-6095000.0,1789000.0,-22820000.0,0.0,-21031000.0,-9732000.0,-115000.0,28367000.0,36000.0,11523000.0,11523000.0,11523000.0,0.0,0.0,0.116,17661000.0,25337000.0,11930000.0,0.0,5.058,50.563,55.328,84593000.0,0.0,17.705,3.484,3.488,61270000.0,26888000.0,99269000.0,99269000.0,0.0,,,,,0.0,13992000.0,1.0,74975292.0,75047182.0,90293280.0,1.323,190518000.0,7630000.0,7571000.0,24891000.0,2.539,34733000.0
77,SRCL,MRQ,2002-03-31,2002-03-31,2002-03-31,2021-08-06,-2535000.0,622035000.0,,98905000.0,523130000.0,,3.35,-3836000.0,11270000.0,11270000.0,55401000.0,10631000.0,1.682,1.494,263669000.0,14097000.0,249572000.0,263669000.0,2883000.0,3563000.0,0.0,0.0,0.0,23533000.0,27096000.0,0.279,27096000.0,23533000.0,17724000.0,0.135,0.12,0.135,249364000.0,,249364000.0,1437513240.0,22.0,16.285,17235000.0,0.232,1.0,41663000.0,0.429,426616000.0,5809000.0,389008000.0,,4410000.0,523000.0,523000.0,0.0,372671000.0,58810000.0,313861000.0,1170252240.0,-1467000.0,-3975000.0,2028000.0,-16582000.0,0.0,-14554000.0,-8054000.0,-243000.0,21071000.0,70000.0,10631000.0,10631000.0,10631000.0,0.0,0.0,0.11,17622000.0,24041000.0,10826000.0,0.0,4.693,57.58,62.56,84238000.0,0.0,15.64,3.161,3.145,62372000.0,15639000.0,97064000.0,97064000.0,0.0,,,,,1168000.0,13906000.0,1.0,74824312.0,74444724.0,89543904.0,1.304,195419000.0,7630000.0,7093000.0,15305000.0,2.625,40095000.0
78,SRCL,MRQ,2001-12-31,2001-12-31,2001-12-31,2021-08-06,-3996000.0,614530000.0,,98346000.0,516184000.0,,3.355,-4061000.0,12737000.0,12737000.0,56046000.0,-2236000.0,1.552,1.643,279998000.0,12633000.0,267365000.0,279998000.0,4920000.0,6497000.0,0.0,0.0,0.0,4117000.0,10614000.0,0.114,10614000.0,4117000.0,-3902000.0,-0.055,-0.03,-0.055,232510000.0,,232510000.0,1444682166.0,24.0,16.963,13478000.0,0.194,1.0,37333000.0,0.4,422652000.0,8019000.0,395760000.0,,6044000.0,6607000.0,4625000.0,1982000.0,382020000.0,63379000.0,318641000.0,1122633166.0,-67000.0,-8147000.0,49577000.0,-55028000.0,0.0,-5451000.0,-12155000.0,53000.0,17539000.0,0.0,-2236000.0,-2236000.0,-2236000.0,0.0,0.0,-0.024,20629000.0,16704000.0,13317000.0,0.0,4.828,76.318,80.105,82736000.0,0.0,15.22,3.127,2.698,65300000.0,5412000.0,93379000.0,93379000.0,0.0,,,,,1686000.0,17291000.0,1.0,73760392.0,69301200.0,87099112.0,1.347,191878000.0,0.0,-1666000.0,3194000.0,2.769,34967000.0
79,SRCL,MRQ,2001-09-30,2001-09-30,2001-09-30,2021-08-06,-5114000.0,620643000.0,,99137000.0,521506000.0,,2.462,-4732000.0,12804000.0,12804000.0,54794000.0,6335000.0,1.541,3.024,334853000.0,8996000.0,325857000.0,334853000.0,2644000.0,6414000.0,0.0,0.0,0.0,19502000.0,25916000.0,0.284,25916000.0,19502000.0,10560000.0,0.09,0.075,0.09,154243000.0,,154243000.0,985175966.0,14.0,10.132,18974000.0,0.303,1.0,36467000.0,0.4,422589000.0,8942000.0,455779000.0,,3905000.0,333000.0,333000.0,0.0,466400000.0,64324000.0,402076000.0,652835966.0,9640000.0,-9158000.0,489000.0,-651000.0,0.0,-162000.0,-13904000.0,-14000.0,23706000.0,0.0,6335000.0,6335000.0,6335000.0,0.0,0.0,0.069,16737000.0,19730000.0,13308000.0,0.0,4.233,30.845,34.503,83239000.0,0.0,10.42,1.86,1.859,68657000.0,8160000.0,91261000.0,91261000.0,0.0,,,,,24000.0,16717000.0,1.0,62652204.0,62639648.0,84392744.0,1.457,198054000.0,0.0,4225000.0,9432000.0,3.162,34813000.0
80,SRCL,MRQ,2001-06-30,2001-06-30,2001-06-30,2021-08-06,-2027000.0,595885000.0,,89998000.0,505887000.0,,2.352,-2659000.0,3164000.0,3164000.0,53348000.0,5594000.0,1.922,3.112,335504000.0,6942000.0,328562000.0,335504000.0,797000.0,6201000.0,0.0,0.0,0.0,18447000.0,24648000.0,0.278,24648000.0,18447000.0,9431000.0,0.08,0.065,0.08,144920000.0,,144920000.0,1060218968.0,15.0,11.422,5877000.0,0.095,1.0,35201000.0,0.398,412774000.0,9016000.0,468627000.0,,3999000.0,319000.0,319000.0,0.0,450965000.0,46824000.0,404141000.0,721835968.0,4000.0,-1944000.0,1938000.0,-6039000.0,0.0,-4101000.0,-4431000.0,172000.0,8536000.0,0.0,5594000.0,5594000.0,5594000.0,0.0,0.0,0.063,16339000.0,18862000.0,11526000.0,0.0,4.981,39.525,45.144,77126000.0,0.0,11.738,2.118,2.122,68049000.0,2513000.0,88549000.0,88549000.0,0.0,,,,,41000.0,16250000.0,1.0,61498272.0,61622728.0,83408496.0,1.437,183111000.0,0.0,3837000.0,0.0,2.971,43174000.0
81,SRCL,MRQ,2001-03-31,2001-03-31,2001-03-31,2021-08-06,-1707000.0,592927000.0,,86936000.0,505991000.0,,2.27,-3960000.0,3160000.0,3160000.0,51771000.0,5017000.0,2.023,3.285,341543000.0,4906000.0,336637000.0,341543000.0,2406000.0,6122000.0,0.0,0.0,0.0,17867000.0,23989000.0,0.279,23989000.0,17867000.0,8427000.0,0.072,0.06,0.072,138378000.0,,138378000.0,1028510474.0,16.0,11.538,10809000.0,0.177,1.0,34064000.0,0.397,414991000.0,9440000.0,473355000.0,,3500000.0,491000.0,491000.0,0.0,454549000.0,42964000.0,411585000.0,680975474.0,494000.0,-2013000.0,566000.0,-8658000.0,0.0,-8092000.0,-6183000.0,-210000.0,14769000.0,0.0,5017000.0,5017000.0,5017000.0,0.0,0.0,0.058,16066000.0,17998000.0,11444000.0,0.0,4.921,43.223,50.034,74847000.0,0.0,11.158,2.052,2.049,67401000.0,-2370000.0,85835000.0,85835000.0,0.0,,,,,41000.0,15828000.0,1.0,61032980.0,60959700.0,82379944.0,1.408,177936000.0,0.0,3410000.0,0.0,2.919,43972000.0
82,SRCL,MRQ,2000-12-31,2000-12-31,2000-12-31,2021-08-06,0.0,597982000.0,,91011000.0,506971000.0,,2.232,-3653000.0,2666000.0,2666000.0,51576000.0,4219000.0,2.111,3.439,350201000.0,5097000.0,345104000.0,350201000.0,505000.0,6054000.0,0.0,0.0,0.0,16631000.0,22685000.0,0.266,22685000.0,16631000.0,6517000.0,0.06,0.05,0.06,134700000.0,,134700000.0,920030735.0,14.0,10.567,1377000.0,0.023,1.0,33855000.0,0.396,418790000.0,10114000.0,483614000.0,,3216000.0,281000.0,281000.0,0.0,463282000.0,43113000.0,420169000.0,570812735.0,448000.0,-313000.0,1034000.0,-1615000.0,0.0,-881000.0,-3701000.0,265000.0,5030000.0,0.0,4219000.0,4219000.0,4219000.0,0.0,0.0,0.049,17046000.0,16809000.0,14444000.0,0.0,4.238,39.337,47.663,73908000.0,0.0,9.533,1.763,1.753,71225000.0,-6756000.0,85431000.0,85431000.0,0.0,,,,,1099000.0,15482000.0,1.0,59880696.0,60356448.0,82951124.0,1.415,179192000.0,0.0,2298000.0,0.0,2.969,47898000.0
83,SRCL,MRQ,2000-09-30,2000-09-30,2000-09-30,2021-08-06,0.0,593008000.0,,80325000.0,512683000.0,,2.17,-4383000.0,2218000.0,2218000.0,49151000.0,3433000.0,1.945,3.594,351436000.0,2932000.0,348504000.0,351436000.0,335000.0,5803000.0,0.0,0.0,0.0,15700000.0,21503000.0,0.265,21503000.0,15700000.0,5839000.0,0.048,0.043,0.048,129097000.0,,129097000.0,711230930.0,14.0,9.849,1702000.0,0.029,1.0,31915000.0,0.394,420009000.0,9861000.0,480924000.0,,3398000.0,546000.0,546000.0,0.0,463911000.0,41293000.0,422618000.0,363852930.0,-2395000.0,-2579000.0,497000.0,-2015000.0,0.0,-1518000.0,-6962000.0,0.0,6085000.0,0.0,3433000.0,3433000.0,3433000.0,0.0,0.0,0.042,16248000.0,15667000.0,10631000.0,0.0,2.818,22.198,25.31,73723000.0,0.0,6.125,1.226,1.227,61218000.0,-10296000.0,81066000.0,81066000.0,0.0,,,,,40000.0,14765000.0,1.0,59404560.0,59489288.0,80384492.0,1.363,172999000.0,0.0,2406000.0,0.0,2.908,39032000.0
84,SRCL,MRQ,2000-06-30,2000-06-30,2000-06-30,2021-08-06,0.0,585507000.0,,77321000.0,508186000.0,,2.105,-2392000.0,4613000.0,4613000.0,48261000.0,3086000.0,1.985,3.702,351991000.0,2390000.0,349601000.0,351991000.0,239000.0,5829000.0,0.0,0.0,0.0,15135000.0,20964000.0,0.264,20964000.0,15135000.0,5180000.0,0.043,0.037,0.043,124529000.0,,124529000.0,704858592.0,18.0,12.526,-7450000.0,-0.126,1.0,31296000.0,0.393,415622000.0,9955000.0,478304000.0,,3596000.0,278000.0,278000.0,0.0,460978000.0,38959000.0,422019000.0,355418592.0,-16157000.0,-969000.0,625000.0,-8593000.0,0.0,-7968000.0,-3131000.0,230000.0,-5058000.0,0.0,3086000.0,3086000.0,3086000.0,0.0,0.0,0.039,16133000.0,15163000.0,11526000.0,0.0,2.854,22.438,24.49,70968000.0,0.0,6.0,1.474,1.472,58307000.0,-13157000.0,79557000.0,79557000.0,0.0,,,,,40000.0,14726000.0,1.0,59236432.0,59170408.0,79669196.0,1.345,169885000.0,0.0,2094000.0,0.0,2.871,38362000.0
85,SRCL,MRQ,2000-03-31,2000-03-31,2000-03-31,2021-08-06,0.0,599173000.0,,84509000.0,514664000.0,,2.058,-1158000.0,20770000.0,20770000.0,47357000.0,3773000.0,1.606,3.935,370210000.0,7080000.0,363130000.0,370210000.0,707000.0,5783000.0,0.0,0.0,0.0,16135000.0,21918000.0,0.282,21918000.0,16135000.0,6280000.0,0.052,0.048,0.052,121411000.0,,121411000.0,711063125.0,27.0,17.475,3254000.0,0.055,1.0,30311000.0,0.39,418190000.0,9855000.0,477807000.0,,2702000.0,278000.0,278000.0,0.0,477762000.0,52616000.0,425146000.0,369222125.0,1426000.0,-655000.0,143000.0,-1323000.0,0.0,-1180000.0,-1806000.0,7000.0,4412000.0,0.0,3773000.0,3773000.0,3773000.0,0.0,0.0,0.049,14484000.0,15827000.0,11308000.0,0.0,3.041,24.11,25.304,74199000.0,0.0,6.25,1.978,1.975,53418000.0,-15611000.0,77668000.0,77668000.0,0.0,,,,,40000.0,14484000.0,1.0,59075540.0,58986412.0,78356360.0,1.317,180983000.0,0.0,2507000.0,0.0,3.068,31893000.0
86,SRCL,MRQ,1999-12-31,1999-12-31,1999-12-31,2021-08-06,0.0,595786000.0,,77540000.0,518246000.0,,2.003,-1428000.0,19344000.0,19344000.0,37125000.0,6099000.0,1.53,4.044,361185000.0,5741000.0,355444000.0,361185000.0,142000.0,4563000.0,0.0,0.0,0.0,3267000.0,7830000.0,0.134,7830000.0,3267000.0,-2239000.0,0.1,0.095,0.1,118114000.0,,118114000.0,266694855.0,19.0,11.172,4515000.0,0.077,1.0,21438000.0,0.366,421001000.0,5506000.0,465944000.0,,2035000.0,285000.0,285000.0,0.0,477672000.0,50682000.0,426990000.0,276933855.0,3327000.0,-410613000.0,492000.0,338591000.0,0.0,407938000.0,-410554000.0,1487000.0,5943000.0,0.0,6099000.0,6099000.0,6099000.0,0.0,0.0,0.104,18900000.0,2538000.0,17923000.0,0.0,2.345,19.826,19.594,75112000.0,0.0,4.702,2.085,2.016,48284000.0,-18724000.0,58563000.0,58563000.0,0.0,,,,,192000.0,10939000.0,1.0,58890772.0,58961636.0,70214156.0,0.993,174785000.0,0.0,-8338000.0,0.0,2.964,26858000.0
87,SRCL,MRQ,1999-09-30,1999-09-30,1999-09-30,2021-08-06,0.0,128728000.0,,41230000.0,87498000.0,,1.914,-488000.0,16017000.0,16017000.0,16658000.0,2882000.0,3.162,0.151,5778000.0,1900000.0,3878000.0,5778000.0,178000.0,1771000.0,0.0,0.0,0.0,3788000.0,5559000.0,0.219,5559000.0,3788000.0,3634000.0,0.05,0.048,0.05,111812000.0,,111812000.0,201351775.0,15.0,10.015,2550000.0,0.044,1.0,8740000.0,0.344,59524000.0,154000.0,45927000.0,,1003000.0,1583000.0,1583000.0,0.0,16916000.0,13038000.0,3878000.0,214981775.0,-3545000.0,-4380000.0,0.0,-215000.0,0.0,-215000.0,-6368000.0,-1500000.0,3038000.0,0.0,2882000.0,2882000.0,2882000.0,0.0,0.0,0.113,5271000.0,3469000.0,4747000.0,0.0,1.923,21.158,18.548,22435000.0,0.0,3.672,2.235,2.23,20232000.0,-24483000.0,25398000.0,25398000.0,0.0,,,,,0.0,5271000.0,1.0,58538264.0,58420876.0,60012420.0,0.435,69204000.0,0.0,752000.0,0.0,1.185,28192000.0
88,SRCL,MRQ,1999-06-30,1999-06-30,1999-06-30,2021-08-06,0.0,122797000.0,,40257000.0,82540000.0,,1.848,-896000.0,19562000.0,19562000.0,16479000.0,2560000.0,3.696,0.142,5932000.0,1549000.0,4383000.0,5932000.0,226000.0,1829000.0,0.0,0.0,0.0,3555000.0,5384000.0,0.215,5384000.0,3555000.0,3383000.0,0.045,0.043,0.045,107523000.0,,107523000.0,184389630.0,16.0,10.428,2219000.0,0.038,1.0,8540000.0,0.341,55438000.0,172000.0,42838000.0,,886000.0,76000.0,76000.0,0.0,15274000.0,10891000.0,4383000.0,197296630.0,-243000.0,-1888000.0,-161000.0,-873000.0,0.0,-1034000.0,-2324000.0,460000.0,3115000.0,0.0,2560000.0,2560000.0,2560000.0,0.0,0.0,0.102,5186000.0,3354000.0,3257000.0,0.0,1.835,22.339,18.324,23115000.0,0.0,3.39,2.254,2.253,17205000.0,-27365000.0,25019000.0,25019000.0,0.0,,,,,0.0,5186000.0,1.0,58199596.0,58184804.0,59514736.0,0.43,67359000.0,0.0,823000.0,0.0,1.158,29366000.0
89,SRCL,MRQ,1999-03-31,1999-03-31,1999-03-31,2021-08-06,0.0,122003000.0,,40370000.0,81633000.0,,1.997,-983000.0,19805000.0,19805000.0,15861000.0,2427000.0,2.991,0.169,6898000.0,2771000.0,4127000.0,6898000.0,1363000.0,1716000.0,0.0,0.0,0.0,3383000.0,5099000.0,0.214,5099000.0,3383000.0,3020000.0,0.048,0.045,0.048,104379000.0,,104379000.0,222557357.0,23.0,15.335,-1302000.0,-0.025,1.0,8007000.0,0.335,54889000.0,363000.0,40710000.0,,999000.0,536000.0,536000.0,0.0,17624000.0,13497000.0,4127000.0,194881357.0,18522000.0,-5399000.0,47319000.0,-22096000.0,0.0,25223000.0,-6382000.0,0.0,-319000.0,0.0,2427000.0,2427000.0,2427000.0,0.0,0.0,0.102,5084000.0,2923000.0,2928000.0,0.0,1.867,26.478,20.364,23006000.0,0.0,3.36,2.521,2.272,16104000.0,-29925000.0,23868000.0,23868000.0,0.0,,,,,0.0,5084000.0,1.0,58000404.0,52275724.0,54138120.0,0.457,67114000.0,0.0,593000.0,0.0,1.284,26873000.0
90,SRCL,MRQ,1998-12-31,1998-12-31,1998-12-31,2021-08-06,0.0,97755000.0,,21810000.0,75945000.0,,1.236,-2112000.0,1283000.0,1283000.0,14836000.0,2292000.0,1.056,0.822,28959000.0,5499000.0,23460000.0,28959000.0,2178000.0,1370000.0,0.0,0.0,0.0,2694000.0,4064000.0,0.185,4064000.0,2694000.0,2159000.0,0.055,0.053,0.055,53651000.0,,53651000.0,184017709.0,26.0,16.427,1404000.0,0.032,1.0,7086000.0,0.323,49112000.0,535000.0,55675000.0,,1291000.0,536000.0,536000.0,0.0,44104000.0,20644000.0,23460000.0,175265709.0,508000.0,-12645000.0,49000.0,11741000.0,0.0,11790000.0,-14798000.0,-41000.0,3516000.0,0.0,2292000.0,2292000.0,2292000.0,0.0,0.0,0.105,4778000.0,2308000.0,6502000.0,0.0,3.267,30.678,29.87,23100000.0,0.0,4.032,2.628,2.576,16582000.0,-32352000.0,21922000.0,21922000.0,0.0,,,,,0.0,4778000.0,1.0,43463288.0,43394744.0,45410704.0,0.505,48643000.0,0.0,-133000.0,0.0,1.121,1166000.0
91,SRCL,MRQ,1998-09-30,1998-09-30,1998-09-30,2021-08-06,0.0,68183000.0,,17664000.0,50519000.0,,1.182,-841000.0,775000.0,775000.0,10863000.0,1553000.0,1.23,0.349,9527000.0,6281000.0,3246000.0,9527000.0,663000.0,961000.0,0.0,0.0,0.0,2174000.0,3135000.0,0.187,3135000.0,2174000.0,2056000.0,0.037,0.035,0.037,50550000.0,,50550000.0,214204734.0,41.0,25.006,-388000.0,-0.009,1.0,5878000.0,0.351,36796000.0,118000.0,25773000.0,,1037000.0,2335000.0,2335000.0,0.0,17633000.0,14366000.0,3267000.0,211685734.0,-2583000.0,-5967000.0,212000.0,3560000.0,0.0,3772000.0,-6808000.0,0.0,453000.0,0.0,1553000.0,1553000.0,1553000.0,0.0,0.0,0.093,3793000.0,2085000.0,1986000.0,0.0,4.188,52.397,51.974,12043000.0,0.0,4.938,3.685,3.677,10902000.0,-34640000.0,16741000.0,16741000.0,0.0,,,,,0.0,3793000.0,1.0,42873060.0,42778732.0,45458096.0,0.391,31387000.0,0.0,503000.0,0.0,0.734,3298000.0
92,SRCL,MRQ,1998-06-30,1998-06-30,1998-06-30,2021-08-06,0.0,62538000.0,,19000000.0,43538000.0,,1.131,-487000.0,3358000.0,3358000.0,10331000.0,1088000.0,1.721,0.312,5877000.0,2476000.0,3401000.0,5877000.0,250000.0,870000.0,0.0,0.0,0.0,1345000.0,2215000.0,0.15,2215000.0,1345000.0,1283000.0,0.025,0.025,0.025,47673000.0,,47673000.0,155857746.0,41.0,21.783,1327000.0,0.031,1.0,4432000.0,0.3,30574000.0,62000.0,23446000.0,,802000.0,2335000.0,2335000.0,0.0,14865000.0,11037000.0,3828000.0,152523746.0,444000.0,-493000.0,46000.0,-436000.0,0.0,-390000.0,-980000.0,0.0,1814000.0,0.0,1088000.0,1088000.0,1088000.0,0.0,0.0,0.074,3268000.0,1164000.0,2125000.0,0.0,3.199,50.572,51.786,11221000.0,0.0,3.625,2.858,2.864,11513000.0,-36193000.0,14763000.0,14763000.0,0.0,,,,,0.0,3268000.0,1.0,42075516.0,42159224.0,44707108.0,0.35,31964000.0,0.0,195000.0,0.0,0.758,7963000.0
93,SRCL,MRQ,1998-03-31,1998-03-31,1998-03-31,2021-08-06,0.0,60997000.0,,18453000.0,42544000.0,,1.094,-497000.0,2914000.0,2914000.0,9298000.0,780000.0,1.659,0.331,6248000.0,2657000.0,3591000.0,6248000.0,618000.0,863000.0,0.0,0.0,0.0,925000.0,1788000.0,0.135,1788000.0,925000.0,863000.0,0.018,0.018,0.018,45842000.0,,45842000.0,157124922.0,58.0,26.394,-1418000.0,-0.034,1.0,3957000.0,0.299,29650000.0,62000.0,23556000.0,,668000.0,2335000.0,2335000.0,0.0,15155000.0,11125000.0,4030000.0,155971922.0,-2460000.0,-670000.0,37000.0,-409000.0,0.0,-372000.0,-1167000.0,0.0,-921000.0,0.0,780000.0,780000.0,780000.0,0.0,0.0,0.059,3090000.0,867000.0,1536000.0,0.0,3.402,73.99,74.4,11188000.0,0.0,3.72,3.148,3.148,11545000.0,-37286000.0,13255000.0,13255000.0,0.0,,,,,0.0,3090000.0,1.0,41927936.0,41921596.0,44638560.0,0.316,31347000.0,0.0,83000.0,0.0,0.748,7328000.0
94,SRCL,MRQ,1997-12-31,1997-12-31,1997-12-31,2021-08-06,0.0,61266000.0,,17152000.0,44114000.0,,1.027,-111000.0,5374000.0,5374000.0,8996000.0,619000.0,1.398,0.36,6527000.0,3052000.0,3475000.0,6527000.0,255000.0,589000.0,0.0,0.0,0.0,839000.0,1428000.0,0.113,1428000.0,839000.0,747000.0,0.015,0.013,0.015,45026000.0,,45026000.0,,,,-747000.0,-0.017,1.0,3695000.0,0.291,29458000.0,92000.0,20688000.0,,660000.0,0.0,0.0,0.0,16200000.0,12273000.0,3927000.0,153351426.0,-2607000.0,152000.0,20000.0,-2028000.0,0.0,-2012000.0,41000.0,0.0,-636000.0,0.0,619000.0,619000.0,619000.0,0.0,0.0,0.049,2946000.0,749000.0,1927000.0,0.0,3.406,107.239,104.5,11241000.0,0.0,3.658,3.322,3.245,10286000.0,-38061000.0,12691000.0,12691000.0,0.0,,,,,0.0,2946000.0,1.0,41927936.0,43851624.0,46495672.0,0.289,31808000.0,0.0,128000.0,0.0,0.725,4879000.0
95,SRCL,MRQ,1997-09-30,1997-09-30,1997-09-30,2021-08-06,,,,,,,,-422000.0,,,9007000.0,529000.0,,,,,,,,1063000.0,,0.0,0.0,661000.0,1724000.0,0.136,1724000.0,661000.0,540000.0,0.013,0.013,0.013,,,,,,,494000.0,0.012,1.0,3652000.0,0.288,,121000.0,,,,,,,,,,,-804000.0,-1121000.0,17000.0,-194000.0,0.0,-177000.0,-1543000.0,0.0,916000.0,0.0,529000.0,529000.0,529000.0,0.0,0.0,0.042,3122000.0,530000.0,,0.0,,,,,0.0,2.375,,,,,12659000.0,12659000.0,0.0,,,,,0.0,3122000.0,1.0,,41440876.0,43357744.0,0.305,,,11000.0,,,
96,SRCL,MRQ,1997-06-30,1997-06-30,1997-06-30,2021-08-06,,,,,,,,-539000.0,,,8195000.0,180000.0,,,,,,,,736000.0,,0.0,0.0,277000.0,1013000.0,0.093,1013000.0,277000.0,185000.0,0.005,0.005,0.005,,,,,,,-672000.0,-0.017,1.0,2742000.0,0.251,,92000.0,,,,,,,,,,,-7345000.0,-4583000.0,16000.0,-771000.0,0.0,-755000.0,-6457000.0,-1335000.0,-133000.0,0.0,180000.0,180000.0,180000.0,0.0,0.0,0.016,2636000.0,106000.0,,0.0,,,,,0.0,2.0,,,,,10937000.0,10937000.0,0.0,,,,,0.0,2636000.0,1.0,,40568224.0,42363076.0,0.27,,,5000.0,,,
97,SRCL,MRQ,1997-03-31,1997-03-31,1997-03-31,2021-08-06,,,,,,,,-163000.0,,,7911000.0,102000.0,,,,,,,,690000.0,,0.0,0.0,225000.0,915000.0,0.093,915000.0,225000.0,102000.0,0.003,0.003,0.003,,,,,,,-410000.0,-0.01,1.0,1968000.0,0.199,,123000.0,,,,,,,,,,,4180000.0,0.0,4000.0,-217000.0,0.0,-209000.0,4636000.0,4799000.0,-247000.0,0.0,102000.0,102000.0,102000.0,0.0,0.0,0.01,1969000.0,-1000.0,,0.0,,,,,0.0,2.0,,,,,9879000.0,9879000.0,0.0,,,,,0.0,1969000.0,1.0,,40004652.0,42068420.0,0.247,,,0.0,,,
98,SRCL,MRQ,1996-12-31,1996-12-31,1996-12-31,2021-08-06,0.0,55155000.0,,23781000.0,31374000.0,,,,11950000.0,11950000.0,,,2.595,0.378,7806000.0,3215000.0,4591000.0,7806000.0,670000.0,,0.0,0.0,0.0,,,,,,,,,,40014000.0,,40014000.0,,,,,,1.0,,,18834000.0,,23013000.0,,360000.0,5799000.0,5799000.0,0.0,15141000.0,9164000.0,5977000.0,,,,,,,,,,,,,,,,,,,,1510000.0,,,,-35.938,12007000.0,,2.875,,,4756000.0,-39491000.0,,,,,,,,,,1.0,,,,,36321000.0,0.0,,0.0,,14617000.0
0,SRCL,MRT,2021-06-30,2021-06-30,2021-06-30,2021-08-06,-193700000.0,5517100000.0,5565900000.0,548400000.0,4968700000.0,0.473,27.122,-104600000.0,61700000.0,61700000.0,1565700000.0,23600000.0,0.81,1.214,2081800000.0,184200000.0,1897600000.0,2081800000.0,0.0,223700000.0,0.0,0.0,0.0,149100000.0,372800000.0,0.142,372800000.0,149100000.0,75200000.0,0.25,0.24,0.25,2489800000.0,2424675000.0,2489800000.0,8652076439.0,58.0,23.208,368100000.0,4.01,1.0,1067300000.0,0.405,3841400000.0,73900000.0,3019100000.0,3137100000.0,0.0,0.0,0.0,0.0,3023600000.0,676700000.0,2346900000.0,6565476439.0,19700000.0,70500000.0,-2900000.0,-419200000.0,0.0,-424100000.0,-29300000.0,0.0,472700000.0,400000.0,22700000.0,22700000.0,22700000.0,0.0,900000.0,0.009,915200000.0,152100000.0,176900000.0,0.0,2.637,289.228,286.2,1073700000.0,0.0,71.55,2.494,2.495,402700000.0,1438000000.0,2633000000.0,2633000000.0,0.0,0.004,0.009,0.048,0.057,24800000.0,853700000.0,1.0,91760677.0,91800000.0,92100000.0,28.682,1675700000.0,0.0,52500000.0,389600000.0,18.254,-128300000.0
1,SRCL,MRT,2021-03-31,2021-03-31,2021-03-31,2021-08-06,-200300000.0,5531400000.0,5607950000.0,537200000.0,4994200000.0,0.456,26.694,-104600000.0,50000000.0,50000000.0,1530600000.0,-9800000.0,0.797,1.261,2136600000.0,180300000.0,1956300000.0,2136600000.0,0.0,228900000.0,0.0,0.0,0.0,116300000.0,345200000.0,0.135,345200000.0,116300000.0,41000000.0,-0.12,-0.13,-0.12,2445200000.0,2375125000.0,2445200000.0,8296536687.0,71.0,24.034,406100000.0,4.433,1.0,1027900000.0,0.402,3865300000.0,75300000.0,3078700000.0,3268425000.0,0.0,0.0,0.0,0.0,3082600000.0,674000000.0,2408600000.0,6184536687.0,14000000.0,498900000.0,-4300000.0,-886700000.0,0.0,-893000000.0,397000000.0,0.0,510700000.0,-700000.0,-11100000.0,-11100000.0,-11100000.0,0.0,1300000.0,-0.004,906500000.0,121400000.0,195100000.0,0.0,2.529,-557.165,-562.583,1075900000.0,0.0,67.51,2.417,2.417,388300000.0,1408700000.0,2558500000.0,2558500000.0,0.0,-0.002,-0.005,0.036,0.045,25500000.0,841200000.0,1.0,91609194.0,91600000.0,92000000.0,27.931,1666100000.0,0.0,52100000.0,394000000.0,18.189,-136800000.0
2,SRCL,MRT,2020-12-31,2020-12-31,2020-12-31,2021-08-06,-187400000.0,5581900000.0,5813400000.0,552500000.0,5029400000.0,0.46,26.558,-119500000.0,53300000.0,53300000.0,1622400000.0,-55900000.0,0.793,1.295,2165300000.0,177200000.0,1988100000.0,2165300000.0,0.0,233500000.0,0.0,0.0,0.0,24500000.0,258000000.0,0.096,258000000.0,24500000.0,-57400000.0,-0.63,-0.63,-0.63,2430100000.0,2332875000.0,2430100000.0,8685732814.0,355.0,33.666,410700000.0,4.489,1.0,1053100000.0,0.394,3906700000.0,81900000.0,3090100000.0,3636875000.0,0.0,0.0,0.0,0.0,3147500000.0,697100000.0,2450400000.0,6347332814.0,18600000.0,498900000.0,-400000.0,-890700000.0,0.0,-892500000.0,381400000.0,0.0,530200000.0,-500000.0,-57300000.0,-57300000.0,-57300000.0,0.0,1400000.0,-0.021,1021200000.0,31900000.0,181200000.0,0.0,2.612,-110.774,-110.048,1066300000.0,0.0,69.33,2.372,2.371,380700000.0,1382600000.0,2675500000.0,2675500000.0,0.0,-0.01,-0.025,0.007,0.009,25500000.0,897600000.0,1.0,91552471.0,91500000.0,91500000.0,29.24,1675200000.0,0.0,-100000.0,403100000.0,18.308,-144600000.0
3,SRCL,MRT,2020-09-30,2020-09-30,2020-09-30,2021-08-06,-229600000.0,5633200000.0,6027175000.0,565700000.0,5067500000.0,0.468,25.504,-127700000.0,59400000.0,59400000.0,1756400000.0,-324100000.0,0.824,1.412,2397800000.0,206400000.0,2191400000.0,2397800000.0,0.0,243500000.0,0.0,0.0,0.0,-267900000.0,-24400000.0,-0.009,-24400000.0,-267900000.0,-357100000.0,-3.57,-3.57,-3.57,2333600000.0,2308075000.0,2333600000.0,8234710917.0,-31.0,-337.488,284300000.0,3.107,1.0,1063100000.0,0.377,3924200000.0,89200000.0,3360500000.0,3953350000.0,0.0,0.0,0.0,0.0,3294700000.0,686900000.0,2607800000.0,5768910917.0,28600000.0,490000000.0,2800000.0,-752700000.0,0.0,-749900000.0,365500000.0,0.0,412000000.0,1000000.0,-325100000.0,-325100000.0,-325100000.0,0.0,1000000.0,-0.115,1322900000.0,-259800000.0,156100000.0,0.0,2.472,-17.745,-17.664,1074600000.0,0.0,63.06,2.046,2.046,384900000.0,1334100000.0,2819500000.0,2819500000.0,0.0,-0.054,-0.141,-0.068,-0.095,23700000.0,924400000.0,1.0,91482888.0,91500000.0,91500000.0,30.814,1709000000.0,0.0,-32000000.0,356900000.0,18.678,-121200000.0
4,SRCL,MRT,2020-06-30,2020-06-30,2020-06-30,2021-08-06,-347000000.0,5685300000.0,6287950000.0,592600000.0,5092700000.0,0.48,25.072,-160600000.0,42000000.0,42000000.0,1925100000.0,-302200000.0,0.897,1.479,2507800000.0,197900000.0,2309900000.0,2507800000.0,0.0,253500000.0,0.0,0.0,0.0,-248800000.0,4700000.0,0.002,4700000.0,-248800000.0,-350200000.0,-3.33,-3.33,-3.33,2291600000.0,2343100000.0,2291600000.0,8106126403.0,-33.0,1724.708,223700000.0,2.447,1.0,1091100000.0,0.362,3946400000.0,101400000.0,3544400000.0,4199900000.0,0.0,0.0,0.0,0.0,3389200000.0,660300000.0,2728900000.0,5117526403.0,7500000.0,500800000.0,4900000.0,-720100000.0,0.0,-715900000.0,341400000.0,0.0,384300000.0,-2300000.0,-303100000.0,-303100000.0,-303100000.0,0.0,900000.0,-0.1,1329600000.0,-238500000.0,149600000.0,0.0,2.233,-16.884,-16.811,1081600000.0,0.0,55.98,1.697,1.696,376100000.0,1415300000.0,3016200000.0,3016200000.0,0.0,-0.048,-0.129,-0.059,-0.082,20000000.0,952000000.0,1.0,91417049.0,91400000.0,91400000.0,33.0,1738900000.0,0.0,-47100000.0,363000000.0,19.025,-67700000.0
5,SRCL,MRT,2020-03-31,2020-03-31,2020-03-31,2021-08-06,-357200000.0,6353200000.0,6584050000.0,1203200000.0,5150000000.0,0.496,24.931,-167700000.0,36000000.0,36000000.0,2099800000.0,-328300000.0,1.47,1.789,3024600000.0,186200000.0,2838400000.0,3024600000.0,0.0,263100000.0,0.0,0.0,0.0,-272200000.0,-9100000.0,-0.003,-9100000.0,-272200000.0,-387900000.0,-3.61,-3.61,-3.61,2276200000.0,2409700000.0,2276200000.0,7514454119.0,-28.0,-825.764,126200000.0,1.382,1.0,1164000000.0,0.357,3970800000.0,115700000.0,4552500000.0,4442925000.0,0.0,0.0,0.0,0.0,4073000000.0,818500000.0,3254500000.0,4433954119.0,-12200000.0,73100000.0,18400000.0,-230200000.0,0.0,-212500000.0,-91800000.0,0.0,293900000.0,-1800000.0,-329100000.0,-329100000.0,-329100000.0,0.0,800000.0,-0.101,1402100000.0,-238100000.0,203600000.0,0.0,1.948,-13.473,-13.457,1112700000.0,0.0,48.58,1.359,1.359,418000000.0,1419800000.0,3263800000.0,3263800000.0,0.0,-0.05,-0.137,-0.061,-0.083,17900000.0,1028000000.0,1.0,91271184.0,91300000.0,91300000.0,35.748,2382400000.0,0.0,-58800000.0,380600000.0,26.094,384700000.0
6,SRCL,MRT,2019-12-31,2019-12-31,2019-12-31,2021-08-06,-318100000.0,6437000000.0,6708425000.0,706600000.0,5730400000.0,0.493,25.614,-194200000.0,34700000.0,34700000.0,2134400000.0,-346000000.0,0.934,1.76,3115200000.0,199800000.0,2915400000.0,3115200000.0,0.0,272800000.0,0.0,0.0,0.0,-245300000.0,27500000.0,0.008,27500000.0,-245300000.0,-363600000.0,-3.81,-3.81,-3.81,2330900000.0,2482300000.0,2330900000.0,8926159303.0,-36.0,324.588,53800000.0,0.591,1.0,1174500000.0,0.355,4404600000.0,118300000.0,4356000000.0,4410125000.0,0.0,0.0,0.0,0.0,4102300000.0,756900000.0,3345400000.0,5814859303.0,400000.0,86400000.0,19900000.0,-160800000.0,0.0,-141600000.0,-104000000.0,0.0,248000000.0,-2000000.0,-346800000.0,-346800000.0,-346800000.0,0.0,800000.0,-0.105,1386400000.0,-211900000.0,290800000.0,0.0,2.495,-16.767,-16.748,1233500000.0,0.0,63.81,1.757,1.755,544300000.0,1442400000.0,3308900000.0,3308900000.0,0.0,-0.052,-0.14,-0.056,-0.074,17100000.0,1055100000.0,1.0,91127712.0,91000000.0,91000000.0,36.362,2032400000.0,0.0,-16800000.0,295100000.0,22.334,-50300000.0
7,SRCL,MRT,2019-09-30,2019-09-30,2019-09-30,2021-08-06,-385400000.0,6676300000.0,6713050000.0,750500000.0,5925800000.0,0.501,27.154,-195100000.0,30800000.0,30800000.0,2138000000.0,-446000000.0,0.943,1.697,3142100000.0,204400000.0,2937700000.0,3142100000.0,0.0,270800000.0,0.0,0.0,0.0,-391000000.0,-120200000.0,-0.036,-120200000.0,-391000000.0,-510800000.0,-5.07,-5.07,-5.07,2473700000.0,2546425000.0,2473700000.0,7829682038.0,-20.0,-65.139,81900000.0,0.899,1.0,1223700000.0,0.364,4645200000.0,119800000.0,4346700000.0,4223900000.0,0.0,0.0,0.0,0.0,4199000000.0,795700000.0,3403300000.0,4640782038.0,-21200000.0,12500000.0,16200000.0,-132400000.0,0.0,-117100000.0,-179400000.0,0.0,277000000.0,-1700000.0,-445900000.0,-445900000.0,-445900000.0,0.0,-100000.0,-0.133,1583000000.0,-359300000.0,216900000.0,0.0,1.876,-10.408,-10.045,1177200000.0,0.0,50.93,1.38,1.38,562800000.0,1661700000.0,3361700000.0,3361700000.0,0.0,-0.066,-0.175,-0.093,-0.116,18300000.0,1123900000.0,1.0,91120794.0,91100000.0,91100000.0,36.901,2031100000.0,0.0,-64900000.0,396900000.0,22.295,-45200000.0
8,SRCL,MRT,2019-06-30,2019-06-30,2019-06-30,2021-08-06,-356600000.0,6869700000.0,6769700000.0,819100000.0,6050600000.0,0.5,28.11,-175000000.0,34500000.0,34500000.0,2119600000.0,-363500000.0,1.045,1.684,3223400000.0,209000000.0,3014400000.0,3223400000.0,0.0,267000000.0,0.0,0.0,0.0,-291000000.0,-24000000.0,-0.007,-24000000.0,-291000000.0,-408600000.0,-4.22,-4.22,-4.22,2558000000.0,2658375000.0,2558000000.0,7501003691.0,-26.0,-312.542,-169300000.0,-1.86,1.0,1263900000.0,0.374,4757900000.0,117600000.0,4516500000.0,4051025000.0,0.0,0.0,0.0,0.0,4307500000.0,784200000.0,3523300000.0,4347203691.0,-10500000.0,14600000.0,25200000.0,126800000.0,0.0,140800000.0,-157200000.0,0.0,5700000.0,200000.0,-363200000.0,-369200000.0,-369200000.0,0.0,-300000.0,-0.109,1520400000.0,-256500000.0,229400000.0,0.0,1.699,-11.775,-11.315,1179400000.0,6000000.0,47.75,1.285,1.284,613700000.0,1720900000.0,3383500000.0,3383500000.0,0.0,-0.055,-0.139,-0.072,-0.086,21300000.0,1144500000.0,1.0,91040915.0,91000000.0,91000000.0,37.181,2111800000.0,0.0,-45400000.0,436300000.0,23.207,34900000.0
9,SRCL,MRT,2019-03-31,2019-03-31,2019-03-31,2021-08-06,-356900000.0,6850700000.0,6780925000.0,801600000.0,6049100000.0,0.505,28.298,-168400000.0,48200000.0,48200000.0,2106400000.0,-305700000.0,1.02,1.668,3202000000.0,202100000.0,2999900000.0,3202000000.0,0.0,262800000.0,0.0,0.0,0.0,-229200000.0,33600000.0,0.01,33600000.0,-229200000.0,-337800000.0,-3.58,-3.58,-3.58,2566600000.0,2741450000.0,2566600000.0,7684766076.0,-34.0,228.713,-76900000.0,-0.848,1.0,1314600000.0,0.384,4797200000.0,108600000.0,4421300000.0,3728300000.0,0.0,0.0,0.0,0.0,4280200000.0,786000000.0,3494200000.0,4936066076.0,-1200000.0,9700000.0,16700000.0,78400000.0,0.0,68200000.0,-155700000.0,0.0,91500000.0,-5200000.0,-305000000.0,-312100000.0,-312100000.0,0.0,-700000.0,-0.091,1534000000.0,-219400000.0,210700000.0,0.0,1.923,-15.816,-15.201,1145600000.0,7100000.0,54.42,1.443,1.443,600900000.0,1751400000.0,3421000000.0,3421000000.0,0.0,-0.046,-0.114,-0.061,-0.067,21300000.0,1158400000.0,1.0,90703162.0,90700000.0,90700000.0,37.718,2053500000.0,0.0,-32800000.0,422100000.0,22.641,15600000.0
10,SRCL,MRT,2018-12-31,2018-12-31,2018-12-31,2021-08-06,-365300000.0,6455500000.0,6822175000.0,747300000.0,5708200000.0,0.511,29.706,-130800000.0,34300000.0,34300000.0,2109900000.0,-245600000.0,1.019,1.491,2783000000.0,119100000.0,2663900000.0,2783000000.0,0.0,255900000.0,0.0,0.0,0.0,-168500000.0,87400000.0,0.025,87400000.0,-168500000.0,-274500000.0,-2.91,-2.91,-2.91,2587400000.0,2834800000.0,2587400000.0,6109925230.0,-36.0,69.908,34900000.0,0.401,1.0,1376000000.0,0.395,4859900000.0,106000000.0,3611100000.0,3445650000.0,0.0,0.0,0.0,0.0,3858400000.0,733200000.0,3125200000.0,3323925230.0,-7900000.0,-19500000.0,20100000.0,-2700000.0,0.0,-25700000.0,-147500000.0,0.0,165700000.0,-400000.0,-244700000.0,-253300000.0,-253300000.0,0.0,-900000.0,-0.073,1537100000.0,-161100000.0,309100000.0,0.0,1.285,-13.122,-12.608,743500000.0,8600000.0,36.69,0.954,0.917,599600000.0,1789200000.0,3485900000.0,3485900000.0,0.0,-0.037,-0.089,-0.049,-0.048,24100000.0,1165600000.0,1.0,90594855.0,87100000.0,87100000.0,40.022,1595600000.0,0.0,-29800000.0,307300000.0,18.319,14100000.0
11,SRCL,MRT,2018-09-30,2018-09-30,2018-09-30,2021-08-06,-342500000.0,6902900000.0,6955375000.0,803100000.0,6099800000.0,0.506,33.697,-148200000.0,52000000.0,52000000.0,2129700000.0,163200000.0,1.072,1.359,2838000000.0,117200000.0,2720800000.0,2838000000.0,0.0,264500000.0,0.0,0.0,0.0,153200000.0,417700000.0,0.119,417700000.0,153200000.0,53700000.0,1.73,1.73,1.73,2921500000.0,2912100000.0,2921500000.0,7649394930.0,50.0,18.313,58300000.0,0.672,1.0,1391300000.0,0.395,5284400000.0,99500000.0,3655200000.0,3373625000.0,0.0,0.0,0.0,0.0,3970300000.0,749300000.0,3221000000.0,5039894930.0,-200000.0,-43100000.0,25300000.0,11300000.0,0.0,-18500000.0,-188700000.0,0.0,206500000.0,500000.0,162900000.0,148400000.0,148400000.0,0.0,300000.0,0.042,1229900000.0,161400000.0,222800000.0,0.0,1.725,33.962,33.919,755100000.0,14500000.0,58.68,1.431,1.445,607400000.0,2107600000.0,3521000000.0,3521000000.0,0.0,0.021,0.051,0.045,0.044,23500000.0,1155400000.0,1.0,85887780.0,86700000.0,86800000.0,40.611,1618500000.0,0.0,-109200000.0,435000000.0,18.668,53800000.0
12,SRCL,MRT,2018-06-30,2018-06-30,2018-06-30,2021-08-06,-345800000.0,6914600000.0,6983740500.0,813300000.0,6101300000.0,0.508,33.765,-143900000.0,45000000.0,45000000.0,2125000000.0,178700000.0,0.812,1.388,2654500000.0,118800000.0,2535700000.0,2654500000.0,0.0,260900000.0,0.0,0.0,0.0,182400000.0,443300000.0,0.125,443300000.0,182400000.0,86100000.0,1.95,1.94,1.95,2890300000.0,2883570750.0,2890300000.0,8258591383.0,45.0,18.63,356800000.0,4.168,1.0,1423900000.0,0.401,5297100000.0,96300000.0,3225600000.0,3288168750.0,0.0,0.0,0.0,0.0,4013000000.0,1001400000.0,3011600000.0,5587291383.0,798000.0,-51000000.0,14600000.0,-258300000.0,0.0,-305400000.0,-192600000.0,0.0,500700000.0,-1900000.0,178400000.0,166400000.0,166400000.0,0.0,300000.0,0.047,1237200000.0,186700000.0,205900000.0,0.0,1.933,33.577,33.482,744400000.0,12000000.0,65.29,1.574,1.575,629600000.0,2090100000.0,3548900000.0,3548900000.0,0.0,0.024,0.058,0.055,0.051,22200000.0,1162700000.0,1.0,85576526.0,85600000.0,85800000.0,41.459,1617500000.0,0.0,-92300000.0,414200000.0,18.896,-188100000.0
13,SRCL,MRT,2018-03-31,2018-03-31,2018-03-31,2021-08-06,-270700000.0,7015700000.0,7014464750.0,810600000.0,6205100000.0,0.511,34.386,-138400000.0,49400000.0,49400000.0,2131000000.0,6900000.0,0.811,1.382,2720700000.0,134500000.0,2586200000.0,2720700000.0,0.0,254000000.0,0.0,0.0,0.0,-73300000.0,180700000.0,0.05,180700000.0,-73300000.0,-168700000.0,-0.1,-0.11,-0.1,2940000000.0,2848480250.0,2940000000.0,7706511215.0,-105.0,42.648,312300000.0,3.653,1.0,1452300000.0,0.405,5396400000.0,95400000.0,3290700000.0,3347437500.0,0.0,0.0,0.0,0.0,4063600000.0,999900000.0,3063700000.0,5006911215.0,5198000.0,-50300000.0,10400000.0,-208700000.0,0.0,-266700000.0,-187300000.0,0.0,450700000.0,5700000.0,6700000.0,-9000000.0,-9000000.0,0.0,200000.0,-0.003,1520300000.0,-68000000.0,177000000.0,0.0,1.703,-556.323,-585.3,748900000.0,15700000.0,58.53,1.397,1.397,633500000.0,2063500000.0,3583300000.0,3583300000.0,0.0,-0.001,-0.003,-0.022,-0.02,22400000.0,1445800000.0,1.0,85544357.0,85500000.0,85800000.0,41.91,1619300000.0,0.0,-175400000.0,416900000.0,18.939,-189300000.0
14,SRCL,MRT,2017-12-31,2017-12-31,2017-12-31,2021-08-06,-287000000.0,6988300000.0,7009753750.0,813400000.0,6174900000.0,0.511,33.958,-143000000.0,42200000.0,42200000.0,2118200000.0,43000000.0,0.839,1.408,2741800000.0,126500000.0,2615300000.0,2741800000.0,0.0,249500000.0,0.0,0.0,0.0,-14800000.0,234700000.0,0.066,234700000.0,-14800000.0,-108500000.0,0.27,0.27,0.27,2896600000.0,2833774250.0,2896600000.0,8530833839.0,-576.0,36.348,365600000.0,4.286,1.0,1462500000.0,0.408,5395500000.0,93700000.0,3323000000.0,3463164000.0,0.0,0.0,0.0,0.0,4079700000.0,969400000.0,3110300000.0,5804501839.0,-2000000.0,-51300000.0,10200000.0,-260200000.0,0.0,-321200000.0,-193000000.0,0.0,508600000.0,3600000.0,42400000.0,23400000.0,23400000.0,0.0,600000.0,0.007,1470100000.0,-7600000.0,251000000.0,0.0,2.004,248.056,251.815,741000000.0,19000000.0,67.99,1.621,1.62,624100000.0,2029500000.0,3580700000.0,3580700000.0,0.0,0.003,0.008,-0.004,-0.004,21300000.0,1395600000.0,1.0,85372876.0,85300000.0,85600000.0,41.978,1592800000.0,0.0,-150900000.0,371100000.0,18.673,-156000000.0
15,SRCL,MRT,2017-09-30,2017-09-30,2017-09-30,2021-08-06,-286693000.0,7016362000.0,7007703750.0,794706000.0,6221656000.0,0.514,32.912,-128235000.0,52171000.0,52171000.0,2114031000.0,-27698000.0,0.817,1.495,2778503000.0,144771000.0,2633732000.0,2778503000.0,19071000.0,233310000.0,0.0,0.0,0.0,71021000.0,304331000.0,0.085,304331000.0,71021000.0,-25139000.0,-0.54,-0.56,-0.54,2807383000.0,2811074250.0,2807383000.0,8928983620.0,126.0,29.34,406797000.0,4.769,1.0,1485223000.0,0.413,5456652000.0,96160000.0,3313375000.0,3606039000.0,0.0,0.0,0.0,0.0,4197641000.0,972667000.0,3224974000.0,6111956620.0,14741000.0,-33203000.0,6787000.0,-291528000.0,0.0,-361164000.0,-160803000.0,0.0,535032000.0,-1122000.0,-28115000.0,-47209000.0,-47209000.0,0.0,417000.0,-0.013,1400771000.0,84452000.0,144600000.0,0.0,2.177,-129.466,-132.63,729571000.0,19094000.0,71.62,1.698,1.697,627904000.0,1946133000.0,3599254000.0,3599254000.0,0.0,-0.007,-0.017,0.02,0.02,21129000.0,1503082000.0,1.0,85338685.0,85300000.0,85600000.0,42.195,1559710000.0,0.0,2976000.0,501647000.0,18.285,-177961000.0
16,SRCL,MRT,2017-06-30,2017-06-30,2017-06-30,2021-08-06,-316737000.0,7037497000.0,7017929250.0,796114000.0,6241383000.0,0.514,32.238,-133522000.0,44191000.0,44191000.0,2113519000.0,-1525000.0,0.87,1.555,2861218000.0,111400000.0,2749818000.0,2861218000.0,19239000.0,238366000.0,0.0,0.0,0.0,106813000.0,345179000.0,0.096,345179000.0,106813000.0,10442000.0,-0.24,-0.25,-0.24,2749938000.0,2821092750.0,2749938000.0,9323975079.0,87.0,27.012,420738000.0,4.932,1.0,1493079000.0,0.414,5476616000.0,96371000.0,3462675000.0,3769699250.0,0.0,0.0,0.0,0.0,4276681000.0,915233000.0,3361448000.0,6507662079.0,2714000.0,-40803000.0,11606000.0,-310436000.0,0.0,-386617000.0,-171532000.0,0.0,554260000.0,3803000.0,-2320000.0,-21173000.0,-21173000.0,0.0,795000.0,-0.006,1377710000.0,115369000.0,150043000.0,0.0,2.366,-307.357,-318.0,733770000.0,18853000.0,76.32,1.804,1.805,639611000.0,1910684000.0,3606598000.0,3606598000.0,0.0,-0.003,-0.008,0.028,0.03,20843000.0,1446893000.0,1.0,85268109.0,85300000.0,85300000.0,42.281,1560881000.0,0.0,12762000.0,513949000.0,18.299,-119119000.0
17,SRCL,MRT,2017-03-31,2017-03-31,2017-03-31,2021-08-06,-341119000.0,6996856000.0,7045147000.0,759924000.0,6236932000.0,0.508,33.817,-135881000.0,47023000.0,47023000.0,2091499000.0,188905000.0,1.311,1.425,2863336000.0,96301000.0,2767035000.0,2863336000.0,17974000.0,262286000.0,0.0,0.0,0.0,398016000.0,660302000.0,0.184,660302000.0,398016000.0,300978000.0,1.94,1.92,1.94,2881176000.0,2838170000.0,2881176000.0,9972084761.0,25.0,15.102,436270000.0,5.121,1.0,1489020000.0,0.416,5480002000.0,97038000.0,3753606000.0,3920751250.0,0.0,0.0,0.0,0.0,4104375000.0,579561000.0,3524814000.0,7066136761.0,1379000.0,-53816000.0,15583000.0,-318665000.0,0.0,-385479000.0,-187104000.0,0.0,572151000.0,1811000.0,187714000.0,164920000.0,164920000.0,0.0,1191000.0,0.046,1081643000.0,407377000.0,133119000.0,0.0,2.453,42.846,42.727,725420000.0,22794000.0,82.89,1.973,1.972,615348000.0,2059452000.0,3580519000.0,3580519000.0,0.0,0.023,0.058,0.102,0.111,20395000.0,1099917000.0,1.0,85247156.0,85200000.0,85600000.0,42.025,1516854000.0,0.0,113264000.0,657865000.0,17.803,180363000.0
18,SRCL,MRT,2016-12-31,2016-12-31,2016-12-31,2021-08-06,-367600000.0,6980100000.0,7074069000.0,773600000.0,6206500000.0,0.504,33.048,-136200000.0,44200000.0,44200000.0,2075400000.0,207900000.0,1.425,1.484,2954500000.0,77200000.0,2877300000.0,2954500000.0,17900000.0,252500000.0,0.0,0.0,0.0,424300000.0,676800000.0,0.19,676800000.0,424300000.0,326500000.0,2.1,2.08,2.1,2805800000.0,2819485000.0,2805800000.0,9527318376.0,22.0,14.077,424600000.0,5.001,1.0,1486900000.0,0.417,5453000000.0,97800000.0,3894500000.0,3991266000.0,0.0,0.0,0.0,0.0,4163700000.0,542900000.0,3620800000.0,6554831376.0,-11400000.0,-61800000.0,-3300000.0,-295000000.0,0.0,-376800000.0,-195600000.0,0.0,560800000.0,200000.0,206300000.0,178200000.0,178200000.0,0.0,1600000.0,0.05,1053100000.0,433800000.0,206500000.0,0.0,2.336,36.784,36.686,723900000.0,28100000.0,77.04,1.84,1.836,634900000.0,2006100000.0,3562300000.0,3562300000.0,0.0,0.025,0.063,0.106,0.119,20500000.0,1053100000.0,1.0,85083481.0,84900000.0,85600000.0,41.959,1527100000.0,0.0,120200000.0,645400000.0,17.987,230700000.0
19,SRCL,MRT,2016-09-30,2016-09-30,2016-09-30,2021-08-06,-314500000.0,7057264000.0,7095334750.0,773938000.0,6283326000.0,0.5,33.482,-141899000.0,40291000.0,40291000.0,2055095000.0,269523000.0,1.439,1.474,3012778000.0,91008000.0,2921770000.0,3012778000.0,15536000.0,241357000.0,0.0,0.0,0.0,518836000.0,760193000.0,0.214,760193000.0,518836000.0,420644000.0,2.78,2.75,2.78,2847457000.0,2800507750.0,2847457000.0,9889398995.0,19.0,13.009,368678000.0,4.335,1.0,1489147000.0,0.42,5524008000.0,98192000.0,3968016000.0,4023441750.0,0.0,63000.0,63000.0,0.0,4198475000.0,537727000.0,3660748000.0,6815262995.0,7410000.0,-2373499000.0,-26087000.0,1471226000.0,0.0,1374948000.0,-1876814000.0,635919000.0,510577000.0,-1301000.0,268396000.0,236190000.0,236190000.0,0.0,1127000.0,0.067,973472000.0,515675000.0,146400000.0,0.0,2.393,28.855,28.827,727774000.0,32206000.0,80.14,1.923,1.923,637921000.0,1993343000.0,3544242000.0,3544242000.0,0.0,0.033,0.084,0.129,0.146,20796000.0,898118000.0,1.0,85041964.0,85044303.0,85570529.0,41.675,1533256000.0,0.0,152248000.0,654495000.0,18.029,236211000.0
20,SRCL,MRT,2016-06-30,2016-06-30,2016-06-30,2021-08-06,-297558000.0,7146368000.0,6625133000.0,770362000.0,6376006000.0,0.509,33.198,-133784000.0,44320000.0,44320000.0,1959828000.0,274256000.0,1.49,1.532,3118456000.0,109868000.0,3008588000.0,3118456000.0,17132000.0,203491000.0,0.0,0.0,0.0,518297000.0,721788000.0,0.214,721788000.0,518297000.0,427430000.0,2.88,2.84,2.88,2818247000.0,2767671750.0,2818247000.0,11947594224.0,23.0,16.553,319096000.0,3.759,1.0,1412866000.0,0.419,5636517000.0,90867000.0,4066883000.0,3723631500.0,0.0,64000.0,64000.0,0.0,4317289000.0,517104000.0,3800185000.0,8841100224.0,11366000.0,-2399731000.0,-35065000.0,1420527000.0,0.0,2093086000.0,-2533479000.0,-271000.0,452880000.0,-1121000.0,273050000.0,244103000.0,244103000.0,0.0,1206000.0,0.072,892952000.0,519914000.0,145069000.0,0.0,3.137,36.219,36.153,707060000.0,28947000.0,104.12,2.621,2.621,627135000.0,1931807000.0,3372694000.0,3372694000.0,0.0,0.037,0.088,0.139,0.154,16352000.0,841487000.0,1.0,84912603.0,84893263.0,85760686.0,39.729,1509851000.0,0.0,154380000.0,705873000.0,17.785,253258000.0
21,SRCL,MRT,2016-03-31,2016-03-31,2016-03-31,2021-08-06,-265018000.0,7112544000.0,5970277000.0,757358000.0,6355186000.0,0.535,33.132,-126863000.0,45655000.0,45655000.0,1856713000.0,316303000.0,1.371,1.53,3152149000.0,114066000.0,3038083000.0,3152149000.0,17543000.0,148251000.0,0.0,0.0,0.0,573646000.0,721897000.0,0.226,721897000.0,573646000.0,490717000.0,3.47,3.43,3.47,2806436000.0,2553785750.0,2806436000.0,13840022590.0,24.0,19.172,283632000.0,3.348,1.0,1340049000.0,0.419,5630860000.0,82929000.0,4035665000.0,3279408500.0,0.0,64000.0,64000.0,0.0,4294055000.0,552513000.0,3741542000.0,10681608590.0,7374000.0,-2410074000.0,-101819000.0,1509091000.0,0.0,2134583000.0,-2536887000.0,-257000.0,410495000.0,-817000.0,314846000.0,294640000.0,294640000.0,0.0,1457000.0,0.092,765079000.0,574970000.0,133779000.0,0.0,3.806,36.253,36.366,677525000.0,20206000.0,126.19,3.341,3.344,622709000.0,1897636000.0,3196762000.0,3196762000.0,0.0,0.049,0.115,0.175,0.179,13640000.0,755602000.0,1.0,84647029.0,84705000.0,85845501.0,37.74,1481684000.0,0.0,175871000.0,617011000.0,17.492,204845000.0
22,SRCL,MRT,2015-12-31,2015-12-31,2015-12-31,2021-08-06,-282631000.0,7065163000.0,5288019500.0,761828000.0,6303335000.0,0.565,32.154,-114800000.0,55634000.0,55634000.0,1731100000.0,268000000.0,1.297,1.582,3201761000.0,161409000.0,3040352000.0,3201761000.0,16989000.0,127400000.0,0.0,0.0,0.0,487400000.0,614800000.0,0.206,614800000.0,487400000.0,409900000.0,3.02,2.98,3.02,2729891000.0,2334903000.0,2729891000.0,11732372865.0,24.0,19.083,271300000.0,3.196,1.0,1254800000.0,0.42,5600738000.0,77500000.0,4023203000.0,2802886250.0,0.0,69000.0,69000.0,0.0,4317325000.0,587349000.0,3729976000.0,10249163865.0,33400000.0,-2419400000.0,-70500000.0,1516700000.0,0.0,2185400000.0,-2533900000.0,0.0,386100000.0,-4200000.0,267000000.0,256900000.0,256900000.0,0.0,1000000.0,0.086,767200000.0,487600000.0,149202000.0,0.0,3.754,39.896,39.934,665602000.0,10100000.0,120.6,3.433,3.429,614494000.0,1868645000.0,2985900000.0,2985900000.0,0.0,0.049,0.11,0.174,0.163,4800000.0,767200000.0,1.0,84984775.0,84900000.0,86200000.0,35.17,1464425000.0,0.0,142900000.0,608272000.0,17.249,174479000.0
23,SRCL,MRT,2015-09-30,2015-09-30,2015-09-30,2021-08-06,-237246000.0,5176457000.0,4615054250.0,1319465000.0,3856992000.0,0.601,31.998,-92800000.0,32883000.0,32883000.0,1603752000.0,270133000.0,2.471,0.899,1516092000.0,106405000.0,1409687000.0,1516092000.0,18223000.0,107447000.0,0.0,0.0,0.0,469420000.0,576867000.0,0.208,576867000.0,469420000.0,398810000.0,3.16,3.13,3.16,2716113000.0,2126183250.0,2716113000.0,13448034388.0,29.0,23.312,304019000.0,3.582,1.0,1170799000.0,0.422,3356957000.0,70610000.0,2768775000.0,2352309750.0,0.0,636288000.0,636288000.0,0.0,2442015000.0,533934000.0,1908081000.0,11812984388.0,-9102000.0,-142608000.0,-68614000.0,-215134000.0,0.0,467256000.0,-871233000.0,-635825000.0,396819000.0,-1944000.0,268745000.0,268745000.0,268745000.0,0.0,1388000.0,0.097,694963000.0,475836000.0,150213000.0,0.0,4.349,43.956,44.066,464898000.0,0.0,139.25,4.258,4.26,524503000.0,1826835000.0,2774551000.0,2774551000.0,0.0,0.058,0.126,0.2,0.169,-2076000.0,659528000.0,1.0,84832922.0,84884599.0,86120315.0,32.686,1819500000.0,51094000.0,130065000.0,430203000.0,21.435,785531000.0
24,SRCL,MRT,2015-06-30,2015-06-30,2015-06-30,2021-08-06,-180907000.0,4526944000.0,4432348500.0,660193000.0,3866751000.0,0.615,23.101,-89622000.0,32956000.0,32956000.0,1574039000.0,283268000.0,1.295,1.297,1668006000.0,129270000.0,1538736000.0,1668006000.0,18560000.0,108722000.0,0.0,0.0,0.0,481757000.0,590479000.0,0.217,590479000.0,481757000.0,411889000.0,3.32,3.28,3.32,1962703000.0,1911326750.0,1962703000.0,12925751645.0,27.0,21.89,299190000.0,3.521,1.0,1149793000.0,0.422,3362268000.0,69868000.0,2289991000.0,2220019250.0,0.0,103000.0,103000.0,0.0,2544923000.0,509735000.0,2035188000.0,11388645645.0,7630000.0,-131255000.0,-72164000.0,-91331000.0,0.0,-157675000.0,-220511000.0,366000.0,388812000.0,-2996000.0,282141000.0,282141000.0,282141000.0,0.0,1127000.0,0.104,663177000.0,486616000.0,143833000.0,0.0,5.803,40.365,40.334,468960000.0,0.0,133.91,4.181,4.177,524134000.0,1788123000.0,2723832000.0,2723832000.0,0.0,0.064,0.148,0.217,0.177,-2172000.0,628484000.0,1.0,85047014.0,84961907.0,86221034.0,32.059,1164676000.0,28327000.0,129748000.0,428392000.0,13.708,150458000.0
25,SRCL,MRT,2015-03-31,2015-03-31,2015-03-31,2021-08-06,-206434000.0,4383514000.0,4409932750.0,596063000.0,3787451000.0,0.601,22.706,-91432000.0,38283000.0,38283000.0,1528692000.0,277668000.0,1.236,1.26,1575389000.0,113212000.0,1462177000.0,1575389000.0,20313000.0,108823000.0,0.0,0.0,0.0,473300000.0,582123000.0,0.22,582123000.0,473300000.0,403443000.0,3.26,3.21,3.26,1930905000.0,1877456500.0,1930905000.0,13565174960.0,29.0,23.303,343773000.0,4.043,1.0,1120273000.0,0.423,3308644000.0,69857000.0,2129576000.0,2220129500.0,0.0,116000.0,116000.0,0.0,2433507000.0,482400000.0,1951107000.0,11928195960.0,-11325000.0,-396269000.0,-58019000.0,97334000.0,0.0,45169000.0,-487454000.0,247000.0,435205000.0,-4245000.0,276247000.0,276247000.0,276247000.0,0.0,1421000.0,0.104,643043000.0,477230000.0,120198000.0,0.0,6.178,43.179,43.077,446831000.0,0.0,140.43,4.503,4.508,467094000.0,1805059000.0,2648965000.0,2648965000.0,0.0,0.063,0.147,0.213,0.179,-3806000.0,608869000.0,1.0,84940511.0,85037823.0,86357006.0,31.15,1074870000.0,27331000.0,127196000.0,422971000.0,12.64,113663000.0
26,SRCL,MRT,2014-12-31,2014-12-31,2014-12-31,2021-08-06,-138419000.0,4373302000.0,4280449000.0,551894000.0,3821408000.0,0.597,22.312,-86496000.0,22236000.0,22236000.0,1461190000.0,328146000.0,1.197,1.296,1659215000.0,131969000.0,1527246000.0,1659215000.0,21624000.0,104616000.0,0.0,0.0,0.0,552020000.0,656636000.0,0.257,656636000.0,552020000.0,485878000.0,3.84,3.79,3.84,1895012000.0,1836817500.0,1895012000.0,12767308026.0,23.0,19.444,362004000.0,4.262,1.0,1094411000.0,0.428,3328477000.0,66142000.0,2220897000.0,2143771250.0,0.0,380000.0,380000.0,0.0,2456117000.0,460907000.0,1995210000.0,11131886026.0,-44931000.0,-374321000.0,-142214000.0,99460000.0,0.0,-30049000.0,-462774000.0,-1957000.0,448500000.0,-608000.0,326456000.0,326456000.0,326456000.0,0.0,1690000.0,0.128,538075000.0,556336000.0,114596000.0,0.0,5.874,34.099,34.135,460408000.0,0.0,131.08,4.356,4.356,465473000.0,1743371000.0,2555601000.0,2555601000.0,0.0,0.076,0.178,0.257,0.216,-133000.0,505383000.0,1.0,84924367.0,84932792.0,86233612.0,30.09,1044825000.0,0.0,159422000.0,403847000.0,12.302,90987000.0
27,SRCL,MRT,2014-09-30,2014-09-30,2014-09-30,2021-08-06,-95351000.0,4445634000.0,4159116750.0,592677000.0,3852957000.0,0.588,21.88,-85042000.0,41985000.0,41985000.0,1383826000.0,324075000.0,1.15,1.382,1677407000.0,165074000.0,1512333000.0,1677407000.0,22406000.0,102897000.0,0.0,0.0,0.0,549076000.0,651973000.0,0.266,651973000.0,549076000.0,485881000.0,3.79,3.71,3.79,1856687000.0,1800679750.0,1856687000.0,11575361887.0,21.0,17.754,329148000.0,3.879,1.0,1062727000.0,0.434,3326138000.0,63195000.0,2239613000.0,2059559000.0,0.0,479000.0,479000.0,0.0,2565447000.0,515305000.0,2050142000.0,9885485887.0,-25737000.0,-358845000.0,-163751000.0,154183000.0,0.0,5238000.0,-445910000.0,-2023000.0,414190000.0,745000.0,322094000.0,322094000.0,322094000.0,0.0,1981000.0,0.132,510047000.0,552680000.0,131617000.0,0.0,5.324,30.691,30.755,498577000.0,0.0,116.56,4.041,4.043,456461000.0,1694549000.0,2446553000.0,2446553000.0,0.0,0.077,0.179,0.267,0.224,3188000.0,478650000.0,1.0,84810277.0,84858360.0,86116455.0,28.831,1119496000.0,18185000.0,163787000.0,470383000.0,13.193,77372000.0
28,SRCL,MRT,2014-06-30,2014-06-30,2014-06-30,2021-08-06,-45554000.0,4437281000.0,4008990500.0,566875000.0,3870406000.0,0.577,21.573,-79336000.0,25326000.0,25326000.0,1287794000.0,321866000.0,1.16,1.415,1715202000.0,151289000.0,1563913000.0,1715202000.0,22394000.0,95982000.0,0.0,0.0,0.0,544106000.0,640088000.0,0.277,640088000.0,544106000.0,484088000.0,3.75,3.67,3.75,1827222000.0,1762890250.0,1827222000.0,11356408562.0,21.0,17.742,387738000.0,4.578,1.0,1025461000.0,0.443,3347886000.0,60018000.0,2290432000.0,1960770250.0,0.0,488000.0,488000.0,0.0,2584938000.0,488839000.0,2096099000.0,10029088562.0,3891000.0,-403367000.0,-194838000.0,203943000.0,0.0,23207000.0,-484715000.0,-2012000.0,467074000.0,-1675000.0,319796000.0,319796000.0,319796000.0,0.0,2070000.0,0.138,476922000.0,548539000.0,125392000.0,0.0,5.489,31.361,31.579,480419000.0,0.0,118.42,4.335,4.336,451995000.0,1634875000.0,2313255000.0,2313255000.0,0.0,0.08,0.181,0.277,0.235,2778000.0,447313000.0,1.0,84690834.0,84699043.0,85982588.0,27.311,1089395000.0,15727000.0,164292000.0,462180000.0,12.862,78036000.0
29,SRCL,MRT,2014-03-31,2014-03-31,2014-03-31,2021-08-06,-57128000.0,3865579000.0,3804276500.0,502886000.0,3362693000.0,0.578,20.738,-73049000.0,43058000.0,43058000.0,1210949000.0,317632000.0,1.247,1.176,1370378000.0,124307000.0,1246071000.0,1370378000.0,21998000.0,90276000.0,0.0,0.0,0.0,532489000.0,622765000.0,0.283,622765000.0,532489000.0,475874000.0,3.69,3.61,3.69,1768349000.0,1714091000.0,1768349000.0,11044791788.0,21.0,17.735,379937000.0,4.456,1.0,988009000.0,0.449,2965575000.0,56615000.0,1824143000.0,1847516250.0,0.0,353000.0,353000.0,0.0,2080032000.0,403181000.0,1676851000.0,9675739788.0,33550000.0,-155299000.0,-196369000.0,-7231000.0,0.0,-188039000.0,-230242000.0,-1894000.0,452986000.0,-1155000.0,315904000.0,315904000.0,315904000.0,0.0,1728000.0,0.144,451328000.0,536681000.0,94118000.0,0.0,5.472,30.629,30.791,359329000.0,0.0,113.62,4.4,4.406,383304000.0,1611780000.0,2198958000.0,2198958000.0,0.0,0.083,0.184,0.288,0.242,1398000.0,423588000.0,1.0,85158773.0,85270046.0,86613843.0,25.788,900004000.0,14401000.0,159970000.0,398909000.0,10.555,99705000.0
30,SRCL,MRT,2013-12-31,2013-12-31,2013-12-31,2021-08-06,-56468000.0,3887973000.0,3723434500.0,540265000.0,3347708000.0,0.575,20.377,-73109000.0,67167000.0,67167000.0,1178173000.0,313084000.0,1.298,1.211,1431043000.0,150380000.0,1280663000.0,1431043000.0,18826000.0,88408000.0,0.0,0.0,0.0,531277000.0,619685000.0,0.289,619685000.0,531277000.0,476034000.0,3.62,3.56,3.62,1750461000.0,1674304750.0,1750461000.0,11296566400.0,21.0,18.23,332198000.0,3.867,1.0,964634000.0,0.45,2951617000.0,55243000.0,1884048000.0,1829321500.0,0.0,413000.0,413000.0,0.0,2120435000.0,416184000.0,1704251000.0,9956977400.0,32507000.0,-161936000.0,-121355000.0,-30791000.0,0.0,-136019000.0,-234972000.0,73000.0,405307000.0,-1809000.0,311372000.0,311372000.0,311372000.0,0.0,1712000.0,0.145,429015000.0,535619000.0,89146000.0,0.0,5.688,31.978,32.091,358967000.0,0.0,116.17,4.647,4.657,388996000.0,1610964000.0,2142807000.0,2142807000.0,0.0,0.084,0.186,0.29,0.248,304000.0,401948000.0,1.0,85710402.0,85902550.0,87391988.0,24.945,936356000.0,18031000.0,164662000.0,396119000.0,10.9,124081000.0
31,SRCL,MRT,2013-09-30,2013-09-30,2013-09-30,2021-08-06,-54998000.0,3845129000.0,3638125750.0,527972000.0,3317157000.0,0.571,19.866,-67907000.0,63580000.0,63580000.0,1140241000.0,305005000.0,1.283,1.244,1403169000.0,107577000.0,1295592000.0,1403169000.0,19491000.0,86207000.0,0.0,0.0,0.0,516863000.0,603070000.0,0.29,603070000.0,516863000.0,463758000.0,3.54,3.46,3.54,1705529000.0,1622137750.0,1705529000.0,11212449476.0,22.0,18.592,381819000.0,4.448,1.0,938305000.0,0.451,2928656000.0,53105000.0,1844458000.0,1810275500.0,0.0,447000.0,447000.0,0.0,2122396000.0,411604000.0,1710792000.0,9911817476.0,51517000.0,-208196000.0,-106205000.0,-34677000.0,0.0,-120561000.0,-276098000.0,5000.0,449726000.0,-1550000.0,303277000.0,303277000.0,303277000.0,0.0,1728000.0,0.146,417493000.0,520812000.0,82552000.0,0.0,5.812,32.682,32.599,352368000.0,0.0,115.4,4.769,4.766,370077000.0,1581964000.0,2078546000.0,2078546000.0,0.0,0.083,0.187,0.286,0.249,-5440000.0,391230000.0,1.0,85890966.0,85849656.0,87401565.0,24.211,916473000.0,22181000.0,160481000.0,384110000.0,10.675,116368000.0
32,SRCL,MRT,2013-06-30,2013-06-30,2013-06-30,2021-08-06,-78564000.0,3618425000.0,3529742500.0,467765000.0,3150660000.0,0.574,18.949,-68858000.0,18001000.0,18001000.0,1111995000.0,289919000.0,1.49,1.206,1318633000.0,72430000.0,1246203000.0,1318633000.0,18183000.0,83802000.0,0.0,0.0,0.0,496850000.0,580652000.0,0.287,580652000.0,496850000.0,444164000.0,3.36,3.29,3.36,1632025000.0,1565174500.0,1632025000.0,10788033775.0,22.0,18.579,309709000.0,3.596,1.0,912456000.0,0.451,2767681000.0,52686000.0,1837416000.0,1734686500.0,0.0,460000.0,460000.0,0.0,1968982000.0,313960000.0,1655022000.0,9528055775.0,-32778000.0,-175288000.0,-23130000.0,-165184000.0,0.0,-167190000.0,-244200000.0,-54000.0,378567000.0,45000.0,288207000.0,288207000.0,288207000.0,0.0,1712000.0,0.142,412492000.0,499964000.0,88420000.0,0.0,5.838,33.06,32.866,345743000.0,0.0,110.43,4.706,4.698,361894000.0,1549769000.0,2024451000.0,2024451000.0,0.0,0.082,0.184,0.286,0.245,-10946000.0,387377000.0,1.0,86281407.0,86125012.0,87614953.0,23.506,850744000.0,19998000.0,155957000.0,371467000.0,9.878,153805000.0
33,SRCL,MRT,2013-03-31,2013-03-31,2013-03-31,2021-08-06,-62069000.0,3542211000.0,3460549750.0,437955000.0,3104256000.0,0.568,18.691,-64667000.0,12722000.0,12722000.0,1082784000.0,279848000.0,1.367,1.191,1272700000.0,79589000.0,1193111000.0,1272700000.0,16754000.0,80053000.0,0.0,0.0,0.0,481734000.0,561787000.0,0.286,561787000.0,481734000.0,429280000.0,3.24,3.18,3.24,1609204000.0,1499096750.0,1609204000.0,10465746508.0,22.0,18.629,324726000.0,3.772,1.0,884092000.0,0.449,2730527000.0,52454000.0,1751364000.0,1723087000.0,0.0,479000.0,479000.0,0.0,1916743000.0,320298000.0,1596445000.0,9140986508.0,-14204000.0,-214320000.0,26133000.0,-174410000.0,0.0,-124871000.0,-279054000.0,-67000.0,389393000.0,328000.0,277756000.0,277756000.0,277756000.0,0.0,2092000.0,0.141,399921000.0,484171000.0,75894000.0,0.0,5.68,32.91,32.772,336687000.0,0.0,106.18,4.647,4.648,342434000.0,1530735000.0,1966876000.0,1966876000.0,0.0,0.08,0.185,0.28,0.245,-13002000.0,376204000.0,1.0,86089532.0,86093301.0,87459497.0,22.846,811684000.0,17801000.0,151524000.0,365228000.0,9.428,117657000.0
34,SRCL,MRT,2012-12-31,2012-12-31,2012-12-31,2021-08-06,-39064000.0,3546738000.0,3393805500.0,441286000.0,3105452000.0,0.564,18.053,-65236000.0,31324000.0,31324000.0,1055844000.0,269941000.0,1.333,1.29,1356084000.0,87781000.0,1268303000.0,1356084000.0,18095000.0,76283000.0,0.0,0.0,0.0,466926000.0,543209000.0,0.284,543209000.0,466926000.0,415252000.0,3.14,3.08,3.14,1541793000.0,1421627000.0,1541793000.0,9292717653.0,20.0,17.107,325548000.0,3.812,1.0,857305000.0,0.448,2732574000.0,51674000.0,1807864000.0,1721809750.0,0.0,503000.0,503000.0,0.0,1989415000.0,331060000.0,1658355000.0,8011772653.0,12149000.0,-223603000.0,16433000.0,-132223000.0,0.0,-91526000.0,-288928000.0,-89000.0,390784000.0,1819000.0,267996000.0,267996000.0,267996000.0,0.0,1945000.0,0.14,388469000.0,468836000.0,80886000.0,0.0,5.196,29.895,29.707,335870000.0,0.0,93.28,4.188,4.164,322246000.0,1463277000.0,1913149000.0,1913149000.0,0.0,0.079,0.189,0.271,0.244,-13822000.0,366415000.0,1.0,85889501.0,85401365.0,87018473.0,22.402,814164000.0,22995000.0,147256000.0,359780000.0,9.533,110226000.0
35,SRCL,MRT,2012-09-30,2012-09-30,2012-09-30,2021-08-06,-41602000.0,3411596000.0,3301393500.0,417385000.0,2994211000.0,0.562,17.233,-67978000.0,16205000.0,16205000.0,1024201000.0,264556000.0,0.801,1.298,1297150000.0,286636000.0,1010514000.0,1297150000.0,15248000.0,73248000.0,0.0,0.0,0.0,459975000.0,533223000.0,0.287,533223000.0,459975000.0,408360000.0,3.07,3.02,3.07,1477676000.0,1335720250.0,1477676000.0,9060353884.0,20.0,16.992,300097000.0,3.5,1.0,831867000.0,0.448,2629116000.0,51615000.0,1542102000.0,1707839500.0,0.0,466000.0,466000.0,0.0,1918738000.0,521323000.0,1397415000.0,7750030884.0,-7190000.0,-149088000.0,30365000.0,-195548000.0,0.0,-160094000.0,-217114000.0,-48000.0,368075000.0,1943000.0,262215000.0,262215000.0,262215000.0,0.0,2341000.0,0.141,367947000.0,463920000.0,80213000.0,0.0,5.245,29.556,29.473,328222000.0,0.0,90.483,4.176,4.18,314577000.0,1434373000.0,1856068000.0,1856068000.0,0.0,0.079,0.196,0.269,0.248,-5640000.0,347105000.0,1.0,85651695.0,85748998.0,87305779.0,21.645,782480000.0,19712000.0,146145000.0,356196000.0,9.125,-103938000.0
36,SRCL,MRT,2012-06-30,2012-06-30,2012-06-30,2021-08-06,-57736000.0,3341654000.0,3237371500.0,436128000.0,2905526000.0,0.555,16.059,-63468000.0,54213000.0,54213000.0,990140000.0,258554000.0,1.444,1.428,1364536000.0,82074000.0,1282462000.0,1364536000.0,16030000.0,70736000.0,0.0,0.0,0.0,449797000.0,520533000.0,0.29,520533000.0,449797000.0,399196000.0,3.0,2.95,3.0,1367714000.0,1261967000.0,1367714000.0,9111102693.0,20.0,17.503,311740000.0,3.66,1.0,806368000.0,0.449,2558977000.0,50601000.0,1791018000.0,1760504250.0,0.0,418000.0,418000.0,0.0,1952478000.0,301982000.0,1650496000.0,7799557693.0,13791000.0,-298120000.0,-91413000.0,68726000.0,0.0,-19299000.0,-345245000.0,16343000.0,375208000.0,3127000.0,255985000.0,255985000.0,255985000.0,0.0,2569000.0,0.142,352429000.0,453939000.0,77240000.0,0.0,5.703,30.469,30.557,309443000.0,0.0,91.67,4.342,4.346,294890000.0,1372808000.0,1796508000.0,1796508000.0,0.0,0.079,0.203,0.255,0.25,1482000.0,332939000.0,1.0,85082990.0,85170255.0,86835615.0,21.093,782677000.0,23005000.0,143211000.0,341511000.0,9.19,134146000.0
37,SRCL,MRT,2012-03-31,2012-03-31,2012-03-31,2021-08-06,-29538000.0,3275234000.0,3143357000.0,427078000.0,2848156000.0,0.553,15.317,-58658000.0,30262000.0,30262000.0,954378000.0,246072000.0,1.279,1.499,1341807000.0,91038000.0,1250769000.0,1341807000.0,13941000.0,68661000.0,0.0,0.0,0.0,433079000.0,501740000.0,0.289,501740000.0,433079000.0,382254000.0,2.86,2.8,2.86,1299325000.0,1225951250.0,1299325000.0,8451653965.0,20.0,16.845,281422000.0,3.318,1.0,783621000.0,0.451,2506707000.0,50825000.0,1746255000.0,1714339750.0,0.0,420000.0,420000.0,0.0,1947496000.0,333817000.0,1613679000.0,7089525965.0,3383000.0,-475866000.0,-95715000.0,270441000.0,0.0,178119000.0,-517344000.0,17180000.0,340080000.0,2528000.0,243934000.0,243934000.0,243934000.0,0.0,2138000.0,0.14,345461000.0,438160000.0,71806000.0,0.0,5.456,29.063,29.245,301274000.0,0.0,83.64,4.079,4.082,315144000.0,1305215000.0,1737999000.0,1737999000.0,0.0,0.078,0.199,0.253,0.249,1210000.0,327560000.0,1.0,84762386.0,84828280.0,86587944.0,20.488,768527000.0,19055000.0,138320000.0,335913000.0,9.06,93261000.0
38,SRCL,MRT,2011-12-31,2011-12-31,2011-12-31,2021-08-06,-45984000.0,3177090000.0,2985457750.0,390596000.0,2786494000.0,0.561,14.019,-53301000.0,22511000.0,22511000.0,915304000.0,237343000.0,1.195,1.627,1384639000.0,100526000.0,1284113000.0,1384639000.0,12855000.0,66046000.0,0.0,0.0,0.0,419163000.0,485209000.0,0.289,485209000.0,419163000.0,369732000.0,2.75,2.69,2.75,1198166000.0,1187430750.0,1198166000.0,8008464101.0,19.0,16.505,252803000.0,2.958,1.0,760744000.0,0.454,2460321000.0,49431000.0,1751983000.0,1609398500.0,0.0,416000.0,416000.0,0.0,1949839000.0,326914000.0,1622925000.0,6632082101.0,-56765000.0,-466838000.0,-92770000.0,224218000.0,0.0,137872000.0,-504197000.0,15942000.0,306104000.0,3456000.0,234751000.0,234751000.0,234751000.0,0.0,2592000.0,0.14,336433000.0,424311000.0,66635000.0,0.0,5.535,28.252,28.335,293912000.0,0.0,77.92,3.957,3.973,290854000.0,1243303000.0,1676048000.0,1676048000.0,0.0,0.079,0.198,0.26,0.25,-2043000.0,320164000.0,1.0,85113990.0,85467421.0,87367712.0,19.61,716769000.0,19314000.0,134981000.0,313733000.0,8.386,63682000.0
39,SRCL,MRT,2011-09-30,2011-09-30,2011-09-30,2021-08-06,-32870000.0,3155508000.0,2850941000.0,384842000.0,2770666000.0,0.569,13.822,-49364000.0,23395000.0,23395000.0,909601000.0,222977000.0,1.166,1.644,1399777000.0,95149000.0,1304628000.0,1399777000.0,13662000.0,63362000.0,0.0,0.0,0.0,398751000.0,462113000.0,0.285,462113000.0,398751000.0,351599000.0,2.57,2.52,2.57,1182663000.0,1149995500.0,1182663000.0,8146225090.0,20.0,17.628,286056000.0,3.343,1.0,713379000.0,0.44,2449216000.0,47152000.0,1752761000.0,1517889750.0,0.0,416000.0,416000.0,0.0,1943783000.0,329913000.0,1613870000.0,6951150090.0,2768000.0,-551874000.0,-131947000.0,360694000.0,0.0,252097000.0,-590857000.0,18381000.0,335420000.0,6108000.0,220443000.0,220443000.0,220443000.0,0.0,2534000.0,0.136,310538000.0,402841000.0,70285000.0,0.0,5.878,31.533,31.409,290721000.0,0.0,80.72,4.283,4.256,283710000.0,1187960000.0,1622980000.0,1622980000.0,0.0,0.077,0.192,0.263,0.246,-7930000.0,334955000.0,1.0,86114347.0,85564682.0,87385121.0,18.968,706292000.0,15696000.0,131156000.0,301115000.0,8.254,54929000.0
40,SRCL,MRT,2011-06-30,2011-06-30,2011-06-30,2021-08-06,-287000.0,2965596000.0,2670635500.0,371647000.0,2593949000.0,0.586,14.239,-46955000.0,38199000.0,38199000.0,864247000.0,220533000.0,1.385,1.401,1233274000.0,67879000.0,1165395000.0,1233274000.0,14171000.0,59933000.0,0.0,0.0,0.0,390862000.0,450795000.0,0.288,450795000.0,390862000.0,347235000.0,2.54,2.49,2.54,1223651000.0,1110475500.0,1223651000.0,8631275811.0,22.0,19.147,269104000.0,3.131,1.0,700797000.0,0.448,2285976000.0,43627000.0,1606360000.0,1403580250.0,0.0,19063000.0,19063000.0,0.0,1714564000.0,268335000.0,1446229000.0,7650861811.0,32171000.0,-395038000.0,-74377000.0,229072000.0,0.0,180501000.0,-464217000.0,-14224000.0,316059000.0,-172000.0,217882000.0,217882000.0,217882000.0,0.0,2651000.0,0.139,306483000.0,394314000.0,58346000.0,0.0,6.252,35.115,35.087,276770000.0,0.0,89.12,4.889,4.894,252462000.0,1128713000.0,1565044000.0,1565044000.0,0.0,0.082,0.196,0.278,0.25,-10531000.0,318708000.0,1.0,85848988.0,85936036.0,87935310.0,18.212,679620000.0,15352000.0,129353000.0,269218000.0,7.908,103312000.0
41,SRCL,MRT,2011-03-31,2011-03-31,2011-03-31,2021-08-06,-3931000.0,2643637000.0,2504483500.0,337663000.0,2305974000.0,0.6,13.401,-47208000.0,24656000.0,24656000.0,817087000.0,218409000.0,1.155,1.28,1005070000.0,83516000.0,921554000.0,1005070000.0,14679000.0,56599000.0,0.0,0.0,0.0,382084000.0,438683000.0,0.292,438683000.0,382084000.0,342594000.0,2.52,2.47,2.52,1145243000.0,1041863500.0,1145243000.0,8598123074.0,23.0,19.6,262992000.0,3.077,1.0,685250000.0,0.456,2005316000.0,39490000.0,1326490000.0,1309671500.0,0.0,19768000.0,19768000.0,0.0,1465630000.0,292245000.0,1173385000.0,7572055074.0,3993000.0,-151125000.0,-87914000.0,-37053000.0,0.0,-93351000.0,-213882000.0,-15549000.0,310200000.0,1026000.0,215434000.0,215434000.0,215434000.0,0.0,2975000.0,0.143,299286000.0,385964000.0,56120000.0,0.0,6.612,35.148,35.187,272593000.0,0.0,88.67,5.04,5.044,231171000.0,1073171000.0,1502337000.0,1502337000.0,0.0,0.086,0.207,0.292,0.254,-16329000.0,301025000.0,1.0,85395907.0,85459302.0,87526683.0,17.58,638321000.0,15408000.0,127160000.0,241096000.0,7.469,45418000.0
42,SRCL,MRT,2010-12-31,2010-12-31,2010-12-31,2021-08-06,-16869000.0,2639023000.0,2415327000.0,368688000.0,2270335000.0,0.596,12.326,-48320000.0,79276000.0,79276000.0,771961000.0,210457000.0,1.195,1.487,1105628000.0,91406000.0,1014222000.0,1105628000.0,14455000.0,53885000.0,0.0,0.0,0.0,366356000.0,420241000.0,0.292,420241000.0,366356000.0,329275000.0,2.44,2.39,2.44,1048425000.0,976130750.0,1048425000.0,7877899221.0,22.0,18.746,277350000.0,3.261,1.0,667427000.0,0.464,1970938000.0,37081000.0,1385948000.0,1299026500.0,0.0,16248000.0,16248000.0,0.0,1558673000.0,308489000.0,1250184000.0,6921142221.0,63509000.0,-182430000.0,-94335000.0,56083000.0,0.0,-13565000.0,-245482000.0,-14732000.0,325670000.0,-3114000.0,207879000.0,207879000.0,207879000.0,0.0,2578000.0,0.144,296744000.0,370683000.0,54777000.0,0.0,6.601,33.294,33.164,267971000.0,0.0,80.92,4.808,4.782,214899000.0,1017497000.0,1439388000.0,1439388000.0,0.0,0.086,0.213,0.282,0.255,-9389000.0,286825000.0,1.0,85530675.0,85057775.0,86962651.0,16.922,668085000.0,16824000.0,121396000.0,222647000.0,7.854,60199000.0
43,SRCL,MRT,2010-09-30,2010-09-30,2010-09-30,2021-08-06,-14448000.0,2434286000.0,2301272000.0,313141000.0,2121145000.0,0.591,12.012,-46203000.0,20627000.0,20627000.0,719481000.0,204858000.0,1.16,1.344,977384000.0,96932000.0,880452000.0,977384000.0,16925000.0,50037000.0,0.0,0.0,0.0,353791000.0,403828000.0,0.297,403828000.0,353791000.0,318677000.0,2.39,2.34,2.39,1024583000.0,925448250.0,1024583000.0,6870300536.0,19.0,17.013,222542000.0,2.609,1.0,639960000.0,0.471,1825531000.0,35114000.0,1295523000.0,1267421500.0,0.0,18632000.0,18632000.0,0.0,1377302000.0,269989000.0,1107313000.0,5926632536.0,6341000.0,-299200000.0,-49289000.0,119103000.0,0.0,98313000.0,-354772000.0,-16729000.0,268745000.0,-5945000.0,202507000.0,202507000.0,202507000.0,0.0,2351000.0,0.149,281275000.0,358685000.0,49354000.0,0.0,5.784,29.266,29.071,262650000.0,0.0,69.48,4.36,4.359,216508000.0,967517000.0,1359441000.0,1359441000.0,0.0,0.088,0.219,0.279,0.26,-13281000.0,264794000.0,1.0,85299835.0,85295740.0,87179057.0,15.938,608755000.0,14935000.0,116170000.0,214050000.0,7.137,43152000.0
44,SRCL,MRT,2010-06-30,2010-06-30,2010-06-30,2021-08-06,-31892000.0,2300988000.0,2175067250.0,261060000.0,2039928000.0,0.595,11.182,-47023000.0,8251000.0,8251000.0,684238000.0,194121000.0,1.035,1.392,951919000.0,92490000.0,859429000.0,951919000.0,16568000.0,46492000.0,0.0,0.0,0.0,336849000.0,383341000.0,0.296,383341000.0,336849000.0,300982000.0,2.28,2.23,2.28,949203000.0,863094500.0,949203000.0,6523769964.0,19.0,17.018,233326000.0,2.749,1.0,610051000.0,0.471,1761613000.0,35867000.0,1230725000.0,1215141000.0,0.0,2234000.0,2234000.0,0.0,1321585000.0,252318000.0,1069267000.0,5549936964.0,5569000.0,-317971000.0,-69971000.0,132675000.0,0.0,86488000.0,-358481000.0,-1039000.0,280349000.0,-2787000.0,192347000.0,192347000.0,192347000.0,0.0,1774000.0,0.149,267872000.0,342179000.0,44051000.0,0.0,5.847,28.854,28.763,252391000.0,0.0,65.58,4.288,4.301,194306000.0,910831000.0,1294289000.0,1294289000.0,0.0,0.088,0.223,0.277,0.26,-8497000.0,254073000.0,1.0,84628499.0,84890285.0,86694239.0,15.247,539375000.0,16458000.0,108635000.0,196061000.0,6.354,8742000.0
45,SRCL,MRT,2010-03-31,2010-03-31,2010-03-31,2021-08-06,-22562000.0,2287011000.0,2060240750.0,271814000.0,2015197000.0,0.6,10.409,-44569000.0,22886000.0,22886000.0,653316000.0,184349000.0,1.115,1.559,996719000.0,67680000.0,929039000.0,996719000.0,16377000.0,43535000.0,0.0,0.0,0.0,323452000.0,366987000.0,0.297,366987000.0,323452000.0,288255000.0,2.17,2.13,2.17,882312000.0,817448500.0,882312000.0,5593649372.0,17.0,15.242,237456000.0,2.801,1.0,582507000.0,0.471,1733131000.0,35197000.0,1283910000.0,1173941250.0,0.0,1786000.0,1786000.0,0.0,1375121000.0,243803000.0,1131318000.0,4620565372.0,13790000.0,-344827000.0,-57854000.0,171913000.0,0.0,125863000.0,-387770000.0,1626000.0,282025000.0,-6328000.0,183155000.0,183155000.0,183155000.0,0.0,1194000.0,0.148,254386000.0,328121000.0,45922000.0,0.0,5.237,25.228,25.115,253830000.0,0.0,54.5,3.739,3.738,192296000.0,857737000.0,1235823000.0,1235823000.0,0.0,0.089,0.224,0.276,0.262,3247000.0,243556000.0,1.0,84781016.0,84766721.0,86573237.0,14.579,553880000.0,9746000.0,105100000.0,187797000.0,6.534,28011000.0
46,SRCL,MRT,2009-12-31,2009-12-31,2009-12-31,2021-08-06,-12292000.0,2182803000.0,1925791250.0,246540000.0,1936263000.0,0.612,9.976,-39910000.0,15767000.0,15767000.0,625340000.0,176389000.0,1.059,1.568,988851000.0,78026000.0,910825000.0,988851000.0,14954000.0,39990000.0,0.0,0.0,0.0,311323000.0,351313000.0,0.298,351313000.0,311323000.0,276990000.0,2.07,2.03,2.07,845695000.0,769014000.0,845695000.0,5458527922.0,18.0,15.538,237336000.0,2.8,1.0,552396000.0,0.469,1663545000.0,34333000.0,1259528000.0,1108191000.0,0.0,1131000.0,1131000.0,0.0,1325630000.0,232814000.0,1092816000.0,4646771922.0,6672000.0,-310664000.0,-75686000.0,146553000.0,0.0,81772000.0,-350189000.0,385000.0,277246000.0,-2157000.0,175691000.0,175691000.0,175691000.0,0.0,698000.0,0.149,237207000.0,315189000.0,47608000.0,0.0,5.495,26.449,26.652,246154000.0,0.0,55.17,3.946,3.971,179770000.0,809618000.0,1177736000.0,1177736000.0,0.0,0.091,0.228,0.281,0.264,3733000.0,231817000.0,1.0,84226426.0,84769912.0,86744003.0,13.893,519258000.0,14087000.0,101299000.0,171744000.0,6.125,13726000.0
47,SRCL,MRT,2009-09-30,2009-09-30,2009-09-30,2021-08-06,-13696000.0,1929467000.0,1819915000.0,223334000.0,1706133000.0,0.625,9.13,-41435000.0,14286000.0,14286000.0,605810000.0,170419000.0,1.089,1.474,826042000.0,58001000.0,768041000.0,826042000.0,14202000.0,37323000.0,0.0,0.0,0.0,302146000.0,339469000.0,0.298,339469000.0,302146000.0,268366000.0,2.01,1.96,2.01,775168000.0,725210250.0,775168000.0,4902745471.0,16.0,14.442,226770000.0,2.671,1.0,532395000.0,0.468,1449743000.0,33780000.0,1086401000.0,1057530250.0,0.0,1519000.0,1519000.0,0.0,1142672000.0,205079000.0,937593000.0,4119869471.0,7243000.0,-145462000.0,-97018000.0,25248000.0,0.0,-68259000.0,-186815000.0,-558000.0,268205000.0,-5888000.0,170215000.0,170215000.0,170215000.0,0.0,204000.0,0.15,226805000.0,305590000.0,33412000.0,0.0,5.315,24.204,24.1,227327000.0,0.0,48.44,3.62,3.613,167946000.0,765010000.0,1138205000.0,1138205000.0,0.0,0.094,0.235,0.286,0.265,10225000.0,217000000.0,1.0,85050980.0,84899815.0,86794118.0,13.406,479724000.0,10482000.0,98151000.0,165373000.0,5.65,18255000.0
48,SRCL,MRT,2009-06-30,2009-06-30,2009-06-30,2021-08-06,-10807000.0,1841682000.0,1767955250.0,208703000.0,1632979000.0,0.632,9.028,-42447000.0,2682000.0,2682000.0,603347000.0,163097000.0,1.26,1.402,785558000.0,43917000.0,741641000.0,785558000.0,14165000.0,36015000.0,0.0,0.0,0.0,294330000.0,330345000.0,0.296,330345000.0,294330000.0,261194000.0,1.92,1.87,1.92,766619000.0,704790500.0,766619000.0,5128424669.0,17.0,15.524,199675000.0,2.351,1.0,514120000.0,0.46,1392941000.0,33136000.0,1065926000.0,1038605250.0,0.0,977000.0,977000.0,0.0,1075063000.0,165691000.0,909372000.0,4373927669.0,-9713000.0,-112067000.0,-76118000.0,-20697000.0,0.0,-91468000.0,-154145000.0,-79000.0,242122000.0,-6222000.0,162916000.0,162916000.0,162916000.0,0.0,181000.0,0.146,216555000.0,297565000.0,29821000.0,0.0,5.705,26.848,26.839,216971000.0,0.0,51.53,3.914,3.916,163263000.0,718484000.0,1117467000.0,1117467000.0,0.0,0.092,0.231,0.283,0.263,7513000.0,211512000.0,1.0,84881189.0,84919498.0,86843260.0,13.159,448741000.0,11121000.0,98278000.0,161698000.0,5.284,43012000.0
49,SRCL,MRT,2009-03-31,2009-03-31,2009-03-31,2021-08-06,-37045000.0,1749213000.0,1730509750.0,211245000.0,1537968000.0,0.639,8.11,-44366000.0,9096000.0,9096000.0,606123000.0,157788000.0,1.209,1.54,763593000.0,39594000.0,723999000.0,763593000.0,14719000.0,34647000.0,0.0,0.0,0.0,286226000.0,320873000.0,0.29,320873000.0,286226000.0,253151000.0,1.85,1.8,1.85,688574000.0,681773750.0,688574000.0,4854449482.0,17.0,15.129,178863000.0,2.107,1.0,499862000.0,0.452,1308046000.0,33075000.0,1020909000.0,1021636250.0,0.0,3036000.0,3036000.0,0.0,1060639000.0,174755000.0,885884000.0,4070818482.0,-2109000.0,-93467000.0,-114604000.0,23131000.0,0.0,-81867000.0,-141038000.0,-3205000.0,223229000.0,-2433000.0,157699000.0,157699000.0,157699000.0,0.0,89000.0,0.143,210911000.0,288951000.0,29475000.0,0.0,5.912,25.814,25.8,207985000.0,0.0,47.73,3.681,3.664,158696000.0,674582000.0,1105985000.0,1105985000.0,0.0,0.091,0.231,0.28,0.259,2546000.0,208176000.0,1.0,85288466.0,84908733.0,86841903.0,13.026,441167000.0,11436000.0,95452000.0,152494000.0,5.196,36490000.0
50,SRCL,MRT,2008-12-31,2008-12-31,2008-12-31,2021-08-06,-32075000.0,1759298000.0,1699791000.0,224430000.0,1534868000.0,0.638,7.801,-47520000.0,9095000.0,9095000.0,598650000.0,148771000.0,1.249,1.624,792726000.0,38880000.0,753846000.0,792726000.0,13663000.0,34148000.0,0.0,0.0,0.0,272108000.0,306256000.0,0.283,306256000.0,272108000.0,239004000.0,1.73,1.68,1.73,670480000.0,677416250.0,670480000.0,5185328917.0,19.0,16.931,163035000.0,1.897,1.0,485029000.0,0.448,1306402000.0,33104000.0,1056885000.0,996090000.0,0.0,1408000.0,1408000.0,0.0,1088660000.0,179642000.0,909018000.0,4456410917.0,-8013000.0,-84947000.0,-167338000.0,80137000.0,0.0,-77882000.0,-132930000.0,-463000.0,210555000.0,-7756000.0,148708000.0,148708000.0,148708000.0,0.0,63000.0,0.137,210790000.0,274239000.0,33612000.0,0.0,6.647,29.968,30.104,207144000.0,0.0,52.08,4.112,4.131,168598000.0,633927000.0,1083679000.0,1083679000.0,0.0,0.087,0.22,0.273,0.251,2436000.0,203210000.0,1.0,85568566.0,85950192.0,88335832.0,12.608,452896000.0,16821000.0,90296000.0,147287000.0,5.269,44788000.0
51,SRCL,MRT,2008-09-30,2008-09-30,2008-09-30,2021-08-06,9710000.0,1721628000.0,1662006250.0,223841000.0,1497787000.0,0.639,8.116,-46524000.0,7043000.0,7043000.0,587175000.0,133963000.0,1.306,1.483,735961000.0,34282000.0,701679000.0,735961000.0,14136000.0,33771000.0,0.0,0.0,0.0,248277000.0,282048000.0,0.266,282048000.0,248277000.0,214267000.0,1.55,1.51,1.55,693489000.0,688315000.0,693489000.0,5754836626.0,23.0,20.404,155652000.0,1.822,1.0,474043000.0,0.447,1268406000.0,34010000.0,1010701000.0,954642500.0,0.0,1205000.0,1205000.0,0.0,1028139000.0,171439000.0,856700000.0,5031260626.0,-660000.0,-82379000.0,-148811000.0,69619000.0,0.0,-68387000.0,-129165000.0,-425000.0,202176000.0,-5284000.0,133674000.0,133674000.0,133674000.0,0.0,289000.0,0.126,224884000.0,249159000.0,31597000.0,0.0,7.255,37.638,38.006,208807000.0,0.0,58.91,4.741,4.743,174871000.0,594795000.0,1061218000.0,1061218000.0,0.0,0.08,0.194,0.26,0.234,934000.0,199646000.0,1.0,85405884.0,85449871.0,87864210.0,12.419,453222000.0,17694000.0,80593000.0,151604000.0,5.304,52402000.0
52,SRCL,MRT,2008-06-30,2008-06-30,2008-06-30,2021-08-06,30240000.0,1691900000.0,1600173500.0,220661000.0,1471239000.0,0.638,7.835,-48467000.0,12395000.0,12395000.0,564165000.0,127617000.0,1.312,1.508,735971000.0,29118000.0,706853000.0,735971000.0,15104000.0,32928000.0,0.0,0.0,0.0,239115000.0,272043000.0,0.266,272043000.0,239115000.0,204859000.0,1.47,1.43,1.47,674552000.0,678959250.0,674552000.0,5118425860.0,21.0,18.815,149739000.0,1.739,1.0,457278000.0,0.448,1249194000.0,34256000.0,998050000.0,907732250.0,0.0,1128000.0,1128000.0,0.0,1017348000.0,168232000.0,849116000.0,4457318860.0,10688000.0,-96651000.0,-166213000.0,113414000.0,0.0,-42666000.0,-145473000.0,-518000.0,198206000.0,621000.0,127342000.0,127342000.0,127342000.0,0.0,275000.0,0.125,217767000.0,239511000.0,33349000.0,0.0,6.608,35.003,35.17,202773000.0,0.0,51.7,4.364,4.358,173267000.0,555568000.0,1021443000.0,1021443000.0,0.0,0.08,0.188,0.263,0.234,1494000.0,193318000.0,1.0,86215065.0,86093711.0,88484943.0,11.864,442706000.0,11765000.0,77517000.0,137557000.0,5.142,52429000.0
53,SRCL,MRT,2008-03-31,2008-03-31,2008-03-31,2021-08-06,28650000.0,1626338000.0,1530993500.0,209733000.0,1416605000.0,0.638,7.728,-49445000.0,11205000.0,11205000.0,538348000.0,120930000.0,1.277,1.423,672312000.0,22423000.0,649889000.0,672312000.0,16240000.0,32344000.0,0.0,0.0,0.0,228855000.0,261199000.0,0.267,261199000.0,228855000.0,194462000.0,1.39,1.35,1.39,671144000.0,672639750.0,671144000.0,5124134084.0,22.0,19.618,135309000.0,1.558,1.0,438154000.0,0.449,1204506000.0,34393000.0,918724000.0,854546750.0,0.0,173000.0,173000.0,0.0,955194000.0,164215000.0,790979000.0,4505458084.0,-6889000.0,-107912000.0,-134595000.0,94333000.0,0.0,-32807000.0,-155504000.0,1690000.0,184754000.0,-3332000.0,120655000.0,120655000.0,120655000.0,0.0,275000.0,0.124,209571000.0,228583000.0,27876000.0,0.0,6.713,37.342,37.05,193560000.0,0.0,51.5,4.614,4.58,164046000.0,516883000.0,976502000.0,976502000.0,0.0,0.079,0.179,0.268,0.234,3873000.0,185799000.0,1.0,87484623.0,86845150.0,89393242.0,11.244,421832000.0,12873000.0,73807000.0,136391000.0,4.857,45518000.0
54,SRCL,MRT,2007-12-31,2007-12-31,2007-12-31,2021-08-06,30520000.0,1608159000.0,1468032500.0,210276000.0,1397883000.0,0.635,8.154,-48397000.0,17108000.0,17108000.0,514846000.0,118653000.0,1.404,1.252,635784000.0,22003000.0,613781000.0,635784000.0,12095000.0,31137000.0,0.0,0.0,0.0,225205000.0,256342000.0,0.275,256342000.0,225205000.0,191240000.0,1.35,1.32,1.35,714075000.0,669578000.0,714075000.0,5716176917.0,25.0,22.299,125645000.0,1.435,1.0,417921000.0,0.448,1186022000.0,33965000.0,891095000.0,799711000.0,0.0,1256000.0,1256000.0,0.0,894084000.0,149718000.0,744366000.0,5162293917.0,3616000.0,-114781000.0,-103679000.0,62990000.0,0.0,-32635000.0,-135261000.0,1301000.0,174042000.0,-2530000.0,118378000.0,118378000.0,118378000.0,0.0,275000.0,0.127,193377000.0,224544000.0,40049000.0,0.0,7.229,43.609,44.0,193039000.0,0.0,59.4,5.534,5.577,157435000.0,485219000.0,932767000.0,932767000.0,0.0,0.081,0.177,0.282,0.241,2660000.0,176737000.0,1.0,86907305.0,87578650.0,89933242.0,10.651,422137000.0,13510000.0,72862000.0,125041000.0,4.82,60558000.0
55,SRCL,MRT,2007-09-30,2007-09-30,2007-09-30,2021-08-06,14033000.0,1474297000.0,1372161500.0,204223000.0,1270074000.0,0.649,7.515,-48229000.0,7703000.0,7703000.0,489339000.0,123325000.0,1.452,1.247,561586000.0,16440000.0,545146000.0,561586000.0,13507000.0,29581000.0,0.0,0.0,0.0,233086000.0,262667000.0,0.295,262667000.0,233086000.0,200796000.0,1.41,1.37,1.41,656066000.0,630669500.0,656066000.0,5529710599.0,24.0,21.052,125359000.0,1.436,1.0,400575000.0,0.45,1064512000.0,32290000.0,823060000.0,739839500.0,0.0,13713000.0,812000.0,12901000.0,818231000.0,140608000.0,677623000.0,5008452599.0,3523000.0,-100059000.0,-111871000.0,60909000.0,0.0,-46904000.0,-118999000.0,2836000.0,173588000.0,-4162000.0,123325000.0,123325000.0,123325000.0,0.0,0.0,0.139,170071000.0,230504000.0,35597000.0,0.0,7.634,40.612,40.539,185327000.0,0.0,57.16,5.628,5.607,154763000.0,461121000.0,889914000.0,889914000.0,0.0,0.09,0.196,0.315,0.262,6480000.0,164208000.0,1.0,87621634.0,87299448.0,89794892.0,10.194,409785000.0,14431000.0,77471000.0,119009000.0,4.694,63615000.0
56,SRCL,MRT,2007-06-30,2007-06-30,2007-06-30,2021-08-06,9343000.0,1415180000.0,1325292500.0,195117000.0,1220063000.0,0.646,7.409,-42984000.0,1707000.0,1707000.0,472240000.0,117962000.0,1.506,1.18,522965000.0,14219000.0,508746000.0,522965000.0,14021000.0,28874000.0,0.0,0.0,0.0,224111000.0,252985000.0,0.296,252985000.0,224111000.0,192875000.0,1.34,1.3,1.34,649274000.0,611841000.0,649274000.0,4392942474.0,20.0,17.364,123300000.0,1.407,1.0,383618000.0,0.448,1021539000.0,31236000.0,785308000.0,739955500.0,0.0,15927000.0,600000.0,15327000.0,765906000.0,129591000.0,636315000.0,3940638474.0,-2901000.0,-89453000.0,-87552000.0,23879000.0,0.0,-55943000.0,-103900000.0,2084000.0,166284000.0,-9342000.0,117962000.0,117962000.0,117962000.0,0.0,0.0,0.138,161939000.0,221679000.0,32207000.0,0.0,6.069,33.406,33.179,177182000.0,0.0,44.46,4.604,4.552,154293000.0,428225000.0,855858000.0,855858000.0,0.0,0.089,0.193,0.303,0.262,2680000.0,156624000.0,1.0,88633344.0,87634365.0,89956735.0,9.766,393641000.0,14674000.0,74913000.0,114932000.0,4.492,65526000.0
57,SRCL,MRT,2007-03-31,2007-03-31,2007-03-31,2021-08-06,,,,,,,,-38327000.0,,,455546000.0,111132000.0,,,,,,,,27879000.0,,0.0,0.0,212318000.0,240197000.0,0.292,240197000.0,212318000.0,182105000.0,1.25,1.22,1.25,,,,4064112768.0,19.0,16.92,143543000.0,1.626,1.0,365891000.0,0.445,,30213000.0,,,,,,,,,,3611808768.0,10333000.0,-57835000.0,-83141000.0,-20872000.0,0.0,-97266000.0,-65148000.0,4561000.0,181870000.0,-9123000.0,111132000.0,111132000.0,111132000.0,0.0,0.0,0.135,154249000.0,211642000.0,,0.0,,32.5,32.6,,0.0,40.75,4.397,4.38,,,821437000.0,821437000.0,0.0,,,,0.258,1468000.0,149335000.0,1.0,88633344.0,88284526.0,90436694.0,9.304,,,70973000.0,,,
58,SRCL,MRT,2006-12-31,2006-12-31,2006-12-31,2021-08-06,5229000.0,1327906000.0,1261437000.0,218602000.0,1109304000.0,0.626,7.066,-35582000.0,13492000.0,13492000.0,439770000.0,105270000.0,1.539,1.124,465796000.0,22681000.0,443115000.0,465796000.0,11662000.0,27036000.0,0.0,0.0,0.0,200993000.0,228029000.0,0.289,228029000.0,200993000.0,172574000.0,1.19,1.16,1.19,625081000.0,587145000.0,625081000.0,3798009050.0,19.0,16.656,124580000.0,1.408,1.0,349867000.0,0.443,929852000.0,28419000.0,708327000.0,692144500.0,0.0,2548000.0,2548000.0,0.0,702825000.0,142031000.0,560794000.0,3350622050.0,5667000.0,-164015000.0,-42757000.0,86877000.0,0.0,52547000.0,-201425000.0,-1828000.0,160162000.0,-5617000.0,105270000.0,105270000.0,105270000.0,0.0,0.0,0.133,148105000.0,201762000.0,25033000.0,0.0,5.36,31.829,31.723,156953000.0,0.0,37.75,4.243,4.229,130354000.0,366841000.0,789637000.0,789637000.0,0.0,0.083,0.179,0.29,0.255,2183000.0,144366000.0,1.0,88758200.0,88466990.0,90529998.0,8.926,398054000.0,16072000.0,67304000.0,105521000.0,4.499,76571000.0
59,SRCL,MRT,2006-09-30,2006-09-30,2006-09-30,2021-08-06,4439000.0,1270026000.0,1191375500.0,183572000.0,1086454000.0,0.627,6.838,-31033000.0,4180000.0,4180000.0,413990000.0,75199000.0,1.217,1.098,451567000.0,29041000.0,422526000.0,451567000.0,12397000.0,25805000.0,0.0,0.0,0.0,149955000.0,175760000.0,0.235,175760000.0,149955000.0,124823000.0,0.845,0.83,0.845,605273000.0,561283250.0,605273000.0,3543432024.0,24.0,20.161,87090000.0,0.984,1.0,333505000.0,0.446,909991000.0,25132000.0,656619000.0,653850250.0,7255000.0,19159000.0,6563000.0,12596000.0,664753000.0,150803000.0,513950000.0,3077239024.0,385000.0,-235730000.0,-50488000.0,187604000.0,0.0,144899000.0,-259766000.0,-3331000.0,118123000.0,-2871000.0,75199000.0,75199000.0,75199000.0,0.0,0.0,0.101,142261000.0,191244000.0,26926000.0,0.0,5.084,40.921,41.296,154287000.0,0.0,34.895,4.117,4.132,136414000.0,337795000.0,747495000.0,747495000.0,0.0,0.063,0.134,0.229,0.201,1487000.0,133616000.0,1.0,88185672.0,88512004.0,90495268.0,8.445,360035000.0,15899000.0,49624000.0,82308000.0,4.068,32769000.0
60,SRCL,MRT,2006-06-30,2006-06-30,2006-06-30,2021-08-06,3039000.0,1235405000.0,1107571250.0,174103000.0,1061302000.0,0.63,6.493,-27780000.0,4608000.0,4608000.0,387803000.0,71050000.0,1.492,1.151,470801000.0,13976000.0,456825000.0,470801000.0,13287000.0,24069000.0,0.0,0.0,0.0,138701000.0,162770000.0,0.233,162770000.0,138701000.0,118128000.0,0.8,0.79,0.8,574408000.0,542963750.0,574408000.0,3362234405.0,24.0,20.656,73768000.0,0.834,1.0,309601000.0,0.444,890305000.0,20573000.0,694603000.0,595378750.0,6985000.0,17602000.0,5795000.0,11807000.0,660997000.0,116690000.0,544307000.0,2881378405.0,-6185000.0,-231397000.0,-41815000.0,182692000.0,0.0,144018000.0,-251159000.0,-2310000.0,101548000.0,-592000.0,71050000.0,71050000.0,71050000.0,0.0,0.0,0.102,129440000.0,180161000.0,28393000.0,0.0,5.016,40.554,40.688,150730000.0,0.0,32.55,4.132,4.129,130035000.0,310263000.0,697404000.0,697404000.0,0.0,0.064,0.131,0.233,0.199,6283000.0,122004000.0,1.0,88521610.0,88461750.0,90621330.0,7.884,345100000.0,14899000.0,47078000.0,78095000.0,3.901,57413000.0
61,SRCL,MRT,2006-03-31,2006-03-31,2006-03-31,2021-08-06,47000.0,1212411000.0,1026356500.0,171370000.0,1041041000.0,0.631,6.171,-27222000.0,7761000.0,7761000.0,361783000.0,68864000.0,1.536,1.229,488617000.0,14687000.0,473930000.0,488617000.0,13697000.0,22498000.0,0.0,0.0,0.0,131199000.0,153697000.0,0.237,153697000.0,131199000.0,114625000.0,0.78,0.765,0.78,543818000.0,526533250.0,543818000.0,3328533528.0,25.0,21.656,62073000.0,0.704,1.0,286345000.0,0.442,872674000.0,16574000.0,709029000.0,530242250.0,6273000.0,17558000.0,5990000.0,11568000.0,668593000.0,111564000.0,557029000.0,2975473528.0,-5397000.0,-259814000.0,-39043000.0,222948000.0,0.0,186161000.0,-282975000.0,-6267000.0,89295000.0,2122000.0,68864000.0,68864000.0,68864000.0,0.0,0.0,0.106,114162000.0,172183000.0,28902000.0,0.0,5.471,43.208,43.346,147244000.0,0.0,33.81,4.591,4.597,119435000.0,285096000.0,648128000.0,648128000.0,0.0,0.067,0.131,0.247,0.202,8611000.0,109081000.0,1.0,88005724.0,88124346.0,90311850.0,7.355,339737000.0,11378000.0,45761000.0,75283000.0,3.855,59806000.0
62,SRCL,MRT,2005-12-31,2005-12-31,2005-12-31,2021-08-06,546000.0,1047660000.0,932973750.0,144042000.0,903618000.0,0.653,5.89,-26012000.0,7825000.0,7825000.0,341420000.0,67154000.0,1.459,1.008,360885000.0,12044000.0,348841000.0,360885000.0,10394000.0,21431000.0,0.0,0.0,0.0,124991000.0,146422000.0,0.24,146422000.0,124991000.0,111980000.0,0.76,0.74,0.76,521634000.0,512152250.0,521634000.0,2841468639.0,23.0,19.406,68315000.0,0.771,1.0,268037000.0,0.44,746810000.0,13011000.0,555150000.0,445182500.0,5263000.0,14556000.0,3884000.0,10672000.0,526026000.0,98760000.0,427266000.0,2597948639.0,-25000.0,-139696000.0,-60657000.0,120157000.0,0.0,59500000.0,-156001000.0,-621000.0,94327000.0,2149000.0,67154000.0,67154000.0,67154000.0,0.0,0.0,0.11,101505000.0,166532000.0,27872000.0,0.0,4.98,38.686,38.737,136220000.0,0.0,29.44,4.263,4.278,103703000.0,261571000.0,609457000.0,609457000.0,0.0,0.072,0.131,0.281,0.205,7459000.0,98032000.0,1.0,88245538.0,88569160.0,90621018.0,6.881,300850000.0,13452000.0,44826000.0,71549000.0,3.397,45282000.0
63,SRCL,MRT,2005-09-30,2005-09-30,2005-09-30,2021-08-06,1017000.0,934809000.0,879594000.0,135295000.0,799514000.0,0.661,5.989,-29879000.0,3795000.0,3795000.0,327841000.0,87239000.0,1.426,0.757,247315000.0,12033000.0,235282000.0,247315000.0,11584000.0,21294000.0,0.0,0.0,0.0,154493000.0,175787000.0,0.302,175787000.0,154493000.0,142838000.0,0.99,0.96,0.99,531995000.0,505586750.0,531995000.0,2783675389.0,18.0,15.836,92718000.0,1.044,1.0,253951000.0,0.436,660686000.0,11655000.0,422733000.0,401168500.0,4525000.0,12505000.0,2988000.0,9517000.0,402814000.0,94910000.0,307904000.0,2540343389.0,-5160000.0,-51069000.0,-57919000.0,8341000.0,0.0,-49578000.0,-79580000.0,1368000.0,122597000.0,1401000.0,87239000.0,87239000.0,87239000.0,0.0,0.0,0.15,92777000.0,161174000.0,24873000.0,0.0,4.775,29.119,28.864,126350000.0,0.0,28.575,4.366,4.363,89983000.0,262597000.0,581792000.0,581792000.0,0.0,0.099,0.173,0.385,0.266,7676000.0,91783000.0,1.0,88900906.0,88829598.0,90803556.0,6.55,274123000.0,11887000.0,55599000.0,67240000.0,3.086,40385000.0
64,SRCL,MRT,2005-06-30,2005-06-30,2005-06-30,2021-08-06,377000.0,910546000.0,852852500.0,139021000.0,771525000.0,0.662,5.764,-32012000.0,10793000.0,10793000.0,318134000.0,84984000.0,1.635,0.79,254125000.0,8282000.0,245843000.0,254125000.0,11448000.0,22253000.0,0.0,0.0,0.0,150909000.0,173162000.0,0.307,173162000.0,150909000.0,139239000.0,0.96,0.93,0.96,508686000.0,495950250.0,508686000.0,2416939522.0,16.0,13.958,92845000.0,1.052,1.0,246471000.0,0.437,634787000.0,11670000.0,434057000.0,388210250.0,4710000.0,12664000.0,3147000.0,9517000.0,401860000.0,85034000.0,316826000.0,2223801522.0,-4273000.0,-50857000.0,-56258000.0,10585000.0,0.0,-45673000.0,-83141000.0,-272000.0,124857000.0,-316000.0,84984000.0,84984000.0,84984000.0,0.0,0.0,0.151,89035000.0,157436000.0,19371000.0,0.0,4.372,26.167,26.208,124812000.0,0.0,25.16,3.939,3.932,86209000.0,239214000.0,564605000.0,564605000.0,0.0,0.1,0.171,0.389,0.267,6202000.0,87736000.0,1.0,88386388.0,88245672.0,90128160.0,6.398,275759000.0,12726000.0,54255000.0,64339000.0,3.125,53987000.0
65,SRCL,MRT,2005-03-31,2005-03-31,2005-03-31,2021-08-06,1964000.0,838880000.0,825883000.0,120576000.0,718304000.0,0.653,5.457,-34429000.0,13158000.0,13158000.0,302649000.0,80869000.0,1.244,0.725,206296000.0,18692000.0,187604000.0,206296000.0,10104000.0,22357000.0,0.0,0.0,0.0,143691000.0,166048000.0,0.308,166048000.0,143691000.0,132691000.0,0.915,0.88,0.915,486294000.0,487023250.0,486294000.0,2178424962.0,15.0,13.119,88191000.0,0.99,1.0,236601000.0,0.439,566339000.0,11000000.0,368790000.0,376655500.0,4395000.0,12843000.0,3326000.0,9517000.0,352586000.0,96889000.0,255697000.0,1982625962.0,10026000.0,-65494000.0,-47908000.0,35911000.0,0.0,-11997000.0,-99742000.0,181000.0,122620000.0,-855000.0,80869000.0,80869000.0,80869000.0,0.0,0.0,0.15,86542000.0,150059000.0,17524000.0,0.0,4.077,24.517,24.153,136392000.0,0.0,22.1,3.677,3.652,73483000.0,216232000.0,539250000.0,539250000.0,0.0,0.098,0.166,0.381,0.266,7089000.0,84086000.0,1.0,89711582.0,89118102.0,91021122.0,6.051,272541000.0,11449000.0,51822000.0,61281000.0,3.058,23687000.0
66,SRCL,MRT,2004-12-31,2004-12-31,2004-12-31,2021-08-06,2461000.0,834141000.0,793074250.0,115492000.0,718649000.0,0.651,5.597,-33227000.0,7850000.0,7850000.0,288022000.0,78178000.0,1.387,0.684,203649000.0,13218000.0,190431000.0,203649000.0,7611000.0,21803000.0,0.0,0.0,0.0,139750000.0,161553000.0,0.313,161553000.0,139750000.0,128564000.0,0.885,0.845,0.885,495372000.0,475257000.0,495372000.0,2257145890.0,16.0,13.972,81384000.0,0.92,1.0,228206000.0,0.442,567608000.0,11186000.0,379094000.0,355212750.0,4259000.0,13039000.0,3522000.0,9517000.0,338769000.0,83238000.0,255531000.0,2068464890.0,610000.0,-72408000.0,-21661000.0,14720000.0,0.0,-6941000.0,-105093000.0,542000.0,114611000.0,-1967000.0,78178000.0,78178000.0,78178000.0,0.0,0.0,0.151,82551000.0,145655000.0,17998000.0,0.0,4.176,26.458,25.96,135512000.0,0.0,22.975,4.007,3.939,74888000.0,194417000.0,516228000.0,516228000.0,0.0,0.099,0.164,0.393,0.271,7740000.0,80623000.0,1.0,90031116.0,88501826.0,92391794.0,5.833,266533000.0,13296000.0,50386000.0,57477000.0,3.012,32254000.0
67,SRCL,MRT,2004-09-30,2004-09-30,2004-09-30,2021-08-06,-534000.0,827843000.0,761404500.0,119684000.0,708159000.0,0.646,5.455,-29389000.0,8955000.0,8955000.0,270427000.0,77526000.0,1.423,0.678,197636000.0,7968000.0,189668000.0,197636000.0,9247000.0,20957000.0,0.0,0.0,0.0,139189000.0,160146000.0,0.326,160146000.0,139189000.0,128103000.0,0.89,0.845,0.89,493449000.0,453369000.0,493449000.0,2271265675.0,16.0,14.182,89150000.0,0.986,1.0,221462000.0,0.45,561496000.0,11086000.0,370900000.0,336060750.0,3910000.0,14598000.0,5081000.0,9517000.0,334394000.0,84128000.0,250266000.0,2073681675.0,2413000.0,-72038000.0,-10666000.0,-2151000.0,0.0,-12817000.0,-101783000.0,-356000.0,118539000.0,-1526000.0,77526000.0,77526000.0,77526000.0,0.0,0.0,0.158,80787000.0,140675000.0,19217000.0,0.0,4.202,26.748,25.787,128877000.0,0.0,22.95,4.216,4.221,77000000.0,175358000.0,491889000.0,491889000.0,0.0,0.102,0.171,0.414,0.283,10579000.0,75104000.0,1.0,90356500.0,90458348.0,92599850.0,5.438,266347000.0,12908000.0,50577000.0,54900000.0,2.944,35556000.0
68,SRCL,MRT,2004-06-30,2004-06-30,2004-06-30,2021-08-06,-53000.0,802668000.0,728643000.0,112865000.0,689803000.0,0.644,5.363,-26261000.0,15066000.0,15066000.0,258990000.0,73569000.0,1.718,0.697,212650000.0,4508000.0,208142000.0,212650000.0,10011000.0,18876000.0,0.0,0.0,0.0,132292000.0,151168000.0,0.322,151168000.0,132292000.0,121643000.0,0.86,0.8,0.86,472978000.0,428923750.0,472978000.0,2398336710.0,18.0,15.865,84669000.0,0.96,1.0,210138000.0,0.448,546708000.0,10649000.0,387838000.0,320301750.0,3757000.0,13042000.0,3525000.0,9517000.0,329690000.0,65706000.0,263984000.0,2247212710.0,8967000.0,-59450000.0,-6443000.0,-9320000.0,0.0,-15763000.0,-85113000.0,598000.0,110930000.0,-1087000.0,73569000.0,73569000.0,73569000.0,0.0,0.0,0.157,76058000.0,134080000.0,15905000.0,0.0,4.751,30.546,30.081,125879000.0,0.0,25.87,4.79,4.863,70278000.0,154230000.0,469128000.0,469128000.0,0.0,0.101,0.172,0.413,0.282,11354000.0,72632000.0,1.0,86865586.0,88189648.0,92432484.0,5.32,255960000.0,11224000.0,48074000.0,51548000.0,2.902,47159000.0
69,SRCL,MRT,2004-03-31,2004-03-31,2004-03-31,2021-08-06,336000.0,707645000.0,701938500.0,84390000.0,623255000.0,0.653,5.089,-21722000.0,3132000.0,3132000.0,255739000.0,70224000.0,1.257,0.611,154256000.0,5332000.0,148924000.0,154256000.0,7624000.0,17665000.0,0.0,0.0,0.0,127626000.0,145291000.0,0.317,145291000.0,127626000.0,116176000.0,0.835,0.765,0.835,439229000.0,404022000.0,439229000.0,2241625411.0,18.0,15.429,102095000.0,1.183,1.0,202731000.0,0.442,508608000.0,11450000.0,283019000.0,304546750.0,2946000.0,13374000.0,3757000.0,9617000.0,268416000.0,67142000.0,201274000.0,2081019411.0,-6056000.0,-13542000.0,-5458000.0,-89157000.0,0.0,-94615000.0,-34457000.0,807000.0,123817000.0,-801000.0,70224000.0,70224000.0,70224000.0,0.0,0.0,0.153,72001000.0,130730000.0,9587000.0,0.0,4.738,29.634,28.719,97629000.0,0.0,23.98,4.539,4.514,58978000.0,135363000.0,458470000.0,458470000.0,0.0,0.1,0.174,0.419,0.278,10789000.0,70896000.0,1.0,86781460.0,86309166.0,92090020.0,5.312,199037000.0,9504000.0,45952000.0,38668000.0,2.306,17248000.0
70,SRCL,MRT,2003-12-31,2003-12-31,2003-12-31,2021-08-06,530000.0,707462000.0,700073750.0,97737000.0,609725000.0,0.647,4.921,-20284000.0,7240000.0,7240000.0,256600000.0,65781000.0,1.417,0.735,167846000.0,4830000.0,163016000.0,167846000.0,4987000.0,17255000.0,0.0,0.0,0.0,121577000.0,138832000.0,0.306,138832000.0,121577000.0,108729000.0,0.795,0.715,0.795,407820000.0,380407250.0,407820000.0,2138080969.0,18.0,15.4,103603000.0,1.25,1.0,196625000.0,0.434,496588000.0,12848000.0,302486000.0,323264750.0,3244000.0,10581000.0,2864000.0,7717000.0,299642000.0,68994000.0,230648000.0,1964868969.0,-1135000.0,-37222000.0,-2671000.0,-64149000.0,0.0,-66820000.0,-57635000.0,-129000.0,123887000.0,-567000.0,65781000.0,65781000.0,65781000.0,0.0,0.0,0.145,70228000.0,126397000.0,15741000.0,0.0,4.818,29.87,29.371,96562000.0,0.0,23.35,4.335,4.27,59711000.0,116239000.0,453225000.0,453225000.0,0.0,0.094,0.173,0.376,0.268,10120000.0,69558000.0,1.0,84148564.0,82878040.0,92195604.0,5.469,210874000.0,12345000.0,42948000.0,42277000.0,2.544,28743000.0
71,SRCL,MRT,2003-09-30,2003-09-30,2003-09-30,2021-08-06,574000.0,696797000.0,689982000.0,91258000.0,605539000.0,0.64,4.714,-17559000.0,6542000.0,6542000.0,251565000.0,58808000.0,1.367,0.761,179754000.0,9766000.0,169988000.0,179754000.0,4758000.0,16412000.0,0.0,0.0,0.0,112342000.0,128754000.0,0.291,128754000.0,112342000.0,97369000.0,0.72,0.64,0.72,395668000.0,360134500.0,395668000.0,2181044749.0,19.0,16.94,96558000.0,1.15,1.0,190316000.0,0.431,495369000.0,14973000.0,307864000.0,339053500.0,4630000.0,9842000.0,2125000.0,7717000.0,301129000.0,66776000.0,234353000.0,1982745749.0,631000.0,-57118000.0,9906000.0,-47411000.0,0.0,-37505000.0,-75652000.0,-975000.0,114117000.0,-329000.0,58808000.0,58808000.0,58808000.0,0.0,0.0,0.133,72234000.0,118082000.0,10254000.0,0.0,5.011,33.716,32.812,94705000.0,0.0,23.625,4.487,4.488,62995000.0,97832000.0,441881000.0,441881000.0,0.0,0.085,0.163,0.331,0.254,9536000.0,67321000.0,1.0,83925746.0,83939514.0,92570916.0,5.264,201428000.0,8164000.0,38561000.0,38807000.0,2.4,24482000.0
72,SRCL,MRT,2003-06-30,2003-06-30,2003-06-30,2021-08-06,-81000.0,695850000.0,669633000.0,92366000.0,603484000.0,0.643,4.536,-16264000.0,6099000.0,6099000.0,248179000.0,53773000.0,1.252,0.864,204398000.0,18576000.0,185822000.0,204398000.0,4783000.0,16070000.0,0.0,0.0,0.0,106373000.0,122443000.0,0.284,122443000.0,106373000.0,88847000.0,0.675,0.59,0.675,373371000.0,330228500.0,373371000.0,1789583803.0,17.0,14.616,92868000.0,1.128,1.0,182453000.0,0.424,495527000.0,17526000.0,324818000.0,347343000.0,4820000.0,9240000.0,1523000.0,7717000.0,322479000.0,73804000.0,248675000.0,1563142803.0,-2811000.0,-58234000.0,7467000.0,-44739000.0,0.0,-37272000.0,-74560000.0,-62000.0,109132000.0,-111000.0,53773000.0,53773000.0,53773000.0,0.0,0.0,0.125,69385000.0,113068000.0,11281000.0,0.0,4.187,29.069,28.415,92938000.0,0.0,19.18,3.63,3.666,64730000.0,80661000.0,430632000.0,430632000.0,0.0,0.08,0.163,0.306,0.247,7428000.0,64982000.0,1.0,81498582.0,82303882.0,92210720.0,5.232,200323000.0,7363000.0,35074000.0,37386000.0,2.434,18562000.0
73,SRCL,MRT,2003-03-31,2003-03-31,2003-03-31,2021-08-06,-21000.0,700186000.0,651399500.0,100101000.0,600085000.0,0.64,4.254,-14467000.0,9188000.0,9188000.0,243323000.0,49774000.0,1.278,1.031,235629000.0,25156000.0,210473000.0,235629000.0,4401000.0,15682000.0,0.0,0.0,0.0,101857000.0,117539000.0,0.282,117539000.0,101857000.0,82200000.0,0.635,0.55,0.635,344770000.0,302495500.0,344770000.0,1744713487.0,17.0,14.844,91468000.0,1.129,1.0,173443000.0,0.416,490431000.0,19657000.0,357891000.0,356722250.0,5279000.0,9681000.0,1964000.0,7717000.0,355416000.0,78305000.0,277111000.0,1525031487.0,-2082000.0,-61917000.0,5328000.0,-36328000.0,0.0,-31000000.0,-77002000.0,-618000.0,105935000.0,-15000.0,49774000.0,49774000.0,49774000.0,0.0,0.0,0.119,66294000.0,107149000.0,12637000.0,0.0,4.423,30.639,29.598,93552000.0,0.0,18.795,3.659,3.655,68540000.0,65139000.0,416766000.0,416766000.0,0.0,0.076,0.165,0.286,0.244,5234000.0,62380000.0,1.0,81140276.0,81043196.0,91686456.0,5.143,209755000.0,6579000.0,32426000.0,34143000.0,2.588,21796000.0
74,SRCL,MRT,2002-12-31,2002-12-31,2002-12-31,2021-08-06,-229000.0,667095000.0,631861750.0,94356000.0,572739000.0,0.635,4.314,-14647000.0,8375000.0,8375000.0,237010000.0,45724000.0,1.755,1.042,228057000.0,3933000.0,224124000.0,228057000.0,3681000.0,14981000.0,0.0,0.0,0.0,97116000.0,112097000.0,0.279,112097000.0,97116000.0,75577000.0,0.595,0.505,0.595,326729000.0,278644000.0,326729000.0,1435936549.0,15.0,12.81,84084000.0,1.11,1.0,164509000.0,0.41,467382000.0,21539000.0,365641000.0,364501500.0,4494000.0,9052000.0,1335000.0,7717000.0,340366000.0,53754000.0,286612000.0,1222970549.0,-4362000.0,-34591000.0,5623000.0,-59328000.0,0.0,-53705000.0,-49470000.0,-232000.0,98731000.0,82000.0,45724000.0,45724000.0,45724000.0,0.0,0.0,0.114,63677000.0,100832000.0,14330000.0,0.0,3.743,26.747,27.21,88501000.0,0.0,16.19,3.046,3.054,62013000.0,50458000.0,401519000.0,401519000.0,0.0,0.072,0.164,0.266,0.242,4983000.0,60402000.0,1.0,75538638.0,75736730.0,90226342.0,5.302,199713000.0,6720000.0,29853000.0,30729000.0,2.637,40602000.0
75,SRCL,MRT,2002-09-30,2002-09-30,2002-09-30,2021-08-06,-1339000.0,615401000.0,618720500.0,86388000.0,529013000.0,0.633,3.662,-15326000.0,5911000.0,5911000.0,224701000.0,32054000.0,1.586,1.229,218877000.0,1338000.0,217539000.0,218877000.0,3369000.0,17608000.0,0.0,0.0,0.0,77501000.0,95109000.0,0.243,95109000.0,77501000.0,52775000.0,0.39,0.355,0.39,276044000.0,255089250.0,276044000.0,1509886092.0,19.0,15.875,75110000.0,0.996,1.0,166990000.0,0.426,432873000.0,24726000.0,341022000.0,372031250.0,4268000.0,327000.0,327000.0,0.0,339357000.0,54472000.0,284885000.0,1277947092.0,-6893000.0,-19031000.0,53318000.0,-116402000.0,0.0,-63084000.0,-34351000.0,6000.0,90436000.0,106000.0,32054000.0,32054000.0,32054000.0,0.0,0.0,0.082,74303000.0,92687000.0,10136000.0,0.0,4.63,39.869,43.487,85149000.0,0.0,16.96,3.263,3.264,63274000.0,39024000.0,391691000.0,391691000.0,0.0,0.052,0.126,0.208,0.198,2854000.0,59631000.0,1.0,75350654.0,75386350.0,90248708.0,5.196,182528000.0,0.0,20721000.0,17755000.0,2.421,31916000.0
76,SRCL,MRT,2002-06-30,2002-06-30,2002-06-30,2021-08-06,-2498000.0,622916000.0,620031000.0,94855000.0,528061000.0,0.614,3.497,-16151000.0,8910000.0,8910000.0,222512000.0,26253000.0,1.578,1.374,240849000.0,5109000.0,235740000.0,240849000.0,3115000.0,20121000.0,0.0,0.0,0.0,71762000.0,91883000.0,0.241,91883000.0,71762000.0,43476000.0,0.32,0.295,0.32,262439000.0,224639000.0,262439000.0,1579836545.0,22.0,17.194,74532000.0,0.993,1.0,158461000.0,0.416,432398000.0,28286000.0,362335000.0,400720500.0,4610000.0,638000.0,638000.0,0.0,360477000.0,60122000.0,300355000.0,1327437545.0,5746000.0,-27375000.0,53883000.0,-95081000.0,0.0,-41198000.0,-43845000.0,-319000.0,90683000.0,106000.0,26253000.0,26253000.0,26253000.0,0.0,0.0,0.069,72649000.0,85812000.0,11930000.0,0.0,5.058,50.563,55.328,84593000.0,0.0,17.705,3.484,3.488,61270000.0,26888000.0,380973000.0,380973000.0,0.0,0.042,0.117,0.179,0.188,2878000.0,61906000.0,1.0,74975292.0,75047182.0,90293280.0,5.076,190518000.0,7630000.0,17223000.0,24891000.0,2.539,34733000.0
77,SRCL,MRT,2002-03-31,2002-03-31,2002-03-31,2021-08-06,-2535000.0,622035000.0,613273250.0,98905000.0,523130000.0,0.604,3.35,-15288000.0,11270000.0,11270000.0,219589000.0,20324000.0,1.682,1.494,263669000.0,14097000.0,249572000.0,263669000.0,2883000.0,22675000.0,0.0,0.0,0.0,65599000.0,88274000.0,0.238,88274000.0,65599000.0,33813000.0,0.25,0.23,0.25,249364000.0,195259250.0,249364000.0,1437513240.0,22.0,16.285,55564000.0,0.746,1.0,150664000.0,0.407,426616000.0,31786000.0,389008000.0,427293500.0,4410000.0,523000.0,523000.0,0.0,372671000.0,58810000.0,313861000.0,1170252240.0,8110000.0,-23224000.0,54032000.0,-78300000.0,0.0,-24268000.0,-38544000.0,-32000.0,70852000.0,70000.0,20324000.0,20324000.0,20324000.0,0.0,0.0,0.055,71327000.0,79337000.0,10826000.0,0.0,4.693,57.58,62.56,84238000.0,0.0,15.64,3.161,3.145,62372000.0,15639000.0,370253000.0,370253000.0,0.0,0.033,0.104,0.154,0.177,2919000.0,64164000.0,1.0,74824312.0,74444724.0,89543904.0,4.974,195419000.0,7630000.0,13489000.0,15305000.0,2.625,40095000.0
78,SRCL,MRT,2001-12-31,2001-12-31,2001-12-31,2021-08-06,-3996000.0,614530000.0,605996250.0,98346000.0,516184000.0,0.592,3.654,-15412000.0,12737000.0,12737000.0,215959000.0,14710000.0,1.552,1.643,279998000.0,12633000.0,267365000.0,279998000.0,4920000.0,25234000.0,0.0,0.0,0.0,59933000.0,85167000.0,0.237,85167000.0,59933000.0,24516000.0,0.19,0.175,0.19,232510000.0,167512750.0,232510000.0,1444682166.0,24.0,16.963,49138000.0,0.772,1.0,143065000.0,0.398,422652000.0,35417000.0,395760000.0,448380250.0,6044000.0,6607000.0,4625000.0,1982000.0,382020000.0,63379000.0,318641000.0,1122633166.0,10071000.0,-21262000.0,52570000.0,-70376000.0,0.0,-17806000.0,-36673000.0,1000.0,64550000.0,0.0,14710000.0,14710000.0,14710000.0,0.0,0.0,0.041,69771000.0,73294000.0,13317000.0,0.0,4.828,76.318,80.105,82736000.0,0.0,15.22,3.127,2.698,65300000.0,5412000.0,359024000.0,359024000.0,0.0,0.024,0.088,0.134,0.167,1792000.0,66086000.0,1.0,73760392.0,63635580.0,84401524.0,5.642,191878000.0,0.0,9806000.0,3194000.0,3.015,34967000.0
79,SRCL,MRT,2001-09-30,2001-09-30,2001-09-30,2021-08-06,-5114000.0,620643000.0,601859250.0,99137000.0,521506000.0,0.583,2.462,-15004000.0,12804000.0,12804000.0,211489000.0,21165000.0,1.541,3.024,334853000.0,8996000.0,325857000.0,334853000.0,2644000.0,24791000.0,0.0,0.0,0.0,72447000.0,97238000.0,0.277,97238000.0,72447000.0,34935000.0,0.302,0.25,0.302,154243000.0,143060250.0,154243000.0,985175966.0,14.0,10.132,37037000.0,0.591,1.0,139587000.0,0.398,422589000.0,37512000.0,455779000.0,470343750.0,3905000.0,333000.0,333000.0,0.0,466400000.0,64324000.0,402076000.0,652835966.0,10586000.0,-13428000.0,4027000.0,-16963000.0,0.0,-13236000.0,-28219000.0,213000.0,52041000.0,0.0,21165000.0,21165000.0,21165000.0,0.0,0.0,0.06,66188000.0,73399000.0,13308000.0,0.0,4.233,30.845,34.503,83239000.0,0.0,10.42,1.86,1.859,68657000.0,8160000.0,351076000.0,351076000.0,0.0,0.035,0.148,0.154,0.206,1205000.0,64277000.0,1.0,62652204.0,62639648.0,84392744.0,5.605,198054000.0,0.0,13770000.0,9432000.0,3.162,34813000.0
80,SRCL,MRT,2001-06-30,2001-06-30,2001-06-30,2021-08-06,-2027000.0,595885000.0,594950500.0,89998000.0,505887000.0,0.573,2.352,-14655000.0,3164000.0,3164000.0,205846000.0,18263000.0,1.922,3.112,335504000.0,6942000.0,328562000.0,335504000.0,797000.0,24180000.0,0.0,0.0,0.0,68645000.0,92825000.0,0.272,92825000.0,68645000.0,30214000.0,0.26,0.217,0.26,144920000.0,136773750.0,144920000.0,1060218968.0,15.0,11.422,19765000.0,0.321,1.0,135035000.0,0.396,412774000.0,38431000.0,468627000.0,476630000.0,3999000.0,319000.0,319000.0,0.0,450965000.0,46824000.0,404141000.0,721835968.0,-1449000.0,-6849000.0,4035000.0,-18327000.0,0.0,-14592000.0,-21277000.0,227000.0,34420000.0,0.0,18263000.0,18263000.0,18263000.0,0.0,0.0,0.054,65699000.0,69336000.0,11526000.0,0.0,4.981,39.525,45.144,77126000.0,0.0,11.738,2.118,2.122,68049000.0,2513000.0,340881000.0,340881000.0,0.0,0.031,0.134,0.144,0.201,1221000.0,62325000.0,1.0,61498272.0,61622728.0,83408496.0,5.532,183111000.0,0.0,11951000.0,0.0,2.971,43174000.0
81,SRCL,MRT,2001-03-31,2001-03-31,2001-03-31,2021-08-06,-1707000.0,592927000.0,592356000.0,86936000.0,505991000.0,0.56,2.27,-14388000.0,3160000.0,3160000.0,200759000.0,15755000.0,2.023,3.285,341543000.0,4906000.0,336637000.0,341543000.0,2406000.0,23808000.0,0.0,0.0,0.0,65333000.0,89141000.0,0.269,89141000.0,65333000.0,25963000.0,0.223,0.19,0.223,138378000.0,131676000.0,138378000.0,1028510474.0,16.0,11.538,6438000.0,0.106,1.0,131130000.0,0.395,414991000.0,39370000.0,473355000.0,479049250.0,3500000.0,491000.0,491000.0,0.0,454549000.0,42964000.0,411585000.0,680975474.0,-17610000.0,-5874000.0,2722000.0,-20881000.0,0.0,-18459000.0,-19977000.0,285000.0,20826000.0,0.0,15755000.0,15755000.0,15755000.0,0.0,0.0,0.047,65493000.0,65637000.0,11444000.0,0.0,4.921,43.223,50.034,74847000.0,0.0,11.158,2.052,2.049,67401000.0,-2370000.0,331889000.0,331889000.0,0.0,0.027,0.12,0.136,0.197,1220000.0,60801000.0,1.0,61032980.0,60959700.0,82379944.0,5.444,177936000.0,0.0,10208000.0,0.0,2.919,43972000.0
82,SRCL,MRT,2000-12-31,2000-12-31,2000-12-31,2021-08-06,0.0,597982000.0,593917500.0,91011000.0,506971000.0,0.545,2.263,-11586000.0,2666000.0,2666000.0,196345000.0,14511000.0,2.111,3.439,350201000.0,5097000.0,345104000.0,350201000.0,505000.0,23469000.0,0.0,0.0,0.0,63601000.0,87070000.0,0.269,87070000.0,63601000.0,23816000.0,0.2,0.18,0.2,134700000.0,127434250.0,134700000.0,920030735.0,14.0,10.567,-1117000.0,-0.019,1.0,127377000.0,0.393,418790000.0,39785000.0,483614000.0,480162250.0,3216000.0,281000.0,281000.0,0.0,463282000.0,43113000.0,420169000.0,570812735.0,-16678000.0,-4516000.0,2299000.0,-13546000.0,0.0,-11547000.0,-15600000.0,502000.0,10469000.0,0.0,14511000.0,14511000.0,14511000.0,0.0,0.0,0.045,63911000.0,63466000.0,14444000.0,0.0,4.238,39.337,47.663,73908000.0,0.0,9.533,1.763,1.753,71225000.0,-6756000.0,323722000.0,323722000.0,0.0,0.024,0.114,0.132,0.196,1219000.0,59457000.0,1.0,59880696.0,59516412.0,80371376.0,5.439,179192000.0,0.0,9305000.0,0.0,3.011,47898000.0
83,SRCL,MRT,2000-09-30,2000-09-30,2000-09-30,2021-08-06,0.0,593008000.0,593368500.0,80325000.0,512683000.0,0.5,2.17,-9361000.0,2218000.0,2218000.0,181894000.0,16391000.0,1.945,3.594,351436000.0,2932000.0,348504000.0,351436000.0,335000.0,21978000.0,0.0,0.0,0.0,50237000.0,72215000.0,0.243,72215000.0,50237000.0,15060000.0,0.242,0.223,0.242,129097000.0,123287750.0,129097000.0,711230930.0,14.0,9.849,2021000.0,0.034,1.0,114960000.0,0.387,420009000.0,35177000.0,480924000.0,475744750.0,3398000.0,546000.0,546000.0,0.0,463911000.0,41293000.0,422618000.0,363852930.0,-13799000.0,-414816000.0,1757000.0,326660000.0,0.0,397272000.0,-422453000.0,1724000.0,11382000.0,0.0,16391000.0,16391000.0,16391000.0,0.0,0.0,0.055,65765000.0,49195000.0,10631000.0,0.0,2.818,22.198,25.31,73723000.0,0.0,6.125,1.226,1.227,61218000.0,-10296000.0,296854000.0,296854000.0,0.0,0.028,0.133,0.106,0.169,312000.0,54914000.0,1.0,59404560.0,59489288.0,80384492.0,4.99,172999000.0,0.0,-1331000.0,0.0,2.908,39032000.0
84,SRCL,MRT,2000-06-30,2000-06-30,2000-06-30,2021-08-06,0.0,585507000.0,477298500.0,77321000.0,508186000.0,0.505,2.105,-5466000.0,4613000.0,4613000.0,149401000.0,15840000.0,1.985,3.702,351991000.0,2390000.0,349601000.0,351991000.0,239000.0,17946000.0,0.0,0.0,0.0,38325000.0,56271000.0,0.233,56271000.0,38325000.0,12855000.0,0.245,0.227,0.245,124529000.0,118966500.0,124529000.0,704858592.0,18.0,12.526,2869000.0,0.048,1.0,91785000.0,0.381,415622000.0,25470000.0,478304000.0,366995500.0,3596000.0,278000.0,278000.0,0.0,460978000.0,38959000.0,422019000.0,355418592.0,-14949000.0,-416617000.0,1260000.0,328460000.0,0.0,398575000.0,-421859000.0,224000.0,8335000.0,0.0,15840000.0,15840000.0,15840000.0,0.0,0.0,0.066,54788000.0,36997000.0,11526000.0,0.0,2.854,22.438,24.49,70968000.0,0.0,6.0,1.474,1.472,58307000.0,-13157000.0,241186000.0,241186000.0,0.0,0.033,0.133,0.104,0.159,272000.0,45420000.0,1.0,59236432.0,59170408.0,79669196.0,4.076,169885000.0,0.0,-2985000.0,0.0,2.871,38362000.0
85,SRCL,MRT,2000-03-31,2000-03-31,2000-03-31,2021-08-06,0.0,599173000.0,361621000.0,84509000.0,514664000.0,0.516,2.058,-3970000.0,20770000.0,20770000.0,117619000.0,15314000.0,1.606,3.935,370210000.0,7080000.0,363130000.0,370210000.0,707000.0,13946000.0,0.0,0.0,0.0,26745000.0,40691000.0,0.218,40691000.0,26745000.0,11058000.0,0.247,0.233,0.247,121411000.0,114715000.0,121411000.0,711063125.0,27.0,17.475,12538000.0,0.213,1.0,69029000.0,0.37,418190000.0,15687000.0,477807000.0,258129000.0,2702000.0,278000.0,278000.0,0.0,477762000.0,52616000.0,425146000.0,369222125.0,965000.0,-417536000.0,474000.0,336180000.0,0.0,405509000.0,-421052000.0,454000.0,16508000.0,0.0,15314000.0,15314000.0,15314000.0,0.0,0.0,0.082,43841000.0,25188000.0,11308000.0,0.0,3.041,24.11,25.304,74199000.0,0.0,6.25,1.978,1.975,53418000.0,-15611000.0,186648000.0,186648000.0,0.0,0.042,0.133,0.104,0.143,232000.0,35880000.0,1.0,59075540.0,58986412.0,78356360.0,3.164,180983000.0,0.0,-4256000.0,0.0,3.068,31893000.0
86,SRCL,MRT,1999-12-31,1999-12-31,1999-12-31,2021-08-06,0.0,595786000.0,242328500.0,77540000.0,518246000.0,0.548,2.074,-3795000.0,19344000.0,19344000.0,86123000.0,13968000.0,1.53,4.044,361185000.0,5741000.0,355444000.0,361185000.0,142000.0,9879000.0,0.0,0.0,0.0,13993000.0,23872000.0,0.18,23872000.0,13993000.0,7798000.0,0.24,0.23,0.24,118114000.0,110457000.0,118114000.0,266694855.0,19.0,11.172,7982000.0,0.14,1.0,46725000.0,0.352,421001000.0,6195000.0,465944000.0,148854750.0,2035000.0,285000.0,285000.0,0.0,477672000.0,50682000.0,426990000.0,276933855.0,18061000.0,-422280000.0,47650000.0,315407000.0,0.0,431912000.0,-425628000.0,447000.0,11777000.0,0.0,13968000.0,13968000.0,13968000.0,0.0,0.0,0.105,34441000.0,12284000.0,17923000.0,0.0,2.345,19.826,19.594,75112000.0,0.0,4.702,2.085,2.016,48284000.0,-18724000.0,132848000.0,132848000.0,0.0,0.058,0.126,0.094,0.105,192000.0,26480000.0,1.0,58890772.0,56960336.0,60967112.0,2.332,174785000.0,0.0,-6170000.0,0.0,3.069,26858000.0
87,SRCL,MRT,1999-09-30,1999-09-30,1999-09-30,2021-08-06,0.0,128728000.0,117820750.0,41230000.0,87498000.0,0.817,1.914,-4479000.0,16017000.0,16017000.0,63834000.0,10161000.0,3.162,0.151,5778000.0,1900000.0,3878000.0,5778000.0,178000.0,6686000.0,0.0,0.0,0.0,13420000.0,20106000.0,0.209,20106000.0,13420000.0,12196000.0,0.198,0.188,0.198,111812000.0,94341250.0,111812000.0,201351775.0,15.0,10.015,4871000.0,0.083,1.0,32373000.0,0.336,59524000.0,1224000.0,45927000.0,46287500.0,1003000.0,1583000.0,1583000.0,0.0,16916000.0,13038000.0,3878000.0,214981775.0,15242000.0,-24312000.0,47207000.0,-11443000.0,0.0,35764000.0,-29872000.0,-1081000.0,9350000.0,0.0,10161000.0,10161000.0,10161000.0,0.0,0.0,0.106,20319000.0,12054000.0,4747000.0,0.0,1.923,21.158,18.548,22435000.0,0.0,3.672,2.235,2.23,20232000.0,-24483000.0,96207000.0,96207000.0,0.0,0.086,0.108,0.29,0.139,0.0,20319000.0,1.0,58538264.0,58420876.0,60012420.0,1.647,69204000.0,0.0,2035000.0,0.0,1.185,28192000.0
88,SRCL,MRT,1999-06-30,1999-06-30,1999-06-30,2021-08-06,0.0,122797000.0,102684500.0,40257000.0,82540000.0,0.853,1.848,-4832000.0,19562000.0,19562000.0,58039000.0,8832000.0,3.696,0.142,5932000.0,1549000.0,4383000.0,5932000.0,226000.0,5876000.0,0.0,0.0,0.0,11806000.0,17682000.0,0.202,17682000.0,11806000.0,10618000.0,0.185,0.175,0.185,107523000.0,79025750.0,107523000.0,184389630.0,16.0,10.428,1933000.0,0.033,1.0,29511000.0,0.337,55438000.0,1188000.0,42838000.0,41249000.0,886000.0,76000.0,76000.0,0.0,15274000.0,10891000.0,4383000.0,197296630.0,16204000.0,-25899000.0,47419000.0,-7668000.0,0.0,39751000.0,-30312000.0,419000.0,6765000.0,0.0,8832000.0,8832000.0,8832000.0,0.0,0.0,0.101,18841000.0,10670000.0,3257000.0,0.0,1.835,22.339,18.324,23115000.0,0.0,3.39,2.254,2.253,17205000.0,-27365000.0,87550000.0,87550000.0,0.0,0.086,0.112,0.286,0.135,0.0,18841000.0,1.0,58199596.0,58184804.0,59514736.0,1.505,67359000.0,0.0,1786000.0,0.0,1.158,29366000.0
89,SRCL,MRT,1999-03-31,1999-03-31,1999-03-31,2021-08-06,0.0,122003000.0,87619750.0,40370000.0,81633000.0,0.882,1.997,-4423000.0,19805000.0,19805000.0,51891000.0,7360000.0,2.991,0.169,6898000.0,2771000.0,4127000.0,6898000.0,1363000.0,4917000.0,0.0,0.0,0.0,9596000.0,14513000.0,0.188,14513000.0,9596000.0,8518000.0,0.165,0.158,0.165,104379000.0,64063250.0,104379000.0,222557357.0,23.0,15.335,1041000.0,0.02,1.0,25403000.0,0.329,54889000.0,1078000.0,40710000.0,36401000.0,999000.0,536000.0,536000.0,0.0,17624000.0,13497000.0,4127000.0,194881357.0,16891000.0,-24504000.0,47626000.0,-7231000.0,0.0,40395000.0,-28968000.0,-41000.0,5464000.0,0.0,7360000.0,7360000.0,7360000.0,0.0,0.0,0.095,16923000.0,8480000.0,2928000.0,0.0,1.867,26.478,20.364,23006000.0,0.0,3.36,2.521,2.272,16104000.0,-29925000.0,77294000.0,77294000.0,0.0,0.084,0.115,0.264,0.124,0.0,16923000.0,1.0,58000404.0,52275724.0,54138120.0,1.479,67114000.0,0.0,1158000.0,0.0,1.284,26873000.0
90,SRCL,MRT,1998-12-31,1998-12-31,1998-12-31,2021-08-06,0.0,97755000.0,72368250.0,21810000.0,75945000.0,0.921,1.26,-3937000.0,1283000.0,1283000.0,45328000.0,5713000.0,1.056,0.822,28959000.0,5499000.0,23460000.0,28959000.0,2178000.0,4064000.0,0.0,0.0,0.0,7138000.0,11202000.0,0.168,11202000.0,7138000.0,6361000.0,0.135,0.128,0.135,53651000.0,49429000.0,53651000.0,184017709.0,26.0,16.427,925000.0,0.022,1.0,21353000.0,0.32,49112000.0,777000.0,55675000.0,32112500.0,1291000.0,536000.0,536000.0,0.0,44104000.0,20644000.0,23460000.0,175265709.0,-4091000.0,-19775000.0,344000.0,14456000.0,0.0,14800000.0,-23753000.0,-41000.0,4862000.0,0.0,5713000.0,5713000.0,5713000.0,0.0,0.0,0.086,14929000.0,6424000.0,6502000.0,0.0,3.267,30.678,29.87,23100000.0,0.0,4.032,2.628,2.576,16582000.0,-32352000.0,66681000.0,66681000.0,0.0,0.079,0.116,0.222,0.107,0.0,14929000.0,1.0,43463288.0,42588344.0,45054112.0,1.566,48643000.0,0.0,648000.0,0.0,1.142,1166000.0
91,SRCL,MRT,1998-09-30,1998-09-30,1998-09-30,2021-08-06,0.0,68183000.0,63246000.0,17664000.0,50519000.0,0.908,1.182,-1936000.0,775000.0,775000.0,39488000.0,4040000.0,1.23,0.349,9527000.0,6281000.0,3246000.0,9527000.0,663000.0,3283000.0,0.0,0.0,0.0,5283000.0,8566000.0,0.149,8566000.0,5283000.0,4949000.0,0.095,0.09,0.095,50550000.0,47272750.0,50550000.0,214204734.0,41.0,25.006,-1226000.0,-0.029,1.0,17962000.0,0.313,36796000.0,334000.0,25773000.0,23365750.0,1037000.0,2335000.0,2335000.0,0.0,17633000.0,14366000.0,3267000.0,211685734.0,-7206000.0,-6978000.0,315000.0,687000.0,0.0,998000.0,-8914000.0,0.0,710000.0,0.0,4040000.0,4040000.0,4040000.0,0.0,0.0,0.07,13097000.0,4865000.0,1986000.0,0.0,4.188,52.397,51.974,12043000.0,0.0,4.938,3.685,3.677,10902000.0,-34640000.0,57450000.0,57450000.0,0.0,0.064,0.085,0.226,0.092,0.0,13097000.0,1.0,42873060.0,42778732.0,45458096.0,1.343,31387000.0,0.0,909000.0,0.0,0.734,3298000.0
92,SRCL,MRT,1998-06-30,1998-06-30,1998-06-30,2021-08-06,0.0,62538000.0,,19000000.0,43538000.0,,1.131,-1517000.0,3358000.0,3358000.0,37632000.0,3016000.0,1.721,0.312,5877000.0,2476000.0,3401000.0,5877000.0,250000.0,3385000.0,0.0,0.0,0.0,3770000.0,7155000.0,0.134,7155000.0,3770000.0,3433000.0,0.07,0.068,0.07,47673000.0,,47673000.0,155857746.0,41.0,21.783,-344000.0,-0.008,1.0,15736000.0,0.295,30574000.0,337000.0,23446000.0,,802000.0,2335000.0,2335000.0,0.0,14865000.0,11037000.0,3828000.0,152523746.0,-5427000.0,-2132000.0,120000.0,-3067000.0,0.0,-2951000.0,-3649000.0,0.0,1173000.0,0.0,3016000.0,3016000.0,3016000.0,0.0,0.0,0.057,12426000.0,3310000.0,2125000.0,0.0,3.199,50.572,51.786,11221000.0,0.0,3.625,2.858,2.864,11513000.0,-36193000.0,53368000.0,53368000.0,0.0,,,,0.071,0.0,12426000.0,1.0,42075516.0,42159224.0,44707108.0,1.266,31964000.0,0.0,417000.0,0.0,0.758,7963000.0
93,SRCL,MRT,1998-03-31,1998-03-31,1998-03-31,2021-08-06,0.0,60997000.0,,18453000.0,42544000.0,,1.094,-1569000.0,2914000.0,2914000.0,35496000.0,2108000.0,1.659,0.331,6248000.0,2657000.0,3591000.0,6248000.0,618000.0,3251000.0,0.0,0.0,0.0,2702000.0,5953000.0,0.12,5953000.0,2702000.0,2335000.0,0.05,0.048,0.05,45842000.0,,45842000.0,157124922.0,58.0,26.394,-2343000.0,-0.056,1.0,14046000.0,0.284,29650000.0,367000.0,23556000.0,,668000.0,2335000.0,2335000.0,0.0,15155000.0,11125000.0,4030000.0,155971922.0,-13216000.0,-6222000.0,90000.0,-3402000.0,0.0,-3316000.0,-9126000.0,-1335000.0,-774000.0,0.0,2108000.0,2108000.0,2108000.0,0.0,0.0,0.043,11794000.0,2252000.0,1536000.0,0.0,3.402,73.99,74.4,11188000.0,0.0,3.72,3.148,3.148,11545000.0,-37286000.0,49542000.0,49542000.0,0.0,,,,0.055,0.0,11794000.0,1.0,41927936.0,41921596.0,44638560.0,1.182,31347000.0,0.0,227000.0,0.0,0.748,7328000.0
94,SRCL,MRT,1997-12-31,1997-12-31,1997-12-31,2021-08-06,0.0,61266000.0,58210500.0,17152000.0,44114000.0,0.793,1.099,-1235000.0,5374000.0,5374000.0,34109000.0,1430000.0,1.398,0.36,6527000.0,3052000.0,3475000.0,6527000.0,255000.0,3078000.0,0.0,0.0,0.0,2004000.0,5082000.0,0.11,5082000.0,2004000.0,1576000.0,0.035,0.033,0.035,45026000.0,42520000.0,45026000.0,,,,-1335000.0,-0.033,1.0,12057000.0,0.261,29458000.0,428000.0,20688000.0,21850500.0,660000.0,0.0,0.0,0.0,16200000.0,12273000.0,3927000.0,153351426.0,-6576000.0,-5552000.0,57000.0,-3210000.0,0.0,-3153000.0,-3323000.0,3464000.0,-100000.0,0.0,1430000.0,1430000.0,1430000.0,0.0,0.0,0.031,10671000.0,1386000.0,1927000.0,0.0,3.406,107.239,104.5,11241000.0,0.0,3.658,3.322,3.245,10286000.0,-38061000.0,46166000.0,46166000.0,0.0,0.025,0.034,0.092,0.043,0.0,10671000.0,1.0,41927936.0,40959984.0,43064464.0,1.127,31808000.0,0.0,146000.0,0.0,0.777,4879000.0
95,SRCL,MRT,1997-09-30,1997-09-30,1997-09-30,2021-08-06,,,,,,,,,,,,,,,,,,,,,,0.0,0.0,,,,,,,,,,,,,,,,,,1.0,,,,,,,,,,,,,,,,,,,,,,,,,,,,,,,,,,,,,,,,2.375,,,,,,,,,,,,,,1.0,,41440876.0,,,,,,,,
96,SRCL,MRT,1997-06-30,1997-06-30,1997-06-30,2021-08-06,,,,,,,,,,,,,,,,,,,,,,0.0,0.0,,,,,,,,,,,,,,,,,,1.0,,,,,,,,,,,,,,,,,,,,,,,,,,,,,,,,,,,,,,,,2.0,,,,,,,,,,,,,,1.0,,40568224.0,,,,,,,,
97,SRCL,MRT,1997-03-31,1997-03-31,1997-03-31,2021-08-06,,,,,,,,,,,,,,,,,,,,,,0.0,0.0,,,,,,,,,,,,,,,,,,1.0,,,,,,,,,,,,,,,,,,,,,,,,,,,,,,,,,,,,,,,,2.0,,,,,,,,,,,,,,1.0,,40004652.0,,,,,,,,
98,SRCL,MRT,1996-12-31,1996-12-31,1996-12-31,2021-08-06,0.0,55155000.0,,23781000.0,31374000.0,,,-995000.0,11950000.0,11950000.0,19423000.0,-2389000.0,2.595,0.378,7806000.0,3215000.0,4591000.0,7806000.0,670000.0,2064000.0,0.0,0.0,0.0,-2016000.0,48000.0,0.002,48000.0,-2016000.0,-2389000.0,-0.08,-0.08,-0.08,40014000.0,,40014000.0,,,,-938000.0,,1.0,5119000.0,0.209,18834000.0,373000.0,23013000.0,,360000.0,5799000.0,5799000.0,0.0,15141000.0,9164000.0,5977000.0,,11812000.0,-6516000.0,28535000.0,-3530000.0,0.0,25065000.0,-13310000.0,-5799000.0,57000.0,0.0,-2389000.0,-2389000.0,-2389000.0,0.0,0.0,-0.097,7556000.0,-2437000.0,1510000.0,0.0,,,-35.938,12007000.0,0.0,2.875,,,4756000.0,-39491000.0,24542000.0,24542000.0,0.0,,,,-0.082,0.0,7556000.0,1.0,,,,,36321000.0,0.0,0.0,0.0,,14617000.0
99,SRCL,MRT,1995-12-31,1995-12-31,1995-12-31,2021-08-06,,,,,,,,-726000.0,,,17478000.0,-4544000.0,,,,,,,,1916000.0,,,0.0,-4267000.0,-2351000.0,-0.11,-2351000.0,-4267000.0,-4544000.0,-0.203,-0.203,-0.203,,,,,,,-1597000.0,,1.0,3861000.0,0.181,,277000.0,,,,,,,,,,,-1068000.0,333000.0,18000.0,205000.0,0.0,196000.0,-393000.0,0.0,-871000.0,0.0,-4544000.0,-4544000.0,-4544000.0,0.0,0.0,-0.213,8137000.0,-4276000.0,,0.0,,,,,0.0,,,,,,21339000.0,21339000.0,0.0,,,,-0.2,0.0,8137000.0,1.0,,,,,,,0.0,,,
