None,ticker,dimension,calendardate,datekey,reportperiod,lastupdated,accoci,assets,assetsavg,assetsc,assetsnc,assetturnover,bvps,capex,cashneq,cashnequsd,cor,consolinc,currentratio,de,debt,debtc,debtnc,debtusd,deferredrev,depamor,deposits,divyield,dps,ebit,ebitda,ebitdamargin,ebitdausd,ebitusd,ebt,eps,epsdil,epsusd,equity,equityavg,equityusd,ev,evebit,evebitda,fcf,fcfps,fxusd,gp,grossmargin,intangibles,intexp,invcap,invcapavg,inventory,investments,investmentsc,investmentsnc,liabilities,liabilitiesc,liabilitiesnc,marketcap,ncf,ncfbus,ncfcommon,ncfdebt,ncfdiv,ncff,ncfi,ncfinv,ncfo,ncfx,netinc,netinccmn,netinccmnusd,netincdis,netincnci,netmargin,opex,opinc,payables,payoutratio,pb,pe,pe1,ppnenet,prefdivis,price,ps,ps1,receivables,retearn,revenue,revenueusd,rnd,roa,roe,roic,ros,sbcomp,sgna,sharefactor,sharesbas,shareswa,shareswadil,sps,tangibles,taxassets,taxexp,taxliabilities,tbvps,workingcapital
0,IEX,MRY,2020-12-31,2020-12-31,2020-12-31,2021-07-28,-13525000.0,4414398000.0,4164315500.0,1657231000.0,2757167000.0,0.565,33.538,-49258000.0,1025851000.0,1025851000.0,1324222000.0,377778000.0,4.153,0.738,1044442000.0,88000.0,1044354000.0,1044442000.0,0.0,83495000.0,0.0,0.01,2.0,515086000.0,598581000.0,0.255,598581000.0,515086000.0,470340000.0,4.98,4.94,4.98,2540203000.0,2356889000.0,2540203000.0,15247096173.0,30.0,25.472,520015000.0,6.866,1.0,1027424000.0,0.437,2311137000.0,44746000.0,1722794000.0,1719729500.0,289910000.0,0.0,0.0,0.0,1874072000.0,399058000.0,1475014000.0,15080592173.0,393270000.0,-123013000.0,-65755000.0,187199000.0,-151838000.0,-42602000.0,-172577000.0,0.0,569273000.0,39176000.0,377778000.0,377778000.0,377778000.0,0.0,0.0,0.161,506711000.0,520713000.0,151993000.0,0.402,5.937,39.919,40.0,298273000.0,0.0,199.2,6.413,6.416,293146000.0,2841546000.0,2351646000.0,2351646000.0,0.0,0.091,0.16,0.3,0.219,19375000.0,494935000.0,1.0,75705784.0,75741000,76400000.0,31.049,2103261000.0,0.0,92562000.0,163863000.0,27.769,1258173000.0
1,IEX,MRY,2019-12-31,2019-12-31,2019-12-31,2021-07-28,-127345000.0,3813912000.0,3679870500.0,1261445000.0,2552467000.0,0.678,29.939,-49950000.0,632581000.0,632581000.0,1369539000.0,425521000.0,3.525,0.685,849252000.0,388000.0,848864000.0,849252000.0,0.0,76876000.0,0.0,0.011,1.93,577244000.0,654120000.0,0.262,654120000.0,577244000.0,532903000.0,5.62,5.56,5.62,2263229000.0,2148388750.0,2263229000.0,13415457124.0,23.0,20.509,478112000.0,6.325,1.0,1125034000.0,0.451,2167776000.0,44341000.0,1504930000.0,1518753250.0,293467000.0,0.0,0.0,0.0,1550683000.0,357877000.0,1192806000.0,13082297124.0,166174000.0,-87180000.0,-15859000.0,-50057000.0,-147208000.0,-227585000.0,-137015000.0,0.0,528062000.0,2712000.0,425521000.0,425521000.0,425521000.0,0.0,0.0,0.171,546031000.0,579003000.0,138463000.0,0.343,5.78,30.744,30.605,280316000.0,0.0,172.0,5.244,5.212,298186000.0,2615131000.0,2494573000.0,2494573000.0,0.0,0.116,0.198,0.38,0.231,27669000.0,524987000.0,1.0,76059867.0,75594000,76454000.0,33.0,1646136000.0,0.0,107382000.0,146574000.0,21.776,903568000.0
2,IEX,MRY,2018-12-31,2018-12-31,2018-12-31,2021-07-28,-129225000.0,3473857000.0,3499395250.0,1092532000.0,2381325000.0,0.71,26.104,-59726000.0,466407000.0,466407000.0,1365771000.0,410573000.0,2.996,0.742,848818000.0,483000.0,848335000.0,848818000.0,0.0,77544000.0,0.0,0.013,1.66,573073000.0,650617000.0,0.262,650617000.0,573073000.0,528939000.0,5.36,5.29,5.36,1994640000.0,2015312500.0,1994640000.0,10042383868.0,18.0,15.435,419619000.0,5.492,1.0,1117895000.0,0.45,2081282000.0,44134000.0,1410325000.0,1449160750.0,279995000.0,0.0,0.0,0.0,1479217000.0,364661000.0,1114556000.0,9685368868.0,90457000.0,-20205000.0,-146287000.0,-11284000.0,-127478000.0,-290011000.0,-81431000.0,0.0,479345000.0,-17446000.0,410573000.0,410573000.0,410573000.0,0.0,0.0,0.165,548807000.0,569088000.0,143196000.0,0.31,4.856,23.59,23.556,281220000.0,0.0,126.26,3.9,3.884,312192000.0,2342079000.0,2483666000.0,2483666000.0,0.0,0.117,0.204,0.395,0.231,24754000.0,536724000.0,1.0,76709717.0,76412000,77563000.0,32.504,1392575000.0,0.0,118366000.0,128007000.0,18.225,727871000.0
3,IEX,MRY,2017-12-31,2017-12-31,2017-12-31,2021-07-28,-89507000.0,3399628000.0,3276334750.0,1004043000.0,2395585000.0,0.698,24.747,-37847000.0,375950000.0,375950000.0,1260634000.0,337257000.0,2.781,0.802,859046000.0,258000.0,858788000.0,859046000.0,0.0,84216000.0,0.0,0.011,1.45,500162000.0,584378000.0,0.255,584378000.0,500162000.0,455273000.0,4.41,4.36,4.41,1886542000.0,1766292500.0,1886542000.0,10654660485.0,21.0,18.232,394906000.0,5.18,1.0,1026678000.0,0.449,2118904000.0,44889000.0,1402845000.0,1473825250.0,259724000.0,0.0,0.0,0.0,1513086000.0,360975000.0,1152111000.0,10082751485.0,139986000.0,-16366000.0,-6139000.0,-167618000.0,-111172000.0,-277421000.0,-54746000.0,0.0,432753000.0,39400000.0,337257000.0,337257000.0,337257000.0,0.0,0.0,0.147,524122000.0,502556000.0,147067000.0,0.329,5.345,29.896,29.925,258350000.0,0.0,131.97,4.408,4.398,294166000.0,2057915000.0,2287312000.0,2287312000.0,0.0,0.103,0.191,0.339,0.219,24405000.0,524940000.0,1.0,76401845.0,76232000,77333000.0,30.005,1280724000.0,0.0,118016000.0,137638000.0,16.8,643068000.0
4,IEX,MRY,2016-12-31,2016-12-31,2016-12-31,2021-07-28,-201653000.0,3154944000.0,3167265500.0,822721000.0,2332223000.0,0.667,20.367,-38193000.0,235964000.0,235964000.0,1182276000.0,271109000.0,2.661,1.043,1015281000.0,1046000.0,1014235000.0,1015281000.0,0.0,86892000.0,0.0,0.015,1.34,414128000.0,501020000.0,0.237,501020000.0,414128000.0,368512000.0,3.57,3.53,3.57,1543894000.0,1522119250.0,1543894000.0,7727751585.0,19.0,15.424,361724000.0,4.772,1.0,930767000.0,0.44,2068096000.0,45616000.0,1557007000.0,1644165750.0,252859000.0,0.0,0.0,0.0,1611050000.0,309158000.0,1301892000.0,6866376585.0,-92054000.0,-470937000.0,-27032000.0,181158000.0,-102650000.0,46548000.0,-509199000.0,0.0,399917000.0,-29320000.0,271109000.0,271109000.0,271109000.0,0.0,0.0,0.128,518370000.0,412397000.0,128933000.0,0.375,4.447,25.327,25.227,247816000.0,0.0,90.06,3.25,3.231,272813000.0,1834739000.0,2113043000.0,2113043000.0,0.0,0.086,0.178,0.252,0.196,20326000.0,492398000.0,1.0,76242245.0,75803000,76758000.0,27.875,1086848000.0,0.0,97403000.0,166427000.0,14.338,513563000.0
5,IEX,MRY,2015-12-31,2015-12-31,2015-12-31,2021-07-28,-146498000.0,2805443000.0,2862079250.0,862684000.0,1942759000.0,0.706,18.713,-42882000.0,328018000.0,328018000.0,1116353000.0,282807000.0,2.786,0.944,840794000.0,1087000.0,839707000.0,840794000.0,0.0,78120000.0,0.0,0.016,1.24,433981000.0,512101000.0,0.253,512101000.0,433981000.0,392345000.0,3.65,3.62,3.65,1443291000.0,1444421000.0,1443291000.0,6408859482.0,15.0,12.515,317439000.0,4.116,1.0,904315000.0,0.448,1684366000.0,41636000.0,1324256000.0,1383947750.0,239124000.0,0.0,0.0,0.0,1362152000.0,309597000.0,1052555000.0,5862090482.0,-181119000.0,-167336000.0,-191605000.0,-9757000.0,-96172000.0,-295528000.0,-210491000.0,0.0,360321000.0,-35421000.0,282807000.0,282807000.0,282807000.0,0.0,0.0,0.14,467325000.0,436990000.0,128911000.0,0.34,4.062,20.728,20.989,240945000.0,0.0,76.61,2.901,2.924,260000000.0,1666680000.0,2020668000.0,2020668000.0,0.0,0.099,0.196,0.314,0.215,14783000.0,474156000.0,1.0,76518607.0,77126000,77972000.0,26.2,1121077000.0,0.0,109538000.0,110483000.0,14.536,553087000.0
6,IEX,MRY,2014-12-31,2014-12-31,2014-12-31,2021-07-28,-92278000.0,2903463000.0,2946398500.0,1075791000.0,1827672000.0,0.729,18.647,-46537000.0,509137000.0,509137000.0,1198452000.0,279386000.0,2.611,0.953,859345000.0,98946000.0,760399000.0,859345000.0,0.0,76907000.0,0.0,0.014,1.07,434335000.0,511242000.0,0.238,511242000.0,434335000.0,392440000.0,3.48,3.45,3.48,1486451000.0,1580059000.0,1486451000.0,6516580638.0,15.0,12.747,321424000.0,4.032,1.0,949315000.0,0.442,1592441000.0,41895000.0,1249262000.0,1262465500.0,237631000.0,0.0,0.0,0.0,1417012000.0,411968000.0,1005044000.0,6180223638.0,69508000.0,-25443000.0,-202732000.0,103063000.0,-85726000.0,-184072000.0,-72260000.0,0.0,367961000.0,-42121000.0,279386000.0,279386000.0,279386000.0,0.0,0.0,0.13,518091000.0,431224000.0,127462000.0,0.307,4.158,22.121,22.368,219543000.0,0.0,77.84,2.878,2.889,256040000.0,1483821000.0,2147767000.0,2147767000.0,0.0,0.095,0.177,0.344,0.202,14442000.0,504419000.0,1.0,79396501.0,79715000,80728000.0,26.943,1311022000.0,0.0,113054000.0,130368000.0,16.446,663823000.0
7,IEX,MRY,2013-12-31,2013-12-31,2013-12-31,2021-07-28,-3305000.0,2887577000.0,2846802500.0,990953000.0,1896624000.0,0.711,19.296,-30969000.0,439629000.0,439629000.0,1150766000.0,255215000.0,3.253,0.836,773876000.0,1871000.0,772005000.0,773876000.0,0.0,79334000.0,0.0,0.012,0.89,395335000.0,474669000.0,0.235,474669000.0,395335000.0,353129000.0,3.11,3.09,3.11,1572989000.0,1512163000.0,1572989000.0,6375290672.0,16.0,13.431,370553000.0,4.546,1.0,873364000.0,0.431,1660683000.0,42206000.0,1256532000.0,1296428500.0,230967000.0,0.0,0.0,0.0,1314588000.0,304609000.0,1009979000.0,5990673672.0,120765000.0,-36849000.0,-132197000.0,-16377000.0,-72905000.0,-219045000.0,-68162000.0,0.0,401522000.0,6450000.0,255215000.0,255215000.0,255215000.0,0.0,0.0,0.126,477851000.0,395513000.0,133312000.0,0.286,3.808,23.473,23.746,213488000.0,0.0,73.85,2.96,2.974,253226000.0,1293740000.0,2024130000.0,2024130000.0,0.0,0.09,0.169,0.305,0.195,8433000.0,477851000.0,1.0,81119481.0,81517000,82489000.0,24.831,1226894000.0,0.0,97914000.0,144908000.0,15.051,686344000.0
8,IEX,MRY,2012-12-31,2012-12-31,2012-12-31,2021-07-28,-43403000.0,2785390000.0,2869688250.0,881865000.0,1903525000.0,0.681,17.717,-35807000.0,318864000.0,318864000.0,1150558000.0,37630000.0,3.026,0.901,786576000.0,7335000.0,779241000.0,786576000.0,0.0,78312000.0,0.0,0.017,0.77,128454000.0,206766000.0,0.106,206766000.0,128454000.0,86204000.0,0.45,0.45,0.45,1464998000.0,1563414750.0,1464998000.0,4373506536.0,34.0,21.152,290373000.0,3.512,1.0,803700000.0,0.411,1663099000.0,42250000.0,1298576000.0,1318323000.0,234950000.0,0.0,0.0,0.0,1320392000.0,291427000.0,1028965000.0,3846089536.0,88605000.0,-68930000.0,-43792000.0,-29346000.0,-64087000.0,-136485000.0,-105266000.0,0.0,326180000.0,4176000.0,37630000.0,37630000.0,37630000.0,0.0,0.0,0.019,675482000.0,128218000.0,117341000.0,1.711,2.625,102.208,103.4,219161000.0,0.0,46.53,1.968,1.969,256095000.0,1113541000.0,1954258000.0,1954258000.0,0.0,0.013,0.024,0.097,0.066,8628000.0,444490000.0,1.0,82658275.0,82689000,83641000.0,23.634,1122291000.0,0.0,48574000.0,121349000.0,13.572,590438000.0
9,IEX,MRY,2011-12-31,2011-12-31,2011-12-31,2021-07-28,-55469000.0,2836107000.0,2779645750.0,789161000.0,2046946000.0,0.661,18.42,-22524000.0,230259000.0,230259000.0,1099778000.0,193857000.0,3.055,0.874,808810000.0,2444000.0,806366000.0,808810000.0,0.0,72386000.0,0.0,0.018,0.66,303213000.0,375599000.0,0.204,375599000.0,303213000.0,273881000.0,2.34,2.32,2.34,1513135000.0,1500798000.0,1513135000.0,3694559661.0,12.0,9.836,194717000.0,2.37,1.0,738673000.0,0.402,1813588000.0,29332000.0,1342792000.0,1227679500.0,254258000.0,0.0,0.0,0.0,1322972000.0,258278000.0,1064694000.0,3096421661.0,-4877000.0,-443634000.0,33064000.0,273781000.0,-54613000.0,253412000.0,-469537000.0,0.0,217241000.0,-5993000.0,193857000.0,193857000.0,193857000.0,0.0,0.0,0.105,434017000.0,304656000.0,110977000.0,0.282,2.046,15.973,15.859,213717000.0,0.0,37.11,1.684,1.658,252845000.0,1142412000.0,1838451000.0,1838451000.0,0.0,0.07,0.129,0.247,0.165,6778000.0,421703000.0,1.0,83439010.0,82145000,83543000.0,22.381,1022519000.0,0.0,80024000.0,142482000.0,12.448,530883000.0
10,IEX,MRY,2010-12-31,2010-12-31,2010-12-31,2021-07-28,-12709000.0,2381695000.0,2260055500.0,692758000.0,1688937000.0,0.669,17.096,-31020000.0,235136000.0,235136000.0,894590000.0,157100000.0,1.959,0.731,527895000.0,119445000.0,408450000.0,527895000.0,0.0,58108000.0,0.0,0.015,0.57,248024000.0,306132000.0,0.202,306132000.0,248024000.0,231874000.0,1.93,1.9,1.93,1375660000.0,1318649250.0,1375660000.0,3488935173.0,14.0,11.397,153457000.0,1.907,1.0,618483000.0,0.409,1488393000.0,16150000.0,832393000.0,831755250.0,196546000.0,0.0,0.0,0.0,1006035000.0,353668000.0,652367000.0,3203360173.0,161610000.0,-91286000.0,18057000.0,122423000.0,-46334000.0,95521000.0,-122306000.0,0.0,184477000.0,3918000.0,157100000.0,157100000.0,157100000.0,0.0,0.0,0.104,369367000.0,249116000.0,104055000.0,0.295,2.329,20.391,20.269,188562000.0,0.0,39.12,2.117,2.08,213553000.0,1005040000.0,1513073000.0,1513073000.0,0.0,0.07,0.119,0.298,0.164,13901000.0,358272000.0,1.0,81885485.0,80466000,81983000.0,18.804,893302000.0,0.0,74774000.0,148534000.0,11.102,339090000.0
11,IEX,MRY,2009-12-31,2009-12-31,2009-12-31,2021-07-28,25428000.0,2098157000.0,2115128500.0,451712000.0,1646445000.0,0.629,15.908,-21477000.0,73526000.0,73526000.0,807275000.0,113391000.0,2.381,0.655,400100000.0,8346000.0,391754000.0,400100000.0,0.0,56346000.0,0.0,0.015,0.48,186005000.0,242351000.0,0.182,242351000.0,186005000.0,168827000.0,1.41,1.4,1.41,1268104000.0,1214677000.0,1268104000.0,2890477592.0,16.0,11.927,191055000.0,2.397,1.0,522386000.0,0.393,1461799000.0,17178000.0,773250000.0,863710250.0,159463000.0,0.0,0.0,0.0,830053000.0,189682000.0,640371000.0,2517767592.0,12173000.0,0.0,7694000.0,-155490000.0,-38637000.0,-184984000.0,-19617000.0,0.0,212532000.0,4242000.0,113391000.0,113391000.0,113391000.0,0.0,0.0,0.085,337532000.0,184854000.0,73020000.0,0.34,1.985,22.204,22.092,178283000.0,0.0,31.15,1.894,1.868,183178000.0,896977000.0,1329661000.0,1329661000.0,0.0,0.054,0.093,0.215,0.14,12948000.0,325453000.0,1.0,80827210.0,79716000,80727000.0,16.68,636358000.0,0.0,55436000.0,148806000.0,7.983,262030000.0
12,IEX,MRY,2008-12-31,2008-12-31,2008-12-31,2021-07-28,-92000.0,2151800000.0,2115753250.0,480688000.0,1671112000.0,0.704,14.112,-27837000.0,61353000.0,61353000.0,892038000.0,127026000.0,2.186,0.88,554000000.0,5856000.0,548144000.0,554000000.0,0.0,48599000.0,0.0,0.02,0.48,211079000.0,259678000.0,0.174,259678000.0,211079000.0,192227000.0,1.55,1.53,1.55,1144783000.0,1225845250.0,1144783000.0,2234337413.0,11.0,8.604,195223000.0,2.407,1.0,597433000.0,0.401,1470289000.0,18852000.0,954289000.0,887445750.0,181200000.0,0.0,0.0,0.0,1007017000.0,219869000.0,787148000.0,1995817413.0,-41404000.0,-392825000.0,-39579000.0,100502000.0,-39398000.0,22679000.0,-280657000.0,0.0,223060000.0,-6486000.0,127026000.0,127026000.0,127026000.0,0.0,0.0,0.085,391477000.0,205956000.0,87304000.0,0.31,1.743,15.712,15.581,186283000.0,0.0,24.15,1.34,1.315,205269000.0,822286000.0,1489471000.0,1489471000.0,0.0,0.06,0.104,0.238,0.142,11880000.0,343392000.0,1.0,82642543.0,81123000,82320000.0,18.361,681511000.0,0.0,65201000.0,141984000.0,8.401,260819000.0
13,IEX,MRY,2007-12-31,2007-12-31,2007-12-31,2021-07-28,66380000.0,1989594000.0,1815056500.0,637138000.0,1352456000.0,0.749,14.414,-24210000.0,242762000.0,242762000.0,792470000.0,153700000.0,3.202,0.711,454731000.0,5830000.0,448901000.0,454731000.0,0.0,38038000.0,0.0,0.013,0.46,255510000.0,293548000.0,0.216,293548000.0,255510000.0,232157000.0,1.89,1.87,1.89,1162723000.0,1094044250.0,1162723000.0,3173355279.0,12.0,10.81,173915000.0,2.156,1.0,566161000.0,0.417,1168785000.0,23353000.0,833825000.0,627514250.0,177435000.0,0.0,0.0,0.0,826871000.0,198953000.0,627918000.0,2944321279.0,24814000.0,-85881000.0,13996000.0,89656000.0,-37267000.0,71737000.0,-248596000.0,0.0,198125000.0,3548000.0,153700000.0,153700000.0,153700000.0,719000.0,0.0,0.113,313366000.0,252795000.0,84209000.0,0.243,2.532,19.156,19.116,172999000.0,0.0,36.13,2.167,2.145,193326000.0,753519000.0,1358631000.0,1358631000.0,0.0,0.085,0.14,0.407,0.188,7180000.0,313366000.0,1.0,81492424.0,80666000,82086000.0,16.843,820809000.0,0.0,78457000.0,124472000.0,10.175,438185000.0
14,IEX,MRY,2006-12-31,2006-12-31,2006-12-31,2021-07-28,25986000.0,1670821000.0,1442661500.0,417908000.0,1252913000.0,0.801,12.314,-17437000.0,77941000.0,77941000.0,677533000.0,146671000.0,2.232,0.706,361980000.0,8210000.0,353770000.0,361980000.0,0.0,29956000.0,0.0,0.012,0.38,231195000.0,261151000.0,0.226,261151000.0,231195000.0,214842000.0,1.84,1.81,1.84,979272000.0,928910250.0,979272000.0,2631391750.0,11.0,10.076,142580000.0,1.793,1.0,477407000.0,0.413,1083963000.0,16353000.0,683645000.0,545691000.0,160687000.0,0.0,0.0,0.0,691549000.0,187252000.0,504297000.0,2542474750.0,653000.0,-329265000.0,17214000.0,193519000.0,-30393000.0,184768000.0,-348176000.0,0.0,160017000.0,4044000.0,146671000.0,146671000.0,146671000.0,-12949000.0,0.0,0.127,260201000.0,217206000.0,75444000.0,0.207,2.596,17.335,17.178,165949000.0,0.0,31.607,2.201,2.176,166485000.0,638579000.0,1154940000.0,1154940000.0,0.0,0.102,0.158,0.424,0.2,4906000.0,260201000.0,1.0,80441091.0,79527000,80976000.0,14.523,586858000.0,0.0,68171000.0,100316000.0,7.379,230656000.0
15,IEX,MRY,2005-12-31,2005-12-31,2005-12-31,2021-07-28,19276000.0,1244180000.0,1210594000.0,350971000.0,893209000.0,0.835,10.676,-22446000.0,77201000.0,77201000.0,597286000.0,109803000.0,2.289,0.512,160043000.0,3144000.0,156899000.0,160043000.0,0.0,26254000.0,0.0,0.012,0.32,182817000.0,209071000.0,0.207,209071000.0,182817000.0,168447000.0,1.42,1.39,1.42,823010000.0,772186000.0,823010000.0,2277920970.0,12.0,10.895,122442000.0,1.588,1.0,413967000.0,0.409,720014000.0,14370000.0,453712000.0,481903250.0,123281000.0,0.0,0.0,0.0,421170000.0,153296000.0,267874000.0,2150802970.0,70016000.0,-1191000.0,37503000.0,-61776000.0,-24689000.0,-50849000.0,-24099000.0,0.0,144888000.0,76000.0,109803000.0,109803000.0,109803000.0,-1228000.0,0.0,0.109,232935000.0,181032000.0,66859000.0,0.225,2.613,19.588,19.3,142485000.0,0.0,27.407,2.127,2.089,129428000.0,524035000.0,1011253000.0,1011253000.0,0.0,0.091,0.142,0.379,0.181,2837000.0,232935000.0,1.0,78477364.0,77088000,79080000.0,13.118,524166000.0,0.0,58644000.0,64650000.0,6.8,197675000.0
16,IEX,MRY,2004-12-31,2004-12-31,2004-12-31,2021-07-28,48402000.0,1186292000.0,1130625500.0,261238000.0,925054000.0,0.797,9.501,-20835000.0,7274000.0,7274000.0,537682000.0,86406000.0,1.762,0.662,225317000.0,0.0,225317000.0,225317000.0,0.0,27557000.0,0.0,0.011,0.284,148681000.0,176238000.0,0.196,176238000.0,148681000.0,133917000.0,1.153,1.12,1.153,713605000.0,656048000.0,713605000.0,2308462282.0,16.0,13.099,122229000.0,1.627,1.0,363390000.0,0.403,743164000.0,14764000.0,512916000.0,522696500.0,126978000.0,0.0,0.0,0.0,472687000.0,148255000.0,324432000.0,2050570282.0,-1278000.0,-170983000.0,22848000.0,47695000.0,-21415000.0,47980000.0,-191502000.0,0.0,143064000.0,-820000.0,86406000.0,86406000.0,86406000.0,-71000.0,0.0,0.096,214092000.0,149298000.0,71405000.0,0.246,2.874,23.732,23.417,155602000.0,0.0,27.0,2.276,2.251,119567000.0,439137000.0,901072000.0,901072000.0,0.0,0.076,0.132,0.284,0.165,2313000.0,214092000.0,1.0,75947048.0,75109500,77022000.0,11.997,443128000.0,0.0,47511000.0,0.0,5.9,112983000.0
17,IEX,MRY,2003-12-31,2003-12-31,2003-12-31,2021-07-28,23411000.0,960739000.0,954119500.0,224496000.0,736243000.0,0.836,8.09,-16882000.0,8552000.0,8552000.0,488600000.0,62352000.0,1.941,0.623,176546000.0,0.0,176546000.0,176546000.0,0.0,27576000.0,0.0,0.013,0.249,110761000.0,138337000.0,0.173,138337000.0,110761000.0,96670000.0,0.853,0.833,0.853,592102000.0,556049000.0,592102000.0,1549079628.0,14.0,11.198,95383000.0,1.303,1.0,309320000.0,0.388,578409000.0,14091000.0,434643000.0,474898750.0,105304000.0,0.0,0.0,0.0,368637000.0,115681000.0,252956000.0,1368535628.0,1600000.0,-21954000.0,13176000.0,-65119000.0,-18284000.0,-71250000.0,-38836000.0,0.0,112265000.0,-579000.0,62352000.0,62352000.0,62352000.0,0.0,0.0,0.078,199458000.0,109862000.0,56252000.0,0.292,2.311,21.949,21.67,147095000.0,0.0,18.484,1.715,1.696,101859000.0,375629000.0,797920000.0,797920000.0,0.0,0.065,0.112,0.233,0.139,3960000.0,199458000.0,1.0,74037152.0,73192500,74959500.0,10.902,382330000.0,0.0,34318000.0,0.0,5.224,108815000.0
18,IEX,MRY,2002-12-31,2002-12-31,2002-12-31,2021-07-28,-1331000.0,931050000.0,888379750.0,221260000.0,709790000.0,0.835,7.112,-15401000.0,6952000.0,6952000.0,460576000.0,54112000.0,2.042,0.837,241051000.0,0.0,241051000.0,241051000.0,0.0,27626000.0,0.0,0.017,0.249,100249000.0,127875000.0,0.172,127875000.0,100249000.0,83895000.0,0.76,0.74,0.76,506791000.0,476702500.0,506791000.0,1304889409.0,13.0,10.204,94084000.0,1.32,1.0,281438000.0,0.379,550040000.0,16354000.0,506777000.0,516928500.0,105580000.0,0.0,0.0,0.0,424259000.0,108332000.0,315927000.0,1061405409.0,1980000.0,-74928000.0,56591000.0,-54508000.0,-17721000.0,-17176000.0,-90329000.0,0.0,109485000.0,0.0,54112000.0,54112000.0,54112000.0,0.0,0.0,0.073,181066000.0,100372000.0,61153000.0,0.328,2.094,19.615,19.123,148246000.0,0.0,14.533,1.43,1.396,101494000.0,331635000.0,742014000.0,742014000.0,0.0,0.061,0.114,0.194,0.135,1899000.0,181269000.0,1.0,73032482.0,71256000,73087500.0,10.413,381010000.0,0.0,29783000.0,0.0,5.347,112928000.0
19,IEX,MRY,2001-12-31,2001-12-31,2001-12-31,2021-07-28,-12149000.0,838804000.0,862150500.0,214903000.0,623901000.0,0.843,5.899,-19831000.0,4972000.0,4972000.0,463225000.0,32710000.0,2.461,1.091,291820000.0,0.0,291820000.0,291820000.0,0.0,26354000.0,0.0,0.016,0.249,74169000.0,100523000.0,0.138,100523000.0,74169000.0,53431000.0,0.48,0.467,0.48,401112000.0,392663750.0,401112000.0,1360694456.0,18.0,13.536,86382000.0,1.27,1.0,263722000.0,0.363,467336000.0,20738000.0,570978000.0,562610250.0,104111000.0,0.0,0.0,0.0,437692000.0,87338000.0,350354000.0,1058889456.0,-3443000.0,-132295000.0,9001000.0,50967000.0,-17061000.0,42470000.0,-152126000.0,0.0,106213000.0,0.0,32710000.0,32710000.0,32710000.0,0.0,0.0,0.045,190284000.0,73438000.0,41260000.0,0.519,2.64,32.372,31.944,144146000.0,0.0,15.333,1.457,1.434,93053000.0,295489000.0,726947000.0,726947000.0,0.0,0.038,0.083,0.132,0.102,1899000.0,164893000.0,1.0,69058008.0,67999500,69855750.0,10.69,371468000.0,0.0,20721000.0,0.0,5.463,127565000.0
20,IEX,MRY,2000-12-31,2000-12-31,2000-12-31,2021-07-28,-12616000.0,758854000.0,759223250.0,232089000.0,526765000.0,0.928,5.599,-19192000.0,8415000.0,8415000.0,426324000.0,63445000.0,1.305,1.026,241886000.0,88077000.0,153809000.0,241886000.0,0.0,21873000.0,0.0,0.017,0.249,117547000.0,139420000.0,0.198,139420000.0,117547000.0,101026000.0,0.947,0.92,0.947,374502000.0,357136000.0,374502000.0,1245877885.0,11.0,8.936,71989000.0,1.076,1.0,277952000.0,0.395,388163000.0,16521000.0,426351000.0,480880000.0,113052000.0,0.0,0.0,0.0,384352000.0,177811000.0,206541000.0,997410885.0,5520000.0,-34513000.0,2816000.0,-17824000.0,-16781000.0,-31956000.0,-53705000.0,0.0,91181000.0,0.0,63445000.0,63445000.0,63445000.0,0.0,0.0,0.09,161436000.0,116516000.0,43342000.0,0.263,2.663,15.721,15.549,128283000.0,0.0,14.724,1.416,1.398,104950000.0,279907000.0,704276000.0,704276000.0,0.0,0.084,0.178,0.244,0.167,1266000.0,149639000.0,1.0,67738439.0,66883500,68922000.0,10.53,370691000.0,0.0,37581000.0,0.0,5.542,54278000.0
21,IEX,MRY,1999-12-31,1999-12-31,1999-12-31,2021-07-28,-4302000.0,738567000.0,738145250.0,213715000.0,524852000.0,0.887,4.95,-18338000.0,2895000.0,2895000.0,398557000.0,54428000.0,2.332,1.245,268589000.0,0.0,268589000.0,268589000.0,0.0,21619000.0,0.0,0.018,0.249,105245000.0,126864000.0,0.194,126864000.0,105245000.0,87225000.0,0.818,0.804,0.818,329024000.0,312015000.0,329024000.0,1198843279.0,11.0,9.45,77818000.0,1.171,1.0,256484000.0,0.392,385061000.0,18020000.0,527566000.0,555873250.0,106141000.0,0.0,0.0,0.0,409543000.0,91634000.0,317909000.0,900243279.0,174000.0,-48497000.0,2840000.0,-14676000.0,-16539000.0,-29147000.0,-66835000.0,0.0,96156000.0,0.0,54428000.0,54428000.0,54428000.0,0.0,0.0,0.083,151807000.0,104677000.0,44289000.0,0.304,2.736,16.54,16.506,129917000.0,0.0,13.502,1.374,1.37,100805000.0,233326000.0,655041000.0,655041000.0,0.0,0.074,0.174,0.189,0.161,0.0,140495000.0,1.0,66673712.0,66474000,67691250.0,9.854,353506000.0,0.0,32797000.0,0.0,5.318,122081000.0
22,IEX,MRY,1998-12-31,1998-12-31,1998-12-31,2021-07-28,-5787000.0,695811000.0,720430500.0,195900000.0,499911000.0,0.889,4.334,-20763000.0,2721000.0,2721000.0,387285000.0,62064000.0,2.441,1.433,283410000.0,0.0,283410000.0,283410000.0,0.0,32935000.0,0.0,0.022,0.24,117690000.0,150625000.0,0.235,150625000.0,117690000.0,95331000.0,0.942,0.92,0.942,286037000.0,270384250.0,286037000.0,1017263395.0,9.0,6.754,68290000.0,1.035,1.0,252846000.0,0.395,360810000.0,22359000.0,535425000.0,595478000.0,101201000.0,0.0,0.0,0.0,409774000.0,80265000.0,329509000.0,718945395.0,-9050000.0,-78393000.0,3329000.0,11781000.0,-15826000.0,1053000.0,-99156000.0,0.0,89053000.0,0.0,62064000.0,62064000.0,62064000.0,-10182000.0,0.0,0.097,143303000.0,109543000.0,39521000.0,0.255,2.513,11.584,11.559,125422000.0,0.0,10.889,1.123,1.123,86006000.0,195465000.0,640131000.0,640131000.0,0.0,0.086,0.23,0.198,0.184,0.0,132627000.0,1.0,66025598.0,65997000,67617000.0,9.699,335001000.0,0.0,33267000.0,0.0,5.076,115635000.0
23,IEX,MRY,1997-12-31,1997-12-31,1997-12-31,2021-07-28,-1530000.0,599193000.0,584469000.0,197267000.0,401926000.0,0.945,3.635,-13562000.0,11771000.0,11771000.0,329806000.0,58626000.0,2.536,1.511,258417000.0,0.0,258417000.0,258417000.0,0.0,24293000.0,0.0,0.014,0.213,108053000.0,132346000.0,0.24,132346000.0,108053000.0,89655000.0,0.893,0.867,0.893,238671000.0,217090000.0,238671000.0,,,,72653000.0,1.106,1.0,222357000.0,0.403,293803000.0,18398000.0,474235000.0,477756500.0,84240000.0,0.0,0.0,0.0,360522000.0,77801000.0,282721000.0,1020671640.0,7041000.0,-49744000.0,1016000.0,-2165000.0,-13983000.0,-15868000.0,-63306000.0,0.0,86215000.0,0.0,58626000.0,58626000.0,58626000.0,-5151000.0,0.0,0.106,118762000.0,103595000.0,34991000.0,0.239,4.276,17.41,17.36,88628000.0,0.0,15.502,1.848,1.844,80766000.0,149403000.0,552163000.0,552163000.0,0.0,0.1,0.27,0.226,0.196,0.0,110588000.0,1.0,65840344.0,65664000,67497750.0,8.409,305390000.0,0.0,31029000.0,0.0,4.651,119466000.0
24,IEX,MRY,1996-12-31,1996-12-31,1996-12-31,2021-07-28,325000.0,569745000.0,,191599000.0,378146000.0,,3.015,-11634000.0,4730000.0,4730000.0,287625000.0,50198000.0,2.3,1.914,271709000.0,0.0,271709000.0,271709000.0,0.0,20672000.0,0.0,0.016,0.19,92694000.0,113366000.0,0.239,113366000.0,92694000.0,75218000.0,0.773,0.751,0.773,195509000.0,,195509000.0,,,,78481000.0,1.21,1.0,187074000.0,0.394,272160000.0,17476000.0,481278000.0,,84731000.0,0.0,0.0,0.0,374236000.0,83286000.0,290950000.0,,-856000.0,-132584000.0,0.0,64586000.0,-12278000.0,53247000.0,-144218000.0,0.0,90115000.0,0.0,50198000.0,50198000.0,50198000.0,-5774000.0,0.0,0.106,99458000.0,87616000.0,34824000.0,0.246,,,15.282,88377000.0,0.0,11.813,,1.614,79130000.0,105238000.0,474699000.0,474699000.0,0.0,,,,0.195,0.0,93217000.0,1.0,,64840500,67002750.0,7.321,297585000.0,0.0,25020000.0,0.0,4.589,108313000.0
25,IEX,MRY,1995-12-31,1995-12-31,1995-12-31,2021-07-28,,,,,,,,-8181000.0,,,237803000.0,45325000.0,,,,,,,,14653000.0,,0.013,0.152,81471000.0,96124000.0,0.243,96124000.0,81471000.0,67170000.0,0.702,0.68,0.702,,,,,,,42680000.0,0.662,1.0,157677000.0,0.399,,14301000.0,,,,,,,,,,,241000.0,-69760000.0,0.0,37968000.0,-10697000.0,27321000.0,-77941000.0,0.0,50861000.0,0.0,45325000.0,45325000.0,45325000.0,-6178000.0,0.0,0.115,82908000.0,74769000.0,,0.217,,,17.2,,0.0,12.074,,1.969,,,395480000.0,395480000.0,0.0,,,,0.206,0.0,78712000.0,1.0,,64489500,66620250.0,6.132,,,21845000.0,,,
0,IEX,MRQ,2021-06-30,2021-06-30,2021-06-30,2021-07-28,-29223000.0,4782997000.0,,1493689000.0,3289308000.0,,35.183,-15953000.0,714380000.0,714380000.0,379875000.0,102179000.0,3.317,0.789,1189869000.0,41000.0,1189828000.0,1189869000.0,0.0,24449000.0,0.0,0.009,0.54,141097000.0,165546000.0,0.241,165546000.0,141097000.0,129892000.0,1.34,1.34,1.34,2672796000.0,,2672796000.0,16795116592.0,29.0,25.487,120319000.0,1.584,1.0,306072000.0,0.446,2837156000.0,11205000.0,1970971000.0,,360079000.0,0.0,0.0,0.0,2110133000.0,450359000.0,1659774000.0,16708623592.0,-243762000.0,-473570000.0,7456000.0,138110000.0,-41093000.0,104385000.0,-489718000.0,0.0,136272000.0,5299000.0,102195000.0,102195000.0,102195000.0,0.0,-16000.0,0.149,147816000.0,158256000.0,178796000.0,0.403,6.251,39.8,39.864,313353000.0,0.0,220.05,6.594,6.597,356469000.0,2974163000.0,685947000.0,685947000.0,0.0,,,,,5493000.0,144680000.0,1.0,75931032.0,75968000,76429000.0,9.029,1945841000.0,0.0,27697000.0,211164000.0,25.614,1043330000.0
1,IEX,MRQ,2021-03-31,2021-03-31,2021-03-31,2021-07-28,-60555000.0,4460731000.0,,1651144000.0,2809587000.0,,34.39,-14398000.0,958142000.0,958142000.0,359413000.0,112672000.0,4.374,0.709,1044635000.0,46000.0,1044589000.0,1044635000.0,0.0,21544000.0,0.0,0.01,0.5,156431000.0,177975000.0,0.273,177975000.0,156431000.0,145655000.0,1.48,1.48,1.48,2609926000.0,,2609926000.0,15903830749.0,30.0,25.727,94926000.0,1.251,1.0,292623000.0,0.449,2370305000.0,10776000.0,1799406000.0,,304636000.0,0.0,0.0,0.0,1850716000.0,377513000.0,1473203000.0,15885239749.0,-67709000.0,-106236000.0,3231000.0,0.0,-38149000.0,-40424000.0,-119534000.0,0.0,109324000.0,-17075000.0,112708000.0,112708000.0,112708000.0,0.0,-36000.0,0.173,137076000.0,155547000.0,171379000.0,0.338,6.086,40.89,40.883,302805000.0,0.0,209.32,6.594,6.594,341793000.0,2954254000.0,652036000.0,652036000.0,0.0,,,,,7752000.0,134848000.0,1.0,75889737.0,75892000,76341000.0,8.592,2090426000.0,0.0,32947000.0,173244000.0,27.545,1273631000.0
2,IEX,MRQ,2020-12-31,2020-12-31,2020-12-31,2021-07-28,-13525000.0,4414398000.0,,1657231000.0,2757167000.0,,33.121,-12050000.0,1025851000.0,1025851000.0,345654000.0,101068000.0,4.153,0.738,1044442000.0,88000.0,1044354000.0,1044442000.0,0.0,21521000.0,0.0,0.01,0.5,140659000.0,162180000.0,0.264,162180000.0,140659000.0,129871000.0,1.32,1.3,1.32,2540203000.0,,2540203000.0,15247096173.0,30.0,25.472,149324000.0,1.947,1.0,269168000.0,0.438,2311137000.0,10788000.0,1722794000.0,,289910000.0,0.0,0.0,0.0,1874072000.0,399058000.0,1475014000.0,15080592173.0,148093000.0,-4854000.0,15858000.0,-52000.0,-37590000.0,-21794000.0,-16972000.0,0.0,161374000.0,25485000.0,101068000.0,101068000.0,101068000.0,0.0,0.0,0.164,130203000.0,138965000.0,151993000.0,0.379,5.937,39.919,40.0,298273000.0,0.0,199.2,6.413,6.416,293146000.0,2841546000.0,614822000.0,614822000.0,0.0,,,,,-1780000.0,125185000.0,1.0,75705784.0,76695000,77243000.0,8.016,2103261000.0,0.0,28803000.0,163863000.0,27.424,1258173000.0
3,IEX,MRQ,2020-09-30,2020-09-30,2020-09-30,2021-07-28,-81249000.0,4225595000.0,,1520752000.0,2704843000.0,,31.804,-18237000.0,877758000.0,877758000.0,329613000.0,103848000.0,3.712,0.763,1044262000.0,150000.0,1044112000.0,1044262000.0,0.0,21351000.0,0.0,0.011,0.5,131917000.0,153268000.0,0.264,153268000.0,131917000.0,121275000.0,1.38,1.37,1.38,2396529000.0,,2396529000.0,14072178888.0,28.0,23.89,135449000.0,1.798,1.0,251500000.0,0.433,2280657000.0,10642000.0,1701743000.0,,302410000.0,0.0,0.0,0.0,1829066000.0,409699000.0,1419367000.0,13773853888.0,131410000.0,2680000.0,15618000.0,-927000.0,-37750000.0,-22858000.0,-15159000.0,0.0,153686000.0,15741000.0,103848000.0,103848000.0,103848000.0,0.0,0.0,0.179,120287000.0,131213000.0,134782000.0,0.362,5.747,36.872,36.851,293304000.0,0.0,182.41,5.879,5.867,275432000.0,2778130000.0,581113000.0,581113000.0,0.0,,,,,7490000.0,117370000.0,1.0,75510410.0,75352000,75960000.0,7.712,1944938000.0,0.0,17427000.0,151924000.0,25.811,1111053000.0
4,IEX,MRQ,2020-06-30,2020-06-30,2020-06-30,2021-07-28,-129555000.0,4073592000.0,,1397250000.0,2676342000.0,,30.079,-6250000.0,746348000.0,746348000.0,326449000.0,70864000.0,3.482,0.802,1044673000.0,228000.0,1044445000.0,1044673000.0,0.0,20626000.0,0.0,0.013,0.5,104134000.0,124760000.0,0.222,124760000.0,104134000.0,91695000.0,0.94,0.93,0.94,2261037000.0,,2261037000.0,12345051609.0,24.0,20.718,163203000.0,2.171,1.0,234800000.0,0.418,2264958000.0,12439000.0,1705652000.0,,324931000.0,0.0,0.0,0.0,1812555000.0,401307000.0,1411248000.0,11914931609.0,177129000.0,0.0,9587000.0,38178000.0,-37762000.0,9852000.0,-6726000.0,0.0,169453000.0,4550000.0,70864000.0,70864000.0,70864000.0,0.0,0.0,0.126,124206000.0,110594000.0,137413000.0,0.532,5.27,31.781,31.863,281852000.0,0.0,158.04,4.994,4.979,270255000.0,2712312000.0,561249000.0,561249000.0,0.0,,,,,6935000.0,120365000.0,1.0,75391873.0,75171000,75937000.0,7.466,1808634000.0,0.0,20831000.0,150417000.0,24.06,995943000.0
5,IEX,MRQ,2020-03-31,2020-03-31,2020-03-31,2021-07-28,-150311000.0,3943677000.0,,1289072000.0,2654605000.0,,29.44,-12721000.0,569219000.0,569219000.0,322506000.0,101998000.0,3.514,0.769,999339000.0,319000.0,999020000.0,999339000.0,0.0,19997000.0,0.0,0.014,0.5,138376000.0,158373000.0,0.266,158373000.0,138376000.0,127499000.0,1.35,1.33,1.35,2229787000.0,,2229787000.0,10741397413.0,19.0,16.63,72039000.0,0.951,1.0,271956000.0,0.457,2258178000.0,10877000.0,1748729000.0,,340581000.0,0.0,0.0,0.0,1713890000.0,366890000.0,1347000000.0,10524726413.0,-63362000.0,-120839000.0,-106818000.0,150000000.0,-38736000.0,-7802000.0,-133720000.0,0.0,84760000.0,-6600000.0,101998000.0,101998000.0,101998000.0,0.0,0.0,0.172,132015000.0,139941000.0,157724000.0,0.37,4.72,25.224,25.02,283276000.0,0.0,138.11,4.267,4.24,327835000.0,2717129000.0,594462000.0,594462000.0,0.0,,,,,6730000.0,132015000.0,1.0,76205390.0,75740000,76452000.0,7.849,1685499000.0,0.0,25501000.0,148189000.0,22.254,922182000.0
6,IEX,MRQ,2019-12-31,2019-12-31,2019-12-31,2021-07-28,-127345000.0,3813912000.0,,1261445000.0,2552467000.0,,29.866,-14134000.0,632581000.0,632581000.0,339112000.0,96850000.0,3.525,0.685,849252000.0,388000.0,848864000.0,849252000.0,0.0,19530000.0,0.0,0.011,0.5,133115000.0,152645000.0,0.252,152645000.0,133115000.0,122036000.0,1.28,1.26,1.28,2263229000.0,,2263229000.0,13415457124.0,23.0,20.509,137026000.0,1.808,1.0,266885000.0,0.44,2167776000.0,11079000.0,1504930000.0,,293467000.0,0.0,0.0,0.0,1550683000.0,357877000.0,1192806000.0,13082297124.0,116596000.0,0.0,3214000.0,-134000.0,-37981000.0,-34914000.0,-14426000.0,0.0,151160000.0,14776000.0,96850000.0,96850000.0,96850000.0,0.0,0.0,0.16,132712000.0,134173000.0,138463000.0,0.391,5.78,30.744,30.605,280316000.0,0.0,172.0,5.244,5.212,298186000.0,2615131000.0,605997000.0,605997000.0,0.0,,,,,7049000.0,125750000.0,1.0,76059867.0,75780000,76571000.0,7.997,1646136000.0,0.0,25186000.0,146574000.0,21.723,903568000.0
7,IEX,MRQ,2019-09-30,2019-09-30,2019-09-30,2021-07-28,-159861000.0,3713895000.0,,1190624000.0,2523271000.0,,28.575,-10854000.0,515985000.0,515985000.0,342268000.0,105194000.0,3.212,0.717,849145000.0,417000.0,848728000.0,849145000.0,0.0,19523000.0,0.0,0.011,0.5,140546000.0,160069000.0,0.256,160069000.0,140546000.0,129216000.0,1.39,1.37,1.39,2163053000.0,,2163053000.0,12735651728.0,22.0,19.307,146210000.0,1.931,1.0,281978000.0,0.452,2165298000.0,11330000.0,1511087000.0,,303494000.0,0.0,0.0,0.0,1550842000.0,370670000.0,1180172000.0,12429833728.0,-27204000.0,-87180000.0,14834000.0,-49923000.0,-37944000.0,-74043000.0,-98128000.0,0.0,157064000.0,-12097000.0,105194000.0,105194000.0,105194000.0,0.0,0.0,0.169,140213000.0,141765000.0,147079000.0,0.36,5.746,29.123,29.057,273330000.0,0.0,163.88,4.967,4.957,317305000.0,2556423000.0,624246000.0,624246000.0,0.0,,,,,6207000.0,128257000.0,1.0,75847167.0,75698000,76577000.0,8.247,1548597000.0,0.0,24022000.0,162017000.0,20.458,819954000.0
8,IEX,MRQ,2019-06-30,2019-06-30,2019-06-30,2021-07-28,-124909000.0,3640215000.0,,1216882000.0,2423333000.0,,27.989,-12716000.0,543189000.0,543189000.0,349762000.0,113209000.0,3.363,0.724,849007000.0,452000.0,848555000.0,849007000.0,0.0,19164000.0,0.0,0.01,0.5,155661000.0,174825000.0,0.272,174825000.0,155661000.0,144650000.0,1.5,1.48,1.5,2112041000.0,,2112041000.0,13424985293.0,23.0,20.268,118459000.0,1.57,1.0,292337000.0,0.455,2063073000.0,11011000.0,1521169000.0,,301006000.0,0.0,0.0,0.0,1528174000.0,361791000.0,1166383000.0,13032223293.0,87059000.0,0.0,8020000.0,0.0,-37837000.0,-31647000.0,-12020000.0,0.0,131175000.0,-449000.0,113209000.0,113209000.0,113209000.0,0.0,0.0,0.176,137054000.0,155283000.0,160579000.0,0.333,6.17,30.452,30.521,275025000.0,0.0,172.14,5.21,5.193,326358000.0,2489911000.0,642099000.0,642099000.0,0.0,,,,,6853000.0,134928000.0,1.0,75707118.0,75460000,76387000.0,8.509,1577142000.0,0.0,31441000.0,140147000.0,20.9,855091000.0
9,IEX,MRQ,2019-03-31,2019-03-31,2019-03-31,2021-07-28,-130017000.0,3551460000.0,,1129228000.0,2422232000.0,,27.243,-12246000.0,456130000.0,456130000.0,338397000.0,110268000.0,3.329,0.728,848892000.0,455000.0,848437000.0,848892000.0,0.0,18659000.0,0.0,0.011,0.43,147922000.0,166581000.0,0.268,166581000.0,147922000.0,137001000.0,1.46,1.44,1.46,2055232000.0,,2055232000.0,11883212596.0,20.0,18.142,76417000.0,1.013,1.0,283834000.0,0.456,2067148000.0,10921000.0,1537827000.0,,298327000.0,0.0,0.0,0.0,1496228000.0,339247000.0,1156981000.0,11500801596.0,-10277000.0,0.0,-41927000.0,0.0,-33446000.0,-86981000.0,-12441000.0,0.0,88663000.0,482000.0,110268000.0,110268000.0,110268000.0,0.0,0.0,0.177,136052000.0,147782000.0,160594000.0,0.295,5.596,27.261,27.39,271920000.0,0.0,151.74,4.612,4.591,333782000.0,2452375000.0,622231000.0,622231000.0,0.0,,,,,7560000.0,136052000.0,1.0,75792814.0,75442000,76284000.0,8.248,1484312000.0,0.0,26733000.0,130881000.0,19.675,789981000.0
10,IEX,MRQ,2018-12-31,2018-12-31,2018-12-31,2021-07-28,-129225000.0,3473857000.0,,1092532000.0,2381325000.0,,26.201,-16081000.0,466407000.0,466407000.0,340451000.0,98137000.0,2.996,0.742,848818000.0,483000.0,848335000.0,848818000.0,0.0,18314000.0,0.0,0.013,0.43,139861000.0,158175000.0,0.258,158175000.0,139861000.0,128825000.0,1.29,1.27,1.29,1994640000.0,,1994640000.0,10042383868.0,18.0,15.435,137511000.0,1.806,1.0,273643000.0,0.446,2081282000.0,11036000.0,1410325000.0,,279995000.0,0.0,0.0,0.0,1479217000.0,364661000.0,1114556000.0,9685368868.0,-25360000.0,0.0,-122426000.0,-156000.0,-32565000.0,-155442000.0,-16401000.0,0.0,153592000.0,-7109000.0,98137000.0,98137000.0,98137000.0,0.0,0.0,0.16,134202000.0,139441000.0,143196000.0,0.333,4.856,23.59,23.556,281220000.0,0.0,126.26,3.9,3.884,312192000.0,2342079000.0,614094000.0,614094000.0,0.0,,,,,4940000.0,130370000.0,1.0,76709717.0,76127000,77101000.0,8.067,1392575000.0,0.0,30688000.0,128007000.0,18.293,727871000.0
11,IEX,MRQ,2018-09-30,2018-09-30,2018-09-30,2021-07-28,-114102000.0,3554807000.0,,1155239000.0,2399568000.0,,26.914,-18677000.0,491767000.0,491767000.0,342655000.0,106352000.0,3.207,0.725,848782000.0,536000.0,848246000.0,848782000.0,0.0,18606000.0,0.0,0.011,0.43,144199000.0,162805000.0,0.261,162805000.0,144199000.0,133241000.0,1.39,1.37,1.39,2060574000.0,,2060574000.0,11953059395.0,21.0,18.463,114650000.0,1.497,1.0,280233000.0,0.45,2104280000.0,10958000.0,1447329000.0,,287126000.0,0.0,0.0,0.0,1494233000.0,360213000.0,1134020000.0,11552653395.0,33016000.0,-20205000.0,-17978000.0,-11128000.0,-32997000.0,-62613000.0,-39201000.0,0.0,133327000.0,1503000.0,106352000.0,106352000.0,106352000.0,0.0,0.0,0.171,135100000.0,145133000.0,141178000.0,0.309,5.607,28.442,28.426,276821000.0,0.0,150.66,4.705,4.698,324895000.0,2276634000.0,622888000.0,622888000.0,0.0,,,,,6562000.0,130479000.0,1.0,76680296.0,76562000,77709000.0,8.136,1450527000.0,0.0,26889000.0,131149000.0,18.946,795026000.0
12,IEX,MRQ,2018-06-30,2018-06-30,2018-06-30,2021-07-28,-125780000.0,3483458000.0,,1113745000.0,2369713000.0,,25.989,-14959000.0,458751000.0,458751000.0,346993000.0,107126000.0,3.209,0.751,859157000.0,496000.0,858661000.0,859157000.0,0.0,19570000.0,0.0,0.011,0.43,147881000.0,167451000.0,0.264,167451000.0,147881000.0,136741000.0,1.4,1.38,1.4,1989151000.0,,1989151000.0,10918101398.0,20.0,17.31,105738000.0,1.381,1.0,287367000.0,0.453,2083659000.0,11140000.0,1453175000.0,,283854000.0,0.0,0.0,0.0,1494307000.0,347030000.0,1147277000.0,10470508398.0,45778000.0,0.0,-12473000.0,0.0,-32971000.0,-45469000.0,-15636000.0,0.0,120697000.0,-13814000.0,107126000.0,107126000.0,107126000.0,0.0,0.0,0.169,139536000.0,147831000.0,150532000.0,0.307,5.264,27.296,27.296,267828000.0,0.0,136.48,4.35,4.34,329692000.0,2203473000.0,634360000.0,634360000.0,0.0,,,,,5600000.0,137548000.0,1.0,76718262.0,76539000,77704000.0,8.288,1399799000.0,0.0,29615000.0,127774000.0,18.289,766715000.0
13,IEX,MRQ,2018-03-31,2018-03-31,2018-03-31,2021-07-28,-65690000.0,3485459000.0,,1069288000.0,2416171000.0,,26.392,-10009000.0,412973000.0,412973000.0,335672000.0,98958000.0,3.381,0.728,860566000.0,835000.0,859731000.0,860566000.0,0.0,21054000.0,0.0,0.01,0.37,141132000.0,162186000.0,0.265,162186000.0,141132000.0,130132000.0,1.29,1.27,1.29,2016885000.0,,2016885000.0,11390136330.0,22.0,18.676,61720000.0,0.808,1.0,276652000.0,0.452,2130956000.0,11000000.0,1485814000.0,,283876000.0,0.0,0.0,0.0,1468574000.0,316282000.0,1152292000.0,10907040330.0,37023000.0,0.0,6590000.0,0.0,-28945000.0,-26487000.0,-10193000.0,0.0,71729000.0,1974000.0,98958000.0,98958000.0,98958000.0,0.0,0.0,0.162,139969000.0,136683000.0,157291000.0,0.287,5.408,30.271,30.321,267130000.0,0.0,142.51,4.649,4.642,328658000.0,2162663000.0,612324000.0,612324000.0,0.0,,,,,7652000.0,138327000.0,1.0,76535263.0,76419000,77739000.0,8.013,1354503000.0,0.0,31174000.0,131646000.0,17.725,753006000.0
14,IEX,MRQ,2017-12-31,2017-12-31,2017-12-31,2021-07-28,-89507000.0,3399628000.0,,1004043000.0,2395585000.0,,24.731,-14952000.0,375950000.0,375950000.0,325022000.0,93746000.0,2.781,0.802,859046000.0,258000.0,858788000.0,859046000.0,0.0,20410000.0,0.0,0.011,0.37,134571000.0,154981000.0,0.265,154981000.0,134571000.0,123602000.0,1.22,1.21,1.22,1886542000.0,,1886542000.0,10654660485.0,21.0,18.232,121221000.0,1.589,1.0,260882000.0,0.445,2118904000.0,10969000.0,1402845000.0,,259724000.0,0.0,0.0,0.0,1513086000.0,360975000.0,1152111000.0,10082751485.0,72659000.0,-16366000.0,-2469000.0,-18926000.0,-28303000.0,-40693000.0,-31514000.0,0.0,136173000.0,8693000.0,93746000.0,93746000.0,93746000.0,0.0,0.0,0.16,125634000.0,135248000.0,147067000.0,0.303,5.345,29.896,29.925,258350000.0,0.0,131.97,4.408,4.398,294166000.0,2057915000.0,585904000.0,585904000.0,0.0,,,,,6262000.0,131249000.0,1.0,76401845.0,76283000,77594000.0,7.681,1280724000.0,0.0,29856000.0,137638000.0,16.789,643068000.0
15,IEX,MRQ,2017-09-30,2017-09-30,2017-09-30,2021-07-28,-97462000.0,3317761000.0,,955478000.0,2362283000.0,,23.723,-3356000.0,303291000.0,303291000.0,316560000.0,83768000.0,2.837,0.833,875200000.0,347000.0,874853000.0,875200000.0,0.0,21280000.0,0.0,0.012,0.37,124851000.0,146131000.0,0.254,146131000.0,124851000.0,113787000.0,1.09,1.08,1.09,1810312000.0,,1810312000.0,9953940259.0,22.0,18.546,120644000.0,1.581,1.0,257930000.0,0.449,2094621000.0,11064000.0,1458198000.0,,266705000.0,0.0,0.0,0.0,1507449000.0,336851000.0,1170598000.0,9283456259.0,84930000.0,0.0,-6855000.0,-15395000.0,-28297000.0,-50636000.0,-3789000.0,0.0,124000000.0,15355000.0,83768000.0,83768000.0,83768000.0,0.0,0.0,0.146,131426000.0,126504000.0,137917000.0,0.339,5.128,30.857,30.83,250889000.0,0.0,121.47,4.16,4.153,307505000.0,1992638000.0,574490000.0,574490000.0,0.0,,,,,5745000.0,131426000.0,1.0,76425918.0,76309000,77523000.0,7.528,1223140000.0,0.0,30019000.0,172808000.0,16.029,618627000.0
16,IEX,MRQ,2017-06-30,2017-06-30,2017-06-30,2021-07-28,-128780000.0,3224165000.0,,861418000.0,2362747000.0,,22.658,-9377000.0,218361000.0,218361000.0,316441000.0,83844000.0,2.744,0.867,888845000.0,350000.0,888495000.0,888845000.0,0.0,21834000.0,0.0,0.012,0.37,124761000.0,146595000.0,0.256,146595000.0,124761000.0,113457000.0,1.1,1.08,1.1,1727011000.0,,1727011000.0,9358068926.0,21.0,17.859,78224000.0,1.026,1.0,256925000.0,0.448,2092179000.0,11304000.0,1488565000.0,,264545000.0,0.0,0.0,0.0,1497154000.0,313905000.0,1183249000.0,8623557926.0,2266000.0,0.0,4116000.0,-66073000.0,-28245000.0,-86701000.0,-9827000.0,0.0,87601000.0,11193000.0,83844000.0,83844000.0,83844000.0,0.0,0.0,0.146,131792000.0,125133000.0,139377000.0,0.336,4.993,30.051,29.976,254230000.0,0.0,113.01,3.942,3.937,307755000.0,1937357000.0,573366000.0,573366000.0,0.0,,,,,6239000.0,131792000.0,1.0,76307919.0,76220000,77320000.0,7.523,1131986000.0,0.0,29613000.0,171877000.0,14.852,547513000.0
17,IEX,MRQ,2017-03-31,2017-03-31,2017-03-31,2021-07-28,-178437000.0,3163785000.0,,823680000.0,2340105000.0,,21.563,-10162000.0,216095000.0,216095000.0,302611000.0,75899000.0,2.958,0.928,950606000.0,323000.0,950283000.0,950606000.0,0.0,20692000.0,0.0,0.015,0.34,115979000.0,136671000.0,0.247,136671000.0,115979000.0,104427000.0,0.99,0.99,0.99,1641305000.0,,1641305000.0,7909323960.0,19.0,15.375,74817000.0,0.983,1.0,250941000.0,0.453,2074148000.0,11552000.0,1545693000.0,,257900000.0,0.0,0.0,0.0,1522480000.0,278455000.0,1244025000.0,7130006960.0,-19869000.0,0.0,-931000.0,-67224000.0,-26327000.0,-99391000.0,-9616000.0,0.0,84979000.0,4159000.0,75899000.0,75899000.0,75899000.0,0.0,0.0,0.137,135270000.0,115671000.0,135462000.0,0.343,4.344,25.567,25.48,250114000.0,0.0,93.51,3.295,3.289,294707000.0,1910638000.0,553552000.0,553552000.0,0.0,,,,,6159000.0,130473000.0,1.0,76248604.0,76115000,76894000.0,7.273,1089637000.0,0.0,28528000.0,171438000.0,14.316,545225000.0
18,IEX,MRQ,2016-12-31,2016-12-31,2016-12-31,2021-07-28,-201653000.0,3154944000.0,,822721000.0,2332223000.0,,20.327,-9551000.0,235964000.0,235964000.0,297934000.0,57347000.0,2.661,1.043,1015281000.0,1046000.0,1014235000.0,1015281000.0,0.0,22568000.0,0.0,0.015,0.34,84756000.0,107324000.0,0.202,107324000.0,84756000.0,72747000.0,0.76,0.75,0.76,1543894000.0,,1543894000.0,7727751585.0,19.0,15.424,106042000.0,1.396,1.0,232485000.0,0.438,2068096000.0,12009000.0,1557007000.0,,252859000.0,0.0,0.0,0.0,1611050000.0,309158000.0,1301892000.0,6866376585.0,-3433000.0,6535000.0,7086000.0,-76948000.0,-25283000.0,-95174000.0,-3012000.0,0.0,115593000.0,-20840000.0,57347000.0,57347000.0,57347000.0,0.0,0.0,0.108,146964000.0,85521000.0,128933000.0,0.447,4.447,25.327,25.227,247816000.0,0.0,90.06,3.25,3.231,272813000.0,1834739000.0,530419000.0,530419000.0,0.0,,,,,5001000.0,123059000.0,1.0,76242245.0,75953000,76806000.0,6.984,1086848000.0,0.0,15400000.0,166427000.0,14.309,513563000.0
19,IEX,MRQ,2016-09-30,2016-09-30,2016-09-30,2021-07-28,-147585000.0,3262464000.0,,857353000.0,2405111000.0,,20.506,-11590000.0,239397000.0,239397000.0,299467000.0,69873000.0,2.808,1.098,1100772000.0,1171000.0,1099601000.0,1100772000.0,0.0,22192000.0,0.0,0.014,0.34,111221000.0,133413000.0,0.252,133413000.0,111221000.0,99308000.0,0.92,0.91,0.92,1554743000.0,,1554743000.0,7817636816.0,18.0,15.246,113891000.0,1.502,1.0,230889000.0,0.435,2125322000.0,11913000.0,1693160000.0,,276013000.0,0.0,0.0,0.0,1707721000.0,305357000.0,1402364000.0,7123566816.0,-122091000.0,-255916000.0,4919000.0,44010000.0,-25937000.0,22923000.0,-267606000.0,0.0,125481000.0,-2889000.0,69873000.0,69873000.0,69873000.0,0.0,0.0,0.132,121181000.0,109708000.0,117430000.0,0.37,4.582,25.303,25.289,261092000.0,0.0,93.57,3.421,3.407,287329000.0,1803060000.0,530356000.0,530356000.0,0.0,,,,,3722000.0,119114000.0,1.0,76130884.0,75819000,76880000.0,6.995,1137142000.0,0.0,29435000.0,182688000.0,14.998,551996000.0
20,IEX,MRQ,2016-06-30,2016-06-30,2016-06-30,2021-07-28,-153872000.0,3109356000.0,,969284000.0,2140072000.0,,19.777,-8402000.0,361488000.0,361488000.0,305638000.0,75759000.0,3.256,1.077,1055558000.0,1233000.0,1054325000.0,1055558000.0,0.0,22175000.0,0.0,0.016,0.34,114850000.0,137025000.0,0.249,137025000.0,114850000.0,103645000.0,1.0,0.99,1.0,1496930000.0,,1496930000.0,6968589226.0,16.0,13.344,80076000.0,1.058,1.0,244058000.0,0.444,1870638000.0,11205000.0,1635075000.0,,257659000.0,0.0,0.0,0.0,1612426000.0,297713000.0,1314713000.0,6231469226.0,3043000.0,0.0,-431000.0,-40301000.0,-26768000.0,-67613000.0,-8466000.0,0.0,88478000.0,-9356000.0,75759000.0,75759000.0,75759000.0,0.0,0.0,0.138,130235000.0,113823000.0,129164000.0,0.34,4.163,21.402,21.549,250904000.0,0.0,82.1,3.031,3.023,296481000.0,1759157000.0,549696000.0,549696000.0,0.0,,,,,5161000.0,130235000.0,1.0,75900965.0,75690000,76674000.0,7.262,1238718000.0,0.0,27886000.0,152875000.0,16.366,671571000.0
21,IEX,MRQ,2016-03-31,2016-03-31,2016-03-31,2021-07-28,-128513000.0,3142298000.0,,976508000.0,2165790000.0,,19.709,-8650000.0,358445000.0,358445000.0,279237000.0,68130000.0,3.341,1.105,1095565000.0,1333000.0,1094232000.0,1095565000.0,0.0,19957000.0,0.0,0.015,0.32,103301000.0,123258000.0,0.245,123258000.0,103301000.0,92812000.0,0.9,0.89,0.9,1492910000.0,,1492910000.0,6805804423.0,16.0,13.257,61715000.0,0.815,1.0,223335000.0,0.444,1895715000.0,10489000.0,1691421000.0,,278230000.0,0.0,0.0,0.0,1649388000.0,292282000.0,1357106000.0,6293028423.0,30427000.0,-221556000.0,-38606000.0,254397000.0,-24662000.0,186412000.0,-230115000.0,0.0,70365000.0,3765000.0,68130000.0,68130000.0,68130000.0,0.0,0.0,0.136,119990000.0,103345000.0,140183000.0,0.356,4.215,22.082,22.4,252512000.0,0.0,82.88,3.114,3.106,296834000.0,1734810000.0,502572000.0,502572000.0,0.0,,,,,6442000.0,119990000.0,1.0,75929397.0,75749000,76699000.0,6.635,1246583000.0,0.0,24682000.0,154612000.0,16.457,684226000.0
22,IEX,MRQ,2015-12-31,2015-12-31,2015-12-31,2021-07-28,-146498000.0,2805443000.0,,862684000.0,1942759000.0,,18.938,-10271000.0,328018000.0,328018000.0,276399000.0,67763000.0,2.786,0.944,840794000.0,1087000.0,839707000.0,840794000.0,0.0,20146000.0,0.0,0.016,0.32,98913000.0,119059000.0,0.238,119059000.0,98913000.0,88687000.0,0.88,0.87,0.88,1443291000.0,,1443291000.0,6408859482.0,15.0,12.515,88269000.0,1.158,1.0,223399000.0,0.447,1684366000.0,10226000.0,1324256000.0,,239124000.0,0.0,0.0,0.0,1362152000.0,309597000.0,1052555000.0,5862090482.0,21536000.0,-1850000.0,-29000000.0,-7326000.0,-24499000.0,-59952000.0,-13041000.0,0.0,98540000.0,-4011000.0,67763000.0,67763000.0,67763000.0,0.0,0.0,0.136,119888000.0,103511000.0,128911000.0,0.364,4.062,20.728,20.989,240945000.0,0.0,76.61,2.901,2.924,260000000.0,1666680000.0,499798000.0,499798000.0,0.0,,,,,4398000.0,113372000.0,1.0,76518607.0,76211000,77090000.0,6.558,1121077000.0,0.0,20924000.0,110483000.0,14.71,553087000.0
23,IEX,MRQ,2015-09-30,2015-09-30,2015-09-30,2021-07-28,-141045000.0,2870362000.0,,906399000.0,1963963000.0,,18.594,-8785000.0,306482000.0,306482000.0,280531000.0,79505000.0,2.796,1.009,853251000.0,471000.0,852780000.0,853251000.0,0.0,20377000.0,0.0,0.017,0.32,122506000.0,142883000.0,0.284,142883000.0,122506000.0,112277000.0,1.03,1.02,1.03,1428593000.0,,1428593000.0,6081804236.0,14.0,11.982,104568000.0,1.361,1.0,223260000.0,0.443,1701107000.0,10229000.0,1391838000.0,,252518000.0,0.0,0.0,0.0,1441769000.0,324186000.0,1117583000.0,5518053236.0,-5013000.0,7847000.0,-62472000.0,-22444000.0,-24763000.0,-109427000.0,-186000.0,0.0,113353000.0,-8753000.0,79505000.0,79505000.0,79505000.0,0.0,0.0,0.158,101447000.0,121813000.0,129224000.0,0.311,3.863,19.945,20.141,240270000.0,0.0,71.3,2.699,2.679,272008000.0,1624759000.0,503791000.0,503791000.0,0.0,,,,,2666000.0,114794000.0,1.0,77392051.0,76831000,77646000.0,6.557,1169255000.0,0.0,32772000.0,153505000.0,15.219,582213000.0
24,IEX,MRQ,2015-06-30,2015-06-30,2015-06-30,2021-07-28,-121316000.0,2903358000.0,,933597000.0,1969761000.0,,18.78,-13749000.0,311495000.0,311495000.0,283266000.0,69585000.0,3.034,0.996,875246000.0,469000.0,874777000.0,875246000.0,0.0,19087000.0,0.0,0.015,0.32,109082000.0,128169000.0,0.249,128169000.0,109082000.0,98498000.0,0.89,0.89,0.89,1454808000.0,,1454808000.0,6538495935.0,16.0,13.18,85275000.0,1.101,1.0,231615000.0,0.45,1711354000.0,10584000.0,1448090000.0,,260814000.0,0.0,0.0,0.0,1448550000.0,307665000.0,1140885000.0,6124778935.0,-183001000.0,-173333000.0,-47186000.0,-34910000.0,-24759000.0,-106087000.0,-187139000.0,0.0,99024000.0,11201000.0,69585000.0,69585000.0,69585000.0,0.0,0.0,0.135,121706000.0,109909000.0,136550000.0,0.36,4.21,22.803,23.112,234634000.0,0.0,78.58,2.953,2.935,286111000.0,1569726000.0,514881000.0,514881000.0,0.0,,,,,4057000.0,121706000.0,1.0,77943229.0,77466000,78297000.0,6.647,1192004000.0,0.0,28913000.0,152852000.0,15.387,625932000.0
25,IEX,MRQ,2015-03-31,2015-03-31,2015-03-31,2021-07-28,-147005000.0,2869154000.0,,1081388000.0,1787766000.0,,18.603,-10077000.0,494496000.0,494496000.0,276157000.0,65954000.0,3.004,0.977,908213000.0,88350000.0,819863000.0,908213000.0,0.0,18510000.0,0.0,0.015,0.28,103480000.0,121990000.0,0.243,121990000.0,103480000.0,92883000.0,0.84,0.84,0.84,1450992000.0,,1450992000.0,6287166138.0,15.0,12.592,39327000.0,0.504,1.0,226041000.0,0.45,1551227000.0,10597000.0,1371607000.0,,243565000.0,0.0,0.0,0.0,1418162000.0,360037000.0,1058125000.0,5932351138.0,-14641000.0,0.0,-52947000.0,54923000.0,-22151000.0,-20062000.0,-10125000.0,0.0,49404000.0,-33858000.0,65954000.0,65954000.0,65954000.0,0.0,0.0,0.131,124284000.0,101757000.0,131018000.0,0.333,4.088,21.907,22.303,216336000.0,0.0,75.83,2.817,2.808,267206000.0,1549775000.0,502198000.0,502198000.0,0.0,,,,,3662000.0,124284000.0,1.0,78232245.0,77996000,78856000.0,6.439,1317927000.0,0.0,26929000.0,130967000.0,16.897,721351000.0
26,IEX,MRQ,2014-12-31,2014-12-31,2014-12-31,2021-07-28,-92278000.0,2903463000.0,,1075791000.0,1827672000.0,,18.895,-12717000.0,509137000.0,509137000.0,294782000.0,61620000.0,2.611,0.953,859345000.0,98946000.0,760399000.0,859345000.0,0.0,18625000.0,0.0,0.014,0.28,95914000.0,114539000.0,0.219,114539000.0,95914000.0,85342000.0,0.78,0.77,0.78,1486451000.0,,1486451000.0,6516580638.0,15.0,12.747,88661000.0,1.127,1.0,229117000.0,0.437,1592441000.0,10572000.0,1249262000.0,,237631000.0,0.0,0.0,0.0,1417012000.0,411968000.0,1005044000.0,6180223638.0,22071000.0,-1000.0,-70477000.0,44829000.0,-22201000.0,-46983000.0,-12946000.0,0.0,101378000.0,-19378000.0,61620000.0,61620000.0,61620000.0,0.0,0.0,0.118,134663000.0,94454000.0,127462000.0,0.359,4.158,22.121,22.368,219543000.0,0.0,77.84,2.878,2.889,256040000.0,1483821000.0,523899000.0,523899000.0,0.0,,,,,3357000.0,120991000.0,1.0,79396501.0,78668000,79633000.0,6.66,1311022000.0,0.0,23722000.0,130368000.0,16.665,663823000.0
27,IEX,MRQ,2014-09-30,2014-09-30,2014-09-30,2021-07-28,-38812000.0,2939312000.0,,1076957000.0,1862355000.0,,19.959,-10521000.0,487066000.0,487066000.0,298533000.0,71441000.0,2.702,0.851,823423000.0,103250000.0,720173000.0,823423000.0,0.0,19609000.0,0.0,0.014,0.28,111791000.0,131400000.0,0.246,131400000.0,111791000.0,101330000.0,0.89,0.88,0.89,1587900000.0,,1587900000.0,6126337239.0,14.0,11.792,89882000.0,1.13,1.0,234646000.0,0.44,1620709000.0,10461000.0,1256409000.0,,251058000.0,0.0,0.0,0.0,1351412000.0,398551000.0,952861000.0,5794807239.0,1731000.0,553000.0,-58026000.0,14401000.0,-22332000.0,-66344000.0,-9991000.0,0.0,100403000.0,-22337000.0,71441000.0,71441000.0,71441000.0,0.0,0.0,0.134,123799000.0,110847000.0,134406000.0,0.315,3.649,20.31,20.501,219824000.0,0.0,72.37,2.702,2.685,270466000.0,1466472000.0,533179000.0,533179000.0,0.0,,,,,2802000.0,123799000.0,1.0,80071953.0,79558000,80561000.0,6.702,1318603000.0,0.0,29889000.0,144443000.0,16.574,678406000.0
28,IEX,MRQ,2014-06-30,2014-06-30,2014-06-30,2021-07-28,14121000.0,2990997000.0,,1081526000.0,1909471000.0,,20.284,-12490000.0,485335000.0,485335000.0,305561000.0,71777000.0,2.555,0.841,816865000.0,111539000.0,705326000.0,816865000.0,0.0,19416000.0,0.0,0.012,0.28,111951000.0,131367000.0,0.24,131367000.0,111951000.0,101546000.0,0.89,0.88,0.89,1624887000.0,,1624887000.0,6831027142.0,16.0,13.525,79505000.0,0.992,1.0,241132000.0,0.441,1664028000.0,10405000.0,1235124000.0,,254182000.0,0.0,0.0,0.0,1366110000.0,423375000.0,942735000.0,6509165142.0,26952000.0,-25995000.0,-42846000.0,37436000.0,-22565000.0,-27442000.0,-38535000.0,0.0,91995000.0,934000.0,71777000.0,71777000.0,71777000.0,0.0,0.0,0.131,129044000.0,112088000.0,146827000.0,0.315,4.006,23.441,23.608,223395000.0,0.0,80.74,3.097,3.077,272151000.0,1395031000.0,546693000.0,546693000.0,0.0,,,,,4896000.0,129044000.0,1.0,80618840.0,80106000,81149000.0,6.825,1326969000.0,0.0,29769000.0,147408000.0,16.565,658151000.0
29,IEX,MRQ,2014-03-31,2014-03-31,2014-03-31,2021-07-28,-1425000.0,2951822000.0,,1063376000.0,1888446000.0,,20.13,-10809000.0,458383000.0,458383000.0,299576000.0,74548000.0,3.387,0.821,780245000.0,1393000.0,778852000.0,780245000.0,0.0,19257000.0,0.0,0.013,0.23,114679000.0,133936000.0,0.246,133936000.0,114679000.0,104222000.0,0.92,0.91,0.92,1620998000.0,,1620998000.0,6230256925.0,15.0,12.643,63376000.0,0.787,1.0,244420000.0,0.449,1650636000.0,10457000.0,1309067000.0,,244175000.0,0.0,0.0,0.0,1330824000.0,313981000.0,1016843000.0,5896009925.0,18754000.0,0.0,-31383000.0,6397000.0,-18628000.0,-43303000.0,-10788000.0,0.0,74185000.0,-1340000.0,74548000.0,74548000.0,74548000.0,0.0,0.0,0.137,130585000.0,113835000.0,149045000.0,0.25,3.637,21.962,22.155,216045000.0,0.0,72.89,2.843,2.831,287903000.0,1368288000.0,543996000.0,543996000.0,0.0,,,,,3387000.0,130585000.0,1.0,80889147.0,80527000,81575000.0,6.755,1301186000.0,0.0,29674000.0,146643000.0,16.158,749395000.0
30,IEX,MRQ,2013-12-31,2013-12-31,2013-12-31,2021-07-28,-3305000.0,2887577000.0,,990953000.0,1896624000.0,,19.472,-7829000.0,439629000.0,439629000.0,293611000.0,67555000.0,3.253,0.836,773876000.0,1871000.0,772005000.0,773876000.0,0.0,19639000.0,0.0,0.012,0.23,103177000.0,122816000.0,0.236,122816000.0,103177000.0,92695000.0,0.83,0.82,0.83,1572989000.0,,1572989000.0,6375290672.0,16.0,13.431,93783000.0,1.161,1.0,227009000.0,0.436,1660683000.0,10482000.0,1256532000.0,,230967000.0,0.0,0.0,0.0,1314588000.0,304609000.0,1009979000.0,5990673672.0,39824000.0,0.0,-24763000.0,-12442000.0,-18948000.0,-55654000.0,-7956000.0,0.0,101612000.0,1822000.0,67555000.0,67555000.0,67555000.0,0.0,0.0,0.13,123136000.0,103873000.0,133312000.0,0.277,3.808,23.473,23.746,213488000.0,0.0,73.85,2.96,2.974,253226000.0,1293740000.0,520620000.0,520620000.0,0.0,,,,,1866000.0,123136000.0,1.0,81119481.0,80782000,81853000.0,6.445,1226894000.0,0.0,25140000.0,144908000.0,15.188,686344000.0
31,IEX,MRQ,2013-09-30,2013-09-30,2013-09-30,2021-07-28,-31219000.0,2849381000.0,,950769000.0,1898612000.0,,18.638,-7318000.0,399805000.0,399805000.0,279108000.0,63799000.0,3.077,0.881,784422000.0,4379000.0,780043000.0,784422000.0,0.0,19779000.0,0.0,0.013,0.23,97181000.0,116960000.0,0.238,116960000.0,97181000.0,86611000.0,0.78,0.78,0.78,1514524000.0,,1514524000.0,5775854806.0,35.0,23.398,111078000.0,1.367,1.0,211509000.0,0.431,1665576000.0,10570000.0,1259380000.0,,236771000.0,0.0,0.0,0.0,1334857000.0,309042000.0,1025815000.0,5334885806.0,25316000.0,0.0,-45938000.0,-35184000.0,-18536000.0,-97541000.0,-7405000.0,0.0,118396000.0,11866000.0,63799000.0,63799000.0,63799000.0,0.0,0.0,0.13,114140000.0,97369000.0,130683000.0,0.295,3.522,77.722,76.765,214253000.0,0.0,65.25,2.675,2.659,255977000.0,1244804000.0,490617000.0,490617000.0,0.0,,,,,1849000.0,114140000.0,1.0,81760702.0,81259000,82218000.0,6.038,1183805000.0,0.0,22812000.0,126006000.0,14.568,641727000.0
32,IEX,MRQ,2013-06-30,2013-06-30,2013-06-30,2021-07-28,-61924000.0,2827652000.0,,936100000.0,1891552000.0,,18.08,-8197000.0,374489000.0,374489000.0,295596000.0,62561000.0,3.177,0.911,815458000.0,4451000.0,811007000.0,815458000.0,0.0,20077000.0,0.0,0.015,0.23,98986000.0,119063000.0,0.23,119063000.0,98986000.0,88389000.0,0.76,0.76,0.76,1479492000.0,,1479492000.0,4906181907.0,33.0,21.316,101122000.0,1.236,1.0,222849000.0,0.43,1658827000.0,10597000.0,1315111000.0,,231504000.0,0.0,0.0,0.0,1348160000.0,294683000.0,1053477000.0,4424888907.0,33444000.0,-2201000.0,-39139000.0,-8532000.0,-18846000.0,-67403000.0,-10471000.0,0.0,109319000.0,1999000.0,62561000.0,62561000.0,62561000.0,0.0,0.0,0.121,123290000.0,99559000.0,127292000.0,0.303,2.991,80.498,80.313,213384000.0,0.0,53.81,2.231,2.22,268035000.0,1199610000.0,518445000.0,518445000.0,0.0,,,,,1545000.0,123290000.0,1.0,82231721.0,81829000,82734000.0,6.336,1168825000.0,0.0,25828000.0,122291000.0,14.284,641417000.0
33,IEX,MRQ,2013-03-31,2013-03-31,2013-03-31,2021-07-28,-68193000.0,2822600000.0,,921918000.0,1900682000.0,,18.026,-7625000.0,341045000.0,341045000.0,282451000.0,61300000.0,3.251,0.905,822338000.0,6776000.0,815562000.0,822338000.0,0.0,19839000.0,0.0,0.015,0.2,95991000.0,115830000.0,0.234,115830000.0,95991000.0,85434000.0,0.74,0.74,0.74,1481647000.0,,1481647000.0,4876125810.0,35.0,22.294,64570000.0,0.786,1.0,211997000.0,0.429,1665580000.0,10557000.0,1354691000.0,,239575000.0,0.0,0.0,0.0,1340953000.0,283622000.0,1057331000.0,4408413810.0,22181000.0,-34648000.0,-22357000.0,39781000.0,-16575000.0,1553000.0,-42330000.0,0.0,72195000.0,-9237000.0,61300000.0,61300000.0,61300000.0,0.0,0.0,0.124,117285000.0,94712000.0,122376000.0,0.27,2.975,94.279,95.393,215091000.0,0.0,53.42,2.25,2.241,269873000.0,1174841000.0,494448000.0,494448000.0,0.0,,,,,3173000.0,117285000.0,1.0,82523658.0,82197000,83152000.0,6.015,1157020000.0,0.0,24134000.0,121017000.0,14.076,638296000.0
34,IEX,MRQ,2012-12-31,2012-12-31,2012-12-31,2021-07-28,-43403000.0,2785390000.0,,881865000.0,1903525000.0,,17.802,-7699000.0,318864000.0,318864000.0,287980000.0,-119019000.0,3.026,0.901,786576000.0,7335000.0,779241000.0,786576000.0,0.0,20374000.0,0.0,0.017,0.2,-125372000.0,-104998000.0,-0.214,-104998000.0,-125372000.0,-135888000.0,-1.43,-1.42,-1.43,1464998000.0,,1464998000.0,4373506536.0,34.0,21.152,77983000.0,0.948,1.0,202858000.0,0.413,1663099000.0,10516000.0,1298576000.0,,234950000.0,0.0,0.0,0.0,1320392000.0,291427000.0,1028965000.0,3846089536.0,58361000.0,91000.0,-3633000.0,-3454000.0,-16535000.0,-22611000.0,-7772000.0,0.0,85682000.0,3062000.0,-119019000.0,-119019000.0,-119019000.0,0.0,0.0,-0.242,328447000.0,-125589000.0,117341000.0,-0.14,2.625,102.208,103.4,219161000.0,0.0,46.53,1.968,1.969,256095000.0,1113541000.0,490838000.0,490838000.0,0.0,,,,,761000.0,112059000.0,1.0,82658275.0,82296000,83209000.0,5.964,1122291000.0,0.0,-16869000.0,121349000.0,13.637,590438000.0
35,IEX,MRQ,2012-09-30,2012-09-30,2012-09-30,2021-07-28,-35674000.0,2957435000.0,,843864000.0,2113571000.0,,19.505,-9420000.0,260503000.0,260503000.0,285019000.0,50127000.0,2.87,0.838,787920000.0,5152000.0,782768000.0,787920000.0,0.0,19545000.0,0.0,0.018,0.2,80720000.0,100265000.0,0.209,100265000.0,80720000.0,70184000.0,0.6,0.6,0.6,1608837000.0,,1608837000.0,4021177673.0,12.0,9.89,91600000.0,1.111,1.0,194840000.0,0.406,1869481000.0,10536000.0,1321329000.0,,249564000.0,0.0,0.0,0.0,1348598000.0,294042000.0,1054556000.0,3482946673.0,39393000.0,-34820000.0,-32093000.0,24896000.0,-16660000.0,-23027000.0,-44515000.0,0.0,101020000.0,5915000.0,50127000.0,50127000.0,50127000.0,0.0,0.0,0.104,114252000.0,80588000.0,117793000.0,0.333,2.165,17.07,17.049,223762000.0,0.0,41.77,1.792,1.772,277505000.0,1249130000.0,479859000.0,479859000.0,0.0,,,,,2147000.0,107167000.0,1.0,83383928.0,82482000,83370000.0,5.818,1087954000.0,0.0,20057000.0,157971000.0,13.19,549822000.0
36,IEX,MRQ,2012-06-30,2012-06-30,2012-06-30,2021-07-28,-61641000.0,2856802000.0,,798089000.0,2058713000.0,,18.986,-10173000.0,221110000.0,221110000.0,291031000.0,54351000.0,3.059,0.809,759341000.0,5616000.0,753725000.0,759341000.0,0.0,19203000.0,0.0,0.018,0.2,88420000.0,107623000.0,0.218,107623000.0,88420000.0,77884000.0,0.65,0.65,0.65,1579253000.0,,1579253000.0,3803119066.0,12.0,9.562,70563000.0,0.848,1.0,203113000.0,0.411,1822444000.0,10536000.0,1311689000.0,,254497000.0,0.0,0.0,0.0,1277549000.0,260900000.0,1016649000.0,3275016066.0,-24433000.0,-34201000.0,-22249000.0,-12288000.0,-16731000.0,-51026000.0,-44424000.0,0.0,80736000.0,-9719000.0,54351000.0,54351000.0,54351000.0,0.0,0.0,0.11,114463000.0,88650000.0,114430000.0,0.308,2.074,16.193,16.041,215673000.0,0.0,38.98,1.687,1.67,265209000.0,1215516000.0,494144000.0,494144000.0,0.0,,,,,3177000.0,111882000.0,1.0,84017857.0,83180000,84090000.0,5.941,1034358000.0,0.0,23533000.0,152854000.0,12.435,537189000.0
37,IEX,MRQ,2012-03-31,2012-03-31,2012-03-31,2021-07-28,-38094000.0,2879126000.0,,829069000.0,2050057000.0,,19.33,-8515000.0,245543000.0,245543000.0,286528000.0,52171000.0,3.326,0.799,773646000.0,3796000.0,769850000.0,773646000.0,0.0,19190000.0,0.0,0.016,0.17,84686000.0,103876000.0,0.212,103876000.0,84686000.0,74024000.0,0.63,0.62,0.63,1600571000.0,,1600571000.0,4109239051.0,13.0,10.617,50227000.0,0.607,1.0,202889000.0,0.415,1816271000.0,10662000.0,1341698000.0,,253564000.0,0.0,0.0,0.0,1278555000.0,249260000.0,1029295000.0,3530688051.0,15284000.0,0.0,14183000.0,-38500000.0,-14161000.0,-39821000.0,-8555000.0,0.0,58742000.0,4918000.0,52171000.0,52171000.0,52171000.0,0.0,0.0,0.107,118320000.0,84569000.0,116209000.0,0.27,2.206,17.825,17.628,214153000.0,0.0,42.13,1.857,1.835,270825000.0,1194583000.0,489417000.0,489417000.0,0.0,,,,,2543000.0,113382000.0,1.0,83804606.0,82804000,83902000.0,5.911,1062855000.0,0.0,21853000.0,147125000.0,12.836,579809000.0
38,IEX,MRQ,2011-12-31,2011-12-31,2011-12-31,2021-07-28,-55469000.0,2836107000.0,,789161000.0,2046946000.0,,18.319,-7191000.0,230259000.0,230259000.0,287081000.0,47388000.0,3.055,0.874,808810000.0,2444000.0,806366000.0,808810000.0,0.0,19270000.0,0.0,0.018,0.17,75559000.0,94829000.0,0.197,94829000.0,75559000.0,67164000.0,0.57,0.57,0.57,1513135000.0,,1513135000.0,3694559661.0,12.0,9.836,34441000.0,0.417,1.0,193602000.0,0.403,1813588000.0,8395000.0,1342792000.0,,254258000.0,0.0,0.0,0.0,1322972000.0,258278000.0,1064694000.0,3096421661.0,9798000.0,2435000.0,1731000.0,-8947000.0,-14155000.0,-19273000.0,-5873000.0,0.0,41632000.0,-6688000.0,47388000.0,47388000.0,47388000.0,0.0,0.0,0.099,117601000.0,76001000.0,110977000.0,0.298,2.046,15.973,15.859,213717000.0,0.0,37.11,1.684,1.658,252845000.0,1142412000.0,480683000.0,480683000.0,0.0,,,,,1943000.0,108218000.0,1.0,83439010.0,82598000,83573000.0,5.82,1022519000.0,0.0,19776000.0,142482000.0,12.379,530883000.0
39,IEX,MRQ,2011-09-30,2011-09-30,2011-09-30,2021-07-28,-25653000.0,2893728000.0,,805306000.0,2088422000.0,,18.269,-9366000.0,220461000.0,220461000.0,295349000.0,48336000.0,2.048,0.922,818599000.0,85395000.0,733204000.0,818599000.0,0.0,20540000.0,0.0,0.021,0.17,70864000.0,91404000.0,0.192,91404000.0,70864000.0,63101000.0,0.58,0.58,0.58,1505421000.0,,1505421000.0,3263922657.0,11.0,9.079,85405000.0,1.036,1.0,181532000.0,0.381,1835587000.0,7763000.0,1263120000.0,,271617000.0,0.0,0.0,0.0,1388307000.0,393159000.0,995148000.0,2588746657.0,17500000.0,-25000.0,7280000.0,-52939000.0,-14098000.0,-58917000.0,-9364000.0,0.0,94771000.0,-8990000.0,48336000.0,48336000.0,48336000.0,0.0,0.0,0.101,110227000.0,71305000.0,119738000.0,0.293,1.72,13.771,13.667,219702000.0,0.0,31.16,1.468,1.456,258346000.0,1109168000.0,476881000.0,476881000.0,0.0,,,,,-1237000.0,107296000.0,1.0,83079161.0,82402000,83586000.0,5.787,1058141000.0,0.0,14765000.0,166325000.0,12.841,412147000.0
40,IEX,MRQ,2011-06-30,2011-06-30,2011-06-30,2021-07-28,22169000.0,2923320000.0,,814005000.0,2109315000.0,,18.401,5475000.0,202961000.0,202961000.0,268959000.0,50182000.0,2.325,0.934,878137000.0,85020000.0,793117000.0,878137000.0,0.0,16954000.0,0.0,0.014,0.17,79976000.0,96930000.0,0.214,96930000.0,79976000.0,73256000.0,0.61,0.6,0.61,1511650000.0,,1511650000.0,4122740441.0,15.0,11.961,57186000.0,0.696,1.0,184839000.0,0.407,1857328000.0,6720000.0,1391042000.0,,282381000.0,0.0,0.0,0.0,1411670000.0,350126000.0,1061544000.0,3800104441.0,7413000.0,-395683000.0,8002000.0,353650000.0,-14069000.0,343461000.0,-390371000.0,0.0,51711000.0,2612000.0,50182000.0,50182000.0,50182000.0,0.0,0.0,0.111,105210000.0,79629000.0,128117000.0,0.279,2.514,21.324,21.129,231538000.0,0.0,45.85,2.289,2.269,270234000.0,1075006000.0,453798000.0,453798000.0,0.0,,,,,3593000.0,105210000.0,1.0,82881231.0,82151000,83778000.0,5.524,1065992000.0,0.0,23074000.0,169810000.0,12.976,463879000.0
41,IEX,MRQ,2011-03-31,2011-03-31,2011-03-31,2021-07-28,13858000.0,2465428000.0,,704007000.0,1761421000.0,,18.089,-11442000.0,195548000.0,195548000.0,248389000.0,47951000.0,2.142,0.674,518184000.0,102801000.0,415383000.0,518184000.0,0.0,15622000.0,0.0,0.014,0.15,76814000.0,92436000.0,0.216,92436000.0,76814000.0,70360000.0,0.58,0.57,0.58,1472986000.0,,1472986000.0,3891328118.0,15.0,11.932,17685000.0,0.217,1.0,178700000.0,0.418,1545591000.0,6454000.0,913764000.0,,215650000.0,0.0,0.0,0.0,992442000.0,328709000.0,663733000.0,3598569118.0,-39588000.0,-50361000.0,16051000.0,-17983000.0,-12291000.0,-11859000.0,-63929000.0,0.0,29127000.0,7073000.0,47951000.0,47951000.0,47951000.0,0.0,0.0,0.112,100979000.0,77721000.0,112906000.0,0.259,2.443,21.366,21.189,199703000.0,0.0,43.65,2.271,2.243,242177000.0,1052991000.0,427089000.0,427089000.0,0.0,,,,,2479000.0,100979000.0,1.0,82441446.0,81430000,83248000.0,5.245,919837000.0,0.0,22409000.0,153915000.0,11.296,375298000.0
42,IEX,MRQ,2010-12-31,2010-12-31,2010-12-31,2021-07-28,-12709000.0,2381695000.0,,692758000.0,1688937000.0,,17.005,-5014000.0,235136000.0,235136000.0,243230000.0,41513000.0,1.959,0.731,527895000.0,119445000.0,408450000.0,527895000.0,0.0,13220000.0,0.0,0.015,0.15,65520000.0,78740000.0,0.194,78740000.0,65520000.0,60565000.0,0.51,0.5,0.51,1375660000.0,,1375660000.0,3488935173.0,14.0,11.397,22117000.0,0.273,1.0,161988000.0,0.4,1488393000.0,4955000.0,832393000.0,,196546000.0,0.0,0.0,0.0,1006035000.0,353668000.0,652367000.0,3203360173.0,29082000.0,-22956000.0,9332000.0,37276000.0,-12252000.0,33203000.0,-27970000.0,0.0,27131000.0,-3282000.0,41513000.0,41513000.0,41513000.0,0.0,0.0,0.102,95984000.0,66004000.0,104055000.0,0.294,2.329,20.391,20.269,188562000.0,0.0,39.12,2.117,2.08,213553000.0,1005040000.0,405218000.0,405218000.0,0.0,,,,,4314000.0,91311000.0,1.0,81885485.0,80898000,82685000.0,5.009,893302000.0,0.0,19052000.0,148534000.0,11.042,339090000.0
43,IEX,MRQ,2010-09-30,2010-09-30,2010-09-30,2021-07-28,-9107000.0,2346461000.0,,660959000.0,1685502000.0,,16.59,-8473000.0,206054000.0,206054000.0,219598000.0,38564000.0,2.353,0.757,491629000.0,11070000.0,480559000.0,491629000.0,0.0,15235000.0,0.0,0.015,0.15,61338000.0,76573000.0,0.205,76573000.0,61338000.0,57176000.0,0.47,0.47,0.47,1335758000.0,,1335758000.0,3204027602.0,14.0,10.875,53168000.0,0.66,1.0,154133000.0,0.412,1490734000.0,4162000.0,860448000.0,,191698000.0,0.0,0.0,0.0,1010703000.0,280854000.0,729849000.0,2892774602.0,46916000.0,-17057000.0,2731000.0,5550000.0,-12213000.0,-2945000.0,-25530000.0,0.0,61641000.0,13750000.0,38564000.0,38564000.0,38564000.0,0.0,0.0,0.103,91694000.0,62439000.0,94299000.0,0.319,2.166,19.457,19.404,187021000.0,0.0,35.51,1.993,1.97,210188000.0,975702000.0,373731000.0,373731000.0,0.0,,,,,2541000.0,88170000.0,1.0,81463661.0,80517000,81938000.0,4.642,855727000.0,0.0,18612000.0,158536000.0,10.628,380105000.0
44,IEX,MRQ,2010-06-30,2010-06-30,2010-06-30,2021-07-28,-38693000.0,2211527000.0,,577450000.0,1634077000.0,,15.829,-9985000.0,159138000.0,159138000.0,223705000.0,40398000.0,2.431,0.738,470391000.0,10559000.0,459832000.0,470391000.0,0.0,15369000.0,0.0,0.018,0.15,63019000.0,78388000.0,0.207,78388000.0,63019000.0,59420000.0,0.5,0.49,0.5,1272135000.0,,1272135000.0,2634859053.0,12.0,9.407,58589000.0,0.729,1.0,154821000.0,0.409,1447072000.0,3599000.0,838173000.0,,170109000.0,0.0,0.0,0.0,939392000.0,237535000.0,701857000.0,2320540053.0,87750000.0,-51273000.0,4797000.0,90674000.0,-12172000.0,84286000.0,-61258000.0,0.0,68574000.0,-3852000.0,40398000.0,40398000.0,40398000.0,0.0,0.0,0.107,92041000.0,62780000.0,83204000.0,0.3,1.824,16.589,16.514,179284000.0,0.0,28.57,1.657,1.639,200430000.0,949494000.0,378526000.0,378526000.0,0.0,,,,,2852000.0,91010000.0,1.0,81222963.0,80369000,81800000.0,4.71,764455000.0,0.0,19022000.0,152271000.0,9.512,339915000.0
45,IEX,MRQ,2010-03-31,2010-03-31,2010-03-31,2021-07-28,5105000.0,2100539000.0,,484833000.0,1615706000.0,,16.122,-7548000.0,71388000.0,71388000.0,208057000.0,36625000.0,2.635,0.627,385707000.0,2609000.0,383098000.0,385707000.0,0.0,14284000.0,0.0,0.015,0.12,58147000.0,72431000.0,0.204,72431000.0,58147000.0,54713000.0,0.45,0.45,0.45,1291044000.0,,1291044000.0,3007688928.0,15.0,11.47,19583000.0,0.245,1.0,147541000.0,0.415,1434871000.0,3434000.0,796007000.0,,166211000.0,0.0,0.0,0.0,809495000.0,183980000.0,625515000.0,2681114928.0,-2138000.0,0.0,1197000.0,-11077000.0,-9697000.0,-19023000.0,-7548000.0,0.0,27131000.0,-2698000.0,36625000.0,36625000.0,36625000.0,0.0,0.0,0.103,89648000.0,57893000.0,81386000.0,0.267,2.077,21.043,20.949,173774000.0,0.0,33.1,1.973,1.951,206387000.0,933602000.0,355598000.0,355598000.0,0.0,,,,,4194000.0,87781000.0,1.0,81000451.0,80080000,81509000.0,4.441,665668000.0,0.0,18088000.0,148776000.0,8.313,300853000.0
46,IEX,MRQ,2009-12-31,2009-12-31,2009-12-31,2021-07-28,25428000.0,2098157000.0,,451712000.0,1646445000.0,,15.864,-6713000.0,73526000.0,73526000.0,204311000.0,33087000.0,2.381,0.655,400100000.0,8346000.0,391754000.0,400100000.0,0.0,14453000.0,0.0,0.015,0.12,52786000.0,67239000.0,0.196,67239000.0,52786000.0,48820000.0,0.41,0.41,0.41,1268104000.0,,1268104000.0,2890477592.0,16.0,11.927,48145000.0,0.602,1.0,139033000.0,0.405,1461799000.0,3966000.0,773250000.0,,159463000.0,0.0,0.0,0.0,830053000.0,189682000.0,640371000.0,2517767592.0,-903000.0,0.0,4002000.0,-46193000.0,-9668000.0,-50729000.0,-5182000.0,0.0,54858000.0,150000.0,33087000.0,33087000.0,33087000.0,0.0,0.0,0.096,86592000.0,52441000.0,73020000.0,0.293,1.985,22.204,22.092,178283000.0,0.0,31.15,1.894,1.868,183178000.0,896977000.0,343344000.0,343344000.0,0.0,,,,,1690000.0,82766000.0,1.0,80827210.0,79938000,81303000.0,4.295,636358000.0,0.0,15733000.0,148806000.0,7.961,262030000.0
47,IEX,MRQ,2009-09-30,2009-09-30,2009-09-30,2021-07-28,24718000.0,2122843000.0,,458593000.0,1664250000.0,,15.505,-6676000.0,74429000.0,74429000.0,194191000.0,29777000.0,2.217,0.717,447139000.0,6307000.0,440832000.0,447139000.0,0.0,14135000.0,0.0,0.017,0.12,47899000.0,62034000.0,0.192,62034000.0,47899000.0,43948000.0,0.37,0.37,0.37,1236376000.0,,1236376000.0,2695901918.0,16.0,11.851,78087000.0,0.979,1.0,129058000.0,0.399,1474552000.0,3951000.0,814143000.0,,162384000.0,0.0,0.0,0.0,886467000.0,206858000.0,679609000.0,2255934918.0,6513000.0,0.0,1189000.0,-63683000.0,-9667000.0,-72337000.0,-6677000.0,0.0,84763000.0,764000.0,29777000.0,29777000.0,29777000.0,0.0,0.0,0.092,82541000.0,46517000.0,76321000.0,0.324,1.825,21.948,21.836,181006000.0,0.0,27.95,1.681,1.661,189417000.0,873590000.0,323249000.0,323249000.0,0.0,,,,,3547000.0,79789000.0,1.0,80713235.0,79740000,80879000.0,4.054,648291000.0,0.0,14171000.0,146857000.0,8.13,251735000.0
48,IEX,MRQ,2009-06-30,2009-06-30,2009-06-30,2021-07-28,14129000.0,2128256000.0,,467544000.0,1660712000.0,,15.074,-4846000.0,67916000.0,67916000.0,205354000.0,27922000.0,2.42,0.772,507883000.0,7038000.0,500845000.0,507883000.0,0.0,14164000.0,0.0,0.02,0.12,46350000.0,60514000.0,0.18,60514000.0,46350000.0,41910000.0,0.35,0.34,0.35,1201023000.0,,1201023000.0,2463086261.0,16.0,11.737,50422000.0,0.633,1.0,131101000.0,0.39,1468872000.0,4440000.0,906124000.0,,166977000.0,0.0,0.0,0.0,927233000.0,193227000.0,734006000.0,1982631261.0,4819000.0,0.0,1387000.0,-40653000.0,-9779000.0,-48986000.0,-4766000.0,0.0,55268000.0,3303000.0,27922000.0,27922000.0,27922000.0,0.0,0.0,0.083,84366000.0,46735000.0,75221000.0,0.343,1.651,21.344,21.365,181376000.0,0.0,24.57,1.433,1.415,200995000.0,853484000.0,336455000.0,336455000.0,0.0,,,,,2806000.0,81116000.0,1.0,80693173.0,79675000,80507000.0,4.223,659384000.0,0.0,13988000.0,144694000.0,8.276,274317000.0
49,IEX,MRQ,2009-03-31,2009-03-31,2009-03-31,2021-07-28,-20781000.0,2111258000.0,,477499000.0,1633759000.0,,14.503,-3242000.0,63097000.0,63097000.0,203419000.0,22605000.0,2.575,0.831,543552000.0,1786000.0,541766000.0,543552000.0,0.0,13594000.0,0.0,0.022,0.12,38970000.0,52564000.0,0.161,52564000.0,38970000.0,34149000.0,0.28,0.28,0.28,1153205000.0,,1153205000.0,2249541892.0,12.0,9.589,14401000.0,0.181,1.0,123194000.0,0.377,1444964000.0,4821000.0,961324000.0,,176805000.0,0.0,0.0,0.0,958053000.0,185425000.0,772628000.0,1756894892.0,1744000.0,0.0,1116000.0,-4961000.0,-9523000.0,-12932000.0,-2992000.0,0.0,17643000.0,25000.0,22605000.0,22605000.0,22605000.0,0.0,0.0,0.069,84033000.0,39161000.0,84971000.0,0.429,1.523,15.968,16.2,179897000.0,0.0,21.87,1.216,1.204,205730000.0,844891000.0,326613000.0,326613000.0,0.0,,,,,4905000.0,81782000.0,1.0,80333557.0,79513000,80219000.0,4.108,666294000.0,0.0,11544000.0,137834000.0,8.38,292074000.0
50,IEX,MRQ,2008-12-31,2008-12-31,2008-12-31,2021-07-28,-92000.0,2151800000.0,,480688000.0,1671112000.0,,14.215,-8733000.0,61353000.0,61353000.0,219647000.0,22480000.0,2.186,0.88,554000000.0,5856000.0,548144000.0,554000000.0,0.0,13507000.0,0.0,0.02,0.12,38868000.0,52375000.0,0.147,52375000.0,38868000.0,33635000.0,0.28,0.27,0.28,1144783000.0,,1144783000.0,2234337413.0,11.0,8.604,46214000.0,0.574,1.0,135659000.0,0.382,1470289000.0,5233000.0,954289000.0,,181200000.0,0.0,0.0,0.0,1007017000.0,219869000.0,787148000.0,1995817413.0,-172624000.0,-236645000.0,-48986000.0,82855000.0,-9902000.0,23160000.0,-245378000.0,0.0,54947000.0,-5353000.0,22480000.0,22480000.0,22480000.0,0.0,0.0,0.063,98029000.0,37630000.0,87304000.0,0.429,1.743,15.712,15.581,186283000.0,0.0,24.15,1.34,1.315,205269000.0,822286000.0,355306000.0,355306000.0,0.0,,,,,2368000.0,85310000.0,1.0,82642543.0,80532000,81291000.0,4.412,681511000.0,0.0,11155000.0,141984000.0,8.463,260819000.0
51,IEX,MRQ,2008-09-30,2008-09-30,2008-09-30,2021-07-28,56585000.0,2120188000.0,,657519000.0,1462669000.0,,15.397,-5901000.0,233977000.0,233977000.0,217409000.0,19883000.0,3.12,0.688,472497000.0,5999000.0,466498000.0,472497000.0,0.0,10879000.0,0.0,0.015,0.12,33527000.0,44406000.0,0.122,44406000.0,33527000.0,29666000.0,0.24,0.24,0.24,1255977000.0,,1255977000.0,2853050835.0,12.0,10.255,66935000.0,0.821,1.0,147784000.0,0.405,1278029000.0,3861000.0,869934000.0,,190514000.0,0.0,0.0,0.0,864211000.0,210745000.0,653466000.0,2560929835.0,115439000.0,30000.0,1503000.0,62430000.0,-9886000.0,54081000.0,-5871000.0,0.0,72836000.0,-5607000.0,19883000.0,19883000.0,19883000.0,0.0,0.0,0.054,116980000.0,30804000.0,88648000.0,0.5,2.039,18.094,18.035,172093000.0,0.0,31.02,1.73,1.71,210189000.0,830531000.0,365193000.0,365193000.0,0.0,,,,,3660000.0,81614000.0,1.0,82557377.0,81572000,82957000.0,4.477,842159000.0,0.0,9783000.0,138432000.0,10.324,446774000.0
52,IEX,MRQ,2008-06-30,2008-06-30,2008-06-30,2021-07-28,93448000.0,2105064000.0,,582908000.0,1522156000.0,,15.668,-6927000.0,118538000.0,118538000.0,235800000.0,45060000.0,2.517,0.652,410659000.0,13599000.0,397060000.0,410659000.0,0.0,12164000.0,0.0,0.013,0.12,73097000.0,85261000.0,0.215,85261000.0,73097000.0,69005000.0,0.55,0.54,0.55,1274137000.0,,1274137000.0,3382577809.0,13.0,11.024,57797000.0,0.711,1.0,161510000.0,0.407,1331763000.0,4092000.0,833810000.0,,197702000.0,0.0,0.0,0.0,830927000.0,231612000.0,599315000.0,3032791809.0,18722000.0,-628000.0,7379000.0,-38895000.0,-9821000.0,-39100000.0,-7555000.0,0.0,64724000.0,653000.0,45060000.0,45060000.0,45060000.0,0.0,0.0,0.113,89400000.0,72110000.0,101817000.0,0.218,2.38,18.947,18.796,178318000.0,0.0,36.84,2.092,2.066,240028000.0,821359000.0,397310000.0,397310000.0,0.0,,,,,3059000.0,89400000.0,1.0,82323339.0,81322000,82746000.0,4.886,773301000.0,0.0,23945000.0,152192000.0,9.509,351296000.0
53,IEX,MRQ,2008-03-31,2008-03-31,2008-03-31,2021-07-28,87511000.0,2085961000.0,,568643000.0,1517318000.0,,15.154,-6276000.0,99816000.0,99816000.0,219182000.0,39603000.0,2.68,0.698,449602000.0,5964000.0,443638000.0,449602000.0,0.0,12049000.0,0.0,0.016,0.12,65587000.0,77636000.0,0.209,77636000.0,65587000.0,59921000.0,0.49,0.48,0.49,1228484000.0,,1228484000.0,2715868475.0,10.0,9.05,24277000.0,0.299,1.0,152480000.0,0.41,1331825000.0,5666000.0,891750000.0,,200925000.0,0.0,0.0,0.0,857477000.0,212172000.0,645305000.0,2503899475.0,-2941000.0,-155582000.0,525000.0,-5888000.0,-9789000.0,-15462000.0,-21853000.0,0.0,30553000.0,3821000.0,39603000.0,39603000.0,39603000.0,0.0,0.0,0.107,87068000.0,65412000.0,101370000.0,0.245,2.038,15.985,15.902,179762000.0,0.0,30.69,1.792,1.781,241525000.0,794898000.0,371662000.0,371662000.0,0.0,,,,,2793000.0,87068000.0,1.0,81586819.0,81067000,82288000.0,4.585,754136000.0,0.0,20318000.0,149899000.0,9.303,356471000.0
54,IEX,MRQ,2007-12-31,2007-12-31,2007-12-31,2021-07-28,66380000.0,1989594000.0,,637138000.0,1352456000.0,,14.359,-5734000.0,242762000.0,242762000.0,204699000.0,36991000.0,3.202,0.711,454731000.0,5830000.0,448901000.0,454731000.0,0.0,9733000.0,0.0,0.013,0.12,61188000.0,70921000.0,0.205,70921000.0,61188000.0,55809000.0,0.44,0.45,0.44,1162723000.0,,1162723000.0,3173355279.0,12.0,10.81,55064000.0,0.68,1.0,141298000.0,0.408,1168785000.0,5379000.0,833825000.0,,177435000.0,0.0,0.0,0.0,826871000.0,198953000.0,627918000.0,2944321279.0,27765000.0,-30229000.0,1747000.0,150348000.0,-9759000.0,143018000.0,-174468000.0,0.0,60798000.0,-1583000.0,36991000.0,36991000.0,36991000.0,-55000.0,0.0,0.107,82068000.0,59230000.0,84209000.0,0.273,2.532,19.156,19.116,172999000.0,0.0,36.13,2.167,2.145,193326000.0,753519000.0,345997000.0,345997000.0,0.0,,,,,2202000.0,82068000.0,1.0,81492424.0,80975000,82329000.0,4.273,820809000.0,0.0,18818000.0,124472000.0,10.137,438185000.0
55,IEX,MRQ,2007-09-30,2007-09-30,2007-09-30,2021-07-28,52436000.0,1777280000.0,,466280000.0,1311000000.0,,13.829,-5646000.0,74992000.0,74992000.0,197219000.0,38412000.0,1.369,0.59,304026000.0,154578000.0,149448000.0,304026000.0,0.0,9826000.0,0.0,0.012,0.12,63180000.0,73006000.0,0.218,73006000.0,63180000.0,57643000.0,0.48,0.47,0.48,1117828000.0,,1117828000.0,3238295132.0,13.0,11.142,52674000.0,0.652,1.0,137665000.0,0.411,1135479000.0,5537000.0,530336000.0,,178622000.0,0.0,0.0,0.0,659452000.0,340499000.0,318953000.0,2961676132.0,22966000.0,1054000.0,2714000.0,-25331000.0,-9745000.0,-33111000.0,-4592000.0,0.0,58320000.0,2349000.0,38412000.0,38412000.0,38412000.0,405000.0,0.0,0.115,74517000.0,63148000.0,86769000.0,0.25,2.649,19.44,19.153,170788000.0,0.0,36.39,2.253,2.237,193457000.0,724857000.0,334884000.0,334884000.0,0.0,,,,,1908000.0,74517000.0,1.0,81387088.0,80832000,82311000.0,4.143,641801000.0,0.0,19231000.0,115225000.0,7.94,125781000.0
56,IEX,MRQ,2007-06-30,2007-06-30,2007-06-30,2021-07-28,36361000.0,1749112000.0,,446268000.0,1302844000.0,,13.237,-7412000.0,52025000.0,52025000.0,196948000.0,41630000.0,1.281,0.639,328644000.0,158240000.0,170404000.0,328644000.0,0.0,9340000.0,0.0,0.011,0.12,69181000.0,78521000.0,0.228,78521000.0,69181000.0,63123000.0,0.52,0.51,0.52,1066860000.0,,1066860000.0,3425412315.0,13.0,11.74,56255000.0,0.698,1.0,147534000.0,0.428,1128378000.0,6058000.0,548881000.0,,174054000.0,0.0,0.0,0.0,682252000.0,348472000.0,333780000.0,3126523315.0,-25478000.0,-31789000.0,5267000.0,-47884000.0,-9708000.0,-49959000.0,-39201000.0,0.0,63667000.0,15000.0,41630000.0,41630000.0,41630000.0,205000.0,0.0,0.121,78669000.0,68865000.0,90991000.0,0.231,2.931,19.549,19.27,169513000.0,0.0,38.54,2.462,2.446,199320000.0,696206000.0,344482000.0,344482000.0,0.0,,,,,2410000.0,78669000.0,1.0,81124113.0,80595000,82046000.0,4.274,620734000.0,0.0,21493000.0,112707000.0,7.702,97796000.0
57,IEX,MRQ,2007-03-31,2007-03-31,2007-03-31,2021-07-28,31890000.0,1744240000.0,,466159000.0,1278081000.0,,12.817,-5418000.0,77500000.0,77500000.0,193604000.0,36667000.0,1.38,0.695,376389000.0,158489000.0,217900000.0,376389000.0,0.0,9139000.0,0.0,0.012,0.1,61961000.0,71100000.0,0.213,71100000.0,61961000.0,55582000.0,0.46,0.45,0.46,1028766000.0,,1028766000.0,3022601118.0,12.0,10.893,9922000.0,0.124,1.0,139664000.0,0.419,1108270000.0,6379000.0,597015000.0,,169668000.0,0.0,0.0,0.0,715474000.0,337844000.0,377630000.0,2738562118.0,-439000.0,-24917000.0,4268000.0,12523000.0,-8055000.0,11789000.0,-30335000.0,0.0,15340000.0,2767000.0,36667000.0,36667000.0,36667000.0,164000.0,0.0,0.11,78112000.0,61552000.0,87332000.0,0.217,2.662,17.869,17.667,167278000.0,0.0,33.92,2.241,2.228,196336000.0,674042000.0,333268000.0,333268000.0,0.0,,,,,660000.0,78112000.0,1.0,80735912.0,80264000,81677000.0,4.152,635970000.0,0.0,18915000.0,109293000.0,7.923,128315000.0
58,IEX,MRQ,2006-12-31,2006-12-31,2006-12-31,2021-07-28,25986000.0,1670821000.0,,417908000.0,1252913000.0,,12.25,-3300000.0,77941000.0,77941000.0,176543000.0,35641000.0,2.232,0.706,361980000.0,8210000.0,353770000.0,361980000.0,0.0,9269000.0,0.0,0.012,0.1,58753000.0,68022000.0,0.225,68022000.0,58753000.0,52768000.0,0.44,0.44,0.44,979272000.0,,979272000.0,2631391750.0,11.0,10.076,46603000.0,0.583,1.0,125588000.0,0.416,1083963000.0,5985000.0,683645000.0,,160687000.0,0.0,0.0,0.0,691549000.0,187252000.0,504297000.0,2542474750.0,-587000.0,-240531000.0,2938000.0,194270000.0,-8036000.0,189601000.0,-243484000.0,0.0,49903000.0,3393000.0,35641000.0,35641000.0,35641000.0,548000.0,0.0,0.118,66557000.0,59031000.0,75444000.0,0.227,2.596,17.335,17.178,165949000.0,0.0,31.607,2.201,2.176,166485000.0,638579000.0,302131000.0,302131000.0,0.0,,,,,1364000.0,66557000.0,1.0,80441091.0,79941000,81213000.0,3.779,586858000.0,0.0,17127000.0,100316000.0,7.341,230656000.0
59,IEX,MRQ,2006-09-30,2006-09-30,2006-09-30,2021-07-28,36397000.0,1405848000.0,,394144000.0,1011704000.0,,11.977,-5482000.0,78529000.0,78529000.0,171083000.0,45996000.0,2.266,0.473,167446000.0,7278000.0,160168000.0,167446000.0,0.0,6546000.0,0.0,0.013,0.1,67577000.0,74123000.0,0.256,74123000.0,67577000.0,64211000.0,0.58,0.57,0.58,954415000.0,,954415000.0,2449291679.0,11.0,9.941,35628000.0,0.447,1.0,118765000.0,0.41,827514000.0,3366000.0,493304000.0,,140842000.0,0.0,0.0,0.0,451433000.0,173947000.0,277486000.0,2301572679.0,27469000.0,31452000.0,933000.0,-31862000.0,-8027000.0,-39086000.0,25270000.0,0.0,41110000.0,175000.0,45996000.0,45996000.0,45996000.0,-12663000.0,0.0,0.159,64352000.0,54413000.0,73944000.0,0.172,2.412,16.47,16.307,154387000.0,0.0,28.7,2.082,2.068,157846000.0,611023000.0,289848000.0,289848000.0,0.0,,,,,2497000.0,64352000.0,1.0,80194170.0,79689000,80957000.0,3.637,578334000.0,0.0,18215000.0,72515000.0,7.257,220197000.0
60,IEX,MRQ,2006-06-30,2006-06-30,2006-06-30,2021-07-28,36436000.0,1386514000.0,,368142000.0,1018372000.0,,11.478,-4534000.0,51052000.0,51052000.0,173652000.0,34956000.0,1.942,0.519,198771000.0,7773000.0,190998000.0,198771000.0,0.0,7652000.0,0.0,0.011,0.1,56579000.0,64231000.0,0.217,64231000.0,56579000.0,52518000.0,0.44,0.43,0.44,912745000.0,,912745000.0,2615003954.0,13.0,11.618,39947000.0,0.502,1.0,122921000.0,0.414,833383000.0,4061000.0,511310000.0,,138204000.0,0.0,0.0,0.0,473769000.0,189540000.0,284229000.0,2519154954.0,-20050000.0,-92931000.0,7180000.0,31710000.0,-8009000.0,32971000.0,-98586000.0,0.0,44481000.0,1084000.0,34956000.0,34956000.0,34956000.0,-337000.0,0.0,0.118,66937000.0,55984000.0,78848000.0,0.227,2.76,20.605,20.34,154675000.0,0.0,31.467,2.365,2.349,154588000.0,573060000.0,296573000.0,296573000.0,0.0,,,,,1172000.0,66937000.0,1.0,80057890.0,79521000,81043000.0,3.729,553131000.0,0.0,17562000.0,0.0,6.956,178602000.0
61,IEX,MRQ,2006-03-31,2006-03-31,2006-03-31,2021-07-28,23440000.0,1307463000.0,,381782000.0,925681000.0,,11.009,-4015000.0,71111000.0,71111000.0,156255000.0,30078000.0,2.354,0.504,166960000.0,6982000.0,159978000.0,166960000.0,0.0,6293000.0,0.0,0.009,0.08,48286000.0,54579000.0,0.205,54579000.0,48286000.0,45345000.0,0.38,0.373,0.38,869209000.0,,869209000.0,2845064402.0,15.0,13.195,20508000.0,0.26,1.0,110133000.0,0.413,746598000.0,2941000.0,494505000.0,,136744000.0,0.0,0.0,0.0,438254000.0,162209000.0,276045000.0,2762311402.0,-6179000.0,-27255000.0,6163000.0,-599000.0,-6321000.0,1282000.0,-31376000.0,0.0,24523000.0,-608000.0,30078000.0,30078000.0,30078000.0,-497000.0,0.0,0.113,62355000.0,47778000.0,80995000.0,0.211,3.178,23.765,23.389,148508000.0,0.0,34.78,2.672,2.656,154327000.0,554113000.0,266388000.0,266388000.0,0.0,,,,,-127000.0,62355000.0,1.0,79422410.0,78955500,80785500.0,3.374,560865000.0,0.0,15267000.0,0.0,7.104,219573000.0
62,IEX,MRQ,2005-12-31,2005-12-31,2005-12-31,2021-07-28,19276000.0,1244180000.0,,350971000.0,893209000.0,,10.489,-5656000.0,77201000.0,77201000.0,149338000.0,28710000.0,2.289,0.512,160043000.0,3144000.0,156899000.0,160043000.0,0.0,6226000.0,0.0,0.012,0.08,47229000.0,53455000.0,0.211,53455000.0,47229000.0,44053000.0,0.36,0.363,0.36,823010000.0,,823010000.0,2277920970.0,12.0,10.895,37338000.0,0.476,1.0,103528000.0,0.409,720014000.0,3176000.0,453712000.0,,123281000.0,0.0,0.0,0.0,421170000.0,153296000.0,267874000.0,2150802970.0,43628000.0,-766000.0,11928000.0,-852000.0,-6289000.0,7119000.0,-6561000.0,0.0,42994000.0,76000.0,28710000.0,28710000.0,28710000.0,-383000.0,0.0,0.114,56760000.0,46768000.0,66859000.0,0.222,2.613,19.588,19.3,142485000.0,0.0,27.407,2.127,2.089,129428000.0,524035000.0,252866000.0,252866000.0,0.0,,,,,669000.0,56760000.0,1.0,78477364.0,78460500,80056500.0,3.223,524166000.0,0.0,15343000.0,64650000.0,6.681,197675000.0
63,IEX,MRQ,2005-09-30,2005-09-30,2005-09-30,2021-07-28,24748000.0,1211698000.0,,313641000.0,898057000.0,,10.212,-5117000.0,33662000.0,33662000.0,148272000.0,28515000.0,1.991,0.532,160780000.0,0.0,160780000.0,160780000.0,0.0,6294000.0,0.0,0.011,0.08,46527000.0,52821000.0,0.212,52821000.0,46527000.0,42993000.0,0.367,0.36,0.367,790685000.0,,790685000.0,2378601635.0,14.0,11.916,43579000.0,0.563,1.0,101304000.0,0.406,722867000.0,3534000.0,458419000.0,,129390000.0,0.0,0.0,0.0,421013000.0,157530000.0,263483000.0,2197322635.0,24876000.0,0.0,16903000.0,-26648000.0,-6182000.0,-18545000.0,-5275000.0,0.0,48696000.0,0.0,28515000.0,28515000.0,28515000.0,-523000.0,0.0,0.114,55434000.0,45870000.0,76813000.0,0.218,2.779,21.178,20.858,146720000.0,0.0,28.367,2.238,2.237,141684000.0,501667000.0,249576000.0,249576000.0,0.0,,,,,636000.0,55434000.0,1.0,77461432.0,77427000,79606500.0,3.223,488831000.0,0.0,14478000.0,0.0,6.313,156111000.0
64,IEX,MRQ,2005-06-30,2005-06-30,2005-06-30,2021-07-28,26279000.0,1192022000.0,,290961000.0,901061000.0,,9.751,-5991000.0,8787000.0,8787000.0,155370000.0,28933000.0,1.86,0.599,190066000.0,0.0,190066000.0,190066000.0,0.0,6595000.0,0.0,0.012,0.08,48159000.0,54754000.0,0.207,54754000.0,48159000.0,44353000.0,0.38,0.367,0.38,745380000.0,,745380000.0,2182416807.0,13.0,11.266,30940000.0,0.405,1.0,109579000.0,0.414,724078000.0,3806000.0,492777000.0,,126670000.0,0.0,0.0,0.0,446642000.0,156446000.0,290196000.0,1972780807.0,595000.0,0.0,4668000.0,-29495000.0,-6148000.0,-30180000.0,-6156000.0,0.0,36931000.0,0.0,28933000.0,28933000.0,28933000.0,-324000.0,0.0,0.109,61989000.0,47590000.0,80915000.0,0.211,2.647,20.037,19.8,148318000.0,0.0,25.74,2.034,2.029,144096000.0,479452000.0,264949000.0,264949000.0,0.0,,,,,794000.0,61989000.0,1.0,76642611.0,76444500,78961500.0,3.466,467944000.0,0.0,15420000.0,0.0,6.121,134515000.0
65,IEX,MRQ,2005-03-31,2005-03-31,2005-03-31,2021-07-28,39629000.0,1194476000.0,,279167000.0,915309000.0,,9.599,-5682000.0,8191000.0,8191000.0,150101000.0,23645000.0,1.895,0.637,217827000.0,0.0,217827000.0,217827000.0,0.0,7139000.0,0.0,0.011,0.08,40825000.0,47964000.0,0.19,47964000.0,40825000.0,36946000.0,0.313,0.3,0.313,729669000.0,,729669000.0,2269682610.0,14.0,12.217,10585000.0,0.139,1.0,101957000.0,0.404,734063000.0,3879000.0,522705000.0,,125884000.0,0.0,0.0,0.0,464807000.0,147344000.0,317463000.0,2051639610.0,917000.0,-425000.0,4004000.0,-4781000.0,-6070000.0,-9243000.0,-6107000.0,0.0,16267000.0,0.0,23645000.0,23645000.0,23645000.0,0.0,0.0,0.094,61262000.0,40695000.0,72926000.0,0.256,2.812,22.214,21.923,152177000.0,0.0,26.9,2.186,2.179,132168000.0,456674000.0,252058000.0,252058000.0,0.0,,,,,738000.0,61262000.0,1.0,76269130.0,76018500,78574500.0,3.316,460413000.0,0.0,13301000.0,0.0,6.057,131823000.0
66,IEX,MRQ,2004-12-31,2004-12-31,2004-12-31,2021-07-28,48402000.0,1186292000.0,,261238000.0,925054000.0,,9.427,-6030000.0,7274000.0,7274000.0,126577000.0,22661000.0,1.762,0.662,225317000.0,0.0,225317000.0,225317000.0,0.0,5842000.0,0.0,0.011,0.08,38228000.0,44070000.0,0.205,44070000.0,38228000.0,34375000.0,0.3,0.3,0.3,713605000.0,,713605000.0,2308462282.0,16.0,13.099,42855000.0,0.566,1.0,88748000.0,0.412,743164000.0,3853000.0,512916000.0,,126978000.0,0.0,0.0,0.0,472687000.0,148255000.0,324432000.0,2050570282.0,914000.0,237000.0,4409000.0,-42301000.0,-6070000.0,-41329000.0,-5822000.0,0.0,48885000.0,-820000.0,22661000.0,22661000.0,22661000.0,-71000.0,0.0,0.105,50511000.0,38237000.0,71405000.0,0.267,2.874,23.732,23.417,155602000.0,0.0,27.0,2.276,2.251,119567000.0,439137000.0,215325000.0,215325000.0,0.0,,,,,-3546000.0,50511000.0,1.0,75947048.0,75694500,74821500.0,2.845,443128000.0,0.0,11714000.0,0.0,5.854,112983000.0
67,IEX,MRQ,2004-09-30,2004-09-30,2004-09-30,2021-07-28,22541000.0,1162389000.0,,264979000.0,897410000.0,,8.76,-5046000.0,6360000.0,6360000.0,142568000.0,23219000.0,1.773,0.759,264252000.0,0.0,264252000.0,264252000.0,0.0,7356000.0,0.0,0.012,0.08,39577000.0,46933000.0,0.198,46933000.0,39577000.0,35721000.0,0.307,0.293,0.307,660820000.0,,660820000.0,1992097946.0,14.0,11.945,36968000.0,0.49,1.0,94989000.0,0.4,729283000.0,3856000.0,541567000.0,,124688000.0,0.0,0.0,0.0,501569000.0,149431000.0,352138000.0,1711936946.0,371000.0,-9750000.0,1155000.0,-19329000.0,-6048000.0,-26800000.0,-14843000.0,0.0,42014000.0,0.0,23219000.0,23219000.0,23219000.0,0.0,0.0,0.098,55028000.0,39961000.0,71445000.0,0.261,2.591,21.413,21.1,151900000.0,0.0,22.64,1.937,1.933,126781000.0,422576000.0,237557000.0,237557000.0,0.0,,,,,4833000.0,55028000.0,1.0,75615590.0,75439500,78600000.0,3.149,433106000.0,0.0,12502000.0,0.0,5.741,115548000.0
68,IEX,MRQ,2004-06-30,2004-06-30,2004-06-30,2021-07-28,19553000.0,1153803000.0,,262187000.0,891616000.0,,8.505,-4411000.0,5989000.0,5989000.0,139667000.0,22834000.0,1.839,0.807,286150000.0,0.0,286150000.0,286150000.0,0.0,7240000.0,0.0,0.011,0.062,39579000.0,46819000.0,0.2,46819000.0,39579000.0,35960000.0,0.307,0.293,0.307,638644000.0,,638644000.0,1913367214.0,15.0,12.278,28294000.0,0.377,1.0,93923000.0,0.402,721490000.0,3619000.0,569918000.0,,119701000.0,0.0,0.0,0.0,515159000.0,142556000.0,372603000.0,1722405214.0,-1843000.0,-120822000.0,9267000.0,84678000.0,-4669000.0,90623000.0,-125171000.0,0.0,32705000.0,0.0,22834000.0,22834000.0,22834000.0,0.0,0.0,0.098,54109000.0,39814000.0,77577000.0,0.202,2.697,23.517,23.061,153555000.0,0.0,22.9,2.042,2.039,124648000.0,405426000.0,233590000.0,233590000.0,0.0,,,,,517000.0,54109000.0,1.0,75214202.0,75090000,78055500.0,3.111,432313000.0,0.0,13126000.0,0.0,5.757,119631000.0
69,IEX,MRQ,2004-03-31,2004-03-31,2004-03-31,2021-07-28,19248000.0,1020018000.0,,240589000.0,779429000.0,,8.235,-5348000.0,7832000.0,7832000.0,128870000.0,17692000.0,1.815,0.669,198794000.0,0.0,198794000.0,198794000.0,0.0,7119000.0,0.0,0.013,0.062,31297000.0,38416000.0,0.179,38416000.0,31297000.0,27861000.0,0.24,0.233,0.24,611123000.0,,611123000.0,1607553102.0,14.0,11.018,14112000.0,0.19,1.0,85730000.0,0.399,612026000.0,3436000.0,466385000.0,,109077000.0,0.0,0.0,0.0,408895000.0,132569000.0,276326000.0,1439559102.0,-720000.0,-40648000.0,8017000.0,24647000.0,-4628000.0,25486000.0,-45666000.0,0.0,19460000.0,0.0,17692000.0,17692000.0,17692000.0,0.0,0.0,0.082,54444000.0,31286000.0,67233000.0,0.258,2.356,21.375,21.005,150127000.0,0.0,19.324,1.762,1.755,113216000.0,388646000.0,214600000.0,214600000.0,0.0,,,,,509000.0,54444000.0,1.0,74494204.0,74212500,76918500.0,2.892,407992000.0,0.0,10169000.0,0.0,5.498,108020000.0
70,IEX,MRQ,2003-12-31,2003-12-31,2003-12-31,2021-07-28,23411000.0,960739000.0,,224496000.0,736243000.0,,8.027,-3268000.0,8552000.0,8552000.0,121245000.0,16205000.0,1.941,0.623,176546000.0,0.0,176546000.0,176546000.0,0.0,6113000.0,0.0,0.013,0.062,28494000.0,34607000.0,0.175,34607000.0,28494000.0,25124000.0,0.22,0.213,0.22,592102000.0,,592102000.0,1549079628.0,14.0,11.198,18717000.0,0.254,1.0,76716000.0,0.388,578409000.0,3370000.0,434643000.0,,105304000.0,0.0,0.0,0.0,368637000.0,115681000.0,252956000.0,1368535628.0,389000.0,209000.0,2323000.0,-14907000.0,-4605000.0,-14632000.0,-6385000.0,0.0,21985000.0,-579000.0,16205000.0,16205000.0,16205000.0,0.0,0.0,0.082,48755000.0,27961000.0,56252000.0,0.282,2.311,21.949,21.67,147095000.0,0.0,18.484,1.715,1.696,101859000.0,375629000.0,197961000.0,197961000.0,0.0,,,,,2536000.0,48755000.0,1.0,74037152.0,73764000,75967500.0,2.684,382330000.0,0.0,8919000.0,0.0,5.183,108815000.0
71,IEX,MRQ,2003-09-30,2003-09-30,2003-09-30,2021-07-28,12813000.0,953949000.0,,227999000.0,725950000.0,,7.71,-5207000.0,8163000.0,8163000.0,121136000.0,16509000.0,1.985,0.684,188707000.0,0.0,188707000.0,188707000.0,0.0,7045000.0,0.0,0.015,0.062,28948000.0,35993000.0,0.182,35993000.0,28948000.0,25596000.0,0.227,0.22,0.227,566568000.0,,566568000.0,1410299520.0,13.0,10.629,38021000.0,0.517,1.0,76178000.0,0.386,570866000.0,3352000.0,448767000.0,,104820000.0,0.0,0.0,0.0,387381000.0,114860000.0,272521000.0,1193484520.0,2307000.0,-3787000.0,6284000.0,-31180000.0,-4577000.0,-32059000.0,-8862000.0,0.0,43228000.0,0.0,16509000.0,16509000.0,16509000.0,0.0,0.0,0.084,47235000.0,28943000.0,57520000.0,0.273,2.107,20.465,20.194,143143000.0,0.0,16.196,1.516,1.511,108763000.0,364046000.0,197314000.0,197314000.0,0.0,,,,,475000.0,47235000.0,1.0,73692101.0,73488000,75690000.0,2.685,383083000.0,0.0,9087000.0,0.0,5.213,113139000.0
72,IEX,MRQ,2003-06-30,2003-06-30,2003-06-30,2021-07-28,10856000.0,962436000.0,,240913000.0,721523000.0,,7.487,-4615000.0,5856000.0,5856000.0,125024000.0,16943000.0,2.142,0.764,222671000.0,0.0,222671000.0,222671000.0,0.0,6982000.0,0.0,0.015,0.062,29898000.0,36880000.0,0.178,36880000.0,29898000.0,26268000.0,0.233,0.227,0.233,545519000.0,,545519000.0,1407992617.0,14.0,10.813,25577000.0,0.351,1.0,82123000.0,0.396,565610000.0,3630000.0,501147000.0,,108484000.0,0.0,0.0,0.0,416917000.0,112494000.0,304423000.0,1177608617.0,-1916000.0,-10376000.0,4021000.0,-18332000.0,-4551000.0,-17274000.0,-14834000.0,0.0,30192000.0,0.0,16943000.0,16943000.0,16943000.0,0.0,0.0,0.082,52566000.0,29557000.0,60525000.0,0.266,2.159,20.808,20.65,144538000.0,0.0,16.107,1.511,1.506,118443000.0,352144000.0,207147000.0,207147000.0,0.0,,,,,474000.0,52566000.0,1.0,73113118.0,72864000,74545500.0,2.843,396826000.0,0.0,9325000.0,0.0,5.446,128419000.0
73,IEX,MRQ,2003-03-31,2003-03-31,2003-03-31,2021-07-28,2424000.0,939354000.0,,231386000.0,707968000.0,,7.157,-3792000.0,7772000.0,7772000.0,121195000.0,12695000.0,2.256,0.806,238156000.0,0.0,238156000.0,238156000.0,0.0,7436000.0,0.0,0.019,0.062,23421000.0,30857000.0,0.158,30857000.0,23421000.0,19682000.0,0.173,0.173,0.173,520007000.0,,520007000.0,1176742811.0,12.0,9.137,13068000.0,0.18,1.0,74303000.0,0.38,552122000.0,3739000.0,515038000.0,,106257000.0,0.0,0.0,0.0,419347000.0,102578000.0,316769000.0,942643811.0,820000.0,-8000000.0,548000.0,-700000.0,-4551000.0,-7285000.0,-8755000.0,0.0,16860000.0,0.0,12695000.0,12695000.0,12695000.0,0.0,0.0,0.065,50902000.0,23401000.0,54915000.0,0.358,1.813,17.058,16.87,144373000.0,0.0,12.889,1.236,1.228,107353000.0,339776000.0,195498000.0,195498000.0,0.0,,,,,475000.0,50902000.0,1.0,73136158.0,72654750,73811250.0,2.691,387232000.0,0.0,6987000.0,0.0,5.33,128808000.0
74,IEX,MRQ,2002-12-31,2002-12-31,2002-12-31,2021-07-28,-1331000.0,931050000.0,,221260000.0,709790000.0,,6.984,-2287000.0,6952000.0,6952000.0,117282000.0,12171000.0,2.042,0.837,241051000.0,0.0,241051000.0,241051000.0,0.0,6260000.0,0.0,0.017,0.062,22699000.0,28959000.0,0.154,28959000.0,22699000.0,18870000.0,0.169,0.162,0.169,506791000.0,,506791000.0,1304889409.0,13.0,10.204,23657000.0,0.326,1.0,70261000.0,0.375,550040000.0,3829000.0,506777000.0,,105580000.0,0.0,0.0,0.0,424259000.0,108332000.0,315927000.0,1061405409.0,864000.0,-5392000.0,6000.0,-11558000.0,-4544000.0,-13553000.0,-11527000.0,0.0,25944000.0,0.0,12171000.0,12171000.0,12171000.0,0.0,0.0,0.065,47500000.0,22761000.0,61153000.0,0.367,2.094,19.615,19.123,148246000.0,0.0,14.533,1.43,1.396,101494000.0,331635000.0,187543000.0,187543000.0,0.0,,,,,475000.0,47810000.0,1.0,73032482.0,72567750,73974000.0,2.584,381010000.0,0.0,6699000.0,0.0,5.25,112928000.0
75,IEX,MRQ,2002-09-30,2002-09-30,2002-09-30,2021-07-28,859000.0,919281000.0,,228606000.0,690675000.0,,6.899,-4069000.0,6088000.0,6088000.0,117491000.0,14786000.0,2.225,0.837,249572000.0,0.0,249572000.0,249572000.0,0.0,6967000.0,0.0,0.02,0.062,26547000.0,33514000.0,0.177,33514000.0,26547000.0,22596000.0,0.204,0.2,0.204,500519000.0,,500519000.0,1129853957.0,13.0,10.771,27642000.0,0.381,1.0,71614000.0,0.379,531700000.0,3951000.0,528325000.0,,104152000.0,0.0,0.0,0.0,418762000.0,102740000.0,316022000.0,926637957.0,-1604000.0,-63998000.0,538000.0,41234000.0,-4542000.0,34672000.0,-67987000.0,0.0,31711000.0,0.0,14786000.0,14786000.0,14786000.0,0.0,0.0,0.078,44669000.0,26945000.0,51420000.0,0.304,1.851,20.038,19.432,146895000.0,0.0,12.689,1.281,1.273,105605000.0,324012000.0,189105000.0,189105000.0,0.0,,,,,475000.0,44669000.0,1.0,73027510.0,72551250,73986750.0,2.607,387581000.0,0.0,7810000.0,0.0,5.342,125866000.0
76,IEX,MRQ,2002-06-30,2002-06-30,2002-06-30,2021-07-28,-221000.0,864247000.0,,230561000.0,633686000.0,,6.853,-4715000.0,7692000.0,7692000.0,116292000.0,15610000.0,2.277,0.77,210908000.0,0.0,210908000.0,210908000.0,0.0,7168000.0,0.0,0.017,0.062,28294000.0,35462000.0,0.186,35462000.0,28294000.0,24390000.0,0.218,0.213,0.218,488321000.0,,488321000.0,1304590164.0,16.0,12.878,23323000.0,0.327,1.0,74138000.0,0.389,482924000.0,3904000.0,483277000.0,,103296000.0,0.0,0.0,0.0,375926000.0,101262000.0,274664000.0,1035692164.0,971000.0,-5538000.0,54567000.0,-72185000.0,-4332000.0,-20582000.0,-6485000.0,0.0,28038000.0,0.0,15610000.0,15610000.0,15610000.0,0.0,0.0,0.082,45978000.0,28160000.0,53020000.0,0.284,2.121,26.125,26.167,138539000.0,0.0,14.889,1.454,1.489,105371000.0,313770000.0,190430000.0,190430000.0,0.0,,,,,475000.0,45871000.0,1.0,69561414.0,71253000,73469250.0,2.673,381323000.0,0.0,8780000.0,0.0,5.352,129299000.0
77,IEX,MRQ,2002-03-31,2002-03-31,2002-03-31,2021-07-28,-13367000.0,838941000.0,,223939000.0,615002000.0,,5.989,-4330000.0,6721000.0,6721000.0,109511000.0,11545000.0,2.415,1.04,275619000.0,0.0,275619000.0,275619000.0,0.0,7231000.0,0.0,0.015,0.062,22709000.0,29940000.0,0.171,29940000.0,22709000.0,18039000.0,0.169,0.164,0.169,411179000.0,,411179000.0,1424554303.0,18.0,13.878,19462000.0,0.283,1.0,65425000.0,0.374,465792000.0,4670000.0,549335000.0,,101120000.0,0.0,0.0,0.0,427762000.0,92712000.0,335050000.0,1137706303.0,1749000.0,0.0,1480000.0,-11999000.0,-4303000.0,-17713000.0,-4330000.0,0.0,23792000.0,0.0,11545000.0,11545000.0,11545000.0,0.0,0.0,0.066,42919000.0,22506000.0,46238000.0,0.367,2.767,30.727,30.34,136894000.0,0.0,16.444,1.592,1.58,97598000.0,302708000.0,174936000.0,174936000.0,0.0,,,,,474000.0,42919000.0,1.0,69184843.0,68654250,70974000.0,2.548,373149000.0,0.0,6494000.0,0.0,5.435,131227000.0
78,IEX,MRQ,2001-12-31,2001-12-31,2001-12-31,2021-07-28,-12149000.0,838804000.0,,214903000.0,623901000.0,,5.86,-3540000.0,4972000.0,4972000.0,109213000.0,4304000.0,2.461,1.091,291820000.0,0.0,291820000.0,291820000.0,0.0,-5899000.0,0.0,0.016,0.062,11879000.0,5980000.0,0.035,5980000.0,11879000.0,6948000.0,0.062,0.058,0.062,401112000.0,,401112000.0,1360694456.0,18.0,13.536,19715000.0,0.288,1.0,59580000.0,0.353,467336000.0,4931000.0,570978000.0,,104111000.0,0.0,0.0,0.0,437692000.0,87338000.0,350354000.0,1058889456.0,-1380000.0,-2533000.0,845000.0,-16825000.0,-4296000.0,-18562000.0,-6073000.0,0.0,23255000.0,0.0,4304000.0,4304000.0,4304000.0,0.0,0.0,0.025,48003000.0,11577000.0,41260000.0,1.0,2.64,32.372,31.944,144146000.0,0.0,15.333,1.457,1.434,93053000.0,295489000.0,168793000.0,168793000.0,0.0,,,,,475000.0,38813000.0,1.0,69058008.0,68451750,69997500.0,2.466,371468000.0,0.0,2644000.0,0.0,5.427,127565000.0
79,IEX,MRQ,2001-09-30,2001-09-30,2001-09-30,2021-07-28,-11969000.0,867926000.0,,237293000.0,630633000.0,,5.857,-5181000.0,6352000.0,6352000.0,113480000.0,8184000.0,2.379,1.171,308157000.0,0.0,308157000.0,308157000.0,0.0,11112000.0,0.0,0.02,0.062,18808000.0,29920000.0,0.168,29920000.0,18808000.0,13602000.0,0.12,0.116,0.12,399731000.0,,399731000.0,1166909313.0,13.0,10.15,27260000.0,0.399,1.0,64657000.0,0.363,471756000.0,5206000.0,598249000.0,,112866000.0,0.0,0.0,0.0,468195000.0,99726000.0,368469000.0,844958313.0,-3498000.0,-125000.0,3161000.0,-27064000.0,-4272000.0,-30633000.0,-5306000.0,0.0,32441000.0,0.0,8184000.0,8184000.0,8184000.0,0.0,0.0,0.046,45873000.0,18784000.0,46290000.0,0.517,2.114,20.146,19.885,146681000.0,0.0,12.289,1.167,1.158,109274000.0,295488000.0,178137000.0,178137000.0,0.0,,,,,475000.0,42302000.0,1.0,68757910.0,68244750,70256250.0,2.61,396170000.0,0.0,5418000.0,0.0,5.805,137567000.0
80,IEX,MRQ,2001-06-30,2001-06-30,2001-06-30,2021-07-28,-15377000.0,874129000.0,,246117000.0,628012000.0,,5.723,-5807000.0,9850000.0,9850000.0,121914000.0,12993000.0,2.546,1.252,331801000.0,0.0,331801000.0,331801000.0,0.0,10391000.0,0.0,0.016,0.062,26420000.0,36811000.0,0.191,36811000.0,26420000.0,21222000.0,0.191,0.187,0.191,388085000.0,,388085000.0,1357028956.0,14.0,10.909,24213000.0,0.357,1.0,70708000.0,0.367,469724000.0,5198000.0,629687000.0,,115401000.0,0.0,0.0,0.0,486044000.0,96669000.0,389375000.0,1032859956.0,1533000.0,-23131000.0,2915000.0,-832000.0,-4257000.0,451000.0,-28938000.0,0.0,30020000.0,0.0,12993000.0,12993000.0,12993000.0,0.0,0.0,0.067,44467000.0,26241000.0,43761000.0,0.325,2.661,20.525,20.229,146403000.0,0.0,15.111,1.43,1.418,111425000.0,291599000.0,192622000.0,192622000.0,0.0,,,,,474000.0,40977000.0,1.0,68351026.0,67808250,69914250.0,2.841,404405000.0,0.0,8229000.0,0.0,5.964,149448000.0
81,IEX,MRQ,2001-03-31,2001-03-31,2001-03-31,2021-07-28,-9616000.0,867743000.0,,248952000.0,618791000.0,,5.656,-5303000.0,8317000.0,8317000.0,118618000.0,7229000.0,0.896,1.273,332486000.0,180629000.0,151857000.0,332486000.0,0.0,10750000.0,0.0,0.019,0.062,17062000.0,27812000.0,0.148,27812000.0,17062000.0,11659000.0,0.107,0.102,0.107,381727000.0,,381727000.0,1113204659.0,11.0,8.643,15194000.0,0.225,1.0,68777000.0,0.367,462475000.0,5403000.0,451527000.0,,120231000.0,0.0,0.0,0.0,486016000.0,277910000.0,208106000.0,879733659.0,-98000.0,-106506000.0,2080000.0,95688000.0,-4236000.0,91214000.0,-111809000.0,0.0,20497000.0,0.0,7229000.0,7229000.0,7229000.0,0.0,0.0,0.039,51941000.0,16836000.0,48232000.0,0.579,2.305,16.036,15.843,145291000.0,0.0,12.88,1.23,1.216,110631000.0,282884000.0,187395000.0,187395000.0,0.0,,,,,475000.0,42801000.0,1.0,68302303.0,67493250,69720750.0,2.776,405268000.0,0.0,4430000.0,0.0,6.005,-28958000.0
82,IEX,MRQ,2000-12-31,2000-12-31,2000-12-31,2021-07-28,-12616000.0,758854000.0,,232089000.0,526765000.0,,5.585,-5367000.0,8415000.0,8415000.0,101849000.0,13535000.0,1.305,1.026,241886000.0,88077000.0,153809000.0,241886000.0,0.0,-5146000.0,0.0,0.017,0.062,25565000.0,20419000.0,0.123,20419000.0,25565000.0,21552000.0,0.2,0.196,0.2,374502000.0,,374502000.0,1245877885.0,11.0,8.936,22804000.0,0.34,1.0,64289000.0,0.387,388163000.0,4013000.0,426351000.0,,113052000.0,0.0,0.0,0.0,384352000.0,177811000.0,206541000.0,997410885.0,1564000.0,-144000.0,1169000.0,-20520000.0,-4215000.0,-21096000.0,-5511000.0,0.0,28171000.0,0.0,13535000.0,13535000.0,13535000.0,0.0,0.0,0.081,40070000.0,24219000.0,43342000.0,0.31,2.663,15.721,15.549,128283000.0,0.0,14.724,1.416,1.398,104950000.0,279907000.0,166138000.0,166138000.0,0.0,,,,,475000.0,37097000.0,1.0,67738439.0,67059000,69016500.0,2.477,370691000.0,0.0,8017000.0,0.0,5.528,54278000.0
83,IEX,MRQ,2000-09-30,2000-09-30,2000-09-30,2021-07-28,-10543000.0,759031000.0,,232557000.0,526474000.0,,5.429,-5258000.0,6851000.0,6851000.0,106041000.0,16565000.0,1.276,1.09,255318000.0,92638000.0,162680000.0,255318000.0,0.0,8942000.0,0.0,0.02,0.062,30406000.0,39348000.0,0.223,39348000.0,30406000.0,26122000.0,0.249,0.24,0.249,363257000.0,,363257000.0,1114408444.0,9.0,7.875,21393000.0,0.32,1.0,70177000.0,0.398,389759000.0,4284000.0,435474000.0,,112104000.0,0.0,0.0,0.0,395774000.0,182265000.0,213509000.0,840472444.0,1343000.0,0.0,500000.0,-13672000.0,-4211000.0,-20050000.0,-5258000.0,0.0,26651000.0,0.0,16565000.0,16565000.0,16565000.0,0.0,0.0,0.094,39599000.0,30578000.0,43259000.0,0.249,2.314,13.164,13.058,125721000.0,0.0,12.418,1.192,1.178,107492000.0,270608000.0,176218000.0,176218000.0,0.0,,,,,474000.0,36593000.0,1.0,67682999.0,66915000,69522750.0,2.633,369272000.0,0.0,9557000.0,0.0,5.519,50292000.0
84,IEX,MRQ,2000-06-30,2000-06-30,2000-06-30,2021-07-28,-10074000.0,779970000.0,,241358000.0,538612000.0,,5.191,-4219000.0,5508000.0,5508000.0,112327000.0,17532000.0,2.429,1.227,279444000.0,0.0,279444000.0,279444000.0,0.0,9112000.0,0.0,0.018,0.062,32112000.0,41224000.0,0.223,41224000.0,32112000.0,28052000.0,0.258,0.253,0.258,350242000.0,,350242000.0,1180925649.0,10.0,8.507,8265000.0,0.122,1.0,72931000.0,0.394,398128000.0,4060000.0,556426000.0,,114021000.0,0.0,0.0,0.0,429728000.0,99352000.0,330376000.0,936258649.0,1094000.0,-34369000.0,761000.0,28014000.0,-4203000.0,27198000.0,-38588000.0,0.0,12484000.0,0.0,17532000.0,17532000.0,17532000.0,0.0,0.0,0.095,41175000.0,31756000.0,51347000.0,0.24,2.673,15.167,15.242,129444000.0,0.0,14.022,1.339,1.354,115380000.0,258257000.0,185258000.0,185258000.0,0.0,,,,,317000.0,38257000.0,1.0,66769634.0,67475250,69318000.0,2.746,381842000.0,0.0,10520000.0,0.0,5.659,142006000.0
85,IEX,MRQ,2000-03-31,2000-03-31,2000-03-31,2021-07-28,-5152000.0,739038000.0,,222748000.0,516290000.0,,5.102,-4348000.0,4414000.0,4414000.0,106107000.0,15813000.0,2.214,1.17,249081000.0,0.0,249081000.0,249081000.0,0.0,8965000.0,0.0,0.021,0.062,29464000.0,38429000.0,0.218,38429000.0,29464000.0,25300000.0,0.236,0.231,0.236,340543000.0,,340543000.0,1073971319.0,10.0,8.067,19527000.0,0.293,1.0,70555000.0,0.399,377831000.0,4164000.0,505269000.0,,106138000.0,0.0,0.0,0.0,398495000.0,100605000.0,297890000.0,808277319.0,1519000.0,0.0,386000.0,-11646000.0,-4152000.0,-18008000.0,-4348000.0,0.0,23875000.0,0.0,15813000.0,15813000.0,15813000.0,0.0,0.0,0.09,40592000.0,29963000.0,48977000.0,0.263,2.373,13.859,13.825,127361000.0,0.0,12.111,1.197,1.197,105369000.0,244984000.0,176662000.0,176662000.0,0.0,,,,,0.0,37692000.0,1.0,66738494.0,66741750,67923000.0,2.647,361207000.0,0.0,9487000.0,0.0,5.412,122143000.0
86,IEX,MRQ,1999-12-31,1999-12-31,1999-12-31,2021-07-28,-4302000.0,738567000.0,,213715000.0,524852000.0,,4.935,-3526000.0,2895000.0,2895000.0,102570000.0,13935000.0,2.332,1.245,268589000.0,0.0,268589000.0,268589000.0,0.0,-4266000.0,0.0,0.018,0.062,26773000.0,22507000.0,0.135,22507000.0,26773000.0,22332000.0,0.209,0.204,0.209,329024000.0,,329024000.0,1198843279.0,11.0,9.45,30532000.0,0.458,1.0,64607000.0,0.386,385061000.0,4441000.0,527566000.0,,106141000.0,0.0,0.0,0.0,409543000.0,91634000.0,317909000.0,900243279.0,-2043000.0,-322000.0,67000.0,-30428000.0,-4149000.0,-32253000.0,-3848000.0,0.0,34058000.0,0.0,13935000.0,13935000.0,13935000.0,0.0,0.0,0.083,38068000.0,26539000.0,44289000.0,0.297,2.736,16.54,16.506,129917000.0,0.0,13.502,1.374,1.37,100805000.0,233326000.0,167177000.0,167177000.0,0.0,,,,,0.0,35095000.0,1.0,66673712.0,66676500,67887000.0,2.507,353506000.0,0.0,8397000.0,0.0,5.302,122081000.0
87,IEX,MRQ,1999-09-30,1999-09-30,1999-09-30,2021-07-28,-5404000.0,759777000.0,,224559000.0,535218000.0,,4.777,-5931000.0,4938000.0,4938000.0,104065000.0,14451000.0,2.57,1.389,303538000.0,0.0,303538000.0,303538000.0,0.0,9048000.0,0.0,0.02,0.062,27605000.0,36653000.0,0.216,36653000.0,27605000.0,22889000.0,0.218,0.213,0.218,318070000.0,,318070000.0,1148919402.0,11.0,8.455,19324000.0,0.29,1.0,65827000.0,0.387,392582000.0,4716000.0,578415000.0,,105891000.0,0.0,0.0,0.0,441707000.0,87380000.0,354327000.0,837174402.0,-2074000.0,0.0,1400000.0,-16115000.0,-4140000.0,-21398000.0,-5931000.0,0.0,25255000.0,0.0,14451000.0,14451000.0,14451000.0,0.0,0.0,0.085,38322000.0,27505000.0,44428000.0,0.284,2.632,16.04,15.988,132558000.0,0.0,12.582,1.308,1.309,107226000.0,223545000.0,169892000.0,169892000.0,0.0,,,,,0.0,35401000.0,1.0,66536291.0,66586500,68177250.0,2.551,367195000.0,0.0,8438000.0,0.0,5.515,137179000.0
88,IEX,MRQ,1999-06-30,1999-06-30,1999-06-30,2021-07-28,-4815000.0,763900000.0,,229810000.0,534090000.0,,4.622,-4777000.0,7012000.0,7012000.0,96754000.0,14121000.0,2.597,1.492,318757000.0,0.0,318757000.0,318757000.0,0.0,8422000.0,0.0,0.017,0.062,27122000.0,35544000.0,0.22,35544000.0,27122000.0,22777000.0,0.213,0.209,0.213,306586000.0,,306586000.0,1234822937.0,12.0,9.085,15184000.0,0.229,1.0,64730000.0,0.401,392192000.0,4345000.0,594950000.0,,107335000.0,0.0,0.0,0.0,457314000.0,88503000.0,368811000.0,968779937.0,3147000.0,-48175000.0,1434000.0,36625000.0,-4124000.0,36138000.0,-52952000.0,0.0,19961000.0,0.0,14121000.0,14121000.0,14121000.0,0.0,0.0,0.087,37722000.0,27008000.0,45876000.0,0.291,3.16,18.631,18.568,131665000.0,0.0,14.613,1.539,1.54,107958000.0,213237000.0,161484000.0,161484000.0,0.0,,,,,0.0,35018000.0,1.0,66294248.0,66339000,67745250.0,2.434,371708000.0,0.0,8656000.0,0.0,5.603,141307000.0
89,IEX,MRQ,1999-03-31,1999-03-31,1999-03-31,2021-07-28,-5187000.0,690337000.0,,200128000.0,490209000.0,,4.441,-4104000.0,3865000.0,3865000.0,95168000.0,11921000.0,2.515,1.345,269908000.0,0.0,269908000.0,269908000.0,0.0,8415000.0,0.0,0.023,0.062,23745000.0,32160000.0,0.206,32160000.0,23745000.0,19227000.0,0.178,0.178,0.178,294380000.0,,294380000.0,974846468.0,9.0,6.585,12778000.0,0.193,1.0,61320000.0,0.392,354251000.0,4518000.0,522562000.0,,97484000.0,0.0,0.0,0.0,395957000.0,79567000.0,316390000.0,694157468.0,1144000.0,0.0,-61000.0,-4758000.0,-4126000.0,-11634000.0,-4104000.0,0.0,16882000.0,0.0,11921000.0,11921000.0,11921000.0,0.0,0.0,0.076,37695000.0,23625000.0,38270000.0,0.348,2.358,11.234,11.163,122468000.0,0.0,10.471,1.089,1.089,91461000.0,203260000.0,156488000.0,156488000.0,0.0,,,,,0.0,34981000.0,1.0,66292628.0,66294000,67230000.0,2.361,336086000.0,0.0,7306000.0,0.0,5.07,120561000.0
90,IEX,MRQ,1998-12-31,1998-12-31,1998-12-31,2021-07-28,-5787000.0,695811000.0,,195900000.0,499911000.0,,4.322,-4443000.0,2721000.0,2721000.0,93509000.0,11701000.0,2.441,1.433,283410000.0,0.0,283410000.0,283410000.0,0.0,7884000.0,0.0,0.022,0.06,23650000.0,31534000.0,0.207,31534000.0,23650000.0,18806000.0,0.178,0.178,0.178,286037000.0,,286037000.0,1017263395.0,9.0,6.754,19584000.0,0.296,1.0,58671000.0,0.386,360810000.0,4844000.0,535425000.0,,101201000.0,0.0,0.0,0.0,409774000.0,80265000.0,329509000.0,718945395.0,-4286000.0,0.0,2112000.0,-24405000.0,-3961000.0,-23870000.0,-4443000.0,0.0,24027000.0,0.0,11701000.0,11701000.0,11701000.0,0.0,0.0,0.077,35480000.0,23191000.0,39521000.0,0.337,2.513,11.584,11.559,125422000.0,0.0,10.889,1.123,1.123,86006000.0,195465000.0,152180000.0,152180000.0,0.0,,,,,0.0,32759000.0,1.0,66025598.0,66179250,66894750.0,2.3,335001000.0,0.0,7105000.0,0.0,5.062,115635000.0
91,IEX,MRQ,1998-09-30,1998-09-30,1998-09-30,2021-07-28,-2659000.0,707552000.0,,204993000.0,502559000.0,,4.23,-3778000.0,7007000.0,7007000.0,96963000.0,14256000.0,2.672,1.534,305325000.0,0.0,305325000.0,305325000.0,0.0,8588000.0,0.0,0.02,0.06,28099000.0,36687000.0,0.23,36687000.0,28099000.0,22618000.0,0.218,0.213,0.218,279223000.0,,279223000.0,1108681654.0,9.0,7.255,23114000.0,0.35,1.0,62443000.0,0.392,364464000.0,5481000.0,564682000.0,,100244000.0,0.0,0.0,0.0,428329000.0,76724000.0,351605000.0,779306654.0,1158000.0,17405000.0,345000.0,-33951000.0,-3960000.0,-39361000.0,13627000.0,0.0,26892000.0,0.0,14256000.0,14256000.0,14256000.0,-594000.0,0.0,0.089,34926000.0,27517000.0,33559000.0,0.275,2.791,11.787,11.699,126290000.0,0.0,11.804,1.247,1.247,90672000.0,187889000.0,159406000.0,159406000.0,0.0,,,,,0.0,32240000.0,1.0,66018071.0,66012750,67455000.0,2.415,343088000.0,0.0,8362000.0,0.0,5.197,128269000.0
92,IEX,MRQ,1998-06-30,1998-06-30,1998-06-30,2021-07-28,-1992000.0,731530000.0,,225391000.0,506139000.0,,4.068,-5446000.0,5849000.0,5849000.0,102126000.0,23914000.0,2.699,1.727,335224000.0,0.0,335224000.0,335224000.0,0.0,8500000.0,0.0,0.015,0.06,39163000.0,47663000.0,0.281,47663000.0,39163000.0,33202000.0,0.364,0.351,0.364,268272000.0,,268272000.0,1378594987.0,11.0,9.223,21494000.0,0.326,1.0,67335000.0,0.397,363591000.0,5961000.0,613791000.0,,102083000.0,0.0,0.0,0.0,463258000.0,83523000.0,379735000.0,1010962987.0,-908000.0,22290000.0,475000.0,-43488000.0,-3956000.0,-44692000.0,16844000.0,0.0,26940000.0,0.0,23914000.0,23914000.0,23914000.0,-8770000.0,0.0,0.141,36892000.0,30443000.0,37173000.0,0.165,3.768,15.238,15.137,127082000.0,0.0,15.333,1.665,1.665,96406000.0,177595000.0,169461000.0,169461000.0,0.0,,,,,0.0,34203000.0,1.0,65932369.0,65943000,68199750.0,2.57,367939000.0,0.0,9288000.0,0.0,5.58,141868000.0
93,IEX,MRQ,1998-03-31,1998-03-31,1998-03-31,2021-07-28,-1135000.0,746829000.0,,232462000.0,514367000.0,,3.766,-7096000.0,6757000.0,6757000.0,94687000.0,12193000.0,2.842,2.011,374389000.0,0.0,374389000.0,374389000.0,0.0,7963000.0,0.0,0.014,0.06,26778000.0,34741000.0,0.218,34741000.0,26778000.0,20705000.0,0.187,0.178,0.187,248005000.0,,248005000.0,1311211203.0,12.0,9.648,4098000.0,0.062,1.0,64397000.0,0.405,364652000.0,6073000.0,668014000.0,,104528000.0,0.0,0.0,0.0,498824000.0,81795000.0,417029000.0,1064565203.0,-5014000.0,-118088000.0,397000.0,113625000.0,-3949000.0,108976000.0,-125184000.0,0.0,11194000.0,0.0,12193000.0,12193000.0,12193000.0,-818000.0,0.0,0.077,36005000.0,28392000.0,40674000.0,0.321,4.293,18.539,18.458,126935000.0,0.0,16.169,1.836,1.836,96789000.0,157642000.0,159084000.0,159084000.0,0.0,,,,,0.0,33425000.0,1.0,65840344.0,65850750,67965750.0,2.416,382177000.0,0.0,8512000.0,0.0,5.804,150667000.0
94,IEX,MRQ,1997-12-31,1997-12-31,1997-12-31,2021-07-28,-1530000.0,599193000.0,,197267000.0,401926000.0,,3.628,-3985000.0,11771000.0,11771000.0,81043000.0,15752000.0,2.536,1.511,258417000.0,0.0,258417000.0,258417000.0,0.0,5479000.0,0.0,0.014,0.053,28245000.0,33724000.0,0.246,33724000.0,28245000.0,23852000.0,0.24,0.231,0.24,238671000.0,,238671000.0,,,,22743000.0,0.346,1.0,55970000.0,0.409,293803000.0,4393000.0,474235000.0,,84240000.0,0.0,0.0,0.0,360522000.0,77801000.0,282721000.0,1020671640.0,8235000.0,-37873000.0,1016000.0,24144000.0,-3508000.0,23365000.0,-41858000.0,0.0,26728000.0,0.0,15752000.0,15752000.0,15752000.0,-1386000.0,0.0,0.115,28875000.0,27095000.0,34991000.0,0.221,4.276,17.41,17.36,88628000.0,0.0,15.502,1.848,1.844,80766000.0,149403000.0,137013000.0,137013000.0,0.0,,,,,0.0,26795000.0,1.0,65840344.0,65785500,67133250.0,2.083,305390000.0,0.0,8100000.0,0.0,4.642,119466000.0
95,IEX,MRQ,1997-09-30,1997-09-30,1997-09-30,2021-07-28,,,,,,,,-3347000.0,,,84811000.0,14484000.0,,,,,,,,6377000.0,,0.014,0.053,26965000.0,33342000.0,0.235,33342000.0,26965000.0,22544000.0,0.222,0.213,0.222,,,,,,,15237000.0,0.232,1.0,56988000.0,0.402,,4421000.0,,,,,,,,,,,-1671000.0,0.0,0.0,-11245000.0,-3504000.0,-16908000.0,-3347000.0,0.0,18584000.0,0.0,14484000.0,14484000.0,14484000.0,-760000.0,0.0,0.102,30420000.0,26568000.0,,0.239,,,,,0.0,15.28,,,,,141799000.0,141799000.0,0.0,,,,,0.0,28345000.0,1.0,,65758500,68249250.0,2.156,,,8060000.0,,,
96,IEX,MRQ,1997-06-30,1997-06-30,1997-06-30,2021-07-28,,,,,,,,-3709000.0,,,84686000.0,14995000.0,,,,,,,,6413000.0,,0.014,0.053,27678000.0,34091000.0,0.24,34091000.0,27678000.0,22924000.0,0.227,0.222,0.227,,,,,,,23020000.0,0.351,1.0,57290000.0,0.404,,4754000.0,,,,,,,,,,,1221000.0,-11871000.0,0.0,-8105000.0,-3500000.0,-9928000.0,-15580000.0,0.0,26729000.0,0.0,14995000.0,14995000.0,14995000.0,-1711000.0,0.0,0.106,31324000.0,25966000.0,,0.233,,,,,0.0,14.667,,,,,141976000.0,141976000.0,0.0,,,,,0.0,29189000.0,1.0,,65655000,67563000.0,2.162,,,7929000.0,,,
97,IEX,MRQ,1997-03-31,1997-03-31,1997-03-31,2021-07-28,,,,,,,,-2521000.0,,,79266000.0,13395000.0,,,,,,,,6024000.0,,0.019,0.053,25165000.0,31189000.0,0.237,31189000.0,25165000.0,20335000.0,0.204,0.2,0.204,,,,,,,11653000.0,0.178,1.0,52109000.0,0.397,,4830000.0,,,,,,,,,,,-744000.0,0.0,0.0,-6959000.0,-3471000.0,-12397000.0,-2521000.0,0.0,14174000.0,0.0,13395000.0,13395000.0,13395000.0,-1294000.0,0.0,0.102,28143000.0,23966000.0,,0.26,,,,,0.0,10.444,,,,,131375000.0,131375000.0,0.0,,,,,0.0,26259000.0,1.0,,65650500,67070250.0,2.001,,,6940000.0,,,
98,IEX,MRQ,1996-12-31,1996-12-31,1996-12-31,2021-07-28,325000.0,569745000.0,,191599000.0,378146000.0,,3.015,,4730000.0,4730000.0,,,2.3,1.914,271709000.0,0.0,271709000.0,271709000.0,0.0,,0.0,0.016,0.047,,,,,,,,,,195509000.0,,195509000.0,,,,,,1.0,,,272160000.0,,481278000.0,,84731000.0,0.0,0.0,0.0,374236000.0,83286000.0,290950000.0,,,,,,,,,,,,,,,,,,,,34824000.0,,,,15.282,88377000.0,,11.813,,1.614,79130000.0,105238000.0,,,,,,,,,,1.0,,64840500,,,297585000.0,0.0,,0.0,4.589,108313000.0
0,IEX,MRT,2021-06-30,2021-06-30,2021-06-30,2021-07-28,-29223000.0,4782997000.0,4470930250.0,1493689000.0,3289308000.0,0.567,35.183,-60638000.0,714380000.0,714380000.0,1414555000.0,419767000.0,3.317,0.789,1189869000.0,41000.0,1189828000.0,1189869000.0,0.0,88865000.0,0.0,0.009,2.04,570104000.0,658969000.0,0.26,658969000.0,570104000.0,526693000.0,5.52,5.49,5.52,2672796000.0,2554863500.0,2672796000.0,16795116592.0,29.0,25.487,500018000.0,6.582,1.0,1119363000.0,0.442,2837156000.0,43411000.0,1970971000.0,1798728500.0,360079000.0,0.0,0.0,0.0,2110133000.0,450359000.0,1659774000.0,16708623592.0,-31968000.0,-581980000.0,42163000.0,137131000.0,-154582000.0,19309000.0,-641383000.0,0.0,560656000.0,29450000.0,419819000.0,419819000.0,419819000.0,0.0,-52000.0,0.166,535382000.0,583981000.0,178796000.0,0.37,6.251,39.8,39.864,313353000.0,0.0,220.05,6.594,6.597,356469000.0,2974163000.0,2533918000.0,2533918000.0,0.0,0.094,0.164,0.317,0.225,18955000.0,522083000.0,1.0,75931032.0,75968000,76429000.0,33.355,1945841000.0,0.0,106874000.0,211164000.0,25.614,1043330000.0
1,IEX,MRT,2021-03-31,2021-03-31,2021-03-31,2021-07-28,-60555000.0,4460731000.0,4293579000.0,1651144000.0,2809587000.0,0.561,34.39,-50935000.0,958142000.0,958142000.0,1361129000.0,388452000.0,4.374,0.709,1044635000.0,46000.0,1044589000.0,1044635000.0,0.0,85042000.0,0.0,0.01,2.0,533141000.0,618183000.0,0.257,618183000.0,533141000.0,488496000.0,5.12,5.08,5.12,2609926000.0,2451923750.0,2609926000.0,15903830749.0,30.0,25.727,542902000.0,7.154,1.0,1048091000.0,0.435,2370305000.0,44645000.0,1799406000.0,1732398750.0,304636000.0,0.0,0.0,0.0,1850716000.0,377513000.0,1473203000.0,15885239749.0,388923000.0,-108410000.0,44294000.0,37199000.0,-151251000.0,-75224000.0,-158391000.0,0.0,593837000.0,28701000.0,388488000.0,388488000.0,388488000.0,0.0,-36000.0,0.161,511772000.0,536319000.0,171379000.0,0.391,6.086,40.89,40.883,302805000.0,0.0,209.32,6.594,6.594,341793000.0,2954254000.0,2409220000.0,2409220000.0,0.0,0.09,0.158,0.308,0.221,20397000.0,497768000.0,1.0,75889737.0,75892000,76341000.0,31.745,2090426000.0,0.0,100008000.0,173244000.0,27.545,1273631000.0
2,IEX,MRT,2020-12-31,2020-12-31,2020-12-31,2021-07-28,-13525000.0,4414398000.0,4164315500.0,1657231000.0,2757167000.0,0.565,33.538,-49258000.0,1025851000.0,1025851000.0,1324222000.0,377778000.0,4.153,0.738,1044442000.0,88000.0,1044354000.0,1044442000.0,0.0,83495000.0,0.0,0.01,2.0,515086000.0,598581000.0,0.255,598581000.0,515086000.0,470340000.0,4.98,4.94,4.98,2540203000.0,2356889000.0,2540203000.0,15247096173.0,30.0,25.472,520015000.0,6.866,1.0,1027424000.0,0.437,2311137000.0,44746000.0,1722794000.0,1719729500.0,289910000.0,0.0,0.0,0.0,1874072000.0,399058000.0,1475014000.0,15080592173.0,393270000.0,-123013000.0,-65755000.0,187199000.0,-151838000.0,-42602000.0,-172577000.0,0.0,569273000.0,39176000.0,377778000.0,377778000.0,377778000.0,0.0,0.0,0.161,506711000.0,520713000.0,151993000.0,0.402,5.937,39.919,40.0,298273000.0,0.0,199.2,6.413,6.416,293146000.0,2841546000.0,2351646000.0,2351646000.0,0.0,0.091,0.16,0.3,0.219,19375000.0,494935000.0,1.0,75705784.0,75741000,76400000.0,31.049,2103261000.0,0.0,92562000.0,163863000.0,27.769,1258173000.0
3,IEX,MRT,2020-09-30,2020-09-30,2020-09-30,2021-07-28,-81249000.0,4225595000.0,4014194000.0,1520752000.0,2704843000.0,0.584,31.804,-51342000.0,877758000.0,877758000.0,1317680000.0,373560000.0,3.712,0.763,1044262000.0,150000.0,1044112000.0,1044262000.0,0.0,81504000.0,0.0,0.011,2.0,507542000.0,589046000.0,0.251,589046000.0,507542000.0,462505000.0,4.95,4.89,4.95,2396529000.0,2287645500.0,2396529000.0,14072178888.0,28.0,23.89,507717000.0,6.738,1.0,1025141000.0,0.438,2280657000.0,45037000.0,1701743000.0,1665263500.0,302410000.0,0.0,0.0,0.0,1829066000.0,409699000.0,1419367000.0,13773853888.0,361773000.0,-118159000.0,-78399000.0,187117000.0,-152229000.0,-55722000.0,-170031000.0,0.0,559059000.0,28467000.0,373560000.0,373560000.0,373560000.0,0.0,0.0,0.159,509220000.0,515921000.0,134782000.0,0.404,5.747,36.872,36.851,293304000.0,0.0,182.41,5.879,5.867,275432000.0,2778130000.0,2342821000.0,2342821000.0,0.0,0.093,0.163,0.305,0.217,28204000.0,495500000.0,1.0,75510410.0,75352000,75960000.0,31.092,1944938000.0,0.0,88945000.0,151924000.0,25.811,1111053000.0
4,IEX,MRT,2020-06-30,2020-06-30,2020-06-30,2021-07-28,-129555000.0,4073592000.0,3886269000.0,1397250000.0,2676342000.0,0.614,30.079,-43959000.0,746348000.0,746348000.0,1330335000.0,374906000.0,3.482,0.802,1044673000.0,228000.0,1044445000.0,1044673000.0,0.0,79676000.0,0.0,0.013,2.0,516171000.0,595847000.0,0.25,595847000.0,516171000.0,470446000.0,4.96,4.89,4.96,2261037000.0,2229276500.0,2261037000.0,12345051609.0,24.0,20.718,518478000.0,6.897,1.0,1055619000.0,0.442,2264958000.0,45725000.0,1705652000.0,1617599500.0,324931000.0,0.0,0.0,0.0,1812555000.0,401307000.0,1411248000.0,11914931609.0,203159000.0,-208019000.0,-79183000.0,138121000.0,-152423000.0,-106907000.0,-253000000.0,0.0,562437000.0,629000.0,374906000.0,374906000.0,374906000.0,0.0,0.0,0.157,529146000.0,526473000.0,137413000.0,0.403,5.27,31.781,31.863,281852000.0,0.0,158.04,4.994,4.979,270255000.0,2712312000.0,2385954000.0,2385954000.0,0.0,0.096,0.168,0.319,0.216,26921000.0,506387000.0,1.0,75391873.0,75171000,75937000.0,31.74,1808634000.0,0.0,95540000.0,150417000.0,24.06,995943000.0
5,IEX,MRT,2020-03-31,2020-03-31,2020-03-31,2021-07-28,-150311000.0,3943677000.0,3777924750.0,1289072000.0,2654605000.0,0.653,29.44,-50425000.0,569219000.0,569219000.0,1353648000.0,417251000.0,3.514,0.769,999339000.0,319000.0,999020000.0,999339000.0,0.0,78214000.0,0.0,0.014,2.0,567698000.0,645912000.0,0.262,645912000.0,567698000.0,523401000.0,5.52,5.44,5.52,2229787000.0,2192027500.0,2229787000.0,10741397413.0,19.0,16.63,473734000.0,6.255,1.0,1113156000.0,0.451,2258178000.0,44297000.0,1748729000.0,1571478750.0,340581000.0,0.0,0.0,0.0,1713890000.0,366890000.0,1347000000.0,10524726413.0,113089000.0,-208019000.0,-80750000.0,99943000.0,-152498000.0,-148406000.0,-258294000.0,0.0,524159000.0,-4370000.0,417251000.0,417251000.0,417251000.0,0.0,0.0,0.169,541994000.0,571162000.0,157724000.0,0.362,4.72,25.224,25.02,283276000.0,0.0,138.11,4.267,4.24,327835000.0,2717129000.0,2466804000.0,2466804000.0,0.0,0.11,0.19,0.361,0.23,26839000.0,520950000.0,1.0,76205390.0,75740000,76452000.0,32.569,1685499000.0,0.0,106150000.0,148189000.0,22.254,922182000.0
6,IEX,MRT,2019-12-31,2019-12-31,2019-12-31,2021-07-28,-127345000.0,3813912000.0,3679870500.0,1261445000.0,2552467000.0,0.678,29.939,-49950000.0,632581000.0,632581000.0,1369539000.0,425521000.0,3.525,0.685,849252000.0,388000.0,848864000.0,849252000.0,0.0,76876000.0,0.0,0.011,1.93,577244000.0,654120000.0,0.262,654120000.0,577244000.0,532903000.0,5.62,5.56,5.62,2263229000.0,2148388750.0,2263229000.0,13415457124.0,23.0,20.509,478112000.0,6.325,1.0,1125034000.0,0.451,2167776000.0,44341000.0,1504930000.0,1518753250.0,293467000.0,0.0,0.0,0.0,1550683000.0,357877000.0,1192806000.0,13082297124.0,166174000.0,-87180000.0,-15859000.0,-50057000.0,-147208000.0,-227585000.0,-137015000.0,0.0,528062000.0,2712000.0,425521000.0,425521000.0,425521000.0,0.0,0.0,0.171,546031000.0,579003000.0,138463000.0,0.343,5.78,30.744,30.605,280316000.0,0.0,172.0,5.244,5.212,298186000.0,2615131000.0,2494573000.0,2494573000.0,0.0,0.116,0.198,0.38,0.231,27669000.0,524987000.0,1.0,76059867.0,75594000,76454000.0,33.0,1646136000.0,0.0,107382000.0,146574000.0,21.776,903568000.0
7,IEX,MRT,2019-09-30,2019-09-30,2019-09-30,2021-07-28,-159861000.0,3713895000.0,3594856750.0,1190624000.0,2523271000.0,0.696,28.575,-51897000.0,515985000.0,515985000.0,1370878000.0,426808000.0,3.212,0.717,849145000.0,417000.0,848728000.0,849145000.0,0.0,75660000.0,0.0,0.011,1.86,583990000.0,659650000.0,0.264,659650000.0,583990000.0,539692000.0,5.64,5.56,5.64,2163053000.0,2081241500.0,2163053000.0,12735651728.0,22.0,19.307,478597000.0,6.322,1.0,1131792000.0,0.452,2165298000.0,44298000.0,1511087000.0,1495102000.0,303494000.0,0.0,0.0,0.0,1550842000.0,370670000.0,1180172000.0,12429833728.0,24218000.0,-87180000.0,-141499000.0,-50079000.0,-141792000.0,-348113000.0,-138990000.0,0.0,530494000.0,-19173000.0,426808000.0,426808000.0,426808000.0,0.0,0.0,0.171,547521000.0,584271000.0,147079000.0,0.33,5.746,29.123,29.057,273330000.0,0.0,163.88,4.967,4.957,317305000.0,2556423000.0,2502670000.0,2502670000.0,0.0,0.119,0.205,0.391,0.233,25560000.0,529607000.0,1.0,75847167.0,75698000,76577000.0,33.061,1548597000.0,0.0,112884000.0,162017000.0,20.458,819954000.0
8,IEX,MRT,2019-06-30,2019-06-30,2019-06-30,2021-07-28,-124909000.0,3640215000.0,3555084750.0,1216882000.0,2423333000.0,0.704,27.989,-59720000.0,543189000.0,543189000.0,1371265000.0,427966000.0,3.363,0.724,849007000.0,452000.0,848555000.0,849007000.0,0.0,74743000.0,0.0,0.01,1.79,587643000.0,662386000.0,0.265,662386000.0,587643000.0,543717000.0,5.64,5.56,5.64,2112041000.0,2055621750.0,2112041000.0,13424985293.0,23.0,20.268,447037000.0,5.924,1.0,1130047000.0,0.452,2063073000.0,43926000.0,1521169000.0,1479162500.0,301006000.0,0.0,0.0,0.0,1528174000.0,361791000.0,1166383000.0,13032223293.0,84438000.0,-20205000.0,-174311000.0,-11284000.0,-136845000.0,-336683000.0,-80063000.0,0.0,506757000.0,-5573000.0,427966000.0,427966000.0,427966000.0,0.0,0.0,0.171,542408000.0,587639000.0,160579000.0,0.317,6.17,30.452,30.521,275025000.0,0.0,172.14,5.21,5.193,326358000.0,2489911000.0,2501312000.0,2501312000.0,0.0,0.12,0.208,0.397,0.235,25915000.0,531829000.0,1.0,75707118.0,75460000,76387000.0,33.148,1577142000.0,0.0,115751000.0,140147000.0,20.9,855091000.0
9,IEX,MRT,2019-03-31,2019-03-31,2019-03-31,2021-07-28,-130017000.0,3551460000.0,3515895500.0,1129228000.0,2422232000.0,0.709,27.243,-61963000.0,456130000.0,456130000.0,1368496000.0,421883000.0,3.329,0.728,848892000.0,455000.0,848437000.0,848892000.0,0.0,75149000.0,0.0,0.011,1.72,579863000.0,655012000.0,0.263,655012000.0,579863000.0,535808000.0,5.54,5.46,5.54,2055232000.0,2024899250.0,2055232000.0,11883212596.0,20.0,18.142,434316000.0,5.757,1.0,1125077000.0,0.451,2067148000.0,44055000.0,1537827000.0,1462164000.0,298327000.0,0.0,0.0,0.0,1496228000.0,339247000.0,1156981000.0,11500801596.0,43157000.0,-20205000.0,-194804000.0,-11284000.0,-131979000.0,-350505000.0,-83679000.0,0.0,496279000.0,-18938000.0,421883000.0,421883000.0,421883000.0,0.0,0.0,0.169,544890000.0,580187000.0,160594000.0,0.31,5.596,27.261,27.39,271920000.0,0.0,151.74,4.612,4.591,333782000.0,2452375000.0,2493573000.0,2493573000.0,0.0,0.12,0.208,0.397,0.233,24662000.0,534449000.0,1.0,75792814.0,75442000,76284000.0,33.053,1484312000.0,0.0,113925000.0,130881000.0,19.675,789981000.0
10,IEX,MRT,2018-12-31,2018-12-31,2018-12-31,2021-07-28,-129225000.0,3473857000.0,3499395250.0,1092532000.0,2381325000.0,0.71,26.104,-59726000.0,466407000.0,466407000.0,1365771000.0,410573000.0,2.996,0.742,848818000.0,483000.0,848335000.0,848818000.0,0.0,77544000.0,0.0,0.013,1.66,573073000.0,650617000.0,0.262,650617000.0,573073000.0,528939000.0,5.36,5.29,5.36,1994640000.0,2015312500.0,1994640000.0,10042383868.0,18.0,15.435,419619000.0,5.492,1.0,1117895000.0,0.45,2081282000.0,44134000.0,1410325000.0,1449160750.0,279995000.0,0.0,0.0,0.0,1479217000.0,364661000.0,1114556000.0,9685368868.0,90457000.0,-20205000.0,-146287000.0,-11284000.0,-127478000.0,-290011000.0,-81431000.0,0.0,479345000.0,-17446000.0,410573000.0,410573000.0,410573000.0,0.0,0.0,0.165,548807000.0,569088000.0,143196000.0,0.31,4.856,23.59,23.556,281220000.0,0.0,126.26,3.9,3.884,312192000.0,2342079000.0,2483666000.0,2483666000.0,0.0,0.117,0.204,0.395,0.231,24754000.0,536724000.0,1.0,76709717.0,76412000,77563000.0,32.504,1392575000.0,0.0,118366000.0,128007000.0,18.225,727871000.0
11,IEX,MRT,2018-09-30,2018-09-30,2018-09-30,2021-07-28,-114102000.0,3554807000.0,3480838000.0,1155239000.0,2399568000.0,0.705,26.914,-58597000.0,491767000.0,491767000.0,1350342000.0,406182000.0,3.207,0.725,848782000.0,536000.0,848246000.0,848782000.0,0.0,79640000.0,0.0,0.011,1.6,567783000.0,647423000.0,0.264,647423000.0,567783000.0,523716000.0,5.3,5.23,5.3,2060574000.0,1988288000.0,2060574000.0,11953059395.0,21.0,18.463,403329000.0,5.268,1.0,1105134000.0,0.45,2104280000.0,44067000.0,1447329000.0,1447290750.0,287126000.0,0.0,0.0,0.0,1494233000.0,360213000.0,1134020000.0,11552653395.0,188476000.0,-36571000.0,-26330000.0,-30054000.0,-123216000.0,-175262000.0,-96544000.0,0.0,461926000.0,-1644000.0,406182000.0,406182000.0,406182000.0,0.0,0.0,0.165,540239000.0,564895000.0,141178000.0,0.302,5.607,28.442,28.426,276821000.0,0.0,150.66,4.705,4.698,324895000.0,2276634000.0,2455476000.0,2455476000.0,0.0,0.117,0.204,0.392,0.231,26076000.0,537603000.0,1.0,76680296.0,76562000,77709000.0,32.072,1450527000.0,0.0,117534000.0,131149000.0,18.946,795026000.0
12,IEX,MRT,2018-06-30,2018-06-30,2018-06-30,2021-07-28,-125780000.0,3483458000.0,3421576500.0,1113745000.0,2369713000.0,0.703,25.989,-43276000.0,458751000.0,458751000.0,1324247000.0,383598000.0,3.209,0.751,859157000.0,496000.0,858661000.0,859157000.0,0.0,82314000.0,0.0,0.011,1.54,548435000.0,630749000.0,0.262,630749000.0,548435000.0,504262000.0,5.0,4.94,5.0,1989151000.0,1925722500.0,1989151000.0,10918101398.0,20.0,17.31,409323000.0,5.348,1.0,1082831000.0,0.45,2083659000.0,44173000.0,1453175000.0,1450008000.0,283854000.0,0.0,0.0,0.0,1494307000.0,347030000.0,1147277000.0,10470508398.0,240390000.0,-16366000.0,-15207000.0,-34321000.0,-118516000.0,-163285000.0,-61132000.0,0.0,452599000.0,12208000.0,383598000.0,383598000.0,383598000.0,0.0,0.0,0.159,536565000.0,546266000.0,150532000.0,0.308,5.264,27.296,27.296,267828000.0,0.0,136.48,4.35,4.34,329692000.0,2203473000.0,2407078000.0,2407078000.0,0.0,0.112,0.199,0.378,0.228,25259000.0,538550000.0,1.0,76718262.0,76539000,77704000.0,31.449,1399799000.0,0.0,120664000.0,127774000.0,18.289,766715000.0
13,IEX,MRT,2018-03-31,2018-03-31,2018-03-31,2021-07-28,-65690000.0,3485459000.0,3356753250.0,1069288000.0,2416171000.0,0.699,26.392,-37694000.0,412973000.0,412973000.0,1293695000.0,360316000.0,3.381,0.728,860566000.0,835000.0,859731000.0,860566000.0,0.0,84578000.0,0.0,0.01,1.48,525315000.0,609893000.0,0.26,609893000.0,525315000.0,480978000.0,4.7,4.64,4.7,2016885000.0,1860187500.0,2016885000.0,11390136330.0,22.0,18.676,381809000.0,4.996,1.0,1052389000.0,0.449,2130956000.0,44337000.0,1485814000.0,1458855500.0,283876000.0,0.0,0.0,0.0,1468574000.0,316282000.0,1152292000.0,10907040330.0,196878000.0,-16366000.0,1382000.0,-100394000.0,-113790000.0,-204517000.0,-55323000.0,0.0,419503000.0,37215000.0,360316000.0,360316000.0,360316000.0,0.0,0.0,0.154,528821000.0,523568000.0,157291000.0,0.315,5.408,30.271,30.321,267130000.0,0.0,142.51,4.649,4.642,328658000.0,2162663000.0,2346084000.0,2346084000.0,0.0,0.107,0.194,0.36,0.224,25898000.0,532794000.0,1.0,76535263.0,76419000,77739000.0,30.7,1354503000.0,0.0,120662000.0,131646000.0,17.725,753006000.0
14,IEX,MRT,2017-12-31,2017-12-31,2017-12-31,2021-07-28,-89507000.0,3399628000.0,3276334750.0,1004043000.0,2395585000.0,0.698,24.747,-37847000.0,375950000.0,375950000.0,1260634000.0,337257000.0,2.781,0.802,859046000.0,258000.0,858788000.0,859046000.0,0.0,84216000.0,0.0,0.011,1.45,500162000.0,584378000.0,0.255,584378000.0,500162000.0,455273000.0,4.41,4.36,4.41,1886542000.0,1766292500.0,1886542000.0,10654660485.0,21.0,18.232,394906000.0,5.18,1.0,1026678000.0,0.449,2118904000.0,44889000.0,1402845000.0,1473825250.0,259724000.0,0.0,0.0,0.0,1513086000.0,360975000.0,1152111000.0,10082751485.0,139986000.0,-16366000.0,-6139000.0,-167618000.0,-111172000.0,-277421000.0,-54746000.0,0.0,432753000.0,39400000.0,337257000.0,337257000.0,337257000.0,0.0,0.0,0.147,524122000.0,502556000.0,147067000.0,0.329,5.345,29.896,29.925,258350000.0,0.0,131.97,4.408,4.398,294166000.0,2057915000.0,2287312000.0,2287312000.0,0.0,0.103,0.191,0.339,0.219,24405000.0,524940000.0,1.0,76401845.0,76232000,77333000.0,30.005,1280724000.0,0.0,118016000.0,137638000.0,16.8,643068000.0
15,IEX,MRT,2017-09-30,2017-09-30,2017-09-30,2021-07-28,-97462000.0,3317761000.0,3215163750.0,955478000.0,2362283000.0,0.694,23.723,-32446000.0,303291000.0,303291000.0,1233546000.0,300858000.0,2.837,0.833,875200000.0,347000.0,874853000.0,875200000.0,0.0,86374000.0,0.0,0.012,1.42,450347000.0,536721000.0,0.24,536721000.0,450347000.0,404418000.0,3.94,3.9,3.94,1810312000.0,1680630500.0,1810312000.0,9953940259.0,22.0,18.546,379727000.0,4.976,1.0,998281000.0,0.447,2094621000.0,45929000.0,1458198000.0,1512365750.0,266705000.0,0.0,0.0,0.0,1507449000.0,336851000.0,1170598000.0,9283456259.0,63894000.0,6535000.0,3416000.0,-225640000.0,-108152000.0,-331902000.0,-26244000.0,0.0,412173000.0,9867000.0,300858000.0,300858000.0,300858000.0,0.0,0.0,0.135,545452000.0,452829000.0,137917000.0,0.36,5.128,30.857,30.83,250889000.0,0.0,121.47,4.16,4.153,307505000.0,1992638000.0,2231827000.0,2231827000.0,0.0,0.094,0.179,0.298,0.202,23144000.0,516750000.0,1.0,76425918.0,76309000,77523000.0,29.247,1223140000.0,0.0,103560000.0,172808000.0,16.029,618627000.0
16,IEX,MRT,2017-06-30,2017-06-30,2017-06-30,2021-07-28,-128780000.0,3224165000.0,3201339500.0,861418000.0,2362747000.0,0.683,22.658,-40680000.0,218361000.0,218361000.0,1216453000.0,286963000.0,2.744,0.867,888845000.0,350000.0,888495000.0,888845000.0,0.0,87286000.0,0.0,0.012,1.39,436717000.0,524003000.0,0.24,524003000.0,436717000.0,389939000.0,3.77,3.73,3.77,1727011000.0,1616738250.0,1727011000.0,9358068926.0,21.0,17.859,372974000.0,4.893,1.0,971240000.0,0.444,2092179000.0,46778000.0,1488565000.0,1571106250.0,264545000.0,0.0,0.0,0.0,1497154000.0,313905000.0,1183249000.0,8623557926.0,-143127000.0,-249381000.0,15190000.0,-166235000.0,-105792000.0,-258343000.0,-290061000.0,0.0,413654000.0,-8377000.0,286963000.0,286963000.0,286963000.0,0.0,0.0,0.131,535207000.0,436033000.0,139377000.0,0.369,4.993,30.051,29.976,254230000.0,0.0,113.01,3.942,3.937,307755000.0,1937357000.0,2187693000.0,2187693000.0,0.0,0.09,0.177,0.278,0.2,21121000.0,504438000.0,1.0,76307919.0,76220000,77320000.0,28.702,1131986000.0,0.0,102976000.0,171877000.0,14.852,547513000.0
17,IEX,MRT,2017-03-31,2017-03-31,2017-03-31,2021-07-28,-178437000.0,3163785000.0,3172637250.0,823680000.0,2340105000.0,0.682,21.563,-39705000.0,216095000.0,216095000.0,1205650000.0,278878000.0,2.958,0.928,950606000.0,323000.0,950283000.0,950606000.0,0.0,87627000.0,0.0,0.015,1.36,426806000.0,514433000.0,0.238,514433000.0,426806000.0,380127000.0,3.67,3.64,3.67,1641305000.0,1559218000.0,1641305000.0,7909323960.0,19.0,15.375,374826000.0,4.924,1.0,958373000.0,0.443,2074148000.0,46679000.0,1545693000.0,1607733750.0,257900000.0,0.0,0.0,0.0,1522480000.0,278455000.0,1244025000.0,7130006960.0,-142350000.0,-249381000.0,10643000.0,-140463000.0,-104315000.0,-239255000.0,-288700000.0,0.0,414531000.0,-28926000.0,278878000.0,278878000.0,278878000.0,0.0,0.0,0.129,533650000.0,424723000.0,135462000.0,0.371,4.344,25.567,25.48,250114000.0,0.0,93.51,3.295,3.289,294707000.0,1910638000.0,2164023000.0,2164023000.0,0.0,0.088,0.179,0.265,0.197,20043000.0,502881000.0,1.0,76248604.0,76115000,76894000.0,28.431,1089637000.0,0.0,101249000.0,171438000.0,14.316,545225000.0
18,IEX,MRT,2016-12-31,2016-12-31,2016-12-31,2021-07-28,-201653000.0,3154944000.0,3167265500.0,822721000.0,2332223000.0,0.667,20.367,-38193000.0,235964000.0,235964000.0,1182276000.0,271109000.0,2.661,1.043,1015281000.0,1046000.0,1014235000.0,1015281000.0,0.0,86892000.0,0.0,0.015,1.34,414128000.0,501020000.0,0.237,501020000.0,414128000.0,368512000.0,3.57,3.53,3.57,1543894000.0,1522119250.0,1543894000.0,7727751585.0,19.0,15.424,361724000.0,4.772,1.0,930767000.0,0.44,2068096000.0,45616000.0,1557007000.0,1644165750.0,252859000.0,0.0,0.0,0.0,1611050000.0,309158000.0,1301892000.0,6866376585.0,-92054000.0,-470937000.0,-27032000.0,181158000.0,-102650000.0,46548000.0,-509199000.0,0.0,399917000.0,-29320000.0,271109000.0,271109000.0,271109000.0,0.0,0.0,0.128,518370000.0,412397000.0,128933000.0,0.375,4.447,25.327,25.227,247816000.0,0.0,90.06,3.25,3.231,272813000.0,1834739000.0,2113043000.0,2113043000.0,0.0,0.086,0.178,0.252,0.196,20326000.0,492398000.0,1.0,76242245.0,75803000,76758000.0,27.875,1086848000.0,0.0,97403000.0,166427000.0,14.338,513563000.0
19,IEX,MRT,2016-09-30,2016-09-30,2016-09-30,2021-07-28,-147585000.0,3262464000.0,3079890250.0,857353000.0,2405111000.0,0.676,20.506,-38913000.0,239397000.0,239397000.0,1160741000.0,281525000.0,2.808,1.098,1100772000.0,1171000.0,1099601000.0,1100772000.0,0.0,84470000.0,0.0,0.014,1.32,428285000.0,512755000.0,0.246,512755000.0,428285000.0,384452000.0,3.7,3.66,3.7,1554743000.0,1496968500.0,1554743000.0,7817636816.0,18.0,15.246,343951000.0,4.536,1.0,921681000.0,0.443,2125322000.0,43833000.0,1693160000.0,1585978000.0,276013000.0,0.0,0.0,0.0,1707721000.0,305357000.0,1402364000.0,7123566816.0,-67085000.0,-479322000.0,-63118000.0,250780000.0,-101866000.0,81770000.0,-519228000.0,0.0,382864000.0,-12491000.0,281525000.0,281525000.0,281525000.0,0.0,0.0,0.135,491294000.0,430387000.0,117430000.0,0.357,4.582,25.303,25.289,261092000.0,0.0,93.57,3.421,3.407,287329000.0,1803060000.0,2082422000.0,2082422000.0,0.0,0.091,0.188,0.27,0.206,19723000.0,482711000.0,1.0,76130884.0,75819000,76880000.0,27.466,1137142000.0,0.0,102927000.0,182688000.0,14.998,551996000.0
20,IEX,MRT,2016-06-30,2016-06-30,2016-06-30,2021-07-28,-153872000.0,3109356000.0,2981864750.0,969284000.0,2140072000.0,0.689,19.777,-36108000.0,361488000.0,361488000.0,1141805000.0,291157000.0,3.256,1.077,1055558000.0,1233000.0,1054325000.0,1055558000.0,0.0,82655000.0,0.0,0.016,1.3,439570000.0,522225000.0,0.254,522225000.0,439570000.0,397421000.0,3.81,3.77,3.81,1496930000.0,1465431000.0,1496930000.0,6968589226.0,16.0,13.344,334628000.0,4.421,1.0,914052000.0,0.445,1870638000.0,42149000.0,1635075000.0,1510647500.0,257659000.0,0.0,0.0,0.0,1612426000.0,297713000.0,1314713000.0,6231469226.0,49993000.0,-215559000.0,-130509000.0,184326000.0,-100692000.0,-50580000.0,-251808000.0,0.0,370736000.0,-18355000.0,291157000.0,291157000.0,291157000.0,0.0,0.0,0.142,471560000.0,442492000.0,129164000.0,0.341,4.163,21.402,21.549,250904000.0,0.0,82.1,3.031,3.023,296481000.0,1759157000.0,2055857000.0,2055857000.0,0.0,0.098,0.199,0.291,0.214,18667000.0,478391000.0,1.0,75900965.0,75690000,76674000.0,27.162,1238718000.0,0.0,106264000.0,152875000.0,16.366,671571000.0
21,IEX,MRT,2016-03-31,2016-03-31,2016-03-31,2021-07-28,-128513000.0,3142298000.0,2930365250.0,976508000.0,2165790000.0,0.69,19.709,-41455000.0,358445000.0,358445000.0,1119433000.0,284983000.0,3.341,1.105,1095565000.0,1333000.0,1094232000.0,1095565000.0,0.0,79567000.0,0.0,0.015,1.28,433802000.0,513369000.0,0.254,513369000.0,433802000.0,392274000.0,3.7,3.67,3.7,1492910000.0,1454900500.0,1492910000.0,6805804423.0,16.0,13.257,339827000.0,4.486,1.0,901609000.0,0.446,1895715000.0,41528000.0,1691421000.0,1463901250.0,278230000.0,0.0,0.0,0.0,1649388000.0,292282000.0,1357106000.0,6293028423.0,-136051000.0,-388892000.0,-177264000.0,189717000.0,-98683000.0,-89054000.0,-430481000.0,0.0,381282000.0,2202000.0,284983000.0,284983000.0,284983000.0,0.0,0.0,0.141,463031000.0,438578000.0,140183000.0,0.346,4.215,22.082,22.4,252512000.0,0.0,82.88,3.114,3.106,296834000.0,1734810000.0,2021042000.0,2021042000.0,0.0,0.097,0.196,0.296,0.215,17563000.0,469862000.0,1.0,75929397.0,75749000,76699000.0,26.681,1246583000.0,0.0,107291000.0,154612000.0,16.457,684226000.0
22,IEX,MRT,2015-12-31,2015-12-31,2015-12-31,2021-07-28,-146498000.0,2805443000.0,2862079250.0,862684000.0,1942759000.0,0.706,18.713,-42882000.0,328018000.0,328018000.0,1116353000.0,282807000.0,2.786,0.944,840794000.0,1087000.0,839707000.0,840794000.0,0.0,78120000.0,0.0,0.016,1.24,433981000.0,512101000.0,0.253,512101000.0,433981000.0,392345000.0,3.65,3.62,3.65,1443291000.0,1444421000.0,1443291000.0,6408859482.0,15.0,12.515,317439000.0,4.116,1.0,904315000.0,0.448,1684366000.0,41636000.0,1324256000.0,1383947750.0,239124000.0,0.0,0.0,0.0,1362152000.0,309597000.0,1052555000.0,5862090482.0,-181119000.0,-167336000.0,-191605000.0,-9757000.0,-96172000.0,-295528000.0,-210491000.0,0.0,360321000.0,-35421000.0,282807000.0,282807000.0,282807000.0,0.0,0.0,0.14,467325000.0,436990000.0,128911000.0,0.34,4.062,20.728,20.989,240945000.0,0.0,76.61,2.901,2.924,260000000.0,1666680000.0,2020668000.0,2020668000.0,0.0,0.099,0.196,0.314,0.215,14783000.0,474156000.0,1.0,76518607.0,77126000,77972000.0,26.2,1121077000.0,0.0,109538000.0,110483000.0,14.536,553087000.0
23,IEX,MRT,2015-09-30,2015-09-30,2015-09-30,2021-07-28,-141045000.0,2870362000.0,2886584250.0,906399000.0,1963963000.0,0.708,18.594,-45328000.0,306482000.0,306482000.0,1134736000.0,276664000.0,2.796,1.009,853251000.0,471000.0,852780000.0,853251000.0,0.0,76599000.0,0.0,0.017,1.2,430982000.0,507581000.0,0.248,507581000.0,430982000.0,389000000.0,3.54,3.52,3.54,1428593000.0,1455211000.0,1428593000.0,6081804236.0,14.0,11.982,317831000.0,4.137,1.0,910033000.0,0.445,1701107000.0,41982000.0,1391838000.0,1365199250.0,252518000.0,0.0,0.0,0.0,1441769000.0,324186000.0,1117583000.0,5518053236.0,-180584000.0,-165487000.0,-233082000.0,42398000.0,-93874000.0,-282559000.0,-210396000.0,0.0,363159000.0,-50788000.0,276664000.0,276664000.0,276664000.0,0.0,0.0,0.135,482100000.0,427933000.0,129224000.0,0.339,3.863,19.945,20.141,240270000.0,0.0,71.3,2.699,2.679,272008000.0,1624759000.0,2044769000.0,2044769000.0,0.0,0.096,0.19,0.316,0.211,13742000.0,481775000.0,1.0,77392051.0,76831000,77646000.0,26.614,1169255000.0,0.0,112336000.0,153505000.0,15.219,582213000.0
24,IEX,MRT,2015-06-30,2015-06-30,2015-06-30,2021-07-28,-121316000.0,2903358000.0,2903821750.0,933597000.0,1969761000.0,0.714,18.78,-47064000.0,311495000.0,311495000.0,1152738000.0,268600000.0,3.034,0.996,875246000.0,469000.0,874777000.0,875246000.0,0.0,75831000.0,0.0,0.015,1.16,420267000.0,496098000.0,0.239,496098000.0,420267000.0,378053000.0,3.4,3.38,3.4,1454808000.0,1495037750.0,1454808000.0,6538495935.0,16.0,13.18,303145000.0,3.913,1.0,921419000.0,0.444,1711354000.0,42214000.0,1448090000.0,1331342000.0,260814000.0,0.0,0.0,0.0,1448550000.0,307665000.0,1140885000.0,6124778935.0,-173840000.0,-172781000.0,-228636000.0,79243000.0,-91443000.0,-239476000.0,-220201000.0,0.0,350209000.0,-64372000.0,268600000.0,268600000.0,268600000.0,0.0,0.0,0.129,504452000.0,416967000.0,136550000.0,0.341,4.21,22.803,23.112,234634000.0,0.0,78.58,2.953,2.935,286111000.0,1569726000.0,2074157000.0,2074157000.0,0.0,0.092,0.18,0.316,0.203,13878000.0,490780000.0,1.0,77943229.0,77466000,78297000.0,26.775,1192004000.0,0.0,109453000.0,152852000.0,15.387,625932000.0
25,IEX,MRT,2015-03-31,2015-03-31,2015-03-31,2021-07-28,-147005000.0,2869154000.0,2925731500.0,1081388000.0,1787766000.0,0.72,18.603,-45805000.0,494496000.0,494496000.0,1175033000.0,270792000.0,3.004,0.977,908213000.0,88350000.0,819863000.0,908213000.0,0.0,76160000.0,0.0,0.015,1.12,423136000.0,499296000.0,0.237,499296000.0,423136000.0,381101000.0,3.4,3.37,3.4,1450992000.0,1537557500.0,1450992000.0,6287166138.0,15.0,12.592,297375000.0,3.813,1.0,930936000.0,0.442,1551227000.0,42035000.0,1371607000.0,1278100500.0,243565000.0,0.0,0.0,0.0,1418162000.0,360037000.0,1058125000.0,5932351138.0,36113000.0,-25443000.0,-224296000.0,151589000.0,-89249000.0,-160831000.0,-71597000.0,0.0,343180000.0,-74639000.0,270792000.0,270792000.0,270792000.0,0.0,0.0,0.129,511790000.0,419146000.0,131018000.0,0.329,4.088,21.907,22.303,216336000.0,0.0,75.83,2.817,2.808,267206000.0,1549775000.0,2105969000.0,2105969000.0,0.0,0.093,0.176,0.331,0.201,14717000.0,498118000.0,1.0,78232245.0,77996000,78856000.0,27.001,1317927000.0,0.0,110309000.0,130967000.0,16.897,721351000.0
26,IEX,MRT,2014-12-31,2014-12-31,2014-12-31,2021-07-28,-92278000.0,2903463000.0,2946398500.0,1075791000.0,1827672000.0,0.729,18.647,-46537000.0,509137000.0,509137000.0,1198452000.0,279386000.0,2.611,0.953,859345000.0,98946000.0,760399000.0,859345000.0,0.0,76907000.0,0.0,0.014,1.07,434335000.0,511242000.0,0.238,511242000.0,434335000.0,392440000.0,3.48,3.45,3.48,1486451000.0,1580059000.0,1486451000.0,6516580638.0,15.0,12.747,321424000.0,4.032,1.0,949315000.0,0.442,1592441000.0,41895000.0,1249262000.0,1262465500.0,237631000.0,0.0,0.0,0.0,1417012000.0,411968000.0,1005044000.0,6180223638.0,69508000.0,-25443000.0,-202732000.0,103063000.0,-85726000.0,-184072000.0,-72260000.0,0.0,367961000.0,-42121000.0,279386000.0,279386000.0,279386000.0,0.0,0.0,0.13,518091000.0,431224000.0,127462000.0,0.307,4.158,22.121,22.368,219543000.0,0.0,77.84,2.878,2.889,256040000.0,1483821000.0,2147767000.0,2147767000.0,0.0,0.095,0.177,0.344,0.202,14442000.0,504419000.0,1.0,79396501.0,79715000,80728000.0,26.943,1311022000.0,0.0,113054000.0,130368000.0,16.446,663823000.0
27,IEX,MRT,2014-09-30,2014-09-30,2014-09-30,2021-07-28,-38812000.0,2939312000.0,2942427000.0,1076957000.0,1862355000.0,0.729,19.959,-41649000.0,487066000.0,487066000.0,1197281000.0,285321000.0,2.702,0.851,823423000.0,103250000.0,720173000.0,823423000.0,0.0,77921000.0,0.0,0.014,1.02,441598000.0,519519000.0,0.242,519519000.0,441598000.0,399793000.0,3.53,3.49,3.53,1587900000.0,1601693500.0,1587900000.0,6126337239.0,14.0,11.792,326546000.0,4.105,1.0,947207000.0,0.442,1620709000.0,41805000.0,1256409000.0,1264283000.0,251058000.0,0.0,0.0,0.0,1351412000.0,398551000.0,952861000.0,5794807239.0,87261000.0,-25442000.0,-157018000.0,45792000.0,-82473000.0,-192743000.0,-67270000.0,0.0,368195000.0,-20921000.0,285321000.0,285321000.0,285321000.0,0.0,0.0,0.133,506564000.0,440643000.0,134406000.0,0.289,3.649,20.31,20.501,219824000.0,0.0,72.37,2.702,2.685,270466000.0,1466472000.0,2144488000.0,2144488000.0,0.0,0.097,0.178,0.349,0.206,12951000.0,506564000.0,1.0,80071953.0,79558000,80561000.0,26.955,1318603000.0,0.0,114472000.0,144443000.0,16.574,678406000.0
28,IEX,MRT,2014-06-30,2014-06-30,2014-06-30,2021-07-28,14121000.0,2990997000.0,2919944250.0,1081526000.0,1909471000.0,0.72,20.284,-38446000.0,485335000.0,485335000.0,1177856000.0,277679000.0,2.555,0.841,816865000.0,111539000.0,705326000.0,816865000.0,0.0,78091000.0,0.0,0.012,0.97,426988000.0,505079000.0,0.24,505079000.0,426988000.0,385074000.0,3.42,3.39,3.42,1624887000.0,1583349500.0,1624887000.0,6831027142.0,16.0,13.525,347742000.0,4.341,1.0,924070000.0,0.44,1664028000.0,41914000.0,1235124000.0,1265025750.0,254182000.0,0.0,0.0,0.0,1366110000.0,423375000.0,942735000.0,6509165142.0,110846000.0,-25995000.0,-144930000.0,-3793000.0,-78677000.0,-223940000.0,-64684000.0,0.0,386188000.0,13282000.0,277679000.0,277679000.0,277679000.0,0.0,0.0,0.132,496905000.0,427165000.0,146827000.0,0.284,4.006,23.441,23.608,223395000.0,0.0,80.74,3.097,3.077,272151000.0,1395031000.0,2101926000.0,2101926000.0,0.0,0.095,0.175,0.338,0.203,11998000.0,496905000.0,1.0,80618840.0,80106000,81149000.0,26.239,1326969000.0,0.0,107395000.0,147408000.0,16.565,658151000.0
29,IEX,MRT,2014-03-31,2014-03-31,2014-03-31,2021-07-28,-1425000.0,2951822000.0,2879108000.0,1063376000.0,1888446000.0,0.72,20.13,-34153000.0,458383000.0,458383000.0,1167891000.0,268463000.0,3.387,0.821,780245000.0,1393000.0,778852000.0,780245000.0,0.0,78752000.0,0.0,0.013,0.92,414023000.0,492775000.0,0.238,492775000.0,414023000.0,371917000.0,3.29,3.27,3.29,1620998000.0,1547000750.0,1620998000.0,6230256925.0,15.0,12.643,369359000.0,4.587,1.0,905787000.0,0.437,1650636000.0,42106000.0,1309067000.0,1285022500.0,244175000.0,0.0,0.0,0.0,1330824000.0,313981000.0,1016843000.0,5896009925.0,117338000.0,-2201000.0,-141223000.0,-49761000.0,-74958000.0,-263901000.0,-36620000.0,0.0,403512000.0,14347000.0,268463000.0,268463000.0,268463000.0,0.0,0.0,0.129,491151000.0,414636000.0,149045000.0,0.28,3.637,21.962,22.155,216045000.0,0.0,72.89,2.843,2.831,287903000.0,1368288000.0,2073678000.0,2073678000.0,0.0,0.093,0.174,0.322,0.2,8647000.0,491151000.0,1.0,80889147.0,80527000,81575000.0,25.751,1301186000.0,0.0,103454000.0,146643000.0,16.158,749395000.0
30,IEX,MRT,2013-12-31,2013-12-31,2013-12-31,2021-07-28,-3305000.0,2887577000.0,2846802500.0,990953000.0,1896624000.0,0.711,19.296,-30969000.0,439629000.0,439629000.0,1150766000.0,255215000.0,3.253,0.836,773876000.0,1871000.0,772005000.0,773876000.0,0.0,79334000.0,0.0,0.012,0.89,395335000.0,474669000.0,0.235,474669000.0,395335000.0,353129000.0,3.11,3.09,3.11,1572989000.0,1512163000.0,1572989000.0,6375290672.0,16.0,13.431,370553000.0,4.546,1.0,873364000.0,0.431,1660683000.0,42206000.0,1256532000.0,1296428500.0,230967000.0,0.0,0.0,0.0,1314588000.0,304609000.0,1009979000.0,5990673672.0,120765000.0,-36849000.0,-132197000.0,-16377000.0,-72905000.0,-219045000.0,-68162000.0,0.0,401522000.0,6450000.0,255215000.0,255215000.0,255215000.0,0.0,0.0,0.126,477851000.0,395513000.0,133312000.0,0.286,3.808,23.473,23.746,213488000.0,0.0,73.85,2.96,2.974,253226000.0,1293740000.0,2024130000.0,2024130000.0,0.0,0.09,0.169,0.305,0.195,8433000.0,477851000.0,1.0,81119481.0,81517000,82489000.0,24.831,1226894000.0,0.0,97914000.0,144908000.0,15.051,686344000.0
31,IEX,MRT,2013-09-30,2013-09-30,2013-09-30,2021-07-28,-31219000.0,2849381000.0,2821255750.0,950769000.0,1898612000.0,0.707,18.638,-30839000.0,399805000.0,399805000.0,1145135000.0,68641000.0,3.077,0.881,784422000.0,4379000.0,780043000.0,784422000.0,0.0,80069000.0,0.0,0.013,0.86,166786000.0,246855000.0,0.124,246855000.0,166786000.0,124546000.0,0.85,0.86,0.85,1514524000.0,1485165250.0,1514524000.0,5775854806.0,35.0,23.398,354753000.0,4.366,1.0,849213000.0,0.426,1665576000.0,42240000.0,1259380000.0,1306939500.0,236771000.0,0.0,0.0,0.0,1334857000.0,309042000.0,1025815000.0,5334885806.0,139302000.0,-36758000.0,-111067000.0,-7389000.0,-70492000.0,-186002000.0,-67978000.0,0.0,385592000.0,7690000.0,68641000.0,68641000.0,68641000.0,0.0,0.0,0.034,683162000.0,166051000.0,130683000.0,1.012,3.522,77.722,76.765,214253000.0,0.0,65.25,2.675,2.659,255977000.0,1244804000.0,1994348000.0,1994348000.0,0.0,0.024,0.046,0.128,0.084,7328000.0,466774000.0,1.0,81760702.0,81259000,82218000.0,24.543,1183805000.0,0.0,55905000.0,126006000.0,14.568,641727000.0
32,IEX,MRT,2013-06-30,2013-06-30,2013-06-30,2021-07-28,-61924000.0,2827652000.0,2848269250.0,936100000.0,1891552000.0,0.696,18.08,-32941000.0,374489000.0,374489000.0,1151046000.0,54969000.0,3.177,0.911,815458000.0,4451000.0,811007000.0,815458000.0,0.0,79835000.0,0.0,0.015,0.83,150325000.0,230160000.0,0.116,230160000.0,150325000.0,108119000.0,0.67,0.68,0.67,1479492000.0,1508743500.0,1479492000.0,4906181907.0,33.0,21.316,335275000.0,4.097,1.0,832544000.0,0.42,1658827000.0,42206000.0,1315111000.0,1322426750.0,231504000.0,0.0,0.0,0.0,1348160000.0,294683000.0,1053477000.0,4424888907.0,153379000.0,-71578000.0,-97222000.0,52691000.0,-68616000.0,-111488000.0,-105088000.0,0.0,368216000.0,1739000.0,54969000.0,54969000.0,54969000.0,0.0,0.0,0.028,683274000.0,149270000.0,127292000.0,1.239,2.991,80.498,80.313,213384000.0,0.0,53.81,2.231,2.22,268035000.0,1199610000.0,1983590000.0,1983590000.0,0.0,0.019,0.036,0.114,0.076,7626000.0,459801000.0,1.0,82231721.0,81829000,82734000.0,24.241,1168825000.0,0.0,53150000.0,122291000.0,14.284,641417000.0
33,IEX,MRT,2013-03-31,2013-03-31,2013-03-31,2021-07-28,-68193000.0,2822600000.0,2855556750.0,921918000.0,1900682000.0,0.686,18.026,-34917000.0,341045000.0,341045000.0,1146481000.0,46759000.0,3.251,0.905,822338000.0,6776000.0,815562000.0,822338000.0,0.0,78961000.0,0.0,0.015,0.8,139759000.0,218720000.0,0.112,218720000.0,139759000.0,97614000.0,0.56,0.57,0.56,1481647000.0,1533683750.0,1481647000.0,4876125810.0,35.0,22.294,304716000.0,3.707,1.0,812808000.0,0.415,1665580000.0,42145000.0,1354691000.0,1321571250.0,239575000.0,0.0,0.0,0.0,1340953000.0,283622000.0,1057331000.0,4408413810.0,95502000.0,-103578000.0,-80332000.0,48935000.0,-66501000.0,-95111000.0,-139041000.0,0.0,339633000.0,-9979000.0,46759000.0,46759000.0,46759000.0,0.0,0.0,0.024,674447000.0,138361000.0,122376000.0,1.429,2.975,94.279,95.393,215091000.0,0.0,53.42,2.25,2.241,269873000.0,1174841000.0,1959289000.0,1959289000.0,0.0,0.016,0.03,0.106,0.071,9258000.0,448393000.0,1.0,82523658.0,82197000,83152000.0,23.837,1157020000.0,0.0,50855000.0,121017000.0,14.076,638296000.0
34,IEX,MRT,2012-12-31,2012-12-31,2012-12-31,2021-07-28,-43403000.0,2785390000.0,2869688250.0,881865000.0,1903525000.0,0.681,17.717,-35807000.0,318864000.0,318864000.0,1150558000.0,37630000.0,3.026,0.901,786576000.0,7335000.0,779241000.0,786576000.0,0.0,78312000.0,0.0,0.017,0.77,128454000.0,206766000.0,0.106,206766000.0,128454000.0,86204000.0,0.45,0.45,0.45,1464998000.0,1563414750.0,1464998000.0,4373506536.0,34.0,21.152,290373000.0,3.512,1.0,803700000.0,0.411,1663099000.0,42250000.0,1298576000.0,1318323000.0,234950000.0,0.0,0.0,0.0,1320392000.0,291427000.0,1028965000.0,3846089536.0,88605000.0,-68930000.0,-43792000.0,-29346000.0,-64087000.0,-136485000.0,-105266000.0,0.0,326180000.0,4176000.0,37630000.0,37630000.0,37630000.0,0.0,0.0,0.019,675482000.0,128218000.0,117341000.0,1.711,2.625,102.208,103.4,219161000.0,0.0,46.53,1.968,1.969,256095000.0,1113541000.0,1954258000.0,1954258000.0,0.0,0.013,0.024,0.097,0.066,8628000.0,444490000.0,1.0,82658275.0,82689000,83641000.0,23.634,1122291000.0,0.0,48574000.0,121349000.0,13.572,590438000.0
35,IEX,MRT,2012-09-30,2012-09-30,2012-09-30,2021-07-28,-35674000.0,2957435000.0,2882367500.0,843864000.0,2113571000.0,0.674,19.505,-35299000.0,260503000.0,260503000.0,1149659000.0,204037000.0,2.87,0.838,787920000.0,5152000.0,782768000.0,787920000.0,0.0,77208000.0,0.0,0.018,0.74,329385000.0,406593000.0,0.209,406593000.0,329385000.0,289256000.0,2.45,2.44,2.45,1608837000.0,1575449000.0,1608837000.0,4021177673.0,12.0,9.89,246831000.0,2.993,1.0,794444000.0,0.409,1869481000.0,40129000.0,1321329000.0,1329377000.0,249564000.0,0.0,0.0,0.0,1348598000.0,294042000.0,1054556000.0,3482946673.0,40042000.0,-66586000.0,-38428000.0,-34839000.0,-61707000.0,-133147000.0,-103367000.0,0.0,282130000.0,-5574000.0,204037000.0,204037000.0,204037000.0,0.0,0.0,0.105,464636000.0,329808000.0,117793000.0,0.302,2.165,17.07,17.049,223762000.0,0.0,41.77,1.792,1.772,277505000.0,1249130000.0,1944103000.0,1944103000.0,0.0,0.071,0.13,0.248,0.169,9810000.0,440649000.0,1.0,83383928.0,82482000,83370000.0,23.57,1087954000.0,0.0,85219000.0,157971000.0,13.19,549822000.0
36,IEX,MRT,2012-06-30,2012-06-30,2012-06-30,2021-07-28,-61641000.0,2856802000.0,2866440750.0,798089000.0,2058713000.0,0.677,18.986,-35245000.0,221110000.0,221110000.0,1159989000.0,202246000.0,3.059,0.809,759341000.0,5616000.0,753725000.0,759341000.0,0.0,78203000.0,0.0,0.018,0.71,319529000.0,397732000.0,0.205,397732000.0,319529000.0,282173000.0,2.43,2.42,2.43,1579253000.0,1549595000.0,1579253000.0,3803119066.0,12.0,9.562,240636000.0,2.893,1.0,781136000.0,0.402,1822444000.0,37356000.0,1311689000.0,1314824750.0,254497000.0,0.0,0.0,0.0,1277549000.0,260900000.0,1016649000.0,3275016066.0,18149000.0,-31791000.0,945000.0,-112674000.0,-59145000.0,-169037000.0,-68216000.0,0.0,275881000.0,-20479000.0,202246000.0,202246000.0,202246000.0,0.0,0.0,0.104,460611000.0,320525000.0,114430000.0,0.292,2.074,16.193,16.041,215673000.0,0.0,38.98,1.687,1.67,265209000.0,1215516000.0,1941125000.0,1941125000.0,0.0,0.071,0.131,0.243,0.165,6426000.0,440778000.0,1.0,84017857.0,83180000,84090000.0,23.336,1034358000.0,0.0,79927000.0,152854000.0,12.435,537189000.0
37,IEX,MRT,2012-03-31,2012-03-31,2012-03-31,2021-07-28,-38094000.0,2879126000.0,2883070250.0,829069000.0,2050057000.0,0.659,19.33,-19597000.0,245543000.0,245543000.0,1137917000.0,198077000.0,3.326,0.799,773646000.0,3796000.0,769850000.0,773646000.0,0.0,75954000.0,0.0,0.016,0.68,311085000.0,387039000.0,0.204,387039000.0,311085000.0,277545000.0,2.39,2.37,2.39,1600571000.0,1532694250.0,1600571000.0,4109239051.0,13.0,10.617,227259000.0,2.745,1.0,762862000.0,0.401,1816271000.0,33540000.0,1341698000.0,1334663000.0,253564000.0,0.0,0.0,0.0,1278555000.0,249260000.0,1029295000.0,3530688051.0,49995000.0,-393273000.0,31196000.0,253264000.0,-56483000.0,225450000.0,-414163000.0,0.0,246856000.0,-8148000.0,198077000.0,198077000.0,198077000.0,0.0,0.0,0.104,451358000.0,311504000.0,116209000.0,0.285,2.206,17.825,17.628,214153000.0,0.0,42.13,1.857,1.835,270825000.0,1194583000.0,1900779000.0,1900779000.0,0.0,0.069,0.129,0.233,0.164,6842000.0,434106000.0,1.0,83804606.0,82804000,83902000.0,22.955,1062855000.0,0.0,79468000.0,147125000.0,12.836,579809000.0
38,IEX,MRT,2011-12-31,2011-12-31,2011-12-31,2021-07-28,-55469000.0,2836107000.0,2779645750.0,789161000.0,2046946000.0,0.661,18.42,-22524000.0,230259000.0,230259000.0,1099778000.0,193857000.0,3.055,0.874,808810000.0,2444000.0,806366000.0,808810000.0,0.0,72386000.0,0.0,0.018,0.66,303213000.0,375599000.0,0.204,375599000.0,303213000.0,273881000.0,2.34,2.32,2.34,1513135000.0,1500798000.0,1513135000.0,3694559661.0,12.0,9.836,194717000.0,2.37,1.0,738673000.0,0.402,1813588000.0,29332000.0,1342792000.0,1227679500.0,254258000.0,0.0,0.0,0.0,1322972000.0,258278000.0,1064694000.0,3096421661.0,-4877000.0,-443634000.0,33064000.0,273781000.0,-54613000.0,253412000.0,-469537000.0,0.0,217241000.0,-5993000.0,193857000.0,193857000.0,193857000.0,0.0,0.0,0.105,434017000.0,304656000.0,110977000.0,0.282,2.046,15.973,15.859,213717000.0,0.0,37.11,1.684,1.658,252845000.0,1142412000.0,1838451000.0,1838451000.0,0.0,0.07,0.129,0.247,0.165,6778000.0,421703000.0,1.0,83439010.0,82145000,83543000.0,22.381,1022519000.0,0.0,80024000.0,142482000.0,12.448,530883000.0
39,IEX,MRT,2011-09-30,2011-09-30,2011-09-30,2021-07-28,-25653000.0,2893728000.0,2666042750.0,805306000.0,2088422000.0,0.661,18.269,-20347000.0,220461000.0,220461000.0,1055927000.0,187982000.0,2.048,0.922,818599000.0,85395000.0,733204000.0,818599000.0,0.0,66336000.0,0.0,0.021,0.64,293174000.0,359510000.0,0.204,359510000.0,293174000.0,267282000.0,2.28,2.25,2.28,1505421000.0,1466429250.0,1505421000.0,3263922657.0,11.0,9.079,182393000.0,2.213,1.0,707059000.0,0.401,1835587000.0,25892000.0,1263120000.0,1100079750.0,271617000.0,0.0,0.0,0.0,1388307000.0,393159000.0,995148000.0,2588746657.0,14407000.0,-469025000.0,40665000.0,320004000.0,-52710000.0,305888000.0,-491634000.0,0.0,202740000.0,-2587000.0,187982000.0,187982000.0,187982000.0,0.0,0.0,0.107,412400000.0,294659000.0,119738000.0,0.281,1.72,13.771,13.667,219702000.0,0.0,31.16,1.468,1.456,258346000.0,1109168000.0,1762986000.0,1762986000.0,0.0,0.071,0.128,0.267,0.166,9149000.0,404796000.0,1.0,83079161.0,82402000,83586000.0,21.395,1058141000.0,0.0,79300000.0,166325000.0,12.841,412147000.0
40,IEX,MRT,2011-06-30,2011-06-30,2011-06-30,2021-07-28,22169000.0,2923320000.0,2529226000.0,814005000.0,2109315000.0,0.656,18.401,-19454000.0,202961000.0,202961000.0,980176000.0,178210000.0,2.325,0.934,878137000.0,85020000.0,793117000.0,878137000.0,0.0,61031000.0,0.0,0.014,0.62,283648000.0,344679000.0,0.208,344679000.0,283648000.0,261357000.0,2.17,2.14,2.17,1511650000.0,1424013500.0,1511650000.0,4122740441.0,15.0,11.961,150156000.0,1.828,1.0,679660000.0,0.409,1857328000.0,22291000.0,1391042000.0,999411750.0,282381000.0,0.0,0.0,0.0,1411670000.0,350126000.0,1061544000.0,3800104441.0,43823000.0,-486057000.0,36116000.0,378493000.0,-50825000.0,361860000.0,-507800000.0,0.0,169610000.0,20153000.0,178210000.0,178210000.0,178210000.0,0.0,0.0,0.107,393867000.0,285793000.0,128117000.0,0.286,2.514,21.324,21.129,231538000.0,0.0,45.85,2.289,2.269,270234000.0,1075006000.0,1659836000.0,1659836000.0,0.0,0.07,0.125,0.284,0.171,12927000.0,385670000.0,1.0,82881231.0,82151000,83778000.0,20.205,1065992000.0,0.0,83147000.0,169810000.0,12.976,463879000.0
41,IEX,MRT,2011-03-31,2011-03-31,2011-03-31,2021-07-28,13858000.0,2465428000.0,2351277750.0,704007000.0,1761421000.0,0.674,18.089,-34914000.0,195548000.0,195548000.0,934922000.0,168426000.0,2.142,0.674,518184000.0,102801000.0,415383000.0,518184000.0,0.0,59446000.0,0.0,0.014,0.6,266691000.0,326137000.0,0.206,326137000.0,266691000.0,247521000.0,2.06,2.03,2.06,1472986000.0,1364134750.0,1472986000.0,3891328118.0,15.0,11.932,151559000.0,1.861,1.0,649642000.0,0.41,1545591000.0,19170000.0,913764000.0,861194500.0,215650000.0,0.0,0.0,0.0,992442000.0,328709000.0,663733000.0,3598569118.0,124160000.0,-141647000.0,32911000.0,115517000.0,-48928000.0,102685000.0,-178687000.0,0.0,186473000.0,13689000.0,168426000.0,168426000.0,168426000.0,0.0,0.0,0.106,380698000.0,268944000.0,112906000.0,0.291,2.443,21.366,21.189,199703000.0,0.0,43.65,2.271,2.243,242177000.0,1052991000.0,1584564000.0,1584564000.0,0.0,0.072,0.123,0.31,0.168,12186000.0,371470000.0,1.0,82441446.0,81430000,83248000.0,19.459,919837000.0,0.0,79095000.0,153915000.0,11.296,375298000.0
42,IEX,MRT,2010-12-31,2010-12-31,2010-12-31,2021-07-28,-12709000.0,2381695000.0,2260055500.0,692758000.0,1688937000.0,0.669,17.096,-31020000.0,235136000.0,235136000.0,894590000.0,157100000.0,1.959,0.731,527895000.0,119445000.0,408450000.0,527895000.0,0.0,58108000.0,0.0,0.015,0.57,248024000.0,306132000.0,0.202,306132000.0,248024000.0,231874000.0,1.93,1.9,1.93,1375660000.0,1318649250.0,1375660000.0,3488935173.0,14.0,11.397,153457000.0,1.907,1.0,618483000.0,0.409,1488393000.0,16150000.0,832393000.0,831755250.0,196546000.0,0.0,0.0,0.0,1006035000.0,353668000.0,652367000.0,3203360173.0,161610000.0,-91286000.0,18057000.0,122423000.0,-46334000.0,95521000.0,-122306000.0,0.0,184477000.0,3918000.0,157100000.0,157100000.0,157100000.0,0.0,0.0,0.104,369367000.0,249116000.0,104055000.0,0.295,2.329,20.391,20.269,188562000.0,0.0,39.12,2.117,2.08,213553000.0,1005040000.0,1513073000.0,1513073000.0,0.0,0.07,0.119,0.298,0.164,13901000.0,358272000.0,1.0,81885485.0,80466000,81983000.0,18.804,893302000.0,0.0,74774000.0,148534000.0,11.102,339090000.0
43,IEX,MRT,2010-09-30,2010-09-30,2010-09-30,2021-07-28,-9107000.0,2346461000.0,2189171000.0,660959000.0,1685502000.0,0.663,16.59,-32719000.0,206054000.0,206054000.0,855671000.0,148674000.0,2.353,0.757,491629000.0,11070000.0,480559000.0,491629000.0,0.0,59341000.0,0.0,0.015,0.54,235290000.0,294631000.0,0.203,294631000.0,235290000.0,220129000.0,1.83,1.82,1.83,1335758000.0,1291760250.0,1335758000.0,3204027602.0,14.0,10.875,179485000.0,2.229,1.0,595528000.0,0.41,1490734000.0,15161000.0,860448000.0,816969500.0,191698000.0,0.0,0.0,0.0,1010703000.0,280854000.0,729849000.0,2892774602.0,131625000.0,-68330000.0,12727000.0,38954000.0,-43750000.0,11589000.0,-99518000.0,0.0,212204000.0,7350000.0,148674000.0,148674000.0,148674000.0,0.0,0.0,0.102,359975000.0,235553000.0,94299000.0,0.295,2.166,19.457,19.404,187021000.0,0.0,35.51,1.993,1.97,210188000.0,975702000.0,1451199000.0,1451199000.0,0.0,0.068,0.115,0.288,0.162,11277000.0,349727000.0,1.0,81463661.0,80517000,81938000.0,18.024,855727000.0,0.0,71455000.0,158536000.0,10.628,380105000.0
44,IEX,MRT,2010-06-30,2010-06-30,2010-06-30,2021-07-28,-38693000.0,2211527000.0,2133266500.0,577450000.0,1634077000.0,0.657,15.829,-30922000.0,159138000.0,159138000.0,830264000.0,139887000.0,2.431,0.738,470391000.0,10559000.0,459832000.0,470391000.0,0.0,58241000.0,0.0,0.018,0.51,221851000.0,280092000.0,0.2,280092000.0,221851000.0,206901000.0,1.73,1.72,1.73,1272135000.0,1266914750.0,1272135000.0,2634859053.0,12.0,9.407,204404000.0,2.543,1.0,570453000.0,0.407,1447072000.0,14950000.0,838173000.0,805393250.0,170109000.0,0.0,0.0,0.0,939392000.0,237535000.0,701857000.0,2320540053.0,91222000.0,-51273000.0,11185000.0,-30279000.0,-41204000.0,-57803000.0,-80665000.0,0.0,235326000.0,-5636000.0,139887000.0,139887000.0,139887000.0,0.0,0.0,0.1,350822000.0,219631000.0,83204000.0,0.295,1.824,16.589,16.514,179284000.0,0.0,28.57,1.657,1.639,200430000.0,949494000.0,1400717000.0,1400717000.0,0.0,0.066,0.11,0.275,0.158,12283000.0,341346000.0,1.0,81222963.0,80369000,81800000.0,17.429,764455000.0,0.0,67014000.0,152271000.0,9.512,339915000.0
45,IEX,MRT,2010-03-31,2010-03-31,2010-03-31,2021-07-28,5105000.0,2100539000.0,2112448750.0,484833000.0,1615706000.0,0.643,16.122,-25783000.0,71388000.0,71388000.0,811913000.0,127411000.0,2.635,0.627,385707000.0,2609000.0,383098000.0,385707000.0,0.0,57036000.0,0.0,0.015,0.48,205182000.0,262218000.0,0.193,262218000.0,205182000.0,189391000.0,1.58,1.57,1.58,1291044000.0,1249136750.0,1291044000.0,3007688928.0,15.0,11.47,196237000.0,2.451,1.0,546733000.0,0.402,1434871000.0,15791000.0,796007000.0,822381000.0,166211000.0,0.0,0.0,0.0,809495000.0,183980000.0,625515000.0,2681114928.0,8291000.0,0.0,7775000.0,-161606000.0,-38811000.0,-191075000.0,-24173000.0,0.0,222020000.0,1519000.0,127411000.0,127411000.0,127411000.0,0.0,0.0,0.094,343147000.0,203586000.0,81386000.0,0.304,2.077,21.043,20.949,173774000.0,0.0,33.1,1.973,1.951,206387000.0,933602000.0,1358646000.0,1358646000.0,0.0,0.06,0.102,0.249,0.151,12237000.0,331452000.0,1.0,81000451.0,80080000,81509000.0,16.966,665668000.0,0.0,61980000.0,148776000.0,8.313,300853000.0
46,IEX,MRT,2009-12-31,2009-12-31,2009-12-31,2021-07-28,25428000.0,2098157000.0,2115128500.0,451712000.0,1646445000.0,0.629,15.908,-21477000.0,73526000.0,73526000.0,807275000.0,113391000.0,2.381,0.655,400100000.0,8346000.0,391754000.0,400100000.0,0.0,56346000.0,0.0,0.015,0.48,186005000.0,242351000.0,0.182,242351000.0,186005000.0,168827000.0,1.41,1.4,1.41,1268104000.0,1214677000.0,1268104000.0,2890477592.0,16.0,11.927,191055000.0,2.397,1.0,522386000.0,0.393,1461799000.0,17178000.0,773250000.0,863710250.0,159463000.0,0.0,0.0,0.0,830053000.0,189682000.0,640371000.0,2517767592.0,12173000.0,0.0,7694000.0,-155490000.0,-38637000.0,-184984000.0,-19617000.0,0.0,212532000.0,4242000.0,113391000.0,113391000.0,113391000.0,0.0,0.0,0.085,337532000.0,184854000.0,73020000.0,0.34,1.985,22.204,22.092,178283000.0,0.0,31.15,1.894,1.868,183178000.0,896977000.0,1329661000.0,1329661000.0,0.0,0.054,0.093,0.215,0.14,12948000.0,325453000.0,1.0,80827210.0,79716000,80727000.0,16.68,636358000.0,0.0,55436000.0,148806000.0,7.983,262030000.0
47,IEX,MRT,2009-09-30,2009-09-30,2009-09-30,2021-07-28,24718000.0,2122843000.0,2128539250.0,458593000.0,1664250000.0,0.63,15.505,-23497000.0,74429000.0,74429000.0,822611000.0,102784000.0,2.217,0.717,447139000.0,6307000.0,440832000.0,447139000.0,0.0,55400000.0,0.0,0.017,0.48,172087000.0,227487000.0,0.17,227487000.0,172087000.0,153642000.0,1.28,1.26,1.28,1236376000.0,1183846750.0,1236376000.0,2695901918.0,16.0,11.851,189124000.0,2.372,1.0,519012000.0,0.387,1474552000.0,18445000.0,814143000.0,908970000.0,162384000.0,0.0,0.0,0.0,886467000.0,206858000.0,679609000.0,2255934918.0,-159548000.0,-236645000.0,-45294000.0,-26442000.0,-38871000.0,-111095000.0,-259813000.0,0.0,212621000.0,-1261000.0,102784000.0,102784000.0,102784000.0,0.0,0.0,0.077,348969000.0,170043000.0,76321000.0,0.375,1.825,21.948,21.836,181006000.0,0.0,27.95,1.681,1.661,189417000.0,873590000.0,1341623000.0,1341623000.0,0.0,0.048,0.087,0.189,0.128,13626000.0,327997000.0,1.0,80713235.0,79740000,80879000.0,16.825,648291000.0,0.0,50858000.0,146857000.0,8.13,251735000.0
48,IEX,MRT,2009-06-30,2009-06-30,2009-06-30,2021-07-28,14129000.0,2128256000.0,2127875500.0,467544000.0,1660712000.0,0.65,15.074,-22722000.0,67916000.0,67916000.0,845829000.0,92890000.0,2.42,0.772,507883000.0,7038000.0,500845000.0,507883000.0,0.0,52144000.0,0.0,0.02,0.48,157715000.0,209859000.0,0.152,209859000.0,157715000.0,139360000.0,1.15,1.13,1.15,1201023000.0,1188747000.0,1201023000.0,2463086261.0,16.0,11.737,177972000.0,2.234,1.0,537738000.0,0.389,1468872000.0,18355000.0,906124000.0,922917750.0,166977000.0,0.0,0.0,0.0,927233000.0,193227000.0,734006000.0,1982631261.0,-50622000.0,-236615000.0,-44980000.0,99671000.0,-39090000.0,15323000.0,-259007000.0,0.0,200694000.0,-7632000.0,92890000.0,92890000.0,92890000.0,0.0,0.0,0.067,383408000.0,154330000.0,75221000.0,0.417,1.651,21.344,21.365,181376000.0,0.0,24.57,1.433,1.415,200995000.0,853484000.0,1383567000.0,1383567000.0,0.0,0.044,0.078,0.171,0.114,13739000.0,329822000.0,1.0,80693173.0,79675000,80507000.0,17.365,659384000.0,0.0,46470000.0,144694000.0,8.276,274317000.0
49,IEX,MRT,2009-03-31,2009-03-31,2009-03-31,2021-07-28,-20781000.0,2111258000.0,2122077500.0,477499000.0,1633759000.0,0.681,14.503,-24803000.0,63097000.0,63097000.0,876275000.0,110028000.0,2.575,0.831,543552000.0,1786000.0,541766000.0,543552000.0,0.0,50144000.0,0.0,0.022,0.48,184462000.0,234606000.0,0.162,234606000.0,184462000.0,166455000.0,1.35,1.33,1.35,1153205000.0,1207025500.0,1153205000.0,2249541892.0,12.0,9.589,185347000.0,2.331,1.0,568147000.0,0.393,1444964000.0,18007000.0,961324000.0,904839250.0,176805000.0,0.0,0.0,0.0,958053000.0,185425000.0,772628000.0,1756894892.0,-36719000.0,-237243000.0,-38988000.0,101429000.0,-39132000.0,25209000.0,-261796000.0,0.0,210150000.0,-10282000.0,110028000.0,110028000.0,110028000.0,0.0,0.0,0.076,388442000.0,179705000.0,84971000.0,0.356,1.523,15.968,16.2,179897000.0,0.0,21.87,1.216,1.204,205730000.0,844891000.0,1444422000.0,1444422000.0,0.0,0.052,0.091,0.204,0.128,13992000.0,338106000.0,1.0,80333557.0,79513000,80219000.0,18.166,666294000.0,0.0,56427000.0,137834000.0,8.38,292074000.0
50,IEX,MRT,2008-12-31,2008-12-31,2008-12-31,2021-07-28,-92000.0,2151800000.0,2115753250.0,480688000.0,1671112000.0,0.704,14.112,-27837000.0,61353000.0,61353000.0,892038000.0,127026000.0,2.186,0.88,554000000.0,5856000.0,548144000.0,554000000.0,0.0,48599000.0,0.0,0.02,0.48,211079000.0,259678000.0,0.174,259678000.0,211079000.0,192227000.0,1.55,1.53,1.55,1144783000.0,1225845250.0,1144783000.0,2234337413.0,11.0,8.604,195223000.0,2.407,1.0,597433000.0,0.401,1470289000.0,18852000.0,954289000.0,887445750.0,181200000.0,0.0,0.0,0.0,1007017000.0,219869000.0,787148000.0,1995817413.0,-41404000.0,-392825000.0,-39579000.0,100502000.0,-39398000.0,22679000.0,-280657000.0,0.0,223060000.0,-6486000.0,127026000.0,127026000.0,127026000.0,0.0,0.0,0.085,391477000.0,205956000.0,87304000.0,0.31,1.743,15.712,15.581,186283000.0,0.0,24.15,1.34,1.315,205269000.0,822286000.0,1489471000.0,1489471000.0,0.0,0.06,0.104,0.238,0.142,11880000.0,343392000.0,1.0,82642543.0,81123000,82320000.0,18.361,681511000.0,0.0,65201000.0,141984000.0,8.401,260819000.0
51,IEX,MRT,2008-09-30,2008-09-30,2008-09-30,2021-07-28,56585000.0,2120188000.0,2075201750.0,657519000.0,1462669000.0,0.713,15.397,-24838000.0,233977000.0,233977000.0,877090000.0,141537000.0,3.12,0.688,472497000.0,5999000.0,466498000.0,472497000.0,0.0,44825000.0,0.0,0.015,0.48,233399000.0,278224000.0,0.188,278224000.0,233399000.0,214401000.0,1.72,1.71,1.72,1255977000.0,1230330250.0,1255977000.0,2853050835.0,12.0,10.255,204073000.0,2.502,1.0,603072000.0,0.407,1278029000.0,18998000.0,869934000.0,857329750.0,190514000.0,0.0,0.0,0.0,864211000.0,210745000.0,653466000.0,2560929835.0,158985000.0,-186409000.0,11154000.0,167995000.0,-39255000.0,142537000.0,-209747000.0,0.0,228911000.0,-2716000.0,141537000.0,141537000.0,141537000.0,-55000.0,0.0,0.096,375516000.0,227556000.0,88648000.0,0.279,2.039,18.094,18.035,172093000.0,0.0,31.02,1.73,1.71,210189000.0,830531000.0,1480162000.0,1480162000.0,0.0,0.068,0.115,0.272,0.158,11714000.0,340150000.0,1.0,82557377.0,81572000,82957000.0,18.145,842159000.0,0.0,72864000.0,138432000.0,10.324,446774000.0
52,IEX,MRT,2008-06-30,2008-06-30,2008-06-30,2021-07-28,93448000.0,2105064000.0,1989474750.0,582908000.0,1522156000.0,0.729,15.668,-24583000.0,118538000.0,118538000.0,856900000.0,160066000.0,2.517,0.652,410659000.0,13599000.0,397060000.0,410659000.0,0.0,43772000.0,0.0,0.013,0.48,263052000.0,306824000.0,0.212,306824000.0,263052000.0,242378000.0,1.96,1.94,1.96,1274137000.0,1195793000.0,1274137000.0,3382577809.0,13.0,11.024,189812000.0,2.334,1.0,592953000.0,0.409,1331763000.0,20674000.0,833810000.0,772430250.0,197702000.0,0.0,0.0,0.0,830927000.0,231612000.0,599315000.0,3032791809.0,66512000.0,-185385000.0,12365000.0,80234000.0,-39114000.0,55345000.0,-208468000.0,0.0,214395000.0,5240000.0,160066000.0,160066000.0,160066000.0,350000.0,0.0,0.11,333053000.0,259900000.0,101817000.0,0.245,2.38,18.947,18.796,178318000.0,0.0,36.84,2.092,2.066,240028000.0,821359000.0,1449853000.0,1449853000.0,0.0,0.08,0.134,0.341,0.181,9962000.0,333053000.0,1.0,82323339.0,81322000,82746000.0,17.829,773301000.0,0.0,82312000.0,152192000.0,9.509,351296000.0
53,IEX,MRT,2008-03-31,2008-03-31,2008-03-31,2021-07-28,87511000.0,2085961000.0,1900486750.0,568643000.0,1517318000.0,0.735,15.154,-25068000.0,99816000.0,99816000.0,818048000.0,156636000.0,2.68,0.698,449602000.0,5964000.0,443638000.0,449602000.0,0.0,40948000.0,0.0,0.016,0.48,259136000.0,300084000.0,0.215,300084000.0,259136000.0,236496000.0,1.93,1.91,1.93,1228484000.0,1143973750.0,1228484000.0,2715868475.0,10.0,9.05,188270000.0,2.322,1.0,578977000.0,0.414,1331825000.0,22640000.0,891750000.0,701198000.0,200925000.0,0.0,0.0,0.0,857477000.0,212172000.0,645305000.0,2503899475.0,22312000.0,-216546000.0,10253000.0,71245000.0,-39001000.0,44486000.0,-240114000.0,0.0,213338000.0,4602000.0,156636000.0,156636000.0,156636000.0,555000.0,0.0,0.112,322322000.0,256655000.0,101370000.0,0.249,2.038,15.985,15.902,179762000.0,0.0,30.69,1.792,1.781,241525000.0,794898000.0,1397025000.0,1397025000.0,0.0,0.082,0.137,0.37,0.185,9313000.0,322322000.0,1.0,81586819.0,81067000,82288000.0,17.233,754136000.0,0.0,79860000.0,149899000.0,9.303,356471000.0
54,IEX,MRT,2007-12-31,2007-12-31,2007-12-31,2021-07-28,66380000.0,1989594000.0,1815056500.0,637138000.0,1352456000.0,0.749,14.414,-24210000.0,242762000.0,242762000.0,792470000.0,153700000.0,3.202,0.711,454731000.0,5830000.0,448901000.0,454731000.0,0.0,38038000.0,0.0,0.013,0.46,255510000.0,293548000.0,0.216,293548000.0,255510000.0,232157000.0,1.89,1.87,1.89,1162723000.0,1094044250.0,1162723000.0,3173355279.0,12.0,10.81,173915000.0,2.156,1.0,566161000.0,0.417,1168785000.0,23353000.0,833825000.0,627514250.0,177435000.0,0.0,0.0,0.0,826871000.0,198953000.0,627918000.0,2944321279.0,24814000.0,-85881000.0,13996000.0,89656000.0,-37267000.0,71737000.0,-248596000.0,0.0,198125000.0,3548000.0,153700000.0,153700000.0,153700000.0,719000.0,0.0,0.113,313366000.0,252795000.0,84209000.0,0.243,2.532,19.156,19.116,172999000.0,0.0,36.13,2.167,2.145,193326000.0,753519000.0,1358631000.0,1358631000.0,0.0,0.085,0.14,0.407,0.188,7180000.0,313366000.0,1.0,81492424.0,80666000,82086000.0,16.843,820809000.0,0.0,78457000.0,124472000.0,10.175,438185000.0
55,IEX,MRT,2007-09-30,2007-09-30,2007-09-30,2021-07-28,52436000.0,1777280000.0,1735363250.0,466280000.0,1311000000.0,0.758,13.829,-21776000.0,74992000.0,74992000.0,764314000.0,152350000.0,1.369,0.59,304026000.0,154578000.0,149448000.0,304026000.0,0.0,37574000.0,0.0,0.012,0.44,253075000.0,290649000.0,0.221,290649000.0,253075000.0,229116000.0,1.9,1.87,1.9,1117828000.0,1048181500.0,1117828000.0,3238295132.0,13.0,11.142,165454000.0,2.047,1.0,550451000.0,0.419,1135479000.0,23959000.0,530336000.0,589969250.0,178622000.0,0.0,0.0,0.0,659452000.0,340499000.0,318953000.0,2961676132.0,-3538000.0,-296183000.0,15187000.0,133578000.0,-35544000.0,118320000.0,-317612000.0,0.0,187230000.0,8524000.0,152350000.0,152350000.0,152350000.0,1322000.0,0.0,0.116,297855000.0,252596000.0,86769000.0,0.232,2.649,19.44,19.153,170788000.0,0.0,36.39,2.253,2.237,193457000.0,724857000.0,1314765000.0,1314765000.0,0.0,0.088,0.145,0.429,0.192,6342000.0,297855000.0,1.0,81387088.0,80832000,82311000.0,16.265,641801000.0,0.0,76766000.0,115225000.0,7.94,125781000.0
56,IEX,MRT,2007-06-30,2007-06-30,2007-06-30,2021-07-28,36361000.0,1749112000.0,1642505250.0,446268000.0,1302844000.0,0.773,13.237,-21612000.0,52025000.0,52025000.0,738178000.0,159934000.0,1.281,0.639,328644000.0,158240000.0,170404000.0,328644000.0,0.0,34294000.0,0.0,0.011,0.42,257472000.0,291766000.0,0.23,291766000.0,257472000.0,235684000.0,2.0,1.97,2.0,1066860000.0,1007328250.0,1066860000.0,3425412315.0,13.0,11.74,148408000.0,1.841,1.0,531551000.0,0.419,1128378000.0,21788000.0,548881000.0,580711250.0,174054000.0,0.0,0.0,0.0,682252000.0,348472000.0,333780000.0,3126523315.0,965000.0,-265785000.0,13406000.0,127047000.0,-33826000.0,112345000.0,-287750000.0,0.0,170020000.0,6350000.0,159934000.0,159934000.0,159934000.0,-11746000.0,0.0,0.126,287690000.0,243861000.0,90991000.0,0.21,2.931,19.549,19.27,169513000.0,0.0,38.54,2.462,2.446,199320000.0,696206000.0,1269729000.0,1269729000.0,0.0,0.097,0.159,0.443,0.203,6931000.0,287690000.0,1.0,81124113.0,80595000,82046000.0,15.754,620734000.0,0.0,75750000.0,112707000.0,7.702,97796000.0
57,IEX,MRT,2007-03-31,2007-03-31,2007-03-31,2021-07-28,31890000.0,1744240000.0,1551855750.0,466159000.0,1278081000.0,0.787,12.817,-18734000.0,77500000.0,77500000.0,714882000.0,153260000.0,1.38,0.695,376389000.0,158489000.0,217900000.0,376389000.0,0.0,32606000.0,0.0,0.012,0.4,244870000.0,277476000.0,0.227,277476000.0,244870000.0,225079000.0,1.92,1.89,1.92,1028766000.0,968799500.0,1028766000.0,3022601118.0,12.0,10.893,132100000.0,1.646,1.0,506938000.0,0.415,1108270000.0,19791000.0,597015000.0,571318500.0,169668000.0,0.0,0.0,0.0,715474000.0,337844000.0,377630000.0,2738562118.0,6393000.0,-326927000.0,15319000.0,206641000.0,-32127000.0,195275000.0,-347135000.0,0.0,150834000.0,7419000.0,153260000.0,153260000.0,153260000.0,-12288000.0,0.0,0.125,275958000.0,230980000.0,87332000.0,0.208,2.662,17.869,17.667,167278000.0,0.0,33.92,2.241,2.228,196336000.0,674042000.0,1221820000.0,1221820000.0,0.0,0.099,0.158,0.429,0.2,5693000.0,275958000.0,1.0,80735912.0,80264000,81677000.0,15.223,635970000.0,0.0,71819000.0,109293000.0,7.923,128315000.0
58,IEX,MRT,2006-12-31,2006-12-31,2006-12-31,2021-07-28,25986000.0,1670821000.0,1442661500.0,417908000.0,1252913000.0,0.801,12.314,-17437000.0,77941000.0,77941000.0,677533000.0,146671000.0,2.232,0.706,361980000.0,8210000.0,353770000.0,361980000.0,0.0,29956000.0,0.0,0.012,0.38,231195000.0,261151000.0,0.226,261151000.0,231195000.0,214842000.0,1.84,1.81,1.84,979272000.0,928910250.0,979272000.0,2631391750.0,11.0,10.076,142580000.0,1.793,1.0,477407000.0,0.413,1083963000.0,16353000.0,683645000.0,545691000.0,160687000.0,0.0,0.0,0.0,691549000.0,187252000.0,504297000.0,2542474750.0,653000.0,-329265000.0,17214000.0,193519000.0,-30393000.0,184768000.0,-348176000.0,0.0,160017000.0,4044000.0,146671000.0,146671000.0,146671000.0,-12949000.0,0.0,0.127,260201000.0,217206000.0,75444000.0,0.207,2.596,17.335,17.178,165949000.0,0.0,31.607,2.201,2.176,166485000.0,638579000.0,1154940000.0,1154940000.0,0.0,0.102,0.158,0.424,0.2,4906000.0,260201000.0,1.0,80441091.0,79527000,80976000.0,14.523,586858000.0,0.0,68171000.0,100316000.0,7.379,230656000.0
59,IEX,MRT,2006-09-30,2006-09-30,2006-09-30,2021-07-28,36397000.0,1405848000.0,1336001250.0,394144000.0,1011704000.0,0.828,11.977,-19687000.0,78529000.0,78529000.0,650328000.0,139740000.0,2.266,0.473,167446000.0,7278000.0,160168000.0,167446000.0,0.0,26717000.0,0.0,0.013,0.36,219671000.0,246388000.0,0.223,246388000.0,219671000.0,206127000.0,1.76,1.737,1.76,954415000.0,889844750.0,954415000.0,2449291679.0,11.0,9.941,133421000.0,1.674,1.0,455347000.0,0.412,827514000.0,13544000.0,493304000.0,488207750.0,140842000.0,0.0,0.0,0.0,451433000.0,173947000.0,277486000.0,2301572679.0,44868000.0,-89500000.0,26204000.0,-1603000.0,-28646000.0,2286000.0,-111253000.0,0.0,153108000.0,727000.0,139740000.0,139740000.0,139740000.0,-13880000.0,0.0,0.126,250404000.0,204943000.0,73944000.0,0.205,2.412,16.47,16.307,154387000.0,0.0,28.7,2.082,2.068,157846000.0,611023000.0,1105675000.0,1105675000.0,0.0,0.105,0.157,0.45,0.199,4211000.0,250404000.0,1.0,80194170.0,79689000,80957000.0,13.875,578334000.0,0.0,66387000.0,72515000.0,7.257,220197000.0
60,IEX,MRT,2006-06-30,2006-06-30,2006-06-30,2021-07-28,36436000.0,1386514000.0,1287463750.0,368142000.0,1018372000.0,0.828,11.478,-19322000.0,51052000.0,51052000.0,627517000.0,122259000.0,1.942,0.519,198771000.0,7773000.0,190998000.0,198771000.0,0.0,26465000.0,0.0,0.011,0.34,198621000.0,225086000.0,0.211,225086000.0,198621000.0,184909000.0,1.547,1.527,1.547,912745000.0,848912250.0,912745000.0,2615003954.0,13.0,11.618,141372000.0,1.778,1.0,437886000.0,0.411,833383000.0,13712000.0,511310000.0,479486500.0,138204000.0,0.0,0.0,0.0,473769000.0,189540000.0,284229000.0,2519154954.0,42275000.0,-120952000.0,42174000.0,3611000.0,-26801000.0,22827000.0,-141798000.0,0.0,160694000.0,552000.0,122259000.0,122259000.0,122259000.0,-1740000.0,0.0,0.115,241486000.0,196400000.0,78848000.0,0.22,2.76,20.605,20.34,154675000.0,0.0,31.467,2.365,2.349,154588000.0,573060000.0,1065403000.0,1065403000.0,0.0,0.095,0.144,0.414,0.186,2350000.0,241486000.0,1.0,80057890.0,79521000,81043000.0,13.398,553131000.0,0.0,62650000.0,0.0,6.956,178602000.0
61,IEX,MRT,2006-03-31,2006-03-31,2006-03-31,2021-07-28,23440000.0,1307463000.0,1238840750.0,381782000.0,925681000.0,0.834,11.009,-20779000.0,71111000.0,71111000.0,609235000.0,116236000.0,2.354,0.504,166960000.0,6982000.0,159978000.0,166960000.0,0.0,25408000.0,0.0,0.009,0.32,190201000.0,215609000.0,0.209,215609000.0,190201000.0,176744000.0,1.487,1.463,1.487,869209000.0,807071000.0,869209000.0,2845064402.0,15.0,13.195,132365000.0,1.676,1.0,424544000.0,0.411,746598000.0,13457000.0,494505000.0,474853250.0,136744000.0,0.0,0.0,0.0,438254000.0,162209000.0,276045000.0,2762311402.0,62920000.0,-28021000.0,39662000.0,-57594000.0,-24940000.0,-40324000.0,-49368000.0,0.0,153144000.0,-532000.0,116236000.0,116236000.0,116236000.0,-1727000.0,0.0,0.112,236538000.0,188006000.0,80995000.0,0.215,3.178,23.765,23.389,148508000.0,0.0,34.78,2.672,2.656,154327000.0,554113000.0,1033779000.0,1033779000.0,0.0,0.094,0.144,0.401,0.184,1972000.0,236538000.0,1.0,79422410.0,78955500,80785500.0,13.093,560865000.0,0.0,60508000.0,0.0,7.104,219573000.0
62,IEX,MRT,2005-12-31,2005-12-31,2005-12-31,2021-07-28,19276000.0,1244180000.0,1210594000.0,350971000.0,893209000.0,0.835,10.676,-22446000.0,77201000.0,77201000.0,597286000.0,109803000.0,2.289,0.512,160043000.0,3144000.0,156899000.0,160043000.0,0.0,26254000.0,0.0,0.012,0.32,182817000.0,209071000.0,0.207,209071000.0,182817000.0,168447000.0,1.42,1.39,1.42,823010000.0,772186000.0,823010000.0,2277920970.0,12.0,10.895,122442000.0,1.588,1.0,413967000.0,0.409,720014000.0,14370000.0,453712000.0,481903250.0,123281000.0,0.0,0.0,0.0,421170000.0,153296000.0,267874000.0,2150802970.0,70016000.0,-1191000.0,37503000.0,-61776000.0,-24689000.0,-50849000.0,-24099000.0,0.0,144888000.0,76000.0,109803000.0,109803000.0,109803000.0,-1228000.0,0.0,0.109,232935000.0,181032000.0,66859000.0,0.225,2.613,19.588,19.3,142485000.0,0.0,27.407,2.127,2.089,129428000.0,524035000.0,1011253000.0,1011253000.0,0.0,0.091,0.142,0.379,0.181,2837000.0,232935000.0,1.0,78477364.0,77088000,79080000.0,13.118,524166000.0,0.0,58644000.0,64650000.0,6.8,197675000.0
63,IEX,MRT,2005-09-30,2005-09-30,2005-09-30,2021-07-28,24748000.0,1211698000.0,1196122000.0,313641000.0,898057000.0,0.821,10.212,-22820000.0,33662000.0,33662000.0,580320000.0,103754000.0,1.991,0.532,160780000.0,0.0,160780000.0,160780000.0,0.0,25870000.0,0.0,0.011,0.32,173739000.0,199609000.0,0.203,199609000.0,173739000.0,158667000.0,1.36,1.327,1.36,790685000.0,744834750.0,790685000.0,2378601635.0,14.0,11.916,127959000.0,1.653,1.0,401588000.0,0.409,722867000.0,15072000.0,458419000.0,496704250.0,129390000.0,0.0,0.0,0.0,421013000.0,157530000.0,263483000.0,2197322635.0,27302000.0,-188000.0,29984000.0,-103225000.0,-24470000.0,-99297000.0,-23360000.0,0.0,150779000.0,-820000.0,103754000.0,103754000.0,103754000.0,-918000.0,0.0,0.106,229196000.0,172392000.0,76813000.0,0.235,2.779,21.178,20.858,146720000.0,0.0,28.367,2.238,2.237,141684000.0,501667000.0,981908000.0,981908000.0,0.0,0.087,0.139,0.35,0.177,-1378000.0,229196000.0,1.0,77461432.0,77427000,79606500.0,12.682,488831000.0,0.0,54913000.0,0.0,6.313,156111000.0
64,IEX,MRT,2005-06-30,2005-06-30,2005-06-30,2021-07-28,26279000.0,1192022000.0,1183794750.0,290961000.0,901061000.0,0.819,9.751,-22749000.0,8787000.0,8787000.0,574616000.0,98458000.0,1.86,0.599,190066000.0,0.0,190066000.0,190066000.0,0.0,26932000.0,0.0,0.012,0.32,166789000.0,193721000.0,0.2,193721000.0,166789000.0,151395000.0,1.3,1.26,1.3,745380000.0,712368500.0,745380000.0,2182416807.0,13.0,11.266,121348000.0,1.587,1.0,395273000.0,0.408,724078000.0,15394000.0,492777000.0,517491250.0,126670000.0,0.0,0.0,0.0,446642000.0,156446000.0,290196000.0,1972780807.0,2797000.0,-9938000.0,14236000.0,-95906000.0,-24336000.0,-107552000.0,-32928000.0,0.0,144097000.0,-820000.0,98458000.0,98458000.0,98458000.0,-395000.0,0.0,0.102,228790000.0,166483000.0,80915000.0,0.246,2.647,20.037,19.8,148318000.0,0.0,25.74,2.034,2.029,144096000.0,479452000.0,969889000.0,969889000.0,0.0,0.083,0.138,0.322,0.172,2819000.0,228790000.0,1.0,76642611.0,76444500,78961500.0,12.687,467944000.0,0.0,52937000.0,0.0,6.121,134515000.0
65,IEX,MRT,2005-03-31,2005-03-31,2005-03-31,2021-07-28,39629000.0,1194476000.0,1174240000.0,279167000.0,915309000.0,0.799,9.599,-21169000.0,8191000.0,8191000.0,558913000.0,92359000.0,1.895,0.637,217827000.0,0.0,217827000.0,217827000.0,0.0,27577000.0,0.0,0.011,0.302,158209000.0,185786000.0,0.198,185786000.0,158209000.0,143002000.0,1.227,1.187,1.227,729669000.0,685684500.0,729669000.0,2269682610.0,14.0,12.217,118702000.0,1.561,1.0,379617000.0,0.404,734063000.0,15207000.0,522705000.0,536776500.0,125884000.0,0.0,0.0,0.0,464807000.0,147344000.0,317463000.0,2051639610.0,359000.0,-130760000.0,18835000.0,18267000.0,-22857000.0,13251000.0,-151943000.0,0.0,139871000.0,-820000.0,92359000.0,92359000.0,92359000.0,-71000.0,0.0,0.098,220910000.0,158707000.0,72926000.0,0.246,2.812,22.214,21.923,152177000.0,0.0,26.9,2.186,2.179,132168000.0,456674000.0,938530000.0,938530000.0,0.0,0.079,0.135,0.295,0.169,2542000.0,220910000.0,1.0,76269130.0,76018500,78574500.0,12.346,460413000.0,0.0,50643000.0,0.0,6.057,131823000.0
66,IEX,MRT,2004-12-31,2004-12-31,2004-12-31,2021-07-28,48402000.0,1186292000.0,1130625500.0,261238000.0,925054000.0,0.797,9.501,-20835000.0,7274000.0,7274000.0,537682000.0,86406000.0,1.762,0.662,225317000.0,0.0,225317000.0,225317000.0,0.0,27557000.0,0.0,0.011,0.284,148681000.0,176238000.0,0.196,176238000.0,148681000.0,133917000.0,1.153,1.12,1.153,713605000.0,656048000.0,713605000.0,2308462282.0,16.0,13.099,122229000.0,1.627,1.0,363390000.0,0.403,743164000.0,14764000.0,512916000.0,522696500.0,126978000.0,0.0,0.0,0.0,472687000.0,148255000.0,324432000.0,2050570282.0,-1278000.0,-170983000.0,22848000.0,47695000.0,-21415000.0,47980000.0,-191502000.0,0.0,143064000.0,-820000.0,86406000.0,86406000.0,86406000.0,-71000.0,0.0,0.096,214092000.0,149298000.0,71405000.0,0.246,2.874,23.732,23.417,155602000.0,0.0,27.0,2.276,2.251,119567000.0,439137000.0,901072000.0,901072000.0,0.0,0.076,0.132,0.284,0.165,2313000.0,214092000.0,1.0,75947048.0,75109500,77022000.0,11.997,443128000.0,0.0,47511000.0,0.0,5.9,112983000.0
67,IEX,MRT,2004-09-30,2004-09-30,2004-09-30,2021-07-28,22541000.0,1162389000.0,1074237250.0,264979000.0,897410000.0,0.823,8.76,-18073000.0,6360000.0,6360000.0,532350000.0,79950000.0,1.773,0.759,264252000.0,0.0,264252000.0,264252000.0,0.0,27828000.0,0.0,0.012,0.267,138947000.0,166775000.0,0.189,166775000.0,138947000.0,124666000.0,1.073,1.033,1.073,660820000.0,625672250.0,660820000.0,1992097946.0,14.0,11.945,98091000.0,1.3,1.0,351358000.0,0.398,729283000.0,14281000.0,541567000.0,503128250.0,124688000.0,0.0,0.0,0.0,501569000.0,149431000.0,352138000.0,1711936946.0,-1803000.0,-171011000.0,20762000.0,75089000.0,-19950000.0,74677000.0,-192065000.0,0.0,116164000.0,-579000.0,79950000.0,79950000.0,79950000.0,0.0,0.0,0.09,212336000.0,139022000.0,71445000.0,0.249,2.591,21.413,21.1,151900000.0,0.0,22.64,1.937,1.933,126781000.0,422576000.0,883708000.0,883708000.0,0.0,0.074,0.128,0.276,0.157,8395000.0,212336000.0,1.0,75615590.0,75439500,78600000.0,11.714,433106000.0,0.0,44716000.0,0.0,5.741,115548000.0
68,IEX,MRT,2004-06-30,2004-06-30,2004-06-30,2021-07-28,19553000.0,1153803000.0,1022127250.0,262187000.0,891616000.0,0.825,8.505,-18234000.0,5989000.0,5989000.0,510918000.0,73240000.0,1.839,0.807,286150000.0,0.0,286150000.0,286150000.0,0.0,27517000.0,0.0,0.011,0.249,128318000.0,155835000.0,0.185,155835000.0,128318000.0,114541000.0,0.993,0.96,0.993,638644000.0,602109250.0,638644000.0,1913367214.0,15.0,12.278,99144000.0,1.32,1.0,332547000.0,0.394,721490000.0,13777000.0,569918000.0,479928250.0,119701000.0,0.0,0.0,0.0,515159000.0,142556000.0,372603000.0,1722405214.0,133000.0,-165048000.0,25891000.0,63238000.0,-18479000.0,69418000.0,-186084000.0,0.0,117378000.0,-579000.0,73240000.0,73240000.0,73240000.0,0.0,0.0,0.087,204543000.0,128004000.0,77577000.0,0.251,2.697,23.517,23.061,153555000.0,0.0,22.9,2.042,2.039,124648000.0,405426000.0,843465000.0,843465000.0,0.0,0.072,0.122,0.267,0.152,4037000.0,204543000.0,1.0,75214202.0,75090000,78055500.0,11.233,432313000.0,0.0,41301000.0,0.0,5.757,119631000.0
69,IEX,MRT,2004-03-31,2004-03-31,2004-03-31,2021-07-28,19248000.0,1020018000.0,974285500.0,240589000.0,779429000.0,0.839,8.235,-18438000.0,7832000.0,7832000.0,496275000.0,67349000.0,1.815,0.669,198794000.0,0.0,198794000.0,198794000.0,0.0,27259000.0,0.0,0.013,0.249,118637000.0,145896000.0,0.179,145896000.0,118637000.0,104849000.0,0.92,0.893,0.92,611123000.0,578828000.0,611123000.0,1607553102.0,14.0,11.018,96427000.0,1.299,1.0,320747000.0,0.393,612026000.0,13788000.0,466385000.0,462735500.0,109077000.0,0.0,0.0,0.0,408895000.0,132569000.0,276326000.0,1439559102.0,60000.0,-54602000.0,20645000.0,-39772000.0,-18361000.0,-38479000.0,-75747000.0,0.0,114865000.0,-579000.0,67349000.0,67349000.0,67349000.0,0.0,0.0,0.082,203000000.0,117747000.0,67233000.0,0.271,2.356,21.375,21.005,150127000.0,0.0,19.324,1.762,1.755,113216000.0,388646000.0,817022000.0,817022000.0,0.0,0.069,0.116,0.256,0.145,3994000.0,203000000.0,1.0,74494204.0,74212500,76918500.0,11.009,407992000.0,0.0,37500000.0,0.0,5.498,108020000.0
70,IEX,MRT,2003-12-31,2003-12-31,2003-12-31,2021-07-28,23411000.0,960739000.0,954119500.0,224496000.0,736243000.0,0.836,8.09,-16882000.0,8552000.0,8552000.0,488600000.0,62352000.0,1.941,0.623,176546000.0,0.0,176546000.0,176546000.0,0.0,27576000.0,0.0,0.013,0.249,110761000.0,138337000.0,0.173,138337000.0,110761000.0,96670000.0,0.853,0.833,0.853,592102000.0,556049000.0,592102000.0,1549079628.0,14.0,11.198,95383000.0,1.303,1.0,309320000.0,0.388,578409000.0,14091000.0,434643000.0,474898750.0,105304000.0,0.0,0.0,0.0,368637000.0,115681000.0,252956000.0,1368535628.0,1600000.0,-21954000.0,13176000.0,-65119000.0,-18284000.0,-71250000.0,-38836000.0,0.0,112265000.0,-579000.0,62352000.0,62352000.0,62352000.0,0.0,0.0,0.078,199458000.0,109862000.0,56252000.0,0.292,2.311,21.949,21.67,147095000.0,0.0,18.484,1.715,1.696,101859000.0,375629000.0,797920000.0,797920000.0,0.0,0.065,0.112,0.233,0.139,3960000.0,199458000.0,1.0,74037152.0,73192500,74959500.0,10.902,382330000.0,0.0,34318000.0,0.0,5.224,108815000.0
71,IEX,MRT,2003-09-30,2003-09-30,2003-09-30,2021-07-28,12813000.0,953949000.0,946697250.0,227999000.0,725950000.0,0.832,7.71,-15901000.0,8163000.0,8163000.0,484637000.0,58318000.0,1.985,0.684,188707000.0,0.0,188707000.0,188707000.0,0.0,27723000.0,0.0,0.015,0.249,104966000.0,132689000.0,0.168,132689000.0,104966000.0,90416000.0,0.802,0.782,0.802,566568000.0,534721250.0,566568000.0,1410299520.0,13.0,10.629,100323000.0,1.365,1.0,302865000.0,0.385,570866000.0,14550000.0,448767000.0,492932250.0,104820000.0,0.0,0.0,0.0,387381000.0,114860000.0,272521000.0,1193484520.0,2075000.0,-27555000.0,10859000.0,-61770000.0,-18223000.0,-70171000.0,-43978000.0,0.0,116224000.0,0.0,58318000.0,58318000.0,58318000.0,0.0,0.0,0.074,198203000.0,104662000.0,57520000.0,0.31,2.107,20.465,20.194,143143000.0,0.0,16.196,1.516,1.511,108763000.0,364046000.0,787502000.0,787502000.0,0.0,0.062,0.109,0.213,0.133,1899000.0,198513000.0,1.0,73692101.0,73488000,75690000.0,10.716,383083000.0,0.0,32098000.0,0.0,5.213,113139000.0
72,IEX,MRT,2003-06-30,2003-06-30,2003-06-30,2021-07-28,10856000.0,962436000.0,938030250.0,240913000.0,721523000.0,0.831,7.487,-14763000.0,5856000.0,5856000.0,480992000.0,56595000.0,2.142,0.764,222671000.0,0.0,222671000.0,222671000.0,0.0,27645000.0,0.0,0.015,0.249,102565000.0,130210000.0,0.167,130210000.0,102565000.0,87416000.0,0.78,0.762,0.78,545519000.0,518209000.0,545519000.0,1407992617.0,14.0,10.813,89944000.0,1.234,1.0,298301000.0,0.383,565610000.0,15149000.0,501147000.0,512821750.0,108484000.0,0.0,0.0,0.0,416917000.0,112494000.0,304423000.0,1177608617.0,-1836000.0,-87766000.0,5113000.0,10644000.0,-18188000.0,-3440000.0,-103103000.0,0.0,104707000.0,0.0,56595000.0,56595000.0,56595000.0,0.0,0.0,0.073,195637000.0,102664000.0,60525000.0,0.319,2.159,20.808,20.65,144538000.0,0.0,16.107,1.511,1.506,118443000.0,352144000.0,779293000.0,779293000.0,0.0,0.06,0.109,0.2,0.132,1899000.0,195947000.0,1.0,73113118.0,72864000,74545500.0,10.695,396826000.0,0.0,30821000.0,0.0,5.446,128419000.0
73,IEX,MRT,2003-03-31,2003-03-31,2003-03-31,2021-07-28,2424000.0,939354000.0,913483000.0,231386000.0,707968000.0,0.835,7.157,-14863000.0,7772000.0,7772000.0,472260000.0,55262000.0,2.256,0.806,238156000.0,0.0,238156000.0,238156000.0,0.0,27831000.0,0.0,0.019,0.249,100961000.0,128792000.0,0.169,128792000.0,100961000.0,85538000.0,0.764,0.749,0.764,520007000.0,503909500.0,520007000.0,1176742811.0,12.0,9.137,87690000.0,1.207,1.0,290316000.0,0.381,552122000.0,15423000.0,515038000.0,508354250.0,106257000.0,0.0,0.0,0.0,419347000.0,102578000.0,316769000.0,942643811.0,1051000.0,-82928000.0,55659000.0,-43209000.0,-17969000.0,-6748000.0,-94754000.0,0.0,102553000.0,0.0,55262000.0,55262000.0,55262000.0,0.0,0.0,0.072,189049000.0,101267000.0,54915000.0,0.326,1.813,17.058,16.87,144373000.0,0.0,12.889,1.236,1.228,107353000.0,339776000.0,762576000.0,762576000.0,0.0,0.06,0.11,0.199,0.132,1900000.0,189252000.0,1.0,73136158.0,72654750,73811250.0,10.496,387232000.0,0.0,30276000.0,0.0,5.33,128808000.0
74,IEX,MRT,2002-12-31,2002-12-31,2002-12-31,2021-07-28,-1331000.0,931050000.0,888379750.0,221260000.0,709790000.0,0.835,7.112,-15401000.0,6952000.0,6952000.0,460576000.0,54112000.0,2.042,0.837,241051000.0,0.0,241051000.0,241051000.0,0.0,27626000.0,0.0,0.017,0.249,100249000.0,127875000.0,0.172,127875000.0,100249000.0,83895000.0,0.76,0.74,0.76,506791000.0,476702500.0,506791000.0,1304889409.0,13.0,10.204,94084000.0,1.32,1.0,281438000.0,0.379,550040000.0,16354000.0,506777000.0,516928500.0,105580000.0,0.0,0.0,0.0,424259000.0,108332000.0,315927000.0,1061405409.0,1980000.0,-74928000.0,56591000.0,-54508000.0,-17721000.0,-17176000.0,-90329000.0,0.0,109485000.0,0.0,54112000.0,54112000.0,54112000.0,0.0,0.0,0.073,181066000.0,100372000.0,61153000.0,0.328,2.094,19.615,19.123,148246000.0,0.0,14.533,1.43,1.396,101494000.0,331635000.0,742014000.0,742014000.0,0.0,0.061,0.114,0.194,0.135,1899000.0,181269000.0,1.0,73032482.0,71256000,73087500.0,10.413,381010000.0,0.0,29783000.0,0.0,5.347,112928000.0
75,IEX,MRT,2002-09-30,2002-09-30,2002-09-30,2021-07-28,859000.0,919281000.0,865318250.0,228606000.0,690675000.0,0.836,6.899,-16654000.0,6088000.0,6088000.0,452507000.0,46245000.0,2.225,0.837,249572000.0,0.0,249572000.0,249572000.0,0.0,15467000.0,0.0,0.02,0.249,89429000.0,104896000.0,0.145,104896000.0,89429000.0,71973000.0,0.653,0.636,0.653,500519000.0,450282750.0,500519000.0,1129853957.0,13.0,10.771,90142000.0,1.242,1.0,270757000.0,0.374,531700000.0,17456000.0,528325000.0,532978750.0,104152000.0,0.0,0.0,0.0,418762000.0,102740000.0,316022000.0,926637957.0,-264000.0,-72069000.0,57430000.0,-59775000.0,-17473000.0,-22185000.0,-84875000.0,0.0,106796000.0,0.0,46245000.0,46245000.0,46245000.0,0.0,0.0,0.064,181569000.0,89188000.0,51420000.0,0.381,1.851,20.038,19.432,146895000.0,0.0,12.689,1.281,1.273,105605000.0,324012000.0,723264000.0,723264000.0,0.0,0.053,0.103,0.168,0.124,1899000.0,172272000.0,1.0,73027510.0,72551250,73986750.0,9.969,387581000.0,0.0,25728000.0,0.0,5.342,125866000.0
76,IEX,MRT,2002-06-30,2002-06-30,2002-06-30,2021-07-28,-221000.0,864247000.0,852479500.0,230561000.0,633686000.0,0.836,6.853,-17766000.0,7692000.0,7692000.0,448496000.0,39643000.0,2.277,0.77,210908000.0,0.0,210908000.0,210908000.0,0.0,19612000.0,0.0,0.017,0.249,81690000.0,101302000.0,0.142,101302000.0,81690000.0,62979000.0,0.569,0.551,0.569,488321000.0,425085750.0,488321000.0,1304590164.0,16.0,12.878,89760000.0,1.26,1.0,263800000.0,0.37,482924000.0,18711000.0,483277000.0,550459750.0,103296000.0,0.0,0.0,0.0,375926000.0,101262000.0,274664000.0,1035692164.0,-2158000.0,-8196000.0,60053000.0,-128073000.0,-17203000.0,-87490000.0,-22194000.0,0.0,107526000.0,0.0,39643000.0,39643000.0,39643000.0,0.0,0.0,0.056,182773000.0,81027000.0,53020000.0,0.438,2.121,26.125,26.167,138539000.0,0.0,14.889,1.454,1.489,105371000.0,313770000.0,712296000.0,712296000.0,0.0,0.047,0.093,0.148,0.115,1899000.0,169905000.0,1.0,69561414.0,71253000,73469250.0,9.997,381323000.0,0.0,23336000.0,0.0,5.352,129299000.0
77,IEX,MRT,2002-03-31,2002-03-31,2002-03-31,2021-07-28,-13367000.0,838941000.0,854950000.0,223939000.0,615002000.0,0.836,5.989,-18858000.0,6721000.0,6721000.0,454118000.0,37026000.0,2.415,1.04,275619000.0,0.0,275619000.0,275619000.0,0.0,22835000.0,0.0,0.015,0.249,79816000.0,102651000.0,0.144,102651000.0,79816000.0,59811000.0,0.542,0.524,0.542,411179000.0,400026750.0,411179000.0,1424554303.0,18.0,13.878,90650000.0,1.32,1.0,260370000.0,0.364,465792000.0,20005000.0,549335000.0,587062250.0,101120000.0,0.0,0.0,0.0,427762000.0,92712000.0,335050000.0,1137706303.0,-1596000.0,-25789000.0,8401000.0,-56720000.0,-17128000.0,-66457000.0,-44647000.0,0.0,109508000.0,0.0,37026000.0,37026000.0,37026000.0,0.0,0.0,0.052,181262000.0,79108000.0,46238000.0,0.459,2.767,30.727,30.34,136894000.0,0.0,16.444,1.592,1.58,97598000.0,302708000.0,714488000.0,714488000.0,0.0,0.043,0.093,0.136,0.112,1898000.0,165011000.0,1.0,69184843.0,68654250,70974000.0,10.407,373149000.0,0.0,22785000.0,0.0,5.435,131227000.0
78,IEX,MRT,2001-12-31,2001-12-31,2001-12-31,2021-07-28,-12149000.0,838804000.0,862150500.0,214903000.0,623901000.0,0.843,5.899,-19831000.0,4972000.0,4972000.0,463225000.0,32710000.0,2.461,1.091,291820000.0,0.0,291820000.0,291820000.0,0.0,26354000.0,0.0,0.016,0.249,74169000.0,100523000.0,0.138,100523000.0,74169000.0,53431000.0,0.48,0.467,0.48,401112000.0,392663750.0,401112000.0,1360694456.0,18.0,13.536,86382000.0,1.27,1.0,263722000.0,0.363,467336000.0,20738000.0,570978000.0,562610250.0,104111000.0,0.0,0.0,0.0,437692000.0,87338000.0,350354000.0,1058889456.0,-3443000.0,-132295000.0,9001000.0,50967000.0,-17061000.0,42470000.0,-152126000.0,0.0,106213000.0,0.0,32710000.0,32710000.0,32710000.0,0.0,0.0,0.045,190284000.0,73438000.0,41260000.0,0.519,2.64,32.372,31.944,144146000.0,0.0,15.333,1.457,1.434,93053000.0,295489000.0,726947000.0,726947000.0,0.0,0.038,0.083,0.132,0.102,1899000.0,164893000.0,1.0,69058008.0,67999500,69855750.0,10.69,371468000.0,0.0,20721000.0,0.0,5.463,127565000.0
79,IEX,MRT,2001-09-30,2001-09-30,2001-09-30,2021-07-28,-11969000.0,867926000.0,842163000.0,237293000.0,630633000.0,0.86,5.857,-21658000.0,6352000.0,6352000.0,455861000.0,41941000.0,2.379,1.171,308157000.0,0.0,308157000.0,308157000.0,0.0,27107000.0,0.0,0.02,0.249,87855000.0,114962000.0,0.159,114962000.0,87855000.0,68035000.0,0.618,0.6,0.618,399731000.0,386011250.0,399731000.0,1166909313.0,13.0,10.15,89471000.0,1.311,1.0,268431000.0,0.371,471756000.0,19820000.0,598249000.0,526453500.0,112866000.0,0.0,0.0,0.0,468195000.0,99726000.0,368469000.0,844958313.0,-499000.0,-129906000.0,9325000.0,47272000.0,-16980000.0,39936000.0,-151564000.0,0.0,111129000.0,0.0,41941000.0,41941000.0,41941000.0,0.0,0.0,0.058,182351000.0,86080000.0,46290000.0,0.403,2.114,20.146,19.885,146681000.0,0.0,12.289,1.167,1.158,109274000.0,295488000.0,724292000.0,724292000.0,0.0,0.05,0.109,0.167,0.121,1899000.0,163177000.0,1.0,68757910.0,68244750,70256250.0,10.613,396170000.0,0.0,26094000.0,0.0,5.805,137567000.0
80,IEX,MRT,2001-06-30,2001-06-30,2001-06-30,2021-07-28,-15377000.0,874129000.0,814939250.0,246117000.0,628012000.0,0.886,5.723,-21735000.0,9850000.0,9850000.0,448422000.0,50322000.0,2.546,1.252,331801000.0,0.0,331801000.0,331801000.0,0.0,24937000.0,0.0,0.016,0.249,99453000.0,124390000.0,0.172,124390000.0,99453000.0,80555000.0,0.747,0.724,0.747,388085000.0,376892750.0,388085000.0,1357028956.0,14.0,10.909,83604000.0,1.233,1.0,273951000.0,0.379,469724000.0,18898000.0,629687000.0,485759750.0,115401000.0,0.0,0.0,0.0,486044000.0,96669000.0,389375000.0,1032859956.0,4342000.0,-129781000.0,6664000.0,60664000.0,-16919000.0,50519000.0,-151516000.0,0.0,105339000.0,0.0,50322000.0,50322000.0,50322000.0,0.0,0.0,0.07,176077000.0,97874000.0,43761000.0,0.333,2.661,20.525,20.229,146403000.0,0.0,15.111,1.43,1.418,111425000.0,291599000.0,722373000.0,722373000.0,0.0,0.062,0.134,0.205,0.138,1898000.0,157468000.0,1.0,68351026.0,67808250,69914250.0,10.653,404405000.0,0.0,30233000.0,0.0,5.964,149448000.0
81,IEX,MRT,2001-03-31,2001-03-31,2001-03-31,2021-07-28,-9616000.0,867743000.0,791399500.0,248952000.0,618791000.0,0.903,5.656,-20147000.0,8317000.0,8317000.0,438835000.0,54861000.0,0.896,1.273,332486000.0,180629000.0,151857000.0,332486000.0,0.0,23658000.0,0.0,0.019,0.249,105145000.0,128803000.0,0.18,128803000.0,105145000.0,87385000.0,0.813,0.791,0.813,381727000.0,367432000.0,381727000.0,1113204659.0,11.0,8.643,67656000.0,1.002,1.0,276174000.0,0.386,462475000.0,17760000.0,451527000.0,467444500.0,120231000.0,0.0,0.0,0.0,486016000.0,277910000.0,208106000.0,879733659.0,3903000.0,-141019000.0,4510000.0,89510000.0,-16865000.0,77266000.0,-161166000.0,0.0,87803000.0,0.0,54861000.0,54861000.0,54861000.0,0.0,0.0,0.077,172785000.0,103389000.0,48232000.0,0.306,2.305,16.036,15.843,145291000.0,0.0,12.88,1.23,1.216,110631000.0,282884000.0,715009000.0,715009000.0,0.0,0.069,0.149,0.225,0.147,1741000.0,154748000.0,1.0,68302303.0,67493250,69720750.0,10.594,405268000.0,0.0,32524000.0,0.0,6.005,-28958000.0
82,IEX,MRT,2000-12-31,2000-12-31,2000-12-31,2021-07-28,-12616000.0,758854000.0,759223250.0,232089000.0,526765000.0,0.928,5.599,-19192000.0,8415000.0,8415000.0,426324000.0,63445000.0,1.305,1.026,241886000.0,88077000.0,153809000.0,241886000.0,0.0,21873000.0,0.0,0.017,0.249,117547000.0,139420000.0,0.198,139420000.0,117547000.0,101026000.0,0.947,0.92,0.947,374502000.0,357136000.0,374502000.0,1245877885.0,11.0,8.936,71989000.0,1.076,1.0,277952000.0,0.395,388163000.0,16521000.0,426351000.0,480880000.0,113052000.0,0.0,0.0,0.0,384352000.0,177811000.0,206541000.0,997410885.0,5520000.0,-34513000.0,2816000.0,-17824000.0,-16781000.0,-31956000.0,-53705000.0,0.0,91181000.0,0.0,63445000.0,63445000.0,63445000.0,0.0,0.0,0.09,161436000.0,116516000.0,43342000.0,0.263,2.663,15.721,15.549,128283000.0,0.0,14.724,1.416,1.398,104950000.0,279907000.0,704276000.0,704276000.0,0.0,0.084,0.178,0.244,0.167,1266000.0,149639000.0,1.0,67738439.0,66883500,68922000.0,10.53,370691000.0,0.0,37581000.0,0.0,5.542,54278000.0
83,IEX,MRT,2000-09-30,2000-09-30,2000-09-30,2021-07-28,-10543000.0,759031000.0,754151500.0,232557000.0,526474000.0,0.935,5.429,-17351000.0,6851000.0,6851000.0,427045000.0,63845000.0,1.276,1.09,255318000.0,92638000.0,162680000.0,255318000.0,0.0,22753000.0,0.0,0.02,0.249,118755000.0,141508000.0,0.201,141508000.0,118755000.0,101806000.0,0.951,0.929,0.951,363257000.0,345766500.0,363257000.0,1114408444.0,9.0,7.875,79717000.0,1.191,1.0,278270000.0,0.395,389759000.0,16949000.0,435474000.0,506183750.0,112104000.0,0.0,0.0,0.0,395774000.0,182265000.0,213509000.0,840472444.0,1913000.0,-34691000.0,1714000.0,-27732000.0,-16715000.0,-43113000.0,-52042000.0,0.0,97068000.0,0.0,63845000.0,63845000.0,63845000.0,0.0,0.0,0.091,159434000.0,118836000.0,43259000.0,0.262,2.314,13.164,13.058,125721000.0,0.0,12.418,1.192,1.178,107492000.0,270608000.0,705315000.0,705315000.0,0.0,0.085,0.185,0.235,0.168,791000.0,147637000.0,1.0,67682999.0,66915000,69522750.0,10.54,369272000.0,0.0,37961000.0,0.0,5.519,50292000.0
84,IEX,MRT,2000-06-30,2000-06-30,2000-06-30,2021-07-28,-10074000.0,779970000.0,754338000.0,241358000.0,538612000.0,0.927,5.191,-18024000.0,5508000.0,5508000.0,425069000.0,61731000.0,2.429,1.227,279444000.0,0.0,279444000.0,279444000.0,0.0,22859000.0,0.0,0.018,0.249,115954000.0,138813000.0,0.199,138813000.0,115954000.0,98573000.0,0.92,0.902,0.92,350242000.0,334469750.0,350242000.0,1180925649.0,10.0,8.507,77648000.0,1.151,1.0,273920000.0,0.392,398128000.0,17381000.0,556426000.0,541919000.0,114021000.0,0.0,0.0,0.0,429728000.0,99352000.0,330376000.0,936258649.0,-1504000.0,-34691000.0,2614000.0,-30175000.0,-16644000.0,-44461000.0,-52715000.0,0.0,95672000.0,0.0,61731000.0,61731000.0,61731000.0,0.0,0.0,0.088,158157000.0,115763000.0,51347000.0,0.271,2.673,15.167,15.242,129444000.0,0.0,14.022,1.339,1.354,115380000.0,258257000.0,698989000.0,698989000.0,0.0,0.082,0.185,0.214,0.166,317000.0,146445000.0,1.0,66769634.0,67475250,69318000.0,10.359,381842000.0,0.0,36842000.0,0.0,5.659,142006000.0
85,IEX,MRT,2000-03-31,2000-03-31,2000-03-31,2021-07-28,-5152000.0,739038000.0,750320500.0,222748000.0,516290000.0,0.9,5.102,-18582000.0,4414000.0,4414000.0,409496000.0,58320000.0,2.214,1.17,249081000.0,0.0,249081000.0,249081000.0,0.0,22169000.0,0.0,0.021,0.249,110964000.0,133133000.0,0.197,133133000.0,110964000.0,93298000.0,0.876,0.858,0.876,340543000.0,323555750.0,340543000.0,1073971319.0,10.0,8.067,84567000.0,1.267,1.0,265719000.0,0.394,377831000.0,17666000.0,505269000.0,551550000.0,106138000.0,0.0,0.0,0.0,398495000.0,100605000.0,297890000.0,808277319.0,549000.0,-48497000.0,3287000.0,-21564000.0,-16565000.0,-35521000.0,-67079000.0,0.0,103149000.0,0.0,58320000.0,58320000.0,58320000.0,0.0,0.0,0.086,154704000.0,111015000.0,48977000.0,0.284,2.373,13.859,13.825,127361000.0,0.0,12.111,1.197,1.197,105369000.0,244984000.0,675215000.0,675215000.0,0.0,0.078,0.18,0.201,0.164,0.0,143206000.0,1.0,66738494.0,66741750,67923000.0,10.117,361207000.0,0.0,34978000.0,0.0,5.412,122143000.0
86,IEX,MRT,1999-12-31,1999-12-31,1999-12-31,2021-07-28,-4302000.0,738567000.0,738145250.0,213715000.0,524852000.0,0.887,4.95,-18338000.0,2895000.0,2895000.0,398557000.0,54428000.0,2.332,1.245,268589000.0,0.0,268589000.0,268589000.0,0.0,21619000.0,0.0,0.018,0.249,105245000.0,126864000.0,0.194,126864000.0,105245000.0,87225000.0,0.818,0.804,0.818,329024000.0,312015000.0,329024000.0,1198843279.0,11.0,9.45,77818000.0,1.171,1.0,256484000.0,0.392,385061000.0,18020000.0,527566000.0,555873250.0,106141000.0,0.0,0.0,0.0,409543000.0,91634000.0,317909000.0,900243279.0,174000.0,-48497000.0,2840000.0,-14676000.0,-16539000.0,-29147000.0,-66835000.0,0.0,96156000.0,0.0,54428000.0,54428000.0,54428000.0,0.0,0.0,0.083,151807000.0,104677000.0,44289000.0,0.304,2.736,16.54,16.506,129917000.0,0.0,13.502,1.374,1.37,100805000.0,233326000.0,655041000.0,655041000.0,0.0,0.074,0.174,0.189,0.161,0.0,140495000.0,1.0,66673712.0,66474000,67691250.0,9.854,353506000.0,0.0,32797000.0,0.0,5.318,122081000.0
87,IEX,MRT,1999-09-30,1999-09-30,1999-09-30,2021-07-28,-5404000.0,759777000.0,727456250.0,224559000.0,535218000.0,0.88,4.777,-19255000.0,4938000.0,4938000.0,389496000.0,52194000.0,2.57,1.389,303538000.0,0.0,303538000.0,303538000.0,0.0,33769000.0,0.0,0.02,0.247,102122000.0,135891000.0,0.212,135891000.0,102122000.0,83699000.0,0.787,0.778,0.787,318070000.0,301268250.0,318070000.0,1148919402.0,11.0,8.455,66870000.0,1.004,1.0,250548000.0,0.391,392582000.0,18423000.0,578415000.0,557838000.0,105891000.0,0.0,0.0,0.0,441707000.0,87380000.0,354327000.0,837174402.0,-2069000.0,-48175000.0,4885000.0,-8653000.0,-16351000.0,-20764000.0,-67430000.0,0.0,86125000.0,0.0,52194000.0,52194000.0,52194000.0,0.0,0.0,0.082,149219000.0,101329000.0,44428000.0,0.314,2.632,16.04,15.988,132558000.0,0.0,12.582,1.308,1.309,107226000.0,223545000.0,640044000.0,640044000.0,0.0,0.072,0.173,0.183,0.16,0.0,138159000.0,1.0,66536291.0,66586500,68177250.0,9.612,367195000.0,0.0,31505000.0,0.0,5.515,137179000.0
88,IEX,MRT,1999-06-30,1999-06-30,1999-06-30,2021-07-28,-4815000.0,763900000.0,714400000.0,229810000.0,534090000.0,0.881,4.622,-17102000.0,7012000.0,7012000.0,382394000.0,51999000.0,2.597,1.492,318757000.0,0.0,318757000.0,318757000.0,0.0,33309000.0,0.0,0.017,0.244,102616000.0,135925000.0,0.216,135925000.0,102616000.0,83428000.0,0.787,0.778,0.787,306586000.0,291556500.0,306586000.0,1234822937.0,12.0,9.085,70660000.0,1.065,1.0,247164000.0,0.393,392192000.0,19188000.0,594950000.0,554404750.0,107335000.0,0.0,0.0,0.0,457314000.0,88503000.0,368811000.0,968779937.0,1163000.0,-30770000.0,3830000.0,-26489000.0,-16171000.0,-38727000.0,-47872000.0,0.0,87762000.0,0.0,51999000.0,51999000.0,51999000.0,-594000.0,0.0,0.083,145823000.0,101341000.0,45876000.0,0.31,3.16,18.631,18.568,131665000.0,0.0,14.613,1.539,1.54,107958000.0,213237000.0,629558000.0,629558000.0,0.0,0.073,0.178,0.185,0.163,0.0,134998000.0,1.0,66294248.0,66339000,67745250.0,9.49,371708000.0,0.0,31429000.0,0.0,5.603,141307000.0
89,IEX,MRT,1999-03-31,1999-03-31,1999-03-31,2021-07-28,-5187000.0,690337000.0,706307500.0,200128000.0,490209000.0,0.903,4.441,-17771000.0,3865000.0,3865000.0,387766000.0,61792000.0,2.515,1.345,269908000.0,0.0,269908000.0,269908000.0,0.0,33387000.0,0.0,0.023,0.242,114657000.0,148044000.0,0.232,148044000.0,114657000.0,93853000.0,0.938,0.92,0.938,294380000.0,281978000.0,294380000.0,974846468.0,9.0,6.585,76970000.0,1.161,1.0,249769000.0,0.392,354251000.0,20804000.0,522562000.0,559115000.0,97484000.0,0.0,0.0,0.0,395957000.0,79567000.0,316390000.0,694157468.0,-2892000.0,39695000.0,2871000.0,-106602000.0,-16003000.0,-119557000.0,21924000.0,0.0,94741000.0,0.0,61792000.0,61792000.0,61792000.0,-9364000.0,0.0,0.097,144993000.0,104776000.0,38270000.0,0.258,2.358,11.234,11.163,122468000.0,0.0,10.471,1.089,1.089,91461000.0,203260000.0,637535000.0,637535000.0,0.0,0.087,0.219,0.205,0.18,0.0,134183000.0,1.0,66292628.0,66294000,67230000.0,9.617,336086000.0,0.0,32061000.0,0.0,5.07,120561000.0
90,IEX,MRT,1998-12-31,1998-12-31,1998-12-31,2021-07-28,-5787000.0,695811000.0,720430500.0,195900000.0,499911000.0,0.889,4.334,-20763000.0,2721000.0,2721000.0,387285000.0,62064000.0,2.441,1.433,283410000.0,0.0,283410000.0,283410000.0,0.0,32935000.0,0.0,0.022,0.24,117690000.0,150625000.0,0.235,150625000.0,117690000.0,95331000.0,0.942,0.92,0.942,286037000.0,270384250.0,286037000.0,1017263395.0,9.0,6.754,68290000.0,1.035,1.0,252846000.0,0.395,360810000.0,22359000.0,535425000.0,595478000.0,101201000.0,0.0,0.0,0.0,409774000.0,80265000.0,329509000.0,718945395.0,-9050000.0,-78393000.0,3329000.0,11781000.0,-15826000.0,1053000.0,-99156000.0,0.0,89053000.0,0.0,62064000.0,62064000.0,62064000.0,-10182000.0,0.0,0.097,143303000.0,109543000.0,39521000.0,0.255,2.513,11.584,11.559,125422000.0,0.0,10.889,1.123,1.123,86006000.0,195465000.0,640131000.0,640131000.0,0.0,0.086,0.23,0.198,0.184,0.0,132627000.0,1.0,66025598.0,65997000,67617000.0,9.699,335001000.0,0.0,33267000.0,0.0,5.076,115635000.0
91,IEX,MRT,1998-09-30,1998-09-30,1998-09-30,2021-07-28,-2659000.0,707552000.0,696276000.0,204993000.0,502559000.0,0.898,4.23,-20305000.0,7007000.0,7007000.0,374819000.0,66115000.0,2.672,1.534,305325000.0,0.0,305325000.0,305325000.0,0.0,30530000.0,0.0,0.02,0.233,122285000.0,152815000.0,0.245,152815000.0,122285000.0,100377000.0,1.009,0.973,1.009,279223000.0,258542750.0,279223000.0,1108681654.0,9.0,7.255,71449000.0,1.082,1.0,250145000.0,0.4,364464000.0,21908000.0,564682000.0,580180500.0,100244000.0,0.0,0.0,0.0,428329000.0,76724000.0,351605000.0,779306654.0,3471000.0,-116266000.0,2233000.0,60330000.0,-15373000.0,48288000.0,-136571000.0,0.0,91754000.0,0.0,66115000.0,66115000.0,66115000.0,-11568000.0,0.0,0.106,136698000.0,113447000.0,33559000.0,0.231,2.791,11.787,11.699,126290000.0,0.0,11.804,1.247,1.247,90672000.0,187889000.0,624964000.0,624964000.0,0.0,0.095,0.256,0.211,0.196,0.0,126663000.0,1.0,66018071.0,66012750,67455000.0,9.467,343088000.0,0.0,34262000.0,0.0,5.197,128269000.0
92,IEX,MRT,1998-06-30,1998-06-30,1998-06-30,2021-07-28,-1992000.0,731530000.0,,225391000.0,506139000.0,,4.068,-19874000.0,5849000.0,5849000.0,362667000.0,66343000.0,2.699,1.727,335224000.0,0.0,335224000.0,335224000.0,0.0,28319000.0,0.0,0.015,0.227,121151000.0,149470000.0,0.246,149470000.0,121151000.0,100303000.0,1.013,0.973,1.013,268272000.0,,268272000.0,1378594987.0,11.0,9.223,63572000.0,0.964,1.0,244690000.0,0.403,363591000.0,20848000.0,613791000.0,,102083000.0,0.0,0.0,0.0,463258000.0,83523000.0,379735000.0,1010962987.0,642000.0,-133671000.0,1888000.0,83036000.0,-14917000.0,70741000.0,-153545000.0,0.0,83446000.0,0.0,66343000.0,66343000.0,66343000.0,-11734000.0,0.0,0.109,132192000.0,112498000.0,37173000.0,0.224,3.768,15.238,15.137,127082000.0,0.0,15.333,1.665,1.665,96406000.0,177595000.0,607357000.0,607357000.0,0.0,,,,0.199,0.0,122768000.0,1.0,65932369.0,65943000,68199750.0,9.21,367939000.0,0.0,33960000.0,0.0,5.58,141868000.0
93,IEX,MRT,1998-03-31,1998-03-31,1998-03-31,2021-07-28,-1135000.0,746829000.0,,232462000.0,514367000.0,,3.766,-18137000.0,6757000.0,6757000.0,345227000.0,57424000.0,2.842,2.011,374389000.0,0.0,374389000.0,374389000.0,0.0,26232000.0,0.0,0.014,0.22,109666000.0,135898000.0,0.234,135898000.0,109666000.0,90025000.0,0.876,0.844,0.876,248005000.0,,248005000.0,1311211203.0,12.0,9.648,65098000.0,0.989,1.0,234645000.0,0.405,364652000.0,19641000.0,668014000.0,,104528000.0,0.0,0.0,0.0,498824000.0,81795000.0,417029000.0,1064565203.0,2771000.0,-167832000.0,1413000.0,118419000.0,-14461000.0,105505000.0,-185969000.0,0.0,83235000.0,0.0,57424000.0,57424000.0,57424000.0,-4675000.0,0.0,0.099,126624000.0,108021000.0,40674000.0,0.251,4.293,18.539,18.458,126935000.0,0.0,16.169,1.836,1.836,96789000.0,157642000.0,579872000.0,579872000.0,0.0,,,,0.189,0.0,117754000.0,1.0,65840344.0,65850750,67965750.0,8.806,382177000.0,0.0,32601000.0,0.0,5.804,150667000.0
94,IEX,MRT,1997-12-31,1997-12-31,1997-12-31,2021-07-28,-1530000.0,599193000.0,584469000.0,197267000.0,401926000.0,0.945,3.635,-13562000.0,11771000.0,11771000.0,329806000.0,58626000.0,2.536,1.511,258417000.0,0.0,258417000.0,258417000.0,0.0,24293000.0,0.0,0.014,0.213,108053000.0,132346000.0,0.24,132346000.0,108053000.0,89655000.0,0.893,0.867,0.893,238671000.0,217090000.0,238671000.0,,,,72653000.0,1.106,1.0,222357000.0,0.403,293803000.0,18398000.0,474235000.0,477756500.0,84240000.0,0.0,0.0,0.0,360522000.0,77801000.0,282721000.0,1020671640.0,7041000.0,-49744000.0,1016000.0,-2165000.0,-13983000.0,-15868000.0,-63306000.0,0.0,86215000.0,0.0,58626000.0,58626000.0,58626000.0,-5151000.0,0.0,0.106,118762000.0,103595000.0,34991000.0,0.239,4.276,17.41,17.36,88628000.0,0.0,15.502,1.848,1.844,80766000.0,149403000.0,552163000.0,552163000.0,0.0,0.1,0.27,0.226,0.196,0.0,110588000.0,1.0,65840344.0,65664000,67497750.0,8.409,305390000.0,0.0,31029000.0,0.0,4.651,119466000.0
95,IEX,MRT,1997-09-30,1997-09-30,1997-09-30,2021-07-28,,,,,,,,,,,,,,,,,,,,,,0.014,0.207,,,,,,,,,,,,,,,,,,1.0,,,,,,,,,,,,,,,,,,,,,,,,,,,,,,,,,,,,,,,,15.28,,,,,,,,,,,,,,1.0,,65758500,,,,,,,,
96,IEX,MRT,1997-06-30,1997-06-30,1997-06-30,2021-07-28,,,,,,,,,,,,,,,,,,,,,,0.014,0.201,,,,,,,,,,,,,,,,,,1.0,,,,,,,,,,,,,,,,,,,,,,,,,,,,,,,,,,,,,,,,14.667,,,,,,,,,,,,,,1.0,,65655000,,,,,,,,
97,IEX,MRT,1997-03-31,1997-03-31,1997-03-31,2021-07-28,,,,,,,,,,,,,,,,,,,,,,0.019,0.196,,,,,,,,,,,,,,,,,,1.0,,,,,,,,,,,,,,,,,,,,,,,,,,,,,,,,,,,,,,,,10.444,,,,,,,,,,,,,,1.0,,65650500,,,,,,,,
98,IEX,MRT,1996-12-31,1996-12-31,1996-12-31,2021-07-28,325000.0,569745000.0,,191599000.0,378146000.0,,3.015,-11634000.0,4730000.0,4730000.0,287625000.0,50198000.0,2.3,1.914,271709000.0,0.0,271709000.0,271709000.0,0.0,20672000.0,0.0,0.016,0.19,92694000.0,113366000.0,0.239,113366000.0,92694000.0,75218000.0,0.773,0.751,0.773,195509000.0,,195509000.0,,,,78481000.0,1.21,1.0,187074000.0,0.394,272160000.0,17476000.0,481278000.0,,84731000.0,0.0,0.0,0.0,374236000.0,83286000.0,290950000.0,,-856000.0,-132584000.0,0.0,64586000.0,-12278000.0,53247000.0,-144218000.0,0.0,90115000.0,0.0,50198000.0,50198000.0,50198000.0,-5774000.0,0.0,0.106,99458000.0,87616000.0,34824000.0,0.246,,,15.282,88377000.0,0.0,11.813,,1.614,79130000.0,105238000.0,474699000.0,474699000.0,0.0,,,,0.195,0.0,93217000.0,1.0,,64840500,67002750.0,7.321,297585000.0,0.0,25020000.0,0.0,4.589,108313000.0
99,IEX,MRT,1995-12-31,1995-12-31,1995-12-31,2021-07-28,,,,,,,,-8181000.0,,,237803000.0,45325000.0,,,,,,,,14653000.0,,0.013,0.152,81471000.0,96124000.0,0.243,96124000.0,81471000.0,67170000.0,0.702,0.68,0.702,,,,,,,42680000.0,0.662,1.0,157677000.0,0.399,,14301000.0,,,,,,,,,,,241000.0,-69760000.0,0.0,37968000.0,-10697000.0,27321000.0,-77941000.0,0.0,50861000.0,0.0,45325000.0,45325000.0,45325000.0,-6178000.0,0.0,0.115,82908000.0,74769000.0,,0.217,,,17.2,,0.0,12.074,,1.969,,,395480000.0,395480000.0,0.0,,,,0.206,0.0,78712000.0,1.0,,64489500,66620250.0,6.132,,,21845000.0,,,
