None,ticker,dimension,calendardate,datekey,reportperiod,lastupdated,accoci,assets,assetsavg,assetsc,assetsnc,assetturnover,bvps,capex,cashneq,cashnequsd,cor,consolinc,currentratio,de,debt,debtc,debtnc,debtusd,deferredrev,depamor,deposits,divyield,dps,ebit,ebitda,ebitdamargin,ebitdausd,ebitusd,ebt,eps,epsdil,epsusd,equity,equityavg,equityusd,ev,evebit,evebitda,fcf,fcfps,fxusd,gp,grossmargin,intangibles,intexp,invcap,invcapavg,inventory,investments,investmentsc,investmentsnc,liabilities,liabilitiesc,liabilitiesnc,marketcap,ncf,ncfbus,ncfcommon,ncfdebt,ncfdiv,ncff,ncfi,ncfinv,ncfo,ncfx,netinc,netinccmn,netinccmnusd,netincdis,netincnci,netmargin,opex,opinc,payables,payoutratio,pb,pe,pe1,ppnenet,prefdivis,price,ps,ps1,receivables,retearn,revenue,revenueusd,rnd,roa,roe,roic,ros,sbcomp,sgna,sharefactor,sharesbas,shareswa,shareswadil,sps,tangibles,taxassets,taxexp,taxliabilities,tbvps,workingcapital
0,TEX,MRY,2020-12-31,2020-12-31,2020-12-31,2021-08-02,-208400000.0,3031800000.0,2981500000.0,1878600000.0,1153200000.0,1.032,13.24,-61800000.0,665000000.0,665000000.0,2537100000.0,-10600000.0,2.597,2.29,1173800000.0,7600000.0,1166200000.0,1173800000.0,0.0,49700000.0,0.0,0.003,0.12,57300000.0,107000000.0,0.035,107000000.0,57300000.0,-8600000.0,-0.15,-0.15,-0.15,921500000.0,840200000.0,921500000.0,3084077000.0,54.0,28.823,163600000.0,2.351,1.0,539300000.0,0.175,283700000.0,65900000.0,2533600000.0,2682000000.0,610400000.0,0.0,0.0,0.0,2110300000.0,723300000.0,1387000000.0,2417877000.0,130000000.0,15800000.0,-56000000.0,-6000000.0,-8400000.0,-82800000.0,-38500000.0,7500000.0,225400000.0,25900000.0,-10600000.0,-10600000.0,-10600000.0,19600000.0,0.0,-0.003,470900000.0,68400000.0,369900000.0,-0.8,2.624,-228.102,-232.6,406600000.0,0.0,34.89,0.786,0.789,381200000.0,750300000.0,3076400000.0,3076400000.0,0.0,-0.004,-0.013,0.021,0.019,23800000.0,470900000.0,1.0,69300000.0,69600000,70100000.0,44.201,2748100000.0,0.0,2000000.0,0.0,39.484,1155300000.0
1,TEX,MRY,2019-12-31,2019-12-31,2019-12-31,2021-08-02,-257500000.0,3195600000.0,3403550000.0,2019700000.0,1175900000.0,1.279,13.113,-104600000.0,535100000.0,535100000.0,3465300000.0,54400000.0,2.315,2.428,1175700000.0,6900000.0,1168800000.0,1175700000.0,0.0,49600000.0,0.0,0.015,0.44,180100000.0,229700000.0,0.053,229700000.0,180100000.0,92200000.0,0.77,0.76,0.77,932300000.0,860125000.0,932300000.0,2955414000.0,16.0,12.866,68800000.0,0.968,1.0,887800000.0,0.204,279600000.0,87900000.0,2684200000.0,3098600000.0,847700000.0,0.0,0.0,0.0,2263300000.0,872400000.0,1390900000.0,2123314000.0,168000000.0,177700000.0,-7400000.0,-43900000.0,-31400000.0,-103700000.0,103800000.0,30700000.0,173400000.0,-5500000.0,54400000.0,54400000.0,54400000.0,155300000.0,0.0,0.012,552800000.0,335000000.0,508100000.0,0.571,2.278,39.032,38.675,389400000.0,0.0,29.78,0.488,0.486,401900000.0,771400000.0,4353100000.0,4353100000.0,0.0,0.016,0.063,0.058,0.041,43100000.0,552800000.0,1.0,71300000.0,71100000,71800000.0,61.225,2916000000.0,0.0,37800000.0,0.0,41.013,1147300000.0
2,TEX,MRY,2018-12-31,2018-12-31,2018-12-31,2021-08-02,-284800000.0,3485900000.0,3395625000.0,2423000000.0,1062900000.0,1.33,11.412,-101000000.0,339500000.0,339500000.0,3555300000.0,113700000.0,1.995,3.05,1214700000.0,4100000.0,1210600000.0,1214700000.0,0.0,59700000.0,0.0,0.015,0.4,231900000.0,291600000.0,0.065,291600000.0,231900000.0,159100000.0,1.51,1.48,1.51,860500000.0,965150000.0,860500000.0,2839309000.0,12.0,9.737,-6800000.0,-0.09,1.0,961900000.0,0.213,276600000.0,72800000.0,2869800000.0,2781175000.0,918900000.0,0.0,0.0,0.0,2624900000.0,1214700000.0,1410200000.0,2031909000.0,-258000000.0,2500000.0,-427500000.0,231700000.0,-30000000.0,-244900000.0,-85900000.0,19300000.0,94200000.0,-21400000.0,113700000.0,113700000.0,113700000.0,128000000.0,0.0,0.025,549400000.0,412500000.0,687200000.0,0.265,2.361,17.871,18.258,317300000.0,0.0,27.57,0.45,0.46,535000000.0,749000000.0,4517200000.0,4517200000.0,0.0,0.033,0.118,0.083,0.051,36700000.0,549400000.0,1.0,73700000.0,75400000,76900000.0,59.91,3209300000.0,0.0,45400000.0,0.0,42.564,1208300000.0
3,TEX,MRY,2017-12-31,2017-12-31,2017-12-31,2021-08-02,-239500000.0,3462500000.0,3747075000.0,2383000000.0,1079500000.0,1.012,13.168,-23300000.0,626500000.0,626500000.0,3026400000.0,128700000.0,2.301,1.833,984800000.0,5200000.0,979600000.0,984800000.0,0.0,66500000.0,0.0,0.007,0.32,248300000.0,314800000.0,0.083,314800000.0,248300000.0,181100000.0,1.39,1.36,1.39,1222000000.0,1459200000.0,1222000000.0,4447502000.0,18.0,14.128,129700000.0,1.398,1.0,767300000.0,0.202,287400000.0,67200000.0,2497900000.0,2779325000.0,969600000.0,0.0,0.0,0.0,2240000000.0,1035500000.0,1204500000.0,4055302000.0,128200000.0,775700000.0,-924900000.0,-619800000.0,-29500000.0,-1606500000.0,1535600000.0,783200000.0,153000000.0,46100000.0,128700000.0,128700000.0,128700000.0,-17700000.0,0.0,0.034,539100000.0,228200000.0,592400000.0,0.23,3.319,31.51,34.691,311000000.0,0.0,48.22,1.069,1.18,579900000.0,1995900000.0,3793700000.0,3793700000.0,0.0,0.034,0.088,0.089,0.065,38500000.0,539100000.0,1.0,84100000.0,92800000,94900000.0,40.88,3175100000.0,0.0,52400000.0,0.0,34.214,1347500000.0
4,TEX,MRY,2016-12-31,2016-12-31,2016-12-31,2021-08-02,-779400000.0,5006800000.0,5481850000.0,2700500000.0,2306300000.0,0.811,13.76,-73000000.0,428500000.0,428500000.0,3730700000.0,-175500000.0,1.919,2.348,1575800000.0,13800000.0,1562000000.0,1575800000.0,0.0,96700000.0,0.0,0.009,0.28,-151500000.0,-54800000.0,-0.012,-54800000.0,-151500000.0,-253500000.0,-1.63,-1.63,-1.63,1484700000.0,1768400000.0,1484700000.0,4753727000.0,-31.0,-86.747,304100000.0,2.818,1.0,712400000.0,0.16,278100000.0,102000000.0,4469000000.0,4725525000.0,853800000.0,0.0,0.0,0.0,3485600000.0,1407000000.0,2078600000.0,3339027000.0,35400000.0,-3500000.0,-82700000.0,-188600000.0,-30000000.0,-310200000.0,-11800000.0,0.0,377100000.0,-19700000.0,-176100000.0,-176100000.0,-176100000.0,-17800000.0,600000.0,-0.04,854200000.0,-141800000.0,522700000.0,-0.172,2.249,-18.961,-19.344,304600000.0,0.0,31.53,0.752,0.766,512500000.0,1897900000.0,4443100000.0,4443100000.0,0.0,-0.032,-0.1,-0.032,-0.034,37800000.0,678200000.0,1.0,105900000.0,107900000,107900000.0,41.178,4728700000.0,0.0,-77400000.0,0.0,43.825,1293500000.0
5,TEX,MRY,2015-12-31,2015-12-31,2015-12-31,2021-08-02,-649600000.0,5616000000.0,5808975000.0,3140200000.0,2475800000.0,0.864,17.48,-103800000.0,371200000.0,371200000.0,4050500000.0,149000000.0,2.153,1.973,1796200000.0,66400000.0,1729800000.0,1796200000.0,0.0,132400000.0,0.0,0.013,0.24,321500000.0,453900000.0,0.09,453900000.0,321500000.0,213400000.0,1.36,1.33,1.36,1877400000.0,1857525000.0,1877400000.0,3601580000.0,11.0,7.935,123700000.0,1.152,1.0,971200000.0,0.193,481700000.0,108100000.0,5100700000.0,4606600000.0,1063600000.0,0.0,0.0,0.0,3704000000.0,1458600000.0,2245400000.0,2005080000.0,-11700000.0,-71400000.0,-50800000.0,65000000.0,-25800000.0,-29000000.0,-172700000.0,0.0,227500000.0,-37500000.0,145900000.0,145900000.0,145900000.0,-20800000.0,3100000.0,0.029,647500000.0,323700000.0,560700000.0,0.176,1.068,13.743,13.588,371900000.0,0.0,18.48,0.399,0.395,703300000.0,2104600000.0,5021700000.0,5021700000.0,0.0,0.025,0.079,0.07,0.064,38500000.0,647500000.0,1.0,108500000.0,107400000,109600000.0,46.757,5134300000.0,0.0,67500000.0,0.0,47.805,1681600000.0
6,TEX,MRY,2014-12-31,2014-12-31,2014-12-31,2021-08-02,-429800000.0,5928000000.0,6399925000.0,3356200000.0,2571800000.0,0.857,18.285,-81500000.0,478200000.0,478200000.0,4432500000.0,319500000.0,2.043,1.939,1788800000.0,152500000.0,1636300000.0,1788800000.0,0.0,165500000.0,197400000.0,0.007,0.2,468300000.0,633800000.0,0.116,633800000.0,468300000.0,345600000.0,2.91,2.79,2.91,2005900000.0,2184600000.0,2005900000.0,4529592000.0,10.0,7.147,329200000.0,3.001,1.0,1051500000.0,0.192,1456400000.0,122700000.0,4139100000.0,4488500000.0,1460900000.0,0.0,0.0,0.0,3888900000.0,1643100000.0,2245800000.0,3022192000.0,70100000.0,154800000.0,-171200000.0,-117600000.0,-21800000.0,-396700000.0,95000000.0,-20000000.0,410700000.0,-38900000.0,319000000.0,319000000.0,319000000.0,-67500000.0,500000.0,0.058,651500000.0,400000000.0,736100000.0,0.069,1.507,9.474,9.581,690300000.0,0.0,27.88,0.551,0.558,1086400000.0,1984900000.0,5484000000.0,5484000000.0,0.0,0.05,0.146,0.104,0.085,46500000.0,651500000.0,1.0,108400000.0,109700000,114200000.0,49.991,4471600000.0,0.0,26600000.0,0.0,40.762,1713100000.0
7,TEX,MRY,2013-12-31,2013-12-31,2013-12-31,2021-08-02,-116500000.0,6536700000.0,6583250000.0,3639400000.0,2897300000.0,1.076,19.713,-82800000.0,408100000.0,408100000.0,5644500000.0,220900000.0,2.11,1.949,1976700000.0,86800000.0,1889900000.0,1976700000.0,0.0,152300000.0,302100000.0,0.001,0.05,439500000.0,591800000.0,0.084,591800000.0,439500000.0,313400000.0,2.03,1.93,2.03,2190100000.0,2049400000.0,2190100000.0,6212986000.0,14.0,10.498,105700000.0,0.951,1.0,1439500000.0,0.203,1690400000.0,126100000.0,4690200000.0,4551775000.0,1613200000.0,0.0,0.0,0.0,4268000000.0,1724700000.0,2543300000.0,4677686000.0,-269900000.0,700000.0,-31400000.0,-146600000.0,-5500000.0,-420100000.0,-37400000.0,0.0,188500000.0,-900000.0,226000000.0,226000000.0,226000000.0,-17000000.0,-5100000.0,0.032,1020400000.0,419100000.0,689100000.0,0.025,2.136,20.698,20.685,789400000.0,0.0,41.99,0.66,0.659,1176800000.0,1688100000.0,7084000000.0,7084000000.0,0.0,0.034,0.11,0.097,0.062,43900000.0,1020400000.0,1.0,111400000.0,111100000,117000000.0,63.762,4846300000.0,0.0,87400000.0,0.0,43.621,1914700000.0
8,TEX,MRY,2012-12-31,2012-12-31,2012-12-31,2021-08-02,-124100000.0,6746200000.0,6983575000.0,3797400000.0,2948800000.0,1.0,18.202,-82500000.0,678000000.0,678000000.0,5582100000.0,103600000.0,2.222,2.225,2098700000.0,83800000.0,2014900000.0,2098700000.0,0.0,153000000.0,312900000.0,0.0,0.0,321900000.0,474900000.0,0.068,474900000.0,321900000.0,157300000.0,0.96,0.93,0.96,2007700000.0,2012150000.0,2007700000.0,4627355000.0,14.0,9.744,209800000.0,1.902,1.0,1400100000.0,0.201,1719700000.0,164600000.0,4738400000.0,4978775000.0,1632200000.0,0.0,0.0,0.0,4468000000.0,1708800000.0,2759200000.0,3106155000.0,-96100000.0,3500000.0,0.0,-298700000.0,0.0,-323300000.0,-76300000.0,-24100000.0,292300000.0,11200000.0,105800000.0,105800000.0,105800000.0,-28800000.0,-2200000.0,0.015,1033300000.0,366800000.0,600200000.0,0.0,1.547,29.359,29.281,806800000.0,0.0,28.11,0.445,0.444,1026600000.0,1467700000.0,6982200000.0,6982200000.0,0.0,0.015,0.053,0.065,0.046,29100000.0,1033300000.0,1.0,110500000.0,110300000,113900000.0,63.302,5026500000.0,0.0,51500000.0,0.0,45.571,2088600000.0
9,TEX,MRY,2011-12-31,2011-12-31,2011-12-31,2021-08-02,-125500000.0,7063400000.0,6321475000.0,4053200000.0,3010200000.0,0.974,17.446,-79100000.0,774100000.0,774100000.0,5234500000.0,40700000.0,2.144,2.552,2300400000.0,77000000.0,2223400000.0,2300400000.0,0.0,126600000.0,223200000.0,0.0,0.0,225500000.0,352100000.0,0.057,352100000.0,225500000.0,90600000.0,0.41,0.41,0.41,1910300000.0,2059525000.0,1910300000.0,3113747000.0,14.0,8.843,-56400000.0,-0.515,1.0,923500000.0,0.15,1752400000.0,134900000.0,4946400000.0,4579050000.0,1758100000.0,0.0,0.0,0.0,4875000000.0,1890900000.0,2984100000.0,1482047000.0,-120100000.0,-1035200000.0,0.0,478900000.0,0.0,450600000.0,-592500000.0,-16100000.0,22700000.0,-900000.0,45200000.0,45200000.0,45200000.0,-20500000.0,-4500000.0,0.007,863600000.0,59900000.0,764600000.0,0.0,0.776,32.789,32.951,835500000.0,0.0,13.51,0.241,0.24,1178100000.0,1361900000.0,6158000000.0,6158000000.0,0.0,0.007,0.022,0.049,0.037,23400000.0,863600000.0,1.0,109700000.0,109500000,110700000.0,56.237,5311000000.0,0.0,45400000.0,185200000.0,48.502,2162300000.0
10,TEX,MRY,2010-12-31,2010-12-31,2010-12-31,2021-08-02,100400000.0,5516400000.0,5698125000.0,3968900000.0,1547500000.0,0.775,19.165,-55000000.0,894200000.0,894200000.0,3815300000.0,362500000.0,2.371,1.635,1686300000.0,346800000.0,1339500000.0,1686300000.0,0.0,104800000.0,95800000.0,0.0,0.0,477100000.0,581900000.0,0.132,581900000.0,477100000.0,331700000.0,3.3,3.3,3.3,2083200000.0,2032750000.0,2083200000.0,3999156000.0,8.0,6.873,-718200000.0,-6.607,1.0,602900000.0,0.136,633300000.0,145400000.0,4001000000.0,4175050000.0,1448700000.0,521400000.0,521400000.0,0.0,3405000000.0,1674200000.0,1730800000.0,3380256000.0,-77000000.0,989200000.0,0.0,-299400000.0,0.0,-315700000.0,903900000.0,-40400000.0,-663200000.0,-2000000.0,358500000.0,358500000.0,358500000.0,0.0,4000000.0,0.081,676700000.0,-73800000.0,570000000.0,0.0,1.623,9.429,9.406,573500000.0,0.0,31.04,0.765,0.764,782500000.0,1316700000.0,4418200000.0,4418200000.0,0.0,0.063,0.176,0.114,0.108,34900000.0,676700000.0,1.0,108900000.0,108700000,108700000.0,40.646,4883100000.0,113900000.0,-26800000.0,186800000.0,44.923,2294700000.0
11,TEX,MRY,2009-12-31,2009-12-31,2009-12-31,2021-08-02,36000000.0,5713800000.0,5479875000.0,3914600000.0,1799200000.0,0.704,16.084,-50400000.0,929500000.0,929500000.0,3561400000.0,-397300000.0,2.518,2.448,1966400000.0,73700000.0,1892700000.0,1966400000.0,0.0,93400000.0,131800000.0,0.0,0.0,-396400000.0,-303000000.0,-0.079,-303000000.0,-396400000.0,-515800000.0,-3.88,-3.88,-3.88,1650200000.0,1724925000.0,1650200000.0,3111161000.0,-8.0,-10.268,-88100000.0,-0.859,1.0,297000000.0,0.077,511100000.0,119400000.0,4684900000.0,4491100000.0,1343900000.0,600000.0,600000.0,0.0,4039400000.0,1554700000.0,2484700000.0,2141461000.0,486800000.0,-9800000.0,156300000.0,412100000.0,0.0,558600000.0,-61100000.0,0.0,-37700000.0,27000000.0,-398400000.0,-398400000.0,-398400000.0,0.0,1100000.0,-0.103,698700000.0,-401700000.0,525100000.0,0.0,1.298,-5.375,-5.106,605000000.0,0.0,19.81,0.555,0.527,593800000.0,958200000.0,3858400000.0,3858400000.0,0.0,-0.073,-0.231,-0.088,-0.103,31800000.0,698700000.0,1.0,108100000.0,102600000,102600000.0,37.606,5202700000.0,271200000.0,-117400000.0,38700000.0,50.709,2359900000.0
12,TEX,MRY,2008-12-31,2008-12-31,2008-12-31,2021-08-02,-82300000.0,5445400000.0,6414150000.0,4040900000.0,1404500000.0,1.241,17.55,-103600000.0,450400000.0,450400000.0,6427800000.0,75700000.0,2.215,2.15,1435500000.0,39100000.0,1396400000.0,1435500000.0,0.0,80300000.0,45000000.0,0.0,0.0,333100000.0,413400000.0,0.052,413400000.0,333100000.0,230600000.0,0.73,0.73,0.73,1721700000.0,2306825000.0,1721700000.0,2723968000.0,8.0,6.589,82700000.0,0.843,1.0,1531100000.0,0.192,386300000.0,102500000.0,4219600000.0,4251000000.0,1733800000.0,0.0,0.0,0.0,3701500000.0,1824600000.0,1876900000.0,1643668000.0,-788000000.0,-481500000.0,-395500000.0,36700000.0,0.0,-351800000.0,-579300000.0,0.0,186300000.0,-43200000.0,71900000.0,71900000.0,71900000.0,0.0,3800000.0,0.009,1360300000.0,170800000.0,789100000.0,0.0,0.955,22.86,23.726,435000000.0,0.0,17.32,0.207,0.213,804100000.0,1356600000.0,7958900000.0,7958900000.0,0.0,0.011,0.031,0.078,0.042,49300000.0,900400000.0,1.0,94900000.0,98100000,98100000.0,81.13,5059100000.0,176900000.0,158700000.0,0.0,51.571,2216300000.0
13,TEX,MRY,2007-12-31,2007-12-31,2007-12-31,2021-08-02,256600000.0,6316300000.0,5509125000.0,4776900000.0,1539400000.0,1.448,22.883,-96300000.0,1272400000.0,1272400000.0,6329700000.0,619200000.0,2.196,1.696,1352000000.0,32500000.0,1319500000.0,1352000000.0,0.0,68000000.0,181800000.0,0.0,0.0,938200000.0,1006200000.0,0.126,1006200000.0,938200000.0,874000000.0,6.0,5.85,6.0,2343200000.0,2130725000.0,2343200000.0,6916482000.0,7.0,6.874,265100000.0,2.589,1.0,1646400000.0,0.206,699000000.0,64200000.0,3521600000.0,3001775000.0,1934300000.0,0.0,0.0,0.0,3973100000.0,2175300000.0,1797800000.0,6727482000.0,595700000.0,-12100000.0,-156200000.0,567000000.0,0.0,431100000.0,-251500000.0,0.0,361400000.0,54700000.0,613900000.0,613900000.0,613900000.0,-84900000.0,5300000.0,0.077,814200000.0,832200000.0,1212900000.0,0.0,2.871,10.959,10.928,419400000.0,0.0,65.57,0.843,0.842,1195800000.0,1284700000.0,7976100000.0,7976100000.0,0.0,0.111,0.288,0.313,0.118,42000000.0,814200000.0,1.0,102600000.0,102400000,104900000.0,77.892,5617300000.0,309400000.0,260100000.0,0.0,54.856,2601600000.0
14,TEX,MRY,2006-12-31,2006-12-31,2006-12-31,2021-08-02,155200000.0,4785900000.0,4659825000.0,3432800000.0,1353100000.0,1.641,17.388,-78900000.0,676700000.0,676700000.0,6204500000.0,399900000.0,1.693,1.733,763100000.0,227000000.0,536100000.0,763100000.0,0.0,73000000.0,81200000.0,0.0,0.0,708800000.0,781800000.0,0.102,781800000.0,708800000.0,618100000.0,3.97,3.88,3.97,1751000000.0,1526825000.0,1751000000.0,6931186000.0,10.0,8.866,413400000.0,4.105,1.0,1443100000.0,0.189,632800000.0,90700000.0,2212300000.0,2556150000.0,1502000000.0,0.0,0.0,0.0,3034900000.0,2027200000.0,1007700000.0,6567786000.0,123100000.0,14900000.0,15300000.0,-381300000.0,0.0,-352700000.0,-51900000.0,0.0,492300000.0,35400000.0,399900000.0,399900000.0,399900000.0,-3400000.0,0.0,0.052,733600000.0,709500000.0,1034300000.0,0.0,3.751,16.424,16.267,338500000.0,0.0,64.58,0.859,0.85,950500000.0,707300000.0,7647600000.0,7647600000.0,0.0,0.086,0.262,0.277,0.093,26600000.0,733600000.0,1.0,101700000.0,100700000,103000000.0,75.944,4153100000.0,305400000.0,218200000.0,0.0,41.242,1405600000.0
15,TEX,MRY,2005-12-31,2005-12-31,2005-12-31,2021-08-02,26200000.0,4200300000.0,4193350000.0,2903500000.0,1296800000.0,1.468,11.68,-48600000.0,553600000.0,553600000.0,5209200000.0,188500000.0,1.904,2.618,1123900000.0,48100000.0,1075800000.0,1123900000.0,0.0,75600000.0,0.0,0.0,0.0,386100000.0,461700000.0,0.075,461700000.0,386100000.0,289800000.0,1.9,1.84,1.9,1161000000.0,1131600000.0,1161000000.0,3742660000.0,10.0,8.106,224800000.0,2.262,1.0,947300000.0,0.154,555700000.0,96300000.0,2690300000.0,2764250000.0,1318200000.0,0.0,0.0,0.0,3039300000.0,1524600000.0,1514700000.0,2934360000.0,134800000.0,-9700000.0,5100000.0,-35500000.0,0.0,-49000000.0,-56700000.0,0.0,273400000.0,-32900000.0,188500000.0,188500000.0,188500000.0,-900000.0,0.0,0.031,576900000.0,370400000.0,913400000.0,0.0,2.527,15.567,15.632,329900000.0,0.0,29.7,0.477,0.48,735000000.0,307400000.0,6156500000.0,6156500000.0,0.0,0.045,0.167,0.14,0.063,10700000.0,573600000.0,1.0,98800000.0,99400000,102200000.0,61.937,3644600000.0,332600000.0,101300000.0,0.0,36.666,1378900000.0
16,TEX,MRY,2004-12-31,2004-12-31,2004-12-31,2021-08-02,206500000.0,4179100000.0,3822375000.0,2647100000.0,1532000000.0,1.256,11.56,-35500000.0,418800000.0,418800000.0,4119600000.0,324100000.0,1.731,2.681,1198800000.0,84600000.0,1114200000.0,1198800000.0,0.0,74400000.0,0.0,0.0,0.0,238100000.0,312500000.0,0.065,312500000.0,238100000.0,147400000.0,3.3,3.17,3.3,1135200000.0,854325000.0,1135200000.0,3162210000.0,13.0,10.119,129100000.0,1.315,1.0,679700000.0,0.142,667100000.0,90700000.0,2762500000.0,2655200000.0,1281300000.0,0.0,0.0,0.0,3043900000.0,1529500000.0,1514400000.0,2353910000.0,-48700000.0,-58700000.0,9200000.0,-162400000.0,0.0,-170100000.0,-61800000.0,0.0,164600000.0,18600000.0,324100000.0,324100000.0,324100000.0,-3500000.0,0.0,0.068,468100000.0,211600000.0,895800000.0,0.0,2.074,7.263,7.22,362600000.0,0.0,23.825,0.49,0.487,683600000.0,118900000.0,4799300000.0,4799300000.0,0.0,0.085,0.379,0.09,0.05,8500000.0,468100000.0,1.0,98800000.0,98200000,102200000.0,48.873,3512000000.0,335900000.0,-176700000.0,0.0,35.764,1117600000.0
17,TEX,MRY,2003-12-31,2003-12-31,2003-12-31,2021-08-02,110400000.0,3554200000.0,3640375000.0,2219500000.0,1334700000.0,1.074,7.071,-27100000.0,467500000.0,467500000.0,3410800000.0,-226600000.0,1.899,4.269,1361600000.0,86800000.0,1274800000.0,1361600000.0,0.0,82700000.0,0.0,0.0,0.0,49200000.0,131900000.0,0.034,131900000.0,49200000.0,-50700000.0,-2.375,-2.375,-2.375,674600000.0,763925000.0,674600000.0,2440176000.0,50.0,18.5,354200000.0,3.713,1.0,499000000.0,0.128,616700000.0,99900000.0,2663000000.0,2898625000.0,1038500000.0,0.0,0.0,0.0,2879600000.0,1168600000.0,1711000000.0,1386976000.0,115300000.0,-7700000.0,2800000.0,-240200000.0,0.0,-266800000.0,-28700000.0,0.0,381300000.0,29500000.0,-226600000.0,-226600000.0,-226600000.0,0.0,0.0,-0.058,441000000.0,58000000.0,614900000.0,0.0,2.056,-6.121,-5.996,353800000.0,0.0,14.24,0.355,0.347,509300000.0,-205200000.0,3909800000.0,3909800000.0,0.0,-0.062,-0.297,0.017,0.013,0.0,396700000.0,1.0,97400000.0,95400000,95400000.0,40.983,2937500000.0,125600000.0,175900000.0,0.0,30.791,1050900000.0
18,TEX,MRY,2002-12-31,2002-12-31,2002-12-31,2021-08-02,-53600000.0,3625700000.0,3106075000.0,2221100000.0,1404600000.0,0.907,8.903,-29200000.0,352200000.0,352200000.0,2487200000.0,-158400000.0,2.008,3.714,1561200000.0,74100000.0,1487100000.0,1561200000.0,0.0,45000000.0,0.0,0.0,0.0,-81600000.0,-36600000.0,-0.013,-36600000.0,-81600000.0,-174200000.0,-1.835,-1.835,-1.835,769200000.0,725700000.0,769200000.0,1825136000.0,-22.0,-49.867,41100000.0,0.476,1.0,329300000.0,0.117,622900000.0,92600000.0,3105600000.0,2620250000.0,1106300000.0,0.0,0.0,0.0,2856500000.0,1106200000.0,1750300000.0,528036000.0,101800000.0,-445900000.0,113300000.0,351600000.0,0.0,460000000.0,-440600000.0,0.0,70300000.0,12100000.0,-158400000.0,-158400000.0,-158400000.0,0.0,0.0,-0.056,291100000.0,38200000.0,542900000.0,0.0,0.686,-3.334,-3.035,309400000.0,0.0,5.57,0.187,0.171,578600000.0,67400000.0,2816500000.0,2816500000.0,0.0,-0.051,-0.218,-0.031,-0.029,0.0,291100000.0,1.0,94800000.0,86400000,86400000.0,32.598,3002800000.0,200400000.0,-15800000.0,0.0,34.755,1114900000.0
19,TEX,MRY,2001-12-31,2001-12-31,2001-12-31,2021-08-02,-120300000.0,2387000000.0,2162425000.0,1383000000.0,1004000000.0,0.838,10.594,-13500000.0,250400000.0,250400000.0,1540100000.0,12800000.0,2.205,3.009,1055400000.0,34700000.0,1020700000.0,1055400000.0,0.0,40300000.0,0.0,0.0,0.0,105600000.0,145900000.0,0.08,145900000.0,105600000.0,18900000.0,0.23,0.22,0.23,595400000.0,470400000.0,595400000.0,1333318000.0,13.0,9.139,-19000000.0,-0.338,1.0,272400000.0,0.15,620100000.0,86700000.0,1944800000.0,1846500000.0,704800000.0,0.0,0.0,0.0,1791600000.0,627100000.0,1164500000.0,556018000.0,69000000.0,-130800000.0,96300000.0,116500000.0,0.0,211500000.0,-136300000.0,0.0,-5500000.0,-700000.0,12800000.0,12800000.0,12800000.0,0.0,0.0,0.007,168200000.0,104200000.0,291000000.0,0.0,0.934,43.439,38.13,173900000.0,0.0,8.77,0.307,0.272,351100000.0,199900000.0,1812500000.0,1812500000.0,0.0,0.006,0.027,0.057,0.058,0.0,168200000.0,1.0,63400000.0,56200000,57800000.0,32.251,1766900000.0,99100000.0,6100000.0,0.0,31.44,755900000.0
20,TEX,MRY,2000-12-31,2000-12-31,2000-12-31,2021-08-02,-78500000.0,1983700000.0,2090600000.0,1242400000.0,741300000.0,0.99,8.3,-24200000.0,181400000.0,181400000.0,1715000000.0,95100000.0,2.158,3.394,902500000.0,20500000.0,882000000.0,902500000.0,0.0,41500000.0,0.0,0.0,0.0,250600000.0,292100000.0,0.141,292100000.0,250600000.0,150800000.0,1.75,1.705,1.75,451500000.0,441325000.0,451500000.0,1209963000.0,5.0,4.142,176400000.0,3.243,1.0,353700000.0,0.171,491400000.0,99800000.0,1637800000.0,1822700000.0,598100000.0,0.0,0.0,0.0,1532200000.0,575600000.0,956600000.0,448463000.0,48100000.0,124300000.0,-20200000.0,-236700000.0,0.0,-261200000.0,110900000.0,0.0,200600000.0,-2200000.0,95100000.0,95100000.0,95100000.0,7300000.0,0.0,0.046,155400000.0,198300000.0,311200000.0,0.0,0.993,4.716,4.626,153900000.0,0.0,8.095,0.217,0.213,360200000.0,187100000.0,2068700000.0,2068700000.0,0.0,0.045,0.215,0.137,0.121,0.0,155400000.0,1.0,55400000.0,54400000,55800000.0,38.028,1492300000.0,72200000.0,55700000.0,0.0,27.432,666800000.0
21,TEX,MRY,1999-12-31,1999-12-31,1999-12-31,2021-08-02,-16100000.0,2177500000.0,1724225000.0,1315300000.0,862200000.0,1.077,8.942,-21400000.0,133300000.0,133300000.0,1539900000.0,172900000.0,2.27,4.031,1156400000.0,57600000.0,1098800000.0,1156400000.0,0.0,32200000.0,0.0,0.0,0.0,181200000.0,213400000.0,0.115,213400000.0,181200000.0,98400000.0,3.57,3.375,3.57,432800000.0,284600000.0,432800000.0,1730025000.0,10.0,8.107,-16400000.0,-0.339,1.0,316700000.0,0.171,554700000.0,82800000.0,2066400000.0,1611775000.0,665600000.0,0.0,0.0,0.0,1744700000.0,579500000.0,1165200000.0,763125000.0,108200000.0,-535600000.0,162800000.0,483600000.0,0.0,657200000.0,-553000000.0,0.0,5000000.0,-1000000.0,172900000.0,172900000.0,172900000.0,0.0,0.0,0.093,138400000.0,178300000.0,297000000.0,0.0,1.763,4.414,3.887,172800000.0,0.0,13.875,0.411,0.362,429200000.0,92000000.0,1856600000.0,1856600000.0,0.0,0.1,0.608,0.112,0.098,0.0,138400000.0,1.0,55000000.0,48400000,51200000.0,38.36,1622800000.0,102500000.0,-74500000.0,0.0,33.529,735800000.0
22,TEX,MRY,1998-12-31,1998-12-31,1998-12-31,2021-08-02,-4100000.0,1151200000.0,1035950000.0,771600000.0,379600000.0,1.19,2.37,-13100000.0,25100000.0,25100000.0,1007400000.0,34500000.0,1.814,10.735,631300000.0,44700000.0,586600000.0,631300000.0,0.0,10100000.0,0.0,0.0,0.0,83400000.0,93500000.0,0.076,93500000.0,83400000.0,36200000.0,0.835,0.835,0.835,98100000.0,63325000.0,98100000.0,1168948000.0,14.0,12.502,-32600000.0,-0.787,1.0,225800000.0,0.183,240900000.0,47200000.0,1091100000.0,1045200000.0,472800000.0,0.0,0.0,0.0,1053100000.0,425400000.0,627700000.0,594048000.0,-3600000.0,-211300000.0,0.0,271300000.0,0.0,239300000.0,-222000000.0,0.0,-19500000.0,-1400000.0,34500000.0,34500000.0,34500000.0,0.0,0.0,0.028,103800000.0,122000000.0,226900000.0,0.0,6.056,17.219,17.102,99500000.0,0.0,14.28,0.482,0.479,249800000.0,-80900000.0,1233200000.0,1233200000.0,0.0,0.033,0.545,0.08,0.068,0.0,103800000.0,1.0,41600000.0,41400000,44800000.0,29.787,910300000.0,0.0,1700000.0,0.0,21.988,346200000.0
23,TEX,MRY,1997-12-31,1997-12-31,1997-12-31,2021-08-02,-7900000.0,588500000.0,529850000.0,426500000.0,162000000.0,1.59,1.84,-9900000.0,28700000.0,28700000.0,702700000.0,15500000.0,1.806,8.874,300100000.0,26600000.0,273500000.0,300100000.0,0.0,14300000.0,0.0,0.0,0.0,55600000.0,69900000.0,0.083,69900000.0,55600000.0,16200000.0,0.33,0.3,0.33,59600000.0,-6050000.0,59600000.0,,,,-10200000.0,-0.315,1.0,139600000.0,0.166,88400000.0,39400000.0,535400000.0,494250000.0,232100000.0,0.0,0.0,0.0,528900000.0,236100000.0,292800000.0,485102252.0,-43300000.0,-97200000.0,104600000.0,16000000.0,0.0,64200000.0,-98600000.0,0.0,-300000.0,-8600000.0,15500000.0,10700000.0,10700000.0,0.0,0.0,0.013,68500000.0,71100000.0,138100000.0,0.0,8.139,45.337,35.606,47800000.0,4800000.0,11.75,0.576,0.452,139300000.0,-115400000.0,842300000.0,842300000.0,0.0,0.02,-1.769,0.112,0.066,0.0,68500000.0,1.0,41285298.0,32400000,35400000.0,25.997,500100000.0,0.0,700000.0,0.0,15.435,190400000.0
24,TEX,MRY,1996-12-31,1996-12-31,1996-12-31,2021-08-02,-4700000.0,471200000.0,,390200000.0,81000000.0,,-3.038,-8100000.0,72000000.0,72000000.0,609300000.0,47700000.0,2.001,-7.572,281300000.0,19200000.0,262100000.0,281300000.0,0.0,7000000.0,0.0,0.0,0.0,104600000.0,111600000.0,0.164,111600000.0,104600000.0,59800000.0,1.05,0.93,1.05,-71700000.0,,-71700000.0,,,,-25700000.0,-1.089,1.0,69200000.0,0.102,32400000.0,44800000.0,453100000.0,,190600000.0,0.0,0.0,0.0,542900000.0,195000000.0,347900000.0,,65000000.0,143700000.0,0.0,-56000000.0,0.0,-50400000.0,135700000.0,0.0,-17600000.0,-2700000.0,47700000.0,24800000.0,24800000.0,-102000000.0,0.0,0.037,64100000.0,5100000.0,104400000.0,0.0,,,4.819,31700000.0,22900000.0,5.06,,0.176,110300000.0,-126100000.0,678500000.0,678500000.0,0.0,,,,0.154,0.0,64100000.0,1.0,,23600000,26600000.0,28.75,438800000.0,0.0,12100000.0,0.0,18.593,195200000.0
25,TEX,MRY,1995-12-31,1995-12-31,1995-12-31,2021-08-02,,,,,,,,-5200000.0,,,431000000.0,-35200000.0,,,,,,,,12900000.0,,0.0,0.0,3500000.0,16400000.0,0.033,16400000.0,3500000.0,-35200000.0,-2.045,-2.045,-2.045,,,,,,,-33800000.0,-1.625,1.0,70400000.0,0.14,,38700000.0,,,,,,,,,,,-1200000.0,-89100000.0,0.0,121800000.0,0.0,121800000.0,-94100000.0,0.0,-28600000.0,-300000.0,-35200000.0,-42500000.0,-42500000.0,-4400000.0,0.0,-0.085,57600000.0,12800000.0,,0.0,,,-1.161,,7300000.0,2.375,,0.099,,,501400000.0,501400000.0,0.0,,,,0.007,0.0,57600000.0,1.0,,20800000,20800000.0,24.106,,,0.0,,,
0,TEX,MRQ,2021-06-30,2021-06-30,2021-06-30,2021-08-02,-200000000.0,3068500000.0,,1996700000.0,1071800000.0,,14.812,-16600000.0,542200000.0,542200000.0,807100000.0,73900000.0,2.113,1.968,894200000.0,5700000.0,888500000.0,894200000.0,0.0,12500000.0,0.0,0.005,0.12,101300000.0,113800000.0,0.11,113800000.0,101300000.0,88300000.0,1.06,1.04,1.06,1033900000.0,,1033900000.0,3730176000.0,17.0,13.476,114500000.0,1.64,1.0,231600000.0,0.223,284000000.0,13000000.0,2191500000.0,,711700000.0,0.0,0.0,0.0,2034600000.0,945000000.0,1089600000.0,3323876000.0,-30300000.0,-25900000.0,-1300000.0,-100800000.0,-8400000.0,-122800000.0,-42500000.0,0.0,131100000.0,3900000.0,73900000.0,73900000.0,73900000.0,-1600000.0,0.0,0.071,109100000.0,122500000.0,548700000.0,0.113,3.215,24.174,24.051,413600000.0,0.0,47.62,0.962,0.962,546500000.0,847000000.0,1038700000.0,1038700000.0,0.0,,,,,7700000.0,109100000.0,1.0,69800000.0,69800000,70900000.0,14.881,2784500000.0,0.0,14400000.0,0.0,39.893,1051700000.0
1,TEX,MRQ,2021-03-31,2021-03-31,2021-03-31,2021-08-02,-215500000.0,2965500000.0,,1901900000.0,1063600000.0,,13.613,-6100000.0,572900000.0,572900000.0,688800000.0,40100000.0,2.27,2.134,979200000.0,5700000.0,973500000.0,979200000.0,0.0,12800000.0,0.0,0.003,0.12,63100000.0,75900000.0,0.088,75900000.0,63100000.0,47800000.0,0.58,0.57,0.58,946100000.0,,946100000.0,3706058000.0,29.0,20.693,132000000.0,1.899,1.0,175400000.0,0.203,283800000.0,15300000.0,2250000000.0,,658800000.0,0.0,0.0,0.0,2019400000.0,838000000.0,1181400000.0,3197258000.0,-92300000.0,0.0,-200000.0,-197500000.0,-8300000.0,-214900000.0,-6100000.0,0.0,138100000.0,-9400000.0,40100000.0,40100000.0,40100000.0,-400000.0,0.0,0.046,113900000.0,61500000.0,474000000.0,0.207,3.379,58.773,58.316,396800000.0,0.0,46.07,1.029,1.031,488300000.0,781700000.0,864200000.0,864200000.0,0.0,,,,,9900000.0,113900000.0,1.0,69400000.0,69500000,70800000.0,12.435,2681700000.0,0.0,7700000.0,0.0,38.586,1063900000.0
2,TEX,MRQ,2020-12-31,2020-12-31,2020-12-31,2021-08-02,-208400000.0,3031800000.0,,1878600000.0,1153200000.0,,13.297,-10400000.0,665000000.0,665000000.0,637500000.0,17700000.0,2.597,2.29,1173800000.0,7600000.0,1166200000.0,1173800000.0,0.0,13400000.0,0.0,0.003,0.0,40500000.0,53900000.0,0.069,53900000.0,40500000.0,24600000.0,0.26,0.26,0.26,921500000.0,,921500000.0,3084077000.0,54.0,28.823,126100000.0,1.82,1.0,149200000.0,0.19,283700000.0,15900000.0,2533600000.0,,610400000.0,0.0,0.0,0.0,2110300000.0,723300000.0,1387000000.0,2417877000.0,157500000.0,4400000.0,-100000.0,-1500000.0,0.0,-2000000.0,1500000.0,7500000.0,136500000.0,21500000.0,17700000.0,17700000.0,17700000.0,-2800000.0,0.0,0.022,117600000.0,31600000.0,369900000.0,0.0,2.624,-228.102,-232.6,406600000.0,0.0,34.89,0.786,0.789,381200000.0,750300000.0,786700000.0,786700000.0,0.0,,,,,6000000.0,117600000.0,1.0,69300000.0,69300000,71300000.0,11.352,2748100000.0,0.0,6900000.0,0.0,39.655,1155300000.0
3,TEX,MRQ,2020-09-30,2020-09-30,2020-09-30,2021-08-02,-253900000.0,2915200000.0,,1761100000.0,1154100000.0,,12.304,-10500000.0,508300000.0,508300000.0,619300000.0,5800000.0,2.586,2.419,1174500000.0,7500000.0,1167000000.0,1174500000.0,0.0,12700000.0,0.0,0.012,0.0,20500000.0,33200000.0,0.043,33200000.0,20500000.0,4700000.0,0.08,0.08,0.08,852700000.0,,852700000.0,2090148000.0,48.0,22.994,66100000.0,0.954,1.0,146300000.0,0.191,275700000.0,15800000.0,2624700000.0,,635500000.0,0.0,0.0,0.0,2062500000.0,681000000.0,1381500000.0,1341648000.0,82700000.0,5100000.0,-100000.0,-1500000.0,0.0,-1900000.0,-5400000.0,0.0,76600000.0,13400000.0,5800000.0,5800000.0,5800000.0,16200000.0,0.0,0.008,109800000.0,36500000.0,337800000.0,0.0,1.573,-353.065,-387.2,401700000.0,0.0,19.36,0.423,0.423,403200000.0,732600000.0,765600000.0,765600000.0,0.0,,,,,5900000.0,109800000.0,1.0,69300000.0,69300000,69500000.0,11.048,2639500000.0,0.0,-1100000.0,0.0,38.088,1080100000.0
4,TEX,MRQ,2020-06-30,2020-06-30,2020-06-30,2021-08-02,-294800000.0,2864300000.0,,1707100000.0,1157200000.0,,11.55,-16200000.0,426000000.0,426000000.0,583400000.0,-9200000.0,2.527,2.579,1174500000.0,7100000.0,1167400000.0,1174500000.0,0.0,11800000.0,0.0,0.018,0.0,4300000.0,16100000.0,0.023,16100000.0,4300000.0,-12200000.0,-0.13,-0.13,-0.13,800400000.0,,800400000.0,2134561000.0,26.0,16.496,84800000.0,1.224,1.0,107100000.0,0.155,270000000.0,16500000.0,2667200000.0,,699800000.0,0.0,0.0,0.0,2063900000.0,675600000.0,1388300000.0,1300761000.0,-85100000.0,1800000.0,-1000000.0,-171500000.0,0.0,-177200000.0,-14400000.0,0.0,101000000.0,5500000.0,-9200000.0,-9200000.0,-9200000.0,6000000.0,0.0,-0.013,99700000.0,7400000.0,349700000.0,0.0,1.625,110.234,110.412,400800000.0,0.0,18.77,0.379,0.379,351300000.0,726900000.0,690500000.0,690500000.0,0.0,,,,,4600000.0,99700000.0,1.0,69300000.0,69300000,69300000.0,9.964,2594300000.0,0.0,-3000000.0,0.0,37.436,1031500000.0
5,TEX,MRQ,2020-03-31,2020-03-31,2020-03-31,2021-08-02,-313700000.0,3114700000.0,,1965600000.0,1149100000.0,,11.152,-24700000.0,511300000.0,511300000.0,696900000.0,-24900000.0,2.534,2.962,1345100000.0,7000000.0,1338100000.0,1345100000.0,0.0,11800000.0,0.0,0.031,0.12,-8000000.0,3800000.0,0.005,3800000.0,-8000000.0,-25700000.0,-0.35,-0.35,-0.35,786200000.0,,786200000.0,1655852000.0,8.0,6.742,-113400000.0,-1.609,1.0,136700000.0,0.164,270400000.0,17700000.0,2902500000.0,,823000000.0,0.0,0.0,0.0,2328500000.0,775600000.0,1552900000.0,1015252000.0,-25100000.0,4500000.0,-54800000.0,168500000.0,-8400000.0,98300000.0,-20200000.0,0.0,-88700000.0,-14500000.0,-24900000.0,-24900000.0,-24900000.0,200000.0,0.0,-0.03,143800000.0,-7100000.0,454900000.0,-0.343,1.291,10.565,10.637,388800000.0,0.0,14.36,0.251,0.25,402000000.0,736000000.0,833600000.0,833600000.0,0.0,,,,,7300000.0,143800000.0,1.0,70700000.0,70500000,70500000.0,11.824,2844300000.0,0.0,-800000.0,0.0,40.345,1190000000.0
6,TEX,MRQ,2019-12-31,2019-12-31,2019-12-31,2021-08-02,-257500000.0,3195600000.0,,2019700000.0,1175900000.0,,13.057,-30000000.0,535100000.0,535100000.0,716400000.0,24500000.0,2.315,2.428,1175700000.0,6900000.0,1168800000.0,1175700000.0,0.0,11000000.0,0.0,0.015,0.11,26800000.0,37800000.0,0.043,37800000.0,26800000.0,8500000.0,0.35,0.34,0.35,932300000.0,,932300000.0,2955414000.0,16.0,12.866,65000000.0,0.91,1.0,168600000.0,0.191,279600000.0,18300000.0,2684200000.0,,847700000.0,0.0,0.0,0.0,2263300000.0,872400000.0,1390900000.0,2123314000.0,64600000.0,5300000.0,-5000000.0,-4500000.0,-7900000.0,-18200000.0,-24700000.0,0.0,95000000.0,12500000.0,24500000.0,24500000.0,24500000.0,-6000000.0,0.0,0.028,145700000.0,22900000.0,508100000.0,0.314,2.278,39.032,38.675,389400000.0,0.0,29.78,0.488,0.486,401900000.0,771400000.0,885000000.0,885000000.0,0.0,,,,,11600000.0,145700000.0,1.0,71300000.0,71400000,71800000.0,12.395,2916000000.0,0.0,-16000000.0,0.0,40.84,1147300000.0
7,TEX,MRQ,2019-09-30,2019-09-30,2019-09-30,2021-08-02,-300300000.0,3160700000.0,,2034900000.0,1125800000.0,,12.15,-40100000.0,470600000.0,470600000.0,815000000.0,21400000.0,2.206,2.649,1302700000.0,33900000.0,1268800000.0,1302700000.0,0.0,12800000.0,0.0,0.017,0.11,58900000.0,71700000.0,0.07,71700000.0,58900000.0,36900000.0,0.3,0.3,0.3,866300000.0,,866300000.0,2958764000.0,23.0,16.465,86600000.0,1.215,1.0,209600000.0,0.205,269700000.0,22000000.0,2800800000.0,,858000000.0,0.0,0.0,0.0,2294400000.0,922300000.0,1372100000.0,1849064000.0,80900000.0,170200000.0,-200000.0,-173100000.0,-7800000.0,-183400000.0,153700000.0,23600000.0,126700000.0,-16100000.0,21400000.0,21400000.0,21400000.0,31000000.0,0.0,0.021,123200000.0,86400000.0,558600000.0,0.367,2.134,-596.472,,478700000.0,0.0,25.97,0.409,0.41,491700000.0,754900000.0,1024600000.0,1024600000.0,0.0,,,,,7300000.0,123200000.0,1.0,71200000.0,71300000,71800000.0,14.37,2891000000.0,0.0,15500000.0,0.0,40.547,1112600000.0
8,TEX,MRQ,2019-06-30,2019-06-30,2019-06-30,2021-08-02,-287300000.0,3603100000.0,,2439600000.0,1163500000.0,,12.08,-23900000.0,367500000.0,367500000.0,1035100000.0,75100000.0,2.214,3.189,1477200000.0,31700000.0,1445500000.0,1477200000.0,0.0,12300000.0,0.0,0.013,0.11,120000000.0,132300000.0,0.101,132300000.0,120000000.0,95400000.0,1.05,1.05,1.05,860100000.0,,860100000.0,3536380000.0,25.0,18.257,193200000.0,2.713,1.0,271800000.0,0.208,275000000.0,24600000.0,3335800000.0,,863100000.0,0.0,0.0,0.0,2742500000.0,1102000000.0,1640500000.0,2235680000.0,64400000.0,2200000.0,-2000000.0,-126600000.0,-7900000.0,-138500000.0,-14600000.0,7100000.0,217100000.0,400000.0,75100000.0,75100000.0,75100000.0,6500000.0,0.0,0.057,145800000.0,126000000.0,608300000.0,0.105,2.599,158.559,142.727,461400000.0,0.0,31.4,0.487,0.487,643800000.0,741500000.0,1306900000.0,1306900000.0,0.0,,,,,12500000.0,145800000.0,1.0,71200000.0,71200000,71700000.0,18.355,3328100000.0,0.0,20300000.0,0.0,46.743,1337600000.0
9,TEX,MRQ,2019-03-31,2019-03-31,2019-03-31,2021-08-02,-287100000.0,3654800000.0,,2508000000.0,1146800000.0,,11.074,-10600000.0,304600000.0,304600000.0,898800000.0,-66600000.0,2.273,3.674,1605300000.0,31800000.0,1573500000.0,1605300000.0,0.0,13500000.0,0.0,0.013,0.11,-25600000.0,-12100000.0,-0.011,-12100000.0,-25600000.0,-48600000.0,-0.94,-0.93,-0.94,781800000.0,,781800000.0,3113352000.0,25.0,17.004,-276000000.0,-3.909,1.0,237800000.0,0.209,278700000.0,23000000.0,3573600000.0,,955400000.0,0.0,0.0,0.0,2872500000.0,1103200000.0,1769300000.0,2261952000.0,-41900000.0,0.0,-200000.0,260300000.0,-7800000.0,236400000.0,-10600000.0,0.0,-265400000.0,-2300000.0,-66600000.0,-66600000.0,-66600000.0,123800000.0,0.0,-0.059,138100000.0,99700000.0,647100000.0,-0.117,2.893,-706.86,-535.5,449500000.0,0.0,32.13,0.499,0.5,661600000.0,674400000.0,1136600000.0,1136600000.0,0.0,,,,,11700000.0,138100000.0,1.0,70400000.0,70600000,71800000.0,16.099,3376100000.0,0.0,18000000.0,0.0,47.82,1404800000.0
10,TEX,MRQ,2018-12-31,2018-12-31,2018-12-31,2021-08-02,-284800000.0,3485900000.0,,2423000000.0,1062900000.0,,11.836,-37800000.0,339500000.0,339500000.0,834200000.0,-33000000.0,1.995,3.05,1214700000.0,4100000.0,1210600000.0,1214700000.0,0.0,14300000.0,0.0,0.015,0.1,-26500000.0,-12200000.0,-0.012,-12200000.0,-26500000.0,-46800000.0,-0.41,-0.4,-0.41,860500000.0,,860500000.0,2839309000.0,12.0,9.737,76000000.0,1.045,1.0,214600000.0,0.205,276600000.0,20300000.0,2869800000.0,,918900000.0,0.0,0.0,0.0,2624900000.0,1214700000.0,1410200000.0,2031909000.0,42600000.0,-500000.0,-100200000.0,84900000.0,-7400000.0,-26500000.0,-39900000.0,-500000.0,113800000.0,-4800000.0,-33000000.0,-33000000.0,-33000000.0,52600000.0,0.0,-0.031,133000000.0,81600000.0,687200000.0,-0.244,2.361,17.871,18.258,317300000.0,0.0,27.57,0.45,0.46,535000000.0,749000000.0,1048800000.0,1048800000.0,0.0,,,,,8600000.0,133000000.0,1.0,73700000.0,72700000,73900000.0,14.426,3209300000.0,0.0,-13800000.0,0.0,44.144,1208300000.0
11,TEX,MRQ,2018-09-30,2018-09-30,2018-09-30,2021-08-02,-304300000.0,3339400000.0,,2290100000.0,1049300000.0,,13.217,-12500000.0,326000000.0,326000000.0,858700000.0,38600000.0,2.223,2.428,1133400000.0,5200000.0,1128200000.0,1133400000.0,0.0,14100000.0,0.0,0.01,0.1,71600000.0,85700000.0,0.078,85700000.0,71600000.0,53200000.0,0.52,0.51,0.52,974100000.0,,974100000.0,3661967000.0,12.0,9.962,-67700000.0,-0.919,1.0,240100000.0,0.219,280000000.0,18400000.0,2836700000.0,,1112300000.0,0.0,0.0,0.0,2364700000.0,1030100000.0,1334600000.0,2941367000.0,-47600000.0,3000000.0,-4300000.0,38600000.0,-7300000.0,26000000.0,-12300000.0,0.0,-55200000.0,-6100000.0,38600000.0,38600000.0,38600000.0,30600000.0,0.0,0.035,135900000.0,104200000.0,652300000.0,0.192,3.02,24.511,23.615,330700000.0,0.0,39.91,0.742,0.742,679100000.0,2121900000.0,1098800000.0,1098800000.0,0.0,,,,,9600000.0,135900000.0,1.0,73700000.0,73700000,75100000.0,14.909,3059400000.0,0.0,14600000.0,0.0,41.512,1260000000.0
12,TEX,MRQ,2018-06-30,2018-06-30,2018-06-30,2021-08-02,-288200000.0,3337100000.0,,2291100000.0,1046000000.0,,12.551,-16200000.0,373600000.0,373600000.0,974400000.0,57800000.0,2.112,2.521,1094200000.0,5200000.0,1089000000.0,1094200000.0,0.0,15300000.0,0.0,0.009,0.1,106400000.0,121700000.0,0.097,121700000.0,106400000.0,88200000.0,0.77,0.75,0.77,947600000.0,,947600000.0,3841540000.0,12.0,10.269,63800000.0,0.845,1.0,278600000.0,0.222,282700000.0,18200000.0,2690200000.0,,1004600000.0,0.0,0.0,0.0,2389000000.0,1084800000.0,1304200000.0,3206440000.0,-74300000.0,0.0,-117700000.0,10900000.0,-7500000.0,-116100000.0,-18400000.0,0.0,80000000.0,-19800000.0,57800000.0,57800000.0,57800000.0,26400000.0,0.0,0.046,146200000.0,132400000.0,669300000.0,0.13,3.384,22.805,22.929,329100000.0,0.0,42.19,0.807,0.801,724800000.0,2090900000.0,1253000000.0,1253000000.0,0.0,,,,,10600000.0,146200000.0,1.0,76000000.0,75500000,76700000.0,16.596,3054400000.0,0.0,30400000.0,0.0,40.456,1206300000.0
13,TEX,MRQ,2018-03-31,2018-03-31,2018-03-31,2021-08-02,-213300000.0,3420100000.0,,2339700000.0,1080400000.0,,13.531,-34500000.0,447900000.0,447900000.0,888000000.0,50300000.0,2.261,2.171,1083000000.0,5200000.0,1077800000.0,1083000000.0,0.0,16000000.0,0.0,0.009,0.1,80400000.0,96400000.0,0.086,96400000.0,80400000.0,64500000.0,0.63,0.62,0.63,1078400000.0,,1078400000.0,3388510000.0,10.0,8.338,-78900000.0,-0.99,1.0,228600000.0,0.205,292600000.0,15900000.0,2728000000.0,,1009100000.0,0.0,0.0,0.0,2341200000.0,1034600000.0,1306600000.0,3030210000.0,-178700000.0,0.0,-205300000.0,97300000.0,-7800000.0,-128300000.0,-15300000.0,19800000.0,-44400000.0,9300000.0,50300000.0,50300000.0,50300000.0,18400000.0,0.0,0.045,134300000.0,94300000.0,657900000.0,0.159,2.81,16.504,17.646,334600000.0,0.0,37.41,0.776,0.764,687600000.0,2040800000.0,1116600000.0,1116600000.0,0.0,,,,,7900000.0,134300000.0,1.0,81000000.0,79700000,81700000.0,14.01,3127500000.0,0.0,14200000.0,0.0,39.241,1305100000.0
14,TEX,MRQ,2017-12-31,2017-12-31,2017-12-31,2021-08-02,-239500000.0,3462500000.0,,2383000000.0,1079500000.0,,14.794,3900000.0,626500000.0,626500000.0,338600000.0,-26700000.0,2.301,1.833,984800000.0,5200000.0,979600000.0,984800000.0,0.0,17800000.0,0.0,0.007,0.08,46000000.0,63800000.0,0.129,63800000.0,46000000.0,30800000.0,-0.23,-0.22,-0.23,1222000000.0,,1222000000.0,4447502000.0,18.0,14.128,213100000.0,2.58,1.0,155300000.0,0.314,287400000.0,15200000.0,2497900000.0,,969600000.0,0.0,0.0,0.0,2240000000.0,1035500000.0,1204500000.0,4055302000.0,34400000.0,2000000.0,-163200000.0,-900000.0,-6700000.0,-172400000.0,-14200000.0,783200000.0,209200000.0,11800000.0,-26700000.0,-26700000.0,-26700000.0,46000000.0,0.0,-0.054,66000000.0,89300000.0,592400000.0,-0.348,3.319,31.51,34.691,311000000.0,0.0,48.22,1.069,1.18,579900000.0,1995900000.0,493900000.0,493900000.0,0.0,,,,,8600000.0,66000000.0,1.0,84100000.0,82600000,85300000.0,5.979,3175100000.0,0.0,57500000.0,0.0,38.439,1347500000.0
15,TEX,MRQ,2017-09-30,2017-09-30,2017-09-30,2021-08-02,-261600000.0,3602700000.0,,2457100000.0,1145600000.0,,15.678,-9600000.0,592700000.0,592700000.0,892200000.0,59200000.0,2.424,1.611,984900000.0,4900000.0,980000000.0,984900000.0,0.0,17400000.0,0.0,0.007,0.08,74800000.0,92200000.0,0.083,92200000.0,74800000.0,59300000.0,0.67,0.66,0.67,1379700000.0,,1379700000.0,4461288000.0,-134.0,128.939,57300000.0,0.651,1.0,219000000.0,0.197,286400000.0,15500000.0,2694900000.0,,904400000.0,0.0,0.0,0.0,2222400000.0,1013600000.0,1208800000.0,4024788000.0,37100000.0,5700000.0,-254900000.0,2900000.0,-7100000.0,-259600000.0,220700000.0,0.0,66900000.0,9100000.0,59200000.0,59200000.0,59200000.0,-2600000.0,0.0,0.053,153100000.0,65900000.0,552300000.0,0.119,2.917,-36.0,-56.987,300800000.0,0.0,45.02,0.942,0.927,712600000.0,2029500000.0,1111200000.0,1111200000.0,0.0,,,,,9700000.0,153100000.0,1.0,89400000.0,88000000,90000000.0,12.627,3316300000.0,0.0,100000.0,0.0,37.685,1443500000.0
16,TEX,MRQ,2017-06-30,2017-06-30,2017-06-30,2021-08-02,-293600000.0,3760000000.0,,2403600000.0,1356400000.0,,16.09,-7000000.0,555500000.0,555500000.0,941000000.0,100800000.0,2.355,1.442,992000000.0,11700000.0,980300000.0,992000000.0,0.0,15000000.0,0.0,0.008,0.08,139000000.0,154000000.0,0.13,154000000.0,139000000.0,123900000.0,1.05,1.04,1.05,1539800000.0,,1539800000.0,4088900000.0,-771.0,62.906,34500000.0,0.361,1.0,240700000.0,0.204,285500000.0,15100000.0,2890300000.0,,912500000.0,218000000.0,0.0,218000000.0,2219800000.0,1020700000.0,1199100000.0,3660000000.0,-257800000.0,3700000.0,-328600000.0,-259800000.0,-7400000.0,-598300000.0,280800000.0,0.0,41500000.0,18200000.0,100800000.0,100800000.0,100800000.0,-5400000.0,0.0,0.085,163000000.0,77700000.0,563200000.0,0.076,2.377,-49.326,-66.964,303700000.0,0.0,37.5,0.867,0.85,726600000.0,1977600000.0,1181700000.0,1181700000.0,0.0,,,,,10500000.0,163000000.0,1.0,97600000.0,95700000,97100000.0,12.348,3474500000.0,0.0,23100000.0,0.0,36.306,1382900000.0
17,TEX,MRQ,2017-03-31,2017-03-31,2017-03-31,2021-08-02,-351300000.0,4163100000.0,,2597700000.0,1565400000.0,,16.115,-10600000.0,813900000.0,813900000.0,854600000.0,-4600000.0,2.033,1.455,1242800000.0,263200000.0,979600000.0,1242800000.0,0.0,16300000.0,0.0,0.009,0.08,-11500000.0,4800000.0,0.005,4800000.0,-11500000.0,-32900000.0,-0.04,-0.04,-0.04,1695300000.0,,1695300000.0,4472560000.0,-37.0,-118.636,-175200000.0,-1.665,1.0,152300000.0,0.151,280100000.0,21400000.0,3034200000.0,,909200000.0,431000000.0,0.0,431000000.0,2467400000.0,1277700000.0,1189700000.0,3325260000.0,314500000.0,764300000.0,-178200000.0,-362000000.0,-8300000.0,-576200000.0,1048300000.0,0.0,-164600000.0,7000000.0,-4600000.0,-4600000.0,-4600000.0,-55700000.0,0.0,-0.005,157000000.0,-4700000.0,548900000.0,-2.0,1.961,-30.257,-31.089,302700000.0,0.0,31.4,0.767,0.762,651000000.0,1884500000.0,1006900000.0,1006900000.0,0.0,,,,,9700000.0,157000000.0,1.0,105900000.0,105200000,105200000.0,9.571,3883000000.0,0.0,-28300000.0,0.0,36.911,1320000000.0
18,TEX,MRQ,2016-12-31,2016-12-31,2016-12-31,2021-08-02,-779400000.0,5006800000.0,,2700500000.0,2306300000.0,,13.993,-8800000.0,428500000.0,428500000.0,870000000.0,-266400000.0,1.919,2.348,1575800000.0,13800000.0,1562000000.0,1575800000.0,0.0,19300000.0,0.0,0.009,0.07,-235700000.0,-216400000.0,-0.222,-216400000.0,-235700000.0,-262100000.0,-2.47,-2.46,-2.47,1484700000.0,,1484700000.0,4753727000.0,-31.0,-86.747,268000000.0,2.526,1.0,104700000.0,0.107,278100000.0,26400000.0,4469000000.0,,853800000.0,0.0,0.0,0.0,3485600000.0,1407000000.0,2078600000.0,3339027000.0,158200000.0,-3800000.0,-1800000.0,-73700000.0,-7300000.0,-83400000.0,-9100000.0,0.0,276800000.0,-26100000.0,-267200000.0,-267200000.0,-267200000.0,-47700000.0,800000.0,-0.274,370800000.0,-266100000.0,522700000.0,-0.028,2.249,-18.961,-19.344,304600000.0,0.0,31.53,0.752,0.766,512500000.0,1897900000.0,974700000.0,974700000.0,0.0,,,,,9600000.0,194800000.0,1.0,105900000.0,106100000,103700000.0,9.187,4728700000.0,0.0,5100000.0,0.0,44.568,1293500000.0
19,TEX,MRQ,2016-09-30,2016-09-30,2016-09-30,2021-08-02,-653800000.0,5569300000.0,,2920400000.0,2648900000.0,,17.451,-20100000.0,248800000.0,248800000.0,872500000.0,97300000.0,1.979,1.947,1663500000.0,10500000.0,1653000000.0,1663500000.0,0.0,19700000.0,42100000.0,0.011,0.07,102900000.0,122600000.0,0.116,122600000.0,102900000.0,77500000.0,0.9,0.89,0.9,1877700000.0,,1877700000.0,4245026000.0,33.0,17.739,86600000.0,0.805,1.0,183900000.0,0.174,470000000.0,25400000.0,5038600000.0,,978400000.0,0.0,0.0,0.0,3655700000.0,1475400000.0,2180300000.0,2759526000.0,45600000.0,0.0,-79900000.0,-18500000.0,-7500000.0,-104200000.0,41200000.0,0.0,106700000.0,1900000.0,96800000.0,96800000.0,96800000.0,-64100000.0,500000.0,0.092,144300000.0,39600000.0,474500000.0,0.078,1.47,25.646,25.41,355800000.0,0.0,25.41,0.595,0.59,656800000.0,2172500000.0,1056400000.0,1056400000.0,0.0,,,,,9500000.0,144300000.0,1.0,108600000.0,107600000,108600000.0,9.818,5099300000.0,0.0,-19300000.0,0.0,47.391,1445000000.0
20,TEX,MRQ,2016-06-30,2016-06-30,2016-06-30,2021-08-02,-656300000.0,5613800000.0,,3066700000.0,2547100000.0,,16.997,-21900000.0,200800000.0,200800000.0,1055600000.0,64600000.0,2.011,2.007,1686300000.0,6800000.0,1679500000.0,1686300000.0,0.0,27800000.0,33800000.0,0.013,0.07,23500000.0,51300000.0,0.04,51300000.0,23500000.0,-2000000.0,0.6,0.59,0.6,1856100000.0,,1856100000.0,3725152000.0,31.0,15.619,92400000.0,0.846,1.0,242100000.0,0.187,472300000.0,25500000.0,5102200000.0,,1035300000.0,0.0,0.0,0.0,3724300000.0,1524800000.0,2199500000.0,2217852000.0,-25500000.0,3500000.0,-1000000.0,-107300000.0,-7600000.0,-116800000.0,-18000000.0,0.0,114300000.0,-5000000.0,65100000.0,65100000.0,65100000.0,0.0,-500000.0,0.05,168700000.0,73400000.0,552300000.0,0.117,1.195,40.769,40.62,355600000.0,0.0,20.31,0.459,0.459,795700000.0,2083400000.0,1297700000.0,1297700000.0,0.0,,,,,10000000.0,168700000.0,1.0,109200000.0,109200000,109600000.0,11.884,5141500000.0,0.0,-67100000.0,0.0,47.083,1541900000.0
21,TEX,MRQ,2016-03-31,2016-03-31,2016-03-31,2021-08-02,-591200000.0,5737500000.0,,3160200000.0,2577300000.0,,17.051,-22200000.0,323600000.0,323600000.0,932600000.0,-71000000.0,1.933,2.074,1830900000.0,162000000.0,1668900000.0,1830900000.0,0.0,29900000.0,162500000.0,0.01,0.07,-42200000.0,-12300000.0,-0.011,-12300000.0,-42200000.0,-66900000.0,-0.65,-0.65,-0.65,1855100000.0,,1855100000.0,4066668000.0,17.0,11.0,-142900000.0,-1.313,1.0,181700000.0,0.163,1317900000.0,24700000.0,4292300000.0,,1554300000.0,0.0,0.0,0.0,3848300000.0,1634600000.0,2213700000.0,2701968000.0,-142900000.0,-3200000.0,0.0,10900000.0,-7600000.0,-5800000.0,-25900000.0,0.0,-120700000.0,9500000.0,-70800000.0,-70800000.0,-70800000.0,49000000.0,-200000.0,-0.064,170400000.0,11300000.0,751900000.0,-0.108,1.457,36.464,35.543,689100000.0,0.0,24.88,0.543,0.544,1018600000.0,2026100000.0,1114300000.0,1114300000.0,0.0,,,,,8700000.0,170400000.0,1.0,108600000.0,108800000,108800000.0,10.242,4419600000.0,0.0,3900000.0,0.0,40.621,1525600000.0
22,TEX,MRQ,2015-12-31,2015-12-31,2015-12-31,2021-08-02,-649600000.0,5616000000.0,,3140200000.0,2475800000.0,,17.287,-30400000.0,371200000.0,371200000.0,952300000.0,16600000.0,2.153,1.973,1796200000.0,66400000.0,1729800000.0,1796200000.0,0.0,32600000.0,0.0,0.013,0.06,45100000.0,77700000.0,0.067,77700000.0,45100000.0,19500000.0,0.15,0.15,0.15,1877400000.0,,1877400000.0,3601580000.0,11.0,7.935,253700000.0,2.336,1.0,215300000.0,0.184,481700000.0,25600000.0,5100700000.0,,1063600000.0,0.0,0.0,0.0,3704000000.0,1458600000.0,2245400000.0,2005080000.0,165400000.0,100000.0,-400000.0,-59200000.0,-6500000.0,-82200000.0,-28600000.0,0.0,284100000.0,-7900000.0,16500000.0,16500000.0,16500000.0,-20800000.0,100000.0,0.014,158100000.0,57200000.0,560700000.0,0.4,1.068,13.743,13.588,371900000.0,0.0,18.48,0.399,0.395,703300000.0,2104600000.0,1167600000.0,1167600000.0,0.0,,,,,6600000.0,158100000.0,1.0,108500000.0,108600000,109300000.0,10.751,5134300000.0,0.0,3000000.0,0.0,47.277,1681600000.0
23,TEX,MRQ,2015-09-30,2015-09-30,2015-09-30,2021-08-02,-620200000.0,5878900000.0,,3349200000.0,2529700000.0,,17.418,-24700000.0,301100000.0,301100000.0,1003000000.0,44900000.0,2.103,2.092,1897600000.0,83400000.0,1814200000.0,1897600000.0,0.0,26900000.0,158800000.0,0.013,0.06,94900000.0,121800000.0,0.097,121800000.0,94900000.0,69200000.0,0.4,0.4,0.4,1889900000.0,,1889900000.0,3520390000.0,10.0,7.247,3500000.0,0.032,1.0,252400000.0,0.201,1340300000.0,25700000.0,4542700000.0,,1545600000.0,0.0,0.0,0.0,3953200000.0,1592400000.0,2360800000.0,1946490000.0,-31600000.0,-12400000.0,-100000.0,-8600000.0,-6500000.0,-15400000.0,-36900000.0,0.0,28200000.0,-7500000.0,43600000.0,43600000.0,43600000.0,0.0,1300000.0,0.035,160300000.0,92100000.0,740400000.0,0.15,1.03,9.296,9.153,672800000.0,0.0,17.94,0.468,0.468,1183400000.0,2094600000.0,1255400000.0,1255400000.0,0.0,,,,,10100000.0,160300000.0,1.0,108500000.0,108500000,109200000.0,11.571,4538600000.0,0.0,25600000.0,0.0,41.83,1756800000.0
24,TEX,MRQ,2015-06-30,2015-06-30,2015-06-30,2021-08-02,-548700000.0,6006900000.0,,3484300000.0,2522600000.0,,18.032,-22500000.0,332700000.0,332700000.0,1140700000.0,85900000.0,2.086,2.119,1906600000.0,72600000.0,1834000000.0,1906600000.0,0.0,40000000.0,196400000.0,0.009,0.06,142500000.0,182500000.0,0.126,182500000.0,142500000.0,114600000.0,0.8,0.78,0.8,1915000000.0,,1915000000.0,3965175000.0,11.0,7.583,3400000.0,0.032,1.0,302200000.0,0.209,1367300000.0,27900000.0,4543300000.0,,1564200000.0,0.0,0.0,0.0,4057300000.0,1670200000.0,2387100000.0,2443575000.0,-18600000.0,-37000000.0,-10100000.0,21700000.0,-6400000.0,4100000.0,-56900000.0,0.0,25900000.0,8300000.0,84800000.0,84800000.0,84800000.0,-10000000.0,1100000.0,0.059,166100000.0,136100000.0,814400000.0,0.075,1.276,10.624,10.864,680600000.0,0.0,23.25,0.518,0.524,1252500000.0,2057600000.0,1442900000.0,1442900000.0,0.0,,,,,11300000.0,166100000.0,1.0,105100000.0,106200000,109000000.0,13.587,4639600000.0,0.0,29800000.0,0.0,43.687,1814100000.0
25,TEX,MRQ,2015-03-31,2015-03-31,2015-03-31,2021-08-02,-629600000.0,5734100000.0,,3359500000.0,2374600000.0,,16.442,-26200000.0,351300000.0,351300000.0,1219000000.0,1600000.0,1.984,2.262,1872900000.0,160200000.0,1712700000.0,1872900000.0,0.0,32900000.0,224600000.0,0.008,0.06,42100000.0,75000000.0,0.05,75000000.0,42100000.0,12600000.0,0.01,0.01,0.01,1747800000.0,,1747800000.0,4134458000.0,10.0,6.974,-136900000.0,-1.288,1.0,276600000.0,0.185,1322400000.0,29500000.0,4239700000.0,,1520700000.0,0.0,0.0,0.0,3952800000.0,1693600000.0,2259200000.0,2823858000.0,-126900000.0,-22100000.0,-40200000.0,111100000.0,-6400000.0,64500000.0,-50300000.0,0.0,-110700000.0,-30400000.0,1000000.0,1000000.0,1000000.0,-3100000.0,600000.0,0.001,232400000.0,44200000.0,738100000.0,6.0,1.616,9.908,10.188,647900000.0,0.0,26.59,0.53,0.531,1131400000.0,1979300000.0,1495600000.0,1495600000.0,0.0,,,,,10500000.0,232400000.0,1.0,106200000.0,106300000,106300000.0,14.07,4411700000.0,0.0,11600000.0,0.0,41.502,1665900000.0
26,TEX,MRQ,2014-12-31,2014-12-31,2014-12-31,2021-08-02,-429800000.0,5928000000.0,,3356200000.0,2571800000.0,,18.642,-22900000.0,478200000.0,478200000.0,27500000.0,81000000.0,2.043,1.939,1788800000.0,152500000.0,1636300000.0,1788800000.0,0.0,47300000.0,197400000.0,0.007,0.05,59200000.0,106500000.0,-3.0,106500000.0,59200000.0,27400000.0,0.75,0.72,0.75,2005900000.0,,2005900000.0,4529592000.0,10.0,7.147,271200000.0,2.52,1.0,-63000000.0,1.775,1456400000.0,31800000.0,4139100000.0,,1460900000.0,0.0,0.0,0.0,3888900000.0,1643100000.0,2245800000.0,3022192000.0,133700000.0,0.0,-109700000.0,-9400000.0,-5300000.0,-135100000.0,-4200000.0,-20000000.0,294100000.0,-21100000.0,80000000.0,80000000.0,80000000.0,-7600000.0,1000000.0,-2.254,-110300000.0,47300000.0,736100000.0,0.067,1.507,9.474,9.581,690300000.0,0.0,27.88,0.551,0.558,1086400000.0,1984900000.0,-35500000.0,-35500000.0,0.0,,,,,10400000.0,-110300000.0,1.0,108400000.0,107600000,109700000.0,-0.33,4471600000.0,0.0,-52600000.0,0.0,41.558,1713100000.0
27,TEX,MRQ,2014-09-30,2014-09-30,2014-09-30,2021-08-02,-246200000.0,6289700000.0,,3537700000.0,2752000000.0,,20.124,-21300000.0,344500000.0,344500000.0,1452500000.0,64200000.0,2.001,1.822,1851900000.0,160400000.0,1691500000.0,1851900000.0,0.0,38200000.0,281600000.0,0.006,0.05,120700000.0,158900000.0,0.088,158900000.0,120700000.0,91900000.0,0.58,0.56,0.58,2217700000.0,,2217700000.0,5059254000.0,9.0,7.225,70800000.0,0.642,1.0,357300000.0,0.197,1582200000.0,28800000.0,4446700000.0,,1676800000.0,0.0,0.0,0.0,4041100000.0,1768200000.0,2272900000.0,3501054000.0,-19800000.0,0.0,-6600000.0,-51200000.0,-5500000.0,-72500000.0,-20900000.0,0.0,92100000.0,-18500000.0,64200000.0,64200000.0,64200000.0,-5500000.0,0.0,0.035,240500000.0,116800000.0,715300000.0,0.086,1.579,10.759,10.806,739500000.0,0.0,31.77,0.478,0.478,1196200000.0,1910300000.0,1809800000.0,1809800000.0,0.0,,,,,9900000.0,240500000.0,1.0,110200000.0,110200000,115400000.0,16.423,4707500000.0,0.0,27700000.0,0.0,42.718,1769500000.0
28,TEX,MRQ,2014-06-30,2014-06-30,2014-06-30,2021-08-02,-75400000.0,6704600000.0,,3812400000.0,2892200000.0,,21.139,-18300000.0,364300000.0,364300000.0,1631300000.0,140400000.0,1.911,1.862,1922500000.0,190700000.0,1731800000.0,1922500000.0,0.0,40900000.0,334500000.0,0.004,0.05,211500000.0,252400000.0,0.123,252400000.0,211500000.0,179800000.0,1.27,1.21,1.27,2331600000.0,,2331600000.0,6198730000.0,11.0,8.496,-19000000.0,-0.172,1.0,423800000.0,0.206,1697600000.0,31700000.0,4569900000.0,,1779000000.0,0.0,0.0,0.0,4342100000.0,1995300000.0,2346800000.0,4533330000.0,-26200000.0,162200000.0,-30900000.0,-133000000.0,-5500000.0,-171700000.0,146000000.0,0.0,-700000.0,200000.0,139800000.0,139800000.0,139800000.0,-52000000.0,600000.0,0.068,262900000.0,160900000.0,800800000.0,0.039,1.944,12.748,12.804,776500000.0,0.0,41.1,0.623,0.623,1368400000.0,1851700000.0,2055100000.0,2055100000.0,0.0,,,,,15100000.0,262900000.0,1.0,110300000.0,110300000,115800000.0,18.632,5007000000.0,0.0,40000000.0,0.0,45.394,1817100000.0
29,TEX,MRQ,2014-03-31,2014-03-31,2014-03-31,2021-08-02,-100200000.0,6677400000.0,,3743600000.0,2933800000.0,,19.704,-19000000.0,390500000.0,390500000.0,1321200000.0,33900000.0,2.036,2.044,2055900000.0,71900000.0,1984000000.0,2055900000.0,0.0,39100000.0,347500000.0,0.002,0.05,76900000.0,116000000.0,0.07,116000000.0,76900000.0,46500000.0,0.32,0.3,0.32,2183200000.0,,2183200000.0,6472610000.0,15.0,10.833,6200000.0,0.056,1.0,333400000.0,0.201,1705900000.0,30400000.0,4798300000.0,,1788200000.0,0.0,0.0,0.0,4462900000.0,1838600000.0,2624300000.0,4904010000.0,-17600000.0,-7400000.0,-24000000.0,76000000.0,-5500000.0,-17400000.0,-25900000.0,0.0,25200000.0,500000.0,35000000.0,35000000.0,35000000.0,-2400000.0,-1100000.0,0.021,258400000.0,75000000.0,753500000.0,0.156,2.246,20.683,20.798,784400000.0,0.0,44.3,0.692,0.693,1141400000.0,1717600000.0,1654600000.0,1654600000.0,0.0,,,,,11100000.0,258400000.0,1.0,110700000.0,110800000,117300000.0,14.933,4971500000.0,0.0,11500000.0,0.0,44.869,1905000000.0
30,TEX,MRQ,2013-12-31,2013-12-31,2013-12-31,2021-08-02,-116500000.0,6536700000.0,,3639400000.0,2897300000.0,,19.713,-21900000.0,408100000.0,408100000.0,1426100000.0,85300000.0,2.11,1.949,1976700000.0,86800000.0,1889900000.0,1976700000.0,0.0,34700000.0,302100000.0,0.001,0.05,138200000.0,172900000.0,0.095,172900000.0,138200000.0,108700000.0,0.77,0.73,0.77,2190100000.0,,2190100000.0,6212986000.0,14.0,10.498,3500000.0,0.032,1.0,385700000.0,0.213,1690400000.0,29500000.0,4690200000.0,,1613200000.0,0.0,0.0,0.0,4268000000.0,1724700000.0,2543300000.0,4677686000.0,37500000.0,0.0,-30300000.0,63300000.0,-5500000.0,27800000.0,-21000000.0,0.0,25400000.0,5300000.0,86400000.0,86400000.0,86400000.0,-1600000.0,-1100000.0,0.048,254300000.0,131400000.0,689100000.0,0.065,2.136,20.698,20.685,789400000.0,0.0,41.99,0.66,0.659,1176800000.0,1688100000.0,1811800000.0,1811800000.0,0.0,,,,,13900000.0,254300000.0,1.0,111400000.0,111100000,120000000.0,16.308,4846300000.0,0.0,22300000.0,0.0,43.621,1914700000.0
31,TEX,MRQ,2013-09-30,2013-09-30,2013-09-30,2021-08-02,-146200000.0,6489500000.0,,3603500000.0,2886000000.0,,18.816,-19500000.0,370600000.0,370600000.0,1375600000.0,93700000.0,1.971,2.059,1905900000.0,90500000.0,1815400000.0,1905900000.0,0.0,39300000.0,312100000.0,0.0,0.0,149000000.0,188300000.0,0.107,188300000.0,149000000.0,117200000.0,0.85,0.81,0.85,2094200000.0,,2094200000.0,5061880000.0,17.0,11.231,13700000.0,0.123,1.0,381400000.0,0.217,1690800000.0,31800000.0,4506100000.0,,1742900000.0,0.0,0.0,0.0,4311700000.0,1827900000.0,2483800000.0,3739680000.0,-177600000.0,0.0,-100000.0,20500000.0,0.0,-207700000.0,-15000000.0,0.0,33200000.0,11900000.0,94400000.0,94400000.0,94400000.0,-9900000.0,-700000.0,0.054,242800000.0,138600000.0,709800000.0,0.0,1.786,35.18,35.0,793400000.0,0.0,33.6,0.566,0.566,1164500000.0,1607300000.0,1757000000.0,1757000000.0,0.0,,,,,8100000.0,242800000.0,1.0,111300000.0,111300000,116200000.0,15.786,4798700000.0,0.0,22800000.0,0.0,43.115,1775600000.0
32,TEX,MRQ,2013-06-30,2013-06-30,2013-06-30,2021-08-02,-235800000.0,6555000000.0,,3708600000.0,2846400000.0,,17.588,-18900000.0,548200000.0,548200000.0,1510300000.0,19600000.0,2.017,2.222,1870400000.0,70300000.0,1800100000.0,1870400000.0,0.0,39900000.0,331100000.0,0.0,0.0,80400000.0,120300000.0,0.065,120300000.0,80400000.0,49000000.0,0.19,0.18,0.19,1955800000.0,,1955800000.0,4277360000.0,19.0,11.265,52200000.0,0.469,1.0,351200000.0,0.189,1654700000.0,31400000.0,4383500000.0,,1670000000.0,0.0,0.0,0.0,4346400000.0,1839000000.0,2507400000.0,2924560000.0,-181500000.0,700000.0,-700000.0,-221200000.0,0.0,-240300000.0,-9100000.0,0.0,71100000.0,-3200000.0,21300000.0,21300000.0,21300000.0,-900000.0,-1700000.0,0.011,267700000.0,83500000.0,735800000.0,0.0,1.495,69.467,69.211,780100000.0,0.0,26.3,0.439,0.439,1179700000.0,1512900000.0,1861500000.0,1861500000.0,0.0,,,,,12800000.0,267700000.0,1.0,111200000.0,111200000,115800000.0,16.74,4900300000.0,0.0,27700000.0,0.0,44.067,1869600000.0
33,TEX,MRQ,2013-03-31,2013-03-31,2013-03-31,2021-08-02,-203000000.0,6751800000.0,,3869700000.0,2882100000.0,,17.667,-22500000.0,729700000.0,729700000.0,1332500000.0,22300000.0,2.15,2.309,2082500000.0,75800000.0,2006700000.0,2082500000.0,0.0,38400000.0,350500000.0,0.0,0.0,71900000.0,110300000.0,0.067,110300000.0,71900000.0,38500000.0,0.22,0.21,0.22,1957500000.0,,1957500000.0,5230994000.0,16.0,11.034,36300000.0,0.328,1.0,321200000.0,0.194,1677400000.0,33400000.0,4627300000.0,,1702200000.0,0.0,0.0,0.0,4520700000.0,1799900000.0,2720800000.0,3810294000.0,51700000.0,0.0,-300000.0,-9200000.0,0.0,100000.0,7700000.0,0.0,58800000.0,-14900000.0,23900000.0,23900000.0,23900000.0,-4600000.0,-1600000.0,0.014,255600000.0,65600000.0,711900000.0,0.0,1.947,35.71,35.485,791700000.0,0.0,34.42,0.559,0.559,1133900000.0,1491600000.0,1653700000.0,1653700000.0,0.0,,,,,9100000.0,255600000.0,1.0,110700000.0,110800000,116100000.0,14.925,5074400000.0,0.0,14600000.0,80000000.0,45.798,2069800000.0
34,TEX,MRQ,2012-12-31,2012-12-31,2012-12-31,2021-08-02,-124100000.0,6746200000.0,,3797400000.0,2948800000.0,,18.202,-26400000.0,678000000.0,678000000.0,1067200000.0,-31600000.0,2.222,2.225,2098700000.0,83800000.0,2014900000.0,2098700000.0,0.0,40700000.0,312900000.0,0.0,0.0,-8900000.0,31800000.0,0.024,31800000.0,-8900000.0,-43500000.0,-0.3,-0.3,-0.3,2007700000.0,,2007700000.0,4627355000.0,14.0,9.744,127100000.0,1.152,1.0,262100000.0,0.197,1719700000.0,34600000.0,4738400000.0,,1632200000.0,0.0,0.0,0.0,4468000000.0,1708800000.0,2759200000.0,3106155000.0,135400000.0,3500000.0,0.0,16800000.0,0.0,3500000.0,-32200000.0,-10000000.0,153500000.0,10600000.0,-33300000.0,-33300000.0,-33300000.0,-24000000.0,1700000.0,-0.025,266000000.0,-3900000.0,600200000.0,0.0,1.547,29.359,29.281,806800000.0,0.0,28.11,0.445,0.444,1026600000.0,1467700000.0,1329300000.0,1329300000.0,0.0,,,,,7000000.0,266000000.0,1.0,110500000.0,110300000,116000000.0,12.052,5026500000.0,0.0,-10200000.0,0.0,45.571,2088600000.0
35,TEX,MRQ,2012-09-30,2012-09-30,2012-09-30,2021-08-02,-108600000.0,6754300000.0,,3795200000.0,2959100000.0,,18.594,-20800000.0,542600000.0,542600000.0,1443400000.0,28300000.0,2.157,2.163,2063800000.0,79000000.0,1984800000.0,2063800000.0,0.0,35700000.0,254200000.0,0.0,0.0,81600000.0,117300000.0,0.064,117300000.0,81600000.0,39000000.0,0.27,0.27,0.27,2054600000.0,,2054600000.0,4056390000.0,11.0,7.983,100200000.0,0.907,1.0,378600000.0,0.208,1706700000.0,42600000.0,4809000000.0,,1760900000.0,0.0,0.0,0.0,4443300000.0,1759800000.0,2683500000.0,2495090000.0,-298900000.0,0.0,0.0,-424300000.0,0.0,-427700000.0,-3100000.0,0.0,121000000.0,10900000.0,30200000.0,30200000.0,30200000.0,0.0,-1900000.0,0.017,246700000.0,131900000.0,738900000.0,0.0,1.214,18.319,18.358,805900000.0,0.0,22.58,0.344,0.344,1174100000.0,1501000000.0,1822000000.0,1822000000.0,0.0,,,,,6600000.0,246700000.0,1.0,110500000.0,110500000,113300000.0,16.489,5047600000.0,173600000.0,8800000.0,54400000.0,45.68,2035400000.0
36,TEX,MRQ,2012-06-30,2012-06-30,2012-06-30,2021-08-02,-152100000.0,7087500000.0,,4168200000.0,2919300000.0,,18.022,-15700000.0,841500000.0,841500000.0,1582900000.0,82800000.0,2.318,2.436,2402800000.0,60500000.0,2342300000.0,2402800000.0,0.0,37800000.0,222900000.0,0.0,0.0,176900000.0,214700000.0,0.107,214700000.0,176900000.0,130000000.0,0.78,0.77,0.78,1989600000.0,,1989600000.0,3603732000.0,9.0,6.733,80600000.0,0.73,1.0,428600000.0,0.213,1689600000.0,46900000.0,5161000000.0,,1734800000.0,0.0,0.0,0.0,4846400000.0,1798200000.0,3048200000.0,1968432000.0,-131700000.0,0.0,0.0,-185400000.0,0.0,-185700000.0,-19800000.0,-14100000.0,96300000.0,-22500000.0,85900000.0,85900000.0,85900000.0,0.0,-3100000.0,0.043,253600000.0,175000000.0,829800000.0,0.0,0.989,13.775,13.715,801700000.0,0.0,17.83,0.272,0.272,1266700000.0,1472100000.0,2011500000.0,2011500000.0,0.0,,,,,9800000.0,253600000.0,1.0,110400000.0,110400000,111400000.0,18.22,5397900000.0,170400000.0,44100000.0,71000000.0,48.894,2370000000.0
37,TEX,MRQ,2012-03-31,2012-03-31,2012-03-31,2021-08-02,-62400000.0,7346300000.0,,4292500000.0,3053800000.0,,18.168,-19600000.0,973200000.0,973200000.0,1488600000.0,24100000.0,2.17,2.543,2608500000.0,243300000.0,2365200000.0,2608500000.0,0.0,38800000.0,228000000.0,0.0,0.0,72300000.0,111100000.0,0.061,111100000.0,72300000.0,31800000.0,0.21,0.2,0.21,1996700000.0,,1996700000.0,3996800000.0,16.0,10.219,-98100000.0,-0.893,1.0,330800000.0,0.182,1797000000.0,40500000.0,5206700000.0,,1827000000.0,0.0,0.0,0.0,5076800000.0,1977900000.0,3098900000.0,2470500000.0,199100000.0,0.0,0.0,294200000.0,0.0,286600000.0,-21200000.0,0.0,-78500000.0,12200000.0,23000000.0,23000000.0,23000000.0,0.0,1100000.0,0.013,267000000.0,63800000.0,818900000.0,0.0,1.237,43.726,43.269,837100000.0,0.0,22.5,0.368,0.368,1210000000.0,1384900000.0,1819400000.0,1819400000.0,0.0,,,,,5700000.0,267000000.0,1.0,109800000.0,109900000,114300000.0,16.555,5549300000.0,142600000.0,8800000.0,65800000.0,50.494,2314600000.0
38,TEX,MRQ,2011-12-31,2011-12-31,2011-12-31,2021-08-02,-125500000.0,7063400000.0,,4053200000.0,3010200000.0,,17.446,-15500000.0,774100000.0,774100000.0,1344200000.0,-2100000.0,2.144,2.552,2300400000.0,77000000.0,2223400000.0,2300400000.0,0.0,37300000.0,223200000.0,0.0,0.0,27700000.0,65000000.0,0.04,65000000.0,27700000.0,-14000000.0,-0.03,-0.02,-0.03,1910300000.0,,1910300000.0,3113747000.0,14.0,8.843,114800000.0,1.048,1.0,265800000.0,0.165,1752400000.0,41700000.0,4946400000.0,,1758100000.0,0.0,0.0,0.0,4875000000.0,1890900000.0,2984100000.0,1482047000.0,89200000.0,-21700000.0,0.0,31800000.0,0.0,-1400000.0,-34600000.0,0.0,130300000.0,-5100000.0,-2900000.0,-2900000.0,-2900000.0,-15200000.0,800000.0,-0.002,256000000.0,9800000.0,764600000.0,0.0,0.776,32.789,32.951,835500000.0,0.0,13.51,0.241,0.24,1178100000.0,1361900000.0,1610000000.0,1610000000.0,0.0,,,,,5100000.0,256000000.0,1.0,109700000.0,109500000,110400000.0,14.703,5311000000.0,0.0,-11100000.0,185200000.0,48.502,2162300000.0
39,TEX,MRQ,2011-09-30,2011-09-30,2011-09-30,2021-08-02,-47900000.0,7326700000.0,,4171800000.0,3154900000.0,,18.172,-30800000.0,684900000.0,684900000.0,1528000000.0,33100000.0,2.062,2.539,2316600000.0,74600000.0,2242000000.0,2316600000.0,0.0,36200000.0,214600000.0,0.0,0.0,108200000.0,144400000.0,0.08,144400000.0,108200000.0,71100000.0,0.34,0.33,0.34,1991700000.0,,1991700000.0,1848996000.0,10.0,6.054,80500000.0,0.734,1.0,275600000.0,0.153,1831000000.0,37100000.0,5104000000.0,,1893500000.0,2700000.0,2700000.0,0.0,5057900000.0,2023400000.0,3034500000.0,1124496000.0,-17100000.0,-1013500000.0,0.0,723400000.0,0.0,723600000.0,-804500000.0,-4600000.0,111300000.0,-47500000.0,36900000.0,36900000.0,36900000.0,0.0,-3800000.0,0.02,223000000.0,52600000.0,804600000.0,0.0,0.565,401.606,342.0,879300000.0,0.0,10.26,0.191,0.191,1202300000.0,1364800000.0,1803600000.0,1803600000.0,0.0,,,,,4600000.0,223000000.0,1.0,109600000.0,109600000,110300000.0,16.456,5495700000.0,188400000.0,34200000.0,234400000.0,50.143,2148400000.0
40,TEX,MRQ,2011-06-30,2011-06-30,2011-06-30,2021-08-02,180100000.0,5482900000.0,,3846400000.0,1636500000.0,,19.892,-19400000.0,702000000.0,702000000.0,1273300000.0,-1200000.0,2.5,1.504,1426500000.0,73900000.0,1352600000.0,1426500000.0,0.0,26900000.0,119700000.0,0.0,0.0,43700000.0,70600000.0,0.047,70600000.0,43700000.0,15800000.0,0.0,0.0,0.0,2178200000.0,,2178200000.0,3811520000.0,68.0,23.128,-161700000.0,-1.477,1.0,214900000.0,0.144,515300000.0,27900000.0,4153300000.0,,1685700000.0,254600000.0,254600000.0,0.0,3275700000.0,1538800000.0,1736900000.0,3118120000.0,-21700000.0,0.0,0.0,8700000.0,0.0,9800000.0,93900000.0,-11500000.0,-142300000.0,16900000.0,-500000.0,-500000.0,-500000.0,1400000.0,-700000.0,0.0,208100000.0,6800000.0,651600000.0,,1.432,-24.004,-23.908,588400000.0,0.0,28.45,0.606,0.605,940200000.0,1327900000.0,1488200000.0,1488200000.0,0.0,,,,,8100000.0,208100000.0,1.0,109600000.0,109500000,114800000.0,13.591,4967600000.0,125300000.0,16300000.0,195700000.0,45.366,2307600000.0
41,TEX,MRQ,2011-03-31,2011-03-31,2011-03-31,2021-08-02,165900000.0,5412900000.0,,3809600000.0,1603300000.0,,19.761,-13400000.0,723700000.0,723700000.0,1089000000.0,10900000.0,2.565,1.495,1417100000.0,62800000.0,1354300000.0,1417100000.0,0.0,26200000.0,108500000.0,0.0,0.0,45900000.0,72100000.0,0.057,72100000.0,45900000.0,17700000.0,0.11,0.1,0.11,2157900000.0,,2157900000.0,4833164000.0,-304.0,54.985,-90000000.0,-0.824,1.0,167200000.0,0.133,508600000.0,28200000.0,4112500000.0,,1565900000.0,367300000.0,367300000.0,0.0,3226200000.0,1485200000.0,1741000000.0,4041064000.0,-170500000.0,0.0,0.0,-285000000.0,0.0,-281400000.0,152700000.0,0.0,-76600000.0,34800000.0,11700000.0,11700000.0,11700000.0,0.0,-800000.0,0.009,176500000.0,-9300000.0,626100000.0,0.0,1.873,-23.813,-23.744,590200000.0,0.0,37.04,0.853,0.854,896600000.0,1328400000.0,1256200000.0,1256200000.0,0.0,,,,,5600000.0,176500000.0,1.0,109100000.0,109200000,116600000.0,11.504,4904300000.0,112900000.0,6000000.0,189600000.0,44.911,2324400000.0
42,TEX,MRQ,2010-12-31,2010-12-31,2010-12-31,2021-08-02,100400000.0,5516400000.0,,3968900000.0,1547500000.0,,19.112,-18100000.0,894200000.0,894200000.0,1141000000.0,-45500000.0,2.371,1.635,1686300000.0,346800000.0,1339500000.0,1686300000.0,0.0,30500000.0,95800000.0,0.0,0.0,-12200000.0,18300000.0,0.014,18300000.0,-12200000.0,-50200000.0,-0.42,-0.42,-0.42,2083200000.0,,2083200000.0,3999156000.0,8.0,6.873,-159400000.0,-1.462,1.0,185600000.0,0.14,633300000.0,38000000.0,4001000000.0,,1448700000.0,521400000.0,521400000.0,0.0,3405000000.0,1674200000.0,1730800000.0,3380256000.0,-460100000.0,-12800000.0,0.0,-264800000.0,0.0,-264800000.0,-42800000.0,-19300000.0,-141300000.0,-11200000.0,-45300000.0,-45300000.0,-45300000.0,0.0,-200000.0,-0.034,186100000.0,-500000.0,570000000.0,0.0,1.623,9.429,9.406,573500000.0,0.0,31.04,0.765,0.764,782500000.0,1316700000.0,1326600000.0,1326600000.0,0.0,,,,,6800000.0,186100000.0,1.0,108900000.0,109000000,109000000.0,12.171,4883100000.0,113900000.0,-4900000.0,186800000.0,44.799,2294700000.0
43,TEX,MRQ,2010-09-30,2010-09-30,2010-09-30,2021-08-02,40900000.0,5706700000.0,,4159400000.0,1547300000.0,,18.973,-16100000.0,1354300000.0,1354300000.0,911900000.0,-94700000.0,2.701,1.754,1973200000.0,316800000.0,1656400000.0,1973200000.0,0.0,24900000.0,118500000.0,0.0,0.0,-21100000.0,3800000.0,0.004,3800000.0,-21100000.0,-57200000.0,-0.88,-0.88,-0.88,2064300000.0,,2064300000.0,2938604000.0,8.0,6.174,-244400000.0,-2.246,1.0,163900000.0,0.152,496200000.0,36100000.0,4289600000.0,,1488100000.0,403800000.0,403800000.0,0.0,3621600000.0,1539800000.0,2081800000.0,2491404000.0,-159300000.0,0.0,0.0,-12700000.0,0.0,-12800000.0,-19600000.0,0.0,-228300000.0,101400000.0,-95800000.0,-95800000.0,-95800000.0,0.0,1100000.0,-0.089,160300000.0,3600000.0,568400000.0,0.0,1.207,9.546,9.59,570700000.0,0.0,22.92,0.607,0.608,727400000.0,1362000000.0,1075800000.0,1075800000.0,0.0,,,,,9500000.0,160300000.0,1.0,108700000.0,108800000,108800000.0,9.888,5210500000.0,142800000.0,38600000.0,63000000.0,47.891,2619600000.0
44,TEX,MRQ,2010-06-30,2010-06-30,2010-06-30,2021-08-02,-230800000.0,5573300000.0,,4068500000.0,1504800000.0,,17.305,-12300000.0,1513600000.0,1513600000.0,925000000.0,-38900000.0,2.93,1.952,1960800000.0,59700000.0,1901100000.0,1960800000.0,0.0,22200000.0,116700000.0,0.0,0.0,-28500000.0,-6300000.0,-0.006,-6300000.0,-28500000.0,-63900000.0,-0.37,-0.37,-0.37,1881100000.0,,1881100000.0,2208838000.0,7.0,5.546,-210000000.0,-1.932,1.0,154900000.0,0.143,469900000.0,35400000.0,4162200000.0,,1336200000.0,276300000.0,276300000.0,0.0,3672300000.0,1388400000.0,2283900000.0,2037038000.0,-282600000.0,0.0,0.0,-11200000.0,0.0,-13700000.0,-10400000.0,0.0,-197700000.0,-60800000.0,-40300000.0,-40300000.0,-40300000.0,27200000.0,1400000.0,-0.037,165300000.0,-10400000.0,604700000.0,0.0,1.083,8.029,8.078,541100000.0,0.0,18.74,0.514,0.514,669400000.0,1457800000.0,1079900000.0,1079900000.0,0.0,,,,,9800000.0,165300000.0,1.0,108700000.0,108700000,108700000.0,9.935,5103400000.0,262100000.0,-23600000.0,135100000.0,46.949,2680100000.0
45,TEX,MRQ,2010-03-31,2010-03-31,2010-03-31,2021-08-02,-41600000.0,5996100000.0,,4394100000.0,1602000000.0,,19.395,-8500000.0,1796200000.0,1796200000.0,837400000.0,541600000.0,3.075,1.842,1968000000.0,63600000.0,1904400000.0,1968000000.0,0.0,27200000.0,109100000.0,0.0,0.0,538900000.0,566100000.0,0.605,566100000.0,538900000.0,503000000.0,4.98,4.98,4.98,2102400000.0,,2102400000.0,3496393000.0,15.0,10.544,-104400000.0,-0.963,1.0,98500000.0,0.105,491500000.0,35900000.0,4247400000.0,,1322500000.0,384300000.0,384300000.0,0.0,3872000000.0,1429000000.0,2443000000.0,2459493000.0,825000000.0,1002000000.0,0.0,-10700000.0,0.0,-24400000.0,976700000.0,-21100000.0,-95900000.0,-31400000.0,539900000.0,539900000.0,539900000.0,0.0,1700000.0,0.577,165000000.0,-66500000.0,569100000.0,0.0,1.17,11.365,11.89,573600000.0,0.0,22.71,0.642,0.643,608900000.0,1498100000.0,935900000.0,935900000.0,0.0,,,,,8800000.0,165000000.0,1.0,108300000.0,108400000,108400000.0,8.634,5504600000.0,203100000.0,-36900000.0,0.0,50.78,2965100000.0
46,TEX,MRQ,2009-12-31,2009-12-31,2009-12-31,2021-08-02,36000000.0,5713800000.0,,3914600000.0,1799200000.0,,15.237,-7800000.0,929500000.0,929500000.0,916800000.0,-143400000.0,2.518,2.448,1966400000.0,73700000.0,1892700000.0,1966400000.0,0.0,29000000.0,131800000.0,0.0,0.0,-116600000.0,-87600000.0,-0.087,-87600000.0,-116600000.0,-154900000.0,-1.34,-1.34,-1.34,1650200000.0,,1650200000.0,3111161000.0,-8.0,-10.268,-39500000.0,-0.365,1.0,94600000.0,0.094,511100000.0,38300000.0,4684900000.0,,1343900000.0,600000.0,600000.0,0.0,4039400000.0,1554700000.0,2484700000.0,2141461000.0,-62000000.0,0.0,0.0,-23200000.0,0.0,-23500000.0,-5500000.0,0.0,-31700000.0,-1300000.0,-142800000.0,-142800000.0,-142800000.0,0.0,-600000.0,-0.141,169900000.0,-75300000.0,525100000.0,0.0,1.298,-5.375,-5.106,605000000.0,0.0,19.81,0.555,0.527,593800000.0,958200000.0,1011400000.0,1011400000.0,0.0,,,,,6200000.0,169900000.0,1.0,108100000.0,108300000,108300000.0,9.339,5202700000.0,271200000.0,-12100000.0,38700000.0,48.04,2359900000.0
47,TEX,MRQ,2009-09-30,2009-09-30,2009-09-30,2021-08-02,66500000.0,5907700000.0,,4124200000.0,1783500000.0,,16.832,-11500000.0,1033200000.0,1033200000.0,864400000.0,-102200000.0,2.575,2.234,2002900000.0,90800000.0,1912100000.0,2002900000.0,0.0,24200000.0,166200000.0,0.0,0.0,-98100000.0,-73900000.0,-0.079,-73900000.0,-98100000.0,-130600000.0,-0.95,-0.95,-0.95,1819500000.0,,1819500000.0,3036940000.0,-4.0,-4.399,18800000.0,0.174,1.0,69500000.0,0.074,564700000.0,32500000.0,4711000000.0,,2018500000.0,0.0,0.0,0.0,4065200000.0,1601700000.0,2463500000.0,2238840000.0,94700000.0,-9800000.0,0.0,75500000.0,0.0,68500000.0,-21900000.0,0.0,30300000.0,17800000.0,-103100000.0,-103100000.0,-103100000.0,0.0,900000.0,-0.11,169800000.0,-100300000.0,625900000.0,0.0,1.23,-3.307,-3.067,705600000.0,0.0,20.73,0.748,0.749,678300000.0,1101000000.0,933900000.0,933900000.0,0.0,,,,,6500000.0,169800000.0,1.0,108000000.0,108100000,108100000.0,8.639,5343000000.0,283000000.0,-27500000.0,0.0,49.426,2522500000.0
48,TEX,MRQ,2009-06-30,2009-06-30,2009-06-30,2021-08-02,11100000.0,5377200000.0,,3942000000.0,1435200000.0,,18.771,-13000000.0,938500000.0,938500000.0,881500000.0,-77200000.0,3.005,1.881,1736600000.0,51400000.0,1685200000.0,1736600000.0,0.0,18800000.0,94700000.0,0.0,0.0,-91800000.0,-73000000.0,-0.077,-73000000.0,-91800000.0,-117000000.0,-0.78,-0.78,-0.78,1860200000.0,,1860200000.0,2288771000.0,-5.0,-5.393,89900000.0,0.907,1.0,65800000.0,0.069,476300000.0,25200000.0,4387000000.0,,2002100000.0,0.0,0.0,0.0,3498500000.0,1312000000.0,2186500000.0,1150271000.0,594200000.0,0.0,156300000.0,317500000.0,0.0,473400000.0,-13500000.0,0.0,102900000.0,31400000.0,-77600000.0,-77600000.0,-77600000.0,-22000000.0,400000.0,-0.082,180900000.0,-115100000.0,518900000.0,0.0,0.618,-2.395,-2.499,495500000.0,0.0,12.07,0.252,0.262,639800000.0,1204100000.0,947300000.0,947300000.0,0.0,,,,,9900000.0,180900000.0,1.0,95300000.0,99100000,99100000.0,9.559,4900900000.0,270700000.0,-39400000.0,0.0,49.454,2630000000.0
49,TEX,MRQ,2009-03-31,2009-03-31,2009-03-31,2021-08-02,-156700000.0,4920800000.0,,3523200000.0,1397600000.0,,16.559,-18100000.0,344300000.0,344300000.0,898700000.0,-74500000.0,2.469,2.122,1482800000.0,37600000.0,1445200000.0,1482800000.0,0.0,21400000.0,103400000.0,0.0,0.0,-89900000.0,-68500000.0,-0.071,-68500000.0,-89900000.0,-113300000.0,-0.79,-0.79,-0.79,1569800000.0,,1569800000.0,1830150000.0,-64.0,36.241,-157300000.0,-1.659,1.0,67100000.0,0.069,451100000.0,23400000.0,4181500000.0,,2151900000.0,0.0,0.0,0.0,3331300000.0,1426700000.0,1904600000.0,878750000.0,-140100000.0,0.0,0.0,42300000.0,0.0,40200000.0,-20200000.0,0.0,-139200000.0,-20900000.0,-74900000.0,-74900000.0,-74900000.0,-23600000.0,400000.0,-0.078,178100000.0,-111000000.0,647500000.0,0.0,0.56,-5.284,-5.441,475600000.0,0.0,9.25,0.134,0.134,701800000.0,1281800000.0,965800000.0,965800000.0,0.0,,,,,9200000.0,178100000.0,1.0,95000000.0,94800000,94800000.0,10.188,4469700000.0,234500000.0,-38400000.0,0.0,47.149,2096500000.0
50,TEX,MRQ,2008-12-31,2008-12-31,2008-12-31,2021-08-02,-82300000.0,5445400000.0,,4040900000.0,1404500000.0,,18.161,-12000000.0,450400000.0,450400000.0,226000000.0,-420100000.0,2.215,2.15,1435500000.0,39100000.0,1396400000.0,1435500000.0,0.0,6400000.0,45000000.0,0.0,0.0,-481400000.0,-475000000.0,-3.26,-475000000.0,-481400000.0,-507700000.0,-4.24,-4.16,-4.24,1721700000.0,,1721700000.0,2723968000.0,8.0,6.589,206800000.0,2.181,1.0,-80300000.0,-0.551,386300000.0,26300000.0,4219600000.0,,1733800000.0,0.0,0.0,0.0,3701500000.0,1824600000.0,1876900000.0,1643668000.0,-3500000.0,-3400000.0,-2300000.0,-167900000.0,0.0,-166300000.0,-30000000.0,0.0,218800000.0,-26000000.0,-421500000.0,-421500000.0,-421500000.0,0.0,1400000.0,-2.893,543300000.0,-623600000.0,789100000.0,0.0,0.955,22.86,23.726,435000000.0,0.0,17.32,0.207,0.213,804100000.0,1356600000.0,145700000.0,145700000.0,0.0,,,,,10000000.0,83400000.0,1.0,94900000.0,94800000,89400000.0,1.537,5059100000.0,176900000.0,-86200000.0,0.0,53.366,2216300000.0
51,TEX,MRQ,2008-09-30,2008-09-30,2008-09-30,2021-08-02,86500000.0,6486100000.0,,4603200000.0,1882900000.0,,23.964,-27800000.0,487900000.0,487900000.0,2068400000.0,94500000.0,2.117,1.816,1568200000.0,35000000.0,1533200000.0,1568200000.0,0.0,27000000.0,139600000.0,0.0,0.0,165100000.0,192100000.0,0.076,192100000.0,165100000.0,138700000.0,0.98,0.96,0.98,2302900000.0,,2302900000.0,3732444000.0,4.0,3.352,-4200000.0,-0.044,1.0,446200000.0,0.177,950400000.0,26400000.0,4441500000.0,,2449300000.0,0.0,0.0,0.0,4183200000.0,2174500000.0,2008700000.0,2966544000.0,-102100000.0,0.0,-259600000.0,203600000.0,0.0,-58200000.0,-10200000.0,0.0,23600000.0,-57300000.0,93800000.0,93800000.0,93800000.0,0.0,700000.0,0.037,279000000.0,167200000.0,1219900000.0,0.0,1.288,4.445,4.583,485000000.0,0.0,30.52,0.321,0.317,1300800000.0,1778100000.0,2514600000.0,2514600000.0,0.0,,,,,13900000.0,279000000.0,1.0,97200000.0,96100000,98100000.0,26.166,5535700000.0,235100000.0,44900000.0,0.0,57.604,2428700000.0
52,TEX,MRQ,2008-06-30,2008-06-30,2008-06-30,2021-08-02,354900000.0,6993800000.0,,5044200000.0,1949600000.0,,26.513,-39000000.0,590000000.0,590000000.0,2284700000.0,237100000.0,2.001,1.625,1355900000.0,36100000.0,1319800000.0,1355900000.0,0.0,24500000.0,112600000.0,0.0,0.0,377400000.0,401900000.0,0.137,401900000.0,377400000.0,353100000.0,2.35,2.32,2.35,2664600000.0,,2664600000.0,5952433000.0,5.0,5.029,95300000.0,0.948,1.0,651200000.0,0.222,1010600000.0,24300000.0,4228200000.0,,2530200000.0,0.0,0.0,0.0,4329200000.0,2520900000.0,1808300000.0,5183233000.0,-14200000.0,-39000000.0,-89900000.0,7600000.0,0.0,-82400000.0,-77200000.0,0.0,134300000.0,11100000.0,236300000.0,236300000.0,236300000.0,0.0,800000.0,0.08,280300000.0,370900000.0,1451100000.0,0.0,1.945,7.148,7.175,502600000.0,0.0,51.37,0.581,0.579,1512800000.0,1684300000.0,2935900000.0,2935900000.0,0.0,,,,,14400000.0,280300000.0,1.0,100900000.0,100500000,102000000.0,29.213,5983200000.0,261900000.0,116800000.0,0.0,59.534,2523300000.0
53,TEX,MRQ,2008-03-31,2008-03-31,2008-03-31,2021-08-02,337300000.0,6731300000.0,,4788900000.0,1942400000.0,,25.105,-24800000.0,604200000.0,604200000.0,1848700000.0,164300000.0,2.026,1.652,1373400000.0,26900000.0,1346500000.0,1373400000.0,0.0,22400000.0,140300000.0,0.0,0.0,272000000.0,294400000.0,0.125,294400000.0,272000000.0,246500000.0,1.62,1.59,1.62,2538100000.0,,2538100000.0,6429600000.0,6.0,5.92,-215200000.0,-2.129,1.0,514000000.0,0.218,1022300000.0,25500000.0,4114700000.0,,2362000000.0,0.0,0.0,0.0,4193200000.0,2363500000.0,1829700000.0,6350000000.0,-668200000.0,-439100000.0,-43700000.0,-6600000.0,0.0,-44900000.0,-461900000.0,0.0,-190400000.0,29000000.0,163300000.0,163300000.0,163300000.0,0.0,1000000.0,0.069,257700000.0,256300000.0,1411800000.0,0.0,2.502,9.572,9.601,475600000.0,0.0,62.5,0.763,0.759,1407500000.0,1448000000.0,2362700000.0,2362700000.0,0.0,,,,,11000000.0,257700000.0,1.0,101600000.0,101100000,103000000.0,23.37,5709000000.0,285700000.0,83200000.0,0.0,56.469,2425400000.0
54,TEX,MRQ,2007-12-31,2007-12-31,2007-12-31,2021-08-02,256600000.0,6316300000.0,,4776900000.0,1539400000.0,,22.95,-22600000.0,1272400000.0,1272400000.0,1161700000.0,179300000.0,2.196,1.696,1352000000.0,32500000.0,1319500000.0,1352000000.0,0.0,13800000.0,181800000.0,0.0,0.0,211400000.0,225200000.0,0.158,225200000.0,211400000.0,190700000.0,1.71,1.65,1.71,2343200000.0,,2343200000.0,6916482000.0,7.0,6.874,373300000.0,3.656,1.0,263000000.0,0.185,699000000.0,20700000.0,3521600000.0,,1934300000.0,0.0,0.0,0.0,3973100000.0,2175300000.0,1797800000.0,6727482000.0,755800000.0,-11200000.0,-94000000.0,629400000.0,0.0,530800000.0,-189000000.0,0.0,395900000.0,18100000.0,174000000.0,174000000.0,174000000.0,-84900000.0,5300000.0,0.122,152300000.0,110700000.0,1212900000.0,0.0,2.871,10.959,10.928,419400000.0,0.0,65.57,0.843,0.842,1195800000.0,1284700000.0,1424700000.0,1424700000.0,0.0,,,,,13200000.0,152300000.0,1.0,102600000.0,102100000,105500000.0,13.954,5617300000.0,309400000.0,16700000.0,0.0,55.018,2601600000.0
55,TEX,MRQ,2007-09-30,2007-09-30,2007-09-30,2021-08-02,267800000.0,5489000000.0,,4063600000.0,1425400000.0,,21.973,-29700000.0,516600000.0,516600000.0,1732200000.0,151500000.0,2.021,1.435,705600000.0,27600000.0,678000000.0,705600000.0,0.0,17600000.0,0.0,0.0,0.0,244600000.0,262200000.0,0.119,262200000.0,244600000.0,230000000.0,1.48,1.45,1.48,2254400000.0,,2254400000.0,9376262000.0,10.0,9.613,24800000.0,0.242,1.0,464300000.0,0.211,637800000.0,14600000.0,3029200000.0,,2031100000.0,0.0,0.0,0.0,3234600000.0,2011000000.0,1223600000.0,9177962000.0,63200000.0,-900000.0,-45600000.0,53200000.0,0.0,13900000.0,-28200000.0,0.0,54500000.0,23000000.0,151500000.0,151500000.0,151500000.0,0.0,0.0,0.069,228000000.0,236300000.0,1178900000.0,0.0,4.071,16.971,16.86,386600000.0,0.0,89.02,1.07,1.064,1182300000.0,1110700000.0,2196500000.0,2196500000.0,0.0,,,,,12600000.0,228000000.0,1.0,103100000.0,102600000,104600000.0,21.408,4851200000.0,319700000.0,78500000.0,0.0,47.283,2052600000.0
56,TEX,MRQ,2007-06-30,2007-06-30,2007-06-30,2021-08-02,204200000.0,5280600000.0,,3895800000.0,1384800000.0,,20.169,-21800000.0,453400000.0,453400000.0,1835100000.0,174600000.0,1.893,1.547,651700000.0,24500000.0,627200000.0,651700000.0,0.0,18300000.0,0.0,0.0,0.0,286000000.0,304300000.0,0.13,304300000.0,286000000.0,271300000.0,1.7,1.66,1.7,2073400000.0,,2073400000.0,8655230000.0,10.0,9.55,54000000.0,0.525,1.0,507100000.0,0.217,636300000.0,14700000.0,2784800000.0,,1907400000.0,0.0,0.0,0.0,3207200000.0,2057800000.0,1149400000.0,8382030000.0,22200000.0,0.0,-15400000.0,-30700000.0,0.0,-40600000.0,-21000000.0,0.0,75800000.0,8000000.0,174600000.0,174600000.0,174600000.0,0.0,0.0,0.075,222600000.0,284500000.0,1246100000.0,0.0,4.043,17.096,16.938,362300000.0,0.0,81.3,1.011,1.008,1214700000.0,959200000.0,2342200000.0,2342200000.0,0.0,,,,,11300000.0,222600000.0,1.0,103100000.0,102800000,104900000.0,22.784,4644300000.0,321100000.0,96700000.0,0.0,45.178,1838000000.0
57,TEX,MRQ,2007-03-31,2007-03-31,2007-03-31,2021-08-02,165800000.0,4950600000.0,,3589800000.0,1360800000.0,,18.12,-22200000.0,405200000.0,405200000.0,1600700000.0,113800000.0,1.873,1.673,678400000.0,17200000.0,661200000.0,678400000.0,0.0,18300000.0,0.0,0.0,0.0,196200000.0,214500000.0,0.107,214500000.0,196200000.0,182000000.0,1.11,1.09,1.11,1851900000.0,,1851900000.0,7448976000.0,10.0,8.969,-187000000.0,-1.83,1.0,412000000.0,0.205,635600000.0,14200000.0,2671500000.0,,1759700000.0,0.0,0.0,0.0,3098700000.0,1916700000.0,1182000000.0,7362576000.0,-245500000.0,0.0,-1200000.0,-84900000.0,0.0,-73000000.0,-13300000.0,0.0,-164800000.0,5600000.0,113800000.0,113800000.0,113800000.0,0.0,0.0,0.057,211300000.0,200700000.0,1143100000.0,0.0,3.976,16.929,16.727,350900000.0,0.0,71.76,0.924,0.921,1137700000.0,784600000.0,2012700000.0,2012700000.0,0.0,,,,,4900000.0,211300000.0,1.0,102600000.0,102200000,104700000.0,19.694,4315000000.0,316800000.0,68200000.0,0.0,42.221,1673100000.0
58,TEX,MRQ,2006-12-31,2006-12-31,2006-12-31,2021-08-02,155200000.0,4785900000.0,,3432800000.0,1353100000.0,,17.234,-25500000.0,676700000.0,676700000.0,1654000000.0,100900000.0,1.693,1.733,763100000.0,227000000.0,536100000.0,763100000.0,0.0,18600000.0,81200000.0,0.0,0.0,175800000.0,194400000.0,0.096,194400000.0,175800000.0,157000000.0,0.99,0.97,0.99,1751000000.0,,1751000000.0,6931186000.0,10.0,8.866,250000000.0,2.461,1.0,375500000.0,0.185,632800000.0,18800000.0,2212300000.0,,1502000000.0,0.0,0.0,0.0,3034900000.0,2027200000.0,1007700000.0,6567786000.0,248400000.0,0.0,7200000.0,-35900000.0,0.0,-26500000.0,-13400000.0,0.0,275500000.0,12800000.0,100900000.0,100900000.0,100900000.0,0.0,0.0,0.05,206100000.0,169400000.0,1034300000.0,0.0,3.751,16.424,16.267,338500000.0,0.0,64.58,0.859,0.85,950500000.0,707300000.0,2029500000.0,2029500000.0,0.0,,,,,7300000.0,206100000.0,1.0,101700000.0,101600000,103600000.0,19.975,4153100000.0,305400000.0,56100000.0,0.0,40.877,1405600000.0
59,TEX,MRQ,2006-09-30,2006-09-30,2006-09-30,2021-08-02,113300000.0,4593000000.0,,3242000000.0,1351000000.0,,15.759,-19600000.0,428300000.0,428300000.0,1536300000.0,101000000.0,1.781,1.886,791700000.0,41900000.0,749800000.0,791700000.0,0.0,17600000.0,0.0,0.0,0.0,175500000.0,193100000.0,0.101,193100000.0,175500000.0,154200000.0,1.0,0.98,1.0,1591700000.0,,1591700000.0,5110886000.0,8.0,7.516,88500000.0,0.876,1.0,367400000.0,0.193,611300000.0,21300000.0,2525100000.0,,1550000000.0,0.0,0.0,0.0,3001300000.0,1820000000.0,1181300000.0,4580786000.0,-97400000.0,54800000.0,2000000.0,-245600000.0,0.0,-241700000.0,35200000.0,0.0,108100000.0,1000000.0,101000000.0,101000000.0,101000000.0,4600000.0,0.0,0.053,176300000.0,191100000.0,1039800000.0,0.0,2.878,13.723,13.58,318300000.0,0.0,45.22,0.637,0.636,950000000.0,606400000.0,1903700000.0,1903700000.0,0.0,,,,,6200000.0,176300000.0,1.0,101300000.0,101000000,103200000.0,18.849,3981700000.0,331700000.0,53200000.0,0.0,39.423,1422000000.0
60,TEX,MRQ,2006-06-30,2006-06-30,2006-06-30,2021-08-02,125500000.0,4819100000.0,,3416100000.0,1403000000.0,,14.875,-19700000.0,525700000.0,525700000.0,1627700000.0,119200000.0,1.617,2.233,1055800000.0,295400000.0,760400000.0,1055800000.0,0.0,18100000.0,0.0,0.0,0.0,210400000.0,228500000.0,0.113,228500000.0,210400000.0,184300000.0,1.19,1.16,1.19,1490500000.0,,1490500000.0,5570140000.0,10.0,9.099,110200000.0,1.1,1.0,392700000.0,0.194,602600000.0,26100000.0,2633500000.0,,1539400000.0,0.0,0.0,0.0,3328600000.0,2113100000.0,1215500000.0,4954740000.0,18800000.0,-21300000.0,6100000.0,-98300000.0,0.0,-87000000.0,-41000000.0,0.0,129900000.0,16900000.0,119200000.0,119200000.0,119200000.0,-6000000.0,0.0,0.059,185500000.0,207200000.0,1111500000.0,0.0,3.324,17.403,17.316,366600000.0,0.0,49.35,0.731,0.73,1029400000.0,505400000.0,2020400000.0,2020400000.0,0.0,,,,,4300000.0,185500000.0,1.0,100400000.0,100200000,102600000.0,20.164,4216500000.0,332100000.0,65100000.0,0.0,42.081,1303000000.0
61,TEX,MRQ,2006-03-31,2006-03-31,2006-03-31,2021-08-02,47900000.0,4441300000.0,,3124400000.0,1316900000.0,,12.767,-14100000.0,506900000.0,506900000.0,1386400000.0,78800000.0,1.904,2.486,1122300000.0,52000000.0,1070300000.0,1122300000.0,0.0,18700000.0,0.0,0.0,0.0,147100000.0,165800000.0,0.098,165800000.0,147100000.0,122600000.0,0.79,0.77,0.79,1274100000.0,,1274100000.0,4749924000.0,10.0,8.783,-35300000.0,-0.354,1.0,307500000.0,0.182,561700000.0,24500000.0,2853700000.0,,1435500000.0,0.0,0.0,0.0,3167200000.0,1641300000.0,1525900000.0,3969924000.0,-46700000.0,-18600000.0,0.0,-1500000.0,0.0,2500000.0,-32700000.0,0.0,-21200000.0,4700000.0,78800000.0,78800000.0,78800000.0,-1900000.0,0.0,0.047,165600000.0,141900000.0,992800000.0,0.0,3.116,16.772,16.647,340600000.0,0.0,39.62,0.609,0.607,897900000.0,386200000.0,1693900000.0,1693900000.0,0.0,,,,,8800000.0,165600000.0,1.0,100200000.0,99800000,102400000.0,16.973,3879600000.0,321500000.0,43800000.0,0.0,38.874,1483100000.0
62,TEX,MRQ,2005-12-31,2005-12-31,2005-12-31,2021-08-02,26200000.0,4200300000.0,,2903500000.0,1296800000.0,,11.61,-12600000.0,553600000.0,553600000.0,1328200000.0,34800000.0,1.904,2.618,1123900000.0,48100000.0,1075800000.0,1123900000.0,0.0,18800000.0,0.0,0.0,0.0,73800000.0,92600000.0,0.059,92600000.0,73800000.0,47800000.0,0.35,0.33,0.35,1161000000.0,,1161000000.0,3742660000.0,10.0,8.106,190800000.0,1.908,1.0,240100000.0,0.153,555700000.0,26000000.0,2690300000.0,,1318200000.0,0.0,0.0,0.0,3039300000.0,1524600000.0,1514700000.0,2934360000.0,166100000.0,-100000.0,1700000.0,-20200000.0,0.0,-19700000.0,-12700000.0,0.0,203400000.0,-4900000.0,34800000.0,34800000.0,34800000.0,2500000.0,0.0,0.022,171000000.0,69100000.0,913400000.0,0.0,2.527,15.567,15.632,329900000.0,0.0,29.7,0.477,0.48,735000000.0,307400000.0,1568300000.0,1568300000.0,0.0,,,,,5800000.0,167700000.0,1.0,98800000.0,100000000,102800000.0,15.683,3644600000.0,332600000.0,13000000.0,0.0,36.446,1378900000.0
63,TEX,MRQ,2005-09-30,2005-09-30,2005-09-30,2021-08-02,60800000.0,4187200000.0,,2764900000.0,1422300000.0,,11.547,-10800000.0,387500000.0,387500000.0,1254800000.0,51900000.0,1.792,2.641,1150500000.0,57400000.0,1093100000.0,1150500000.0,0.0,18900000.0,0.0,0.0,0.0,106400000.0,125300000.0,0.084,125300000.0,106400000.0,82700000.0,0.52,0.51,0.52,1150100000.0,,1150100000.0,3250142000.0,10.0,7.889,-33700000.0,-0.338,1.0,240000000.0,0.161,618600000.0,23700000.0,2789100000.0,,1352800000.0,0.0,0.0,0.0,3037100000.0,1542500000.0,1494600000.0,2441842000.0,-38400000.0,-5500000.0,2000000.0,3100000.0,0.0,2600000.0,-16300000.0,0.0,-22900000.0,-1800000.0,51900000.0,51900000.0,51900000.0,-300000.0,0.0,0.035,137400000.0,102600000.0,897000000.0,0.0,2.123,6.955,6.952,336500000.0,0.0,24.715,0.417,0.42,800800000.0,272600000.0,1494800000.0,1494800000.0,0.0,,,,,1400000.0,137400000.0,1.0,98800000.0,99600000,102200000.0,15.008,3568600000.0,290200000.0,30800000.0,0.0,35.829,1222400000.0
64,TEX,MRQ,2005-06-30,2005-06-30,2005-06-30,2021-08-02,70400000.0,4196900000.0,,2759200000.0,1437700000.0,,11.112,-17100000.0,425900000.0,425900000.0,1476900000.0,71200000.0,1.741,2.8,1159500000.0,57200000.0,1102300000.0,1159500000.0,0.0,19300000.0,0.0,0.0,0.0,137800000.0,157100000.0,0.089,157100000.0,137800000.0,114000000.0,0.72,0.7,0.72,1104500000.0,,1104500000.0,2754660000.0,9.0,7.334,160300000.0,1.613,1.0,282200000.0,0.16,624200000.0,23800000.0,2721300000.0,,1288600000.0,0.0,0.0,0.0,3092400000.0,1585000000.0,1507400000.0,1946360000.0,139600000.0,-500000.0,700000.0,-2400000.0,0.0,-5400000.0,-16000000.0,0.0,177400000.0,-16400000.0,71200000.0,71200000.0,71200000.0,0.0,0.0,0.04,145300000.0,136900000.0,942100000.0,0.0,1.762,5.66,5.645,336200000.0,0.0,19.7,0.346,0.349,822100000.0,220700000.0,1759100000.0,1759100000.0,0.0,,,,,1300000.0,145300000.0,1.0,98800000.0,99400000,101800000.0,17.697,3572700000.0,307600000.0,42800000.0,0.0,35.943,1174200000.0
65,TEX,MRQ,2005-03-31,2005-03-31,2005-03-31,2021-08-02,150000000.0,4189000000.0,,2685000000.0,1504000000.0,,11.22,-8100000.0,286300000.0,286300000.0,1244900000.0,30600000.0,1.724,2.771,1158800000.0,57700000.0,1101100000.0,1158800000.0,0.0,18600000.0,0.0,0.0,0.0,70800000.0,89400000.0,0.062,89400000.0,70800000.0,47200000.0,0.31,0.3,0.31,1110800000.0,,1110800000.0,2947320000.0,11.0,8.816,-92600000.0,-0.935,1.0,206200000.0,0.142,647500000.0,23600000.0,2856300000.0,,1362100000.0,0.0,0.0,0.0,3078200000.0,1557700000.0,1520500000.0,2139020000.0,-132500000.0,-3600000.0,700000.0,-16000000.0,0.0,-26500000.0,-11700000.0,0.0,-84500000.0,-9800000.0,30600000.0,30600000.0,30600000.0,0.0,0.0,0.021,134700000.0,71500000.0,946000000.0,0.0,1.926,6.366,6.34,349600000.0,0.0,21.65,0.412,0.413,789600000.0,149500000.0,1451100000.0,1451100000.0,0.0,,,,,2200000.0,134700000.0,1.0,98800000.0,99000000,102000000.0,14.658,3541500000.0,334600000.0,16600000.0,0.0,35.773,1127300000.0
66,TEX,MRQ,2004-12-31,2004-12-31,2004-12-31,2021-08-02,206500000.0,4179100000.0,,2647100000.0,1532000000.0,,11.49,-14000000.0,418800000.0,418800000.0,1014800000.0,197400000.0,1.731,2.681,1198800000.0,84600000.0,1114200000.0,1198800000.0,0.0,14700000.0,0.0,0.0,0.0,25500000.0,40200000.0,0.035,40200000.0,25500000.0,3900000.0,2.005,1.93,2.005,1135200000.0,,1135200000.0,3162210000.0,13.0,10.119,82500000.0,0.835,1.0,140400000.0,0.122,667100000.0,21600000.0,2762500000.0,,1281300000.0,0.0,0.0,0.0,3043900000.0,1529500000.0,1514400000.0,2353910000.0,26500000.0,-44100000.0,900000.0,-30800000.0,0.0,-31300000.0,-57500000.0,0.0,96500000.0,18800000.0,197400000.0,197400000.0,197400000.0,-3500000.0,0.0,0.171,121000000.0,19400000.0,895800000.0,0.0,2.074,7.263,7.22,362600000.0,0.0,23.825,0.49,0.487,683600000.0,118900000.0,1155200000.0,1155200000.0,0.0,,,,,8500000.0,121000000.0,1.0,98800000.0,98800000,102800000.0,11.692,3512000000.0,335900000.0,-193500000.0,0.0,35.547,1117600000.0
67,TEX,MRQ,2004-09-30,2004-09-30,2004-09-30,2021-08-02,108700000.0,3748800000.0,,2430900000.0,1317900000.0,,8.461,-5800000.0,392300000.0,392300000.0,1066000000.0,44700000.0,1.784,3.493,1217200000.0,74100000.0,1143100000.0,1217200000.0,0.0,17100000.0,0.0,0.0,0.0,71800000.0,88900000.0,0.071,88900000.0,71800000.0,48600000.0,0.455,0.435,0.455,834300000.0,,834300000.0,2952260000.0,60.0,20.864,-16100000.0,-0.163,1.0,186200000.0,0.149,638900000.0,23200000.0,2572100000.0,,1170700000.0,0.0,0.0,0.0,2914500000.0,1362700000.0,1551800000.0,2143960000.0,-62200000.0,-5000000.0,2800000.0,-54400000.0,0.0,-52000000.0,-3000000.0,0.0,-10300000.0,3100000.0,44700000.0,44700000.0,44700000.0,0.0,0.0,0.036,115000000.0,71200000.0,767600000.0,0.0,2.57,-9.461,-9.118,337300000.0,0.0,21.7,0.548,0.547,649600000.0,-78500000.0,1252200000.0,1252200000.0,0.0,,,,,0.0,115000000.0,1.0,98800000.0,98600000,102600000.0,12.7,3109900000.0,142300000.0,3900000.0,0.0,31.541,1068200000.0
68,TEX,MRQ,2004-06-30,2004-06-30,2004-06-30,2021-08-02,73800000.0,3704300000.0,,2395600000.0,1308700000.0,,7.584,-6800000.0,454500000.0,454500000.0,1139800000.0,63300000.0,1.789,3.974,1262800000.0,75700000.0,1187100000.0,1262800000.0,0.0,21500000.0,0.0,0.0,0.0,94300000.0,115800000.0,0.087,115800000.0,94300000.0,70900000.0,0.645,0.62,0.645,744700000.0,,744700000.0,2650809000.0,15.0,9.65,136000000.0,1.385,1.0,192700000.0,0.145,629200000.0,23400000.0,2544600000.0,,1092700000.0,0.0,0.0,0.0,2959600000.0,1338800000.0,1620800000.0,1682609000.0,46500000.0,-8500000.0,1400000.0,-91200000.0,0.0,-101500000.0,7900000.0,0.0,142800000.0,-2700000.0,63300000.0,63300000.0,63300000.0,0.0,0.0,0.048,119600000.0,73100000.0,784100000.0,0.0,2.259,-15.494,-14.711,337900000.0,0.0,17.065,0.39,0.388,641100000.0,-123200000.0,1332500000.0,1332500000.0,0.0,,,,,0.0,119600000.0,1.0,98600000.0,98200000,102000000.0,13.569,3075100000.0,114800000.0,7600000.0,0.0,31.315,1056800000.0
69,TEX,MRQ,2004-03-31,2004-03-31,2004-03-31,2021-08-02,98100000.0,3657300000.0,,2319200000.0,1338100000.0,,7.204,-8900000.0,408000000.0,408000000.0,899000000.0,18700000.0,1.84,4.202,1376200000.0,96800000.0,1279400000.0,1376200000.0,0.0,21100000.0,0.0,0.0,0.0,46500000.0,67600000.0,0.064,67600000.0,46500000.0,24000000.0,0.19,0.185,0.19,703100000.0,,703100000.0,2710376430.0,48.0,18.783,-73300000.0,-0.751,1.0,160400000.0,0.151,623700000.0,22500000.0,2741600000.0,,1115500000.0,0.0,0.0,0.0,2954200000.0,1260200000.0,1694000000.0,1816276430.0,-59500000.0,-1100000.0,4100000.0,14000000.0,0.0,14700000.0,-9200000.0,0.0,-64400000.0,-600000.0,18700000.0,18700000.0,18700000.0,0.0,0.0,0.018,112500000.0,47900000.0,691200000.0,0.0,2.583,-8.355,-8.09,343100000.0,0.0,18.485,0.45,0.447,595200000.0,-186500000.0,1059400000.0,1059400000.0,0.0,,,,,0.0,112500000.0,1.0,98256772.0,97600000,101600000.0,10.855,3033600000.0,125400000.0,5300000.0,0.0,31.082,1059000000.0
70,TEX,MRQ,2003-12-31,2003-12-31,2003-12-31,2021-08-02,110400000.0,3554200000.0,,2219500000.0,1334700000.0,,7.701,-7400000.0,467500000.0,467500000.0,306000000.0,-353300000.0,1.899,4.269,1361600000.0,86800000.0,1274800000.0,1361600000.0,0.0,32600000.0,0.0,0.0,0.0,-163400000.0,-130800000.0,-0.492,-130800000.0,-163400000.0,-194200000.0,-3.67,-3.615,-3.67,674600000.0,,674600000.0,2440176000.0,50.0,18.5,159800000.0,1.824,1.0,-40300000.0,-0.152,616700000.0,30800000.0,2663000000.0,,1038500000.0,0.0,0.0,0.0,2879600000.0,1168600000.0,1711000000.0,1386976000.0,36600000.0,1000000.0,1400000.0,-140000000.0,0.0,-142000000.0,-4800000.0,0.0,167200000.0,16200000.0,-353300000.0,-353300000.0,-353300000.0,0.0,0.0,-1.33,93900000.0,-134200000.0,614900000.0,0.0,2.056,-6.121,-5.996,353800000.0,0.0,14.24,0.355,0.347,509300000.0,-205200000.0,265700000.0,265700000.0,0.0,,,,,0.0,49600000.0,1.0,97400000.0,87600000,95400000.0,3.033,2937500000.0,125600000.0,159100000.0,0.0,33.533,1050900000.0
71,TEX,MRQ,2003-09-30,2003-09-30,2003-09-30,2021-08-02,-11800000.0,3754200000.0,,2225600000.0,1528600000.0,,7.712,-5600000.0,430900000.0,430900000.0,1362700000.0,162700000.0,1.871,3.663,1484100000.0,95100000.0,1389000000.0,1484100000.0,0.0,16700000.0,0.0,0.0,0.0,205400000.0,222100000.0,0.134,222100000.0,205400000.0,188800000.0,1.675,1.62,1.675,805100000.0,,805100000.0,1941299000.0,14.0,9.266,24900000.0,0.239,1.0,296900000.0,0.179,605100000.0,16600000.0,3012600000.0,,963900000.0,0.0,0.0,0.0,2949100000.0,1189700000.0,1759400000.0,894999000.0,10600000.0,0.0,700000.0,-8500000.0,0.0,-17400000.0,-4600000.0,0.0,30500000.0,2100000.0,162700000.0,162700000.0,162700000.0,0.0,0.0,0.098,112600000.0,184300000.0,572100000.0,0.0,1.112,14.793,16.545,355200000.0,0.0,9.265,0.194,0.21,528900000.0,42500000.0,1659600000.0,1659600000.0,0.0,,,,,0.0,156900000.0,1.0,96600000.0,104400000,116400000.0,15.897,3149100000.0,226200000.0,26100000.0,0.0,30.164,1035900000.0
72,TEX,MRQ,2003-06-30,2003-06-30,2003-06-30,2021-08-02,-19700000.0,3572800000.0,,2174000000.0,1398800000.0,,8.149,-5500000.0,420400000.0,420400000.0,934500000.0,-45500000.0,1.988,3.605,1466700000.0,69700000.0,1397000000.0,1466700000.0,0.0,17800000.0,0.0,0.0,0.0,-32400000.0,-14600000.0,-0.014,-14600000.0,-32400000.0,-59000000.0,-0.48,-0.48,-0.48,775800000.0,,775800000.0,2049764000.0,-82.0,58.565,63300000.0,0.665,1.0,115600000.0,0.11,601100000.0,26600000.0,2924400000.0,,955200000.0,0.0,0.0,0.0,2797000000.0,1093600000.0,1703400000.0,940864000.0,500000.0,-200000.0,700000.0,-67700000.0,0.0,-71800000.0,-4800000.0,0.0,68800000.0,8300000.0,-45500000.0,-45500000.0,-45500000.0,0.0,0.0,-0.043,145300000.0,-29700000.0,577600000.0,0.0,1.213,-10.183,-9.711,313900000.0,0.0,9.76,0.261,0.258,561100000.0,27600000.0,1050100000.0,1050100000.0,0.0,,,,,0.0,101000000.0,1.0,96400000.0,95200000,95200000.0,11.03,2971700000.0,159000000.0,-13500000.0,0.0,31.215,1080400000.0
73,TEX,MRQ,2003-03-31,2003-03-31,2003-03-31,2021-08-02,-44800000.0,3680300000.0,,2254900000.0,1425400000.0,,8.477,-8600000.0,419900000.0,419900000.0,807600000.0,9500000.0,1.945,3.599,1528800000.0,71400000.0,1457400000.0,1528800000.0,0.0,15600000.0,0.0,0.0,0.0,39600000.0,55200000.0,0.059,55200000.0,39600000.0,13700000.0,0.1,0.095,0.1,800200000.0,,800200000.0,1803036939.0,45.0,19.513,106200000.0,1.125,1.0,126800000.0,0.136,635200000.0,25900000.0,2994500000.0,,1079000000.0,0.0,0.0,0.0,2880100000.0,1159500000.0,1720600000.0,594036939.0,67600000.0,-8500000.0,0.0,-24000000.0,0.0,-35600000.0,-14500000.0,0.0,114800000.0,2900000.0,9500000.0,9500000.0,9500000.0,0.0,0.0,0.01,89200000.0,37600000.0,597500000.0,0.0,0.742,-14.245,-13.29,304500000.0,0.0,6.18,0.185,0.182,597800000.0,79400000.0,934400000.0,934400000.0,0.0,,,,,0.0,89200000.0,1.0,96122482.0,94400000,98800000.0,9.898,3045100000.0,150700000.0,4200000.0,0.0,32.257,1095400000.0
74,TEX,MRQ,2002-12-31,2002-12-31,2002-12-31,2021-08-02,-53600000.0,3625700000.0,,2221100000.0,1404600000.0,,8.114,-12800000.0,352200000.0,352200000.0,937000000.0,-66200000.0,2.008,3.714,1561200000.0,74100000.0,1487100000.0,1561200000.0,0.0,15900000.0,0.0,0.0,0.0,-69100000.0,-53200000.0,-0.055,-53200000.0,-69100000.0,-95800000.0,-0.735,-0.75,-0.735,769200000.0,,769200000.0,1825136000.0,-22.0,-49.867,49200000.0,0.519,1.0,35900000.0,0.037,622900000.0,26700000.0,3105600000.0,,1106300000.0,0.0,0.0,0.0,2856500000.0,1106200000.0,1750300000.0,528036000.0,14600000.0,-5200000.0,0.0,-62700000.0,0.0,-66300000.0,12900000.0,0.0,62000000.0,6000000.0,-66200000.0,-66200000.0,-66200000.0,-8400000.0,0.0,-0.068,113500000.0,-77600000.0,542900000.0,0.0,0.686,-3.334,-3.035,309400000.0,0.0,5.57,0.187,0.171,578600000.0,67400000.0,972900000.0,972900000.0,0.0,,,,,0.0,113500000.0,1.0,94800000.0,94800000,90600000.0,10.263,3002800000.0,200400000.0,-29600000.0,0.0,31.675,1114900000.0
75,TEX,MRQ,2002-09-30,2002-09-30,2002-09-30,2021-08-02,-72100000.0,3592700000.0,,2295500000.0,1297200000.0,,8.675,-6300000.0,337600000.0,337600000.0,556800000.0,9800000.0,2.137,3.653,1634700000.0,86500000.0,1548200000.0,1634700000.0,0.0,10600000.0,0.0,0.0,0.0,37000000.0,47600000.0,0.074,47600000.0,37000000.0,14900000.0,0.11,0.11,0.11,772100000.0,,772100000.0,1562290000.0,170.0,31.625,-6600000.0,-0.074,1.0,87200000.0,0.135,604500000.0,22100000.0,3211000000.0,,1133700000.0,0.0,0.0,0.0,2820600000.0,1074300000.0,1746300000.0,745290000.0,56700000.0,-351200000.0,0.0,413400000.0,0.0,412500000.0,-356500000.0,0.0,-300000.0,1000000.0,9800000.0,9800000.0,9800000.0,1500000.0,0.0,0.015,51500000.0,35700000.0,527900000.0,0.0,0.965,-8.226,-6.926,265300000.0,0.0,8.45,0.321,0.324,639000000.0,107700000.0,644000000.0,644000000.0,0.0,,,,,0.0,51500000.0,1.0,88200000.0,89000000,90400000.0,7.236,2988200000.0,143600000.0,5100000.0,0.0,33.575,1221200000.0
76,TEX,MRQ,2002-06-30,2002-06-30,2002-06-30,2021-08-02,-59300000.0,2671800000.0,,1655700000.0,1016100000.0,,8.347,-4200000.0,280900000.0,280900000.0,536600000.0,5200000.0,2.146,2.748,1097900000.0,65800000.0,1032100000.0,1097900000.0,0.0,10200000.0,0.0,0.0,0.0,32600000.0,42800000.0,0.066,42800000.0,32600000.0,10500000.0,0.06,0.06,0.06,712800000.0,,712800000.0,1914109000.0,-87.0,109.378,18900000.0,0.221,1.0,116600000.0,0.179,596400000.0,22100000.0,2121000000.0,,780600000.0,0.0,0.0,0.0,1959000000.0,771400000.0,1187600000.0,991809000.0,122100000.0,-17000000.0,113300000.0,-1400000.0,0.0,111800000.0,-19000000.0,0.0,23100000.0,6200000.0,5200000.0,5200000.0,5200000.0,5900000.0,0.0,0.008,69400000.0,47200000.0,412100000.0,0.0,1.391,-8.911,-7.326,179200000.0,0.0,11.245,0.465,0.451,493000000.0,97900000.0,653200000.0,653200000.0,0.0,,,,,0.0,69400000.0,1.0,88200000.0,85400000,87200000.0,7.649,2075400000.0,116000000.0,5300000.0,0.0,24.302,884300000.0
77,TEX,MRQ,2002-03-31,2002-03-31,2002-03-31,2021-08-02,-126300000.0,2534100000.0,,1421100000.0,1113000000.0,,8.536,-5900000.0,158800000.0,158800000.0,490700000.0,-107200000.0,2.028,2.906,1081100000.0,50300000.0,1030800000.0,1081100000.0,0.0,8300000.0,0.0,0.0,0.0,-82300000.0,-74000000.0,-0.127,-74000000.0,-82300000.0,-104300000.0,-1.41,-1.385,-1.41,648700000.0,,648700000.0,1675989852.0,-123.0,66.508,-20400000.0,-0.268,1.0,91300000.0,0.157,712400000.0,22000000.0,2043400000.0,,743300000.0,0.0,0.0,0.0,1885400000.0,700600000.0,1184800000.0,870989852.0,-91600000.0,-72500000.0,0.0,2300000.0,0.0,2000000.0,-78000000.0,0.0,-14500000.0,-1100000.0,-107200000.0,-107200000.0,-107200000.0,0.0,0.0,-0.184,59800000.0,31500000.0,346600000.0,0.0,1.343,-8.335,-8.248,167600000.0,0.0,11.3,0.454,0.448,437500000.0,216800000.0,582000000.0,582000000.0,0.0,,,,,0.0,59800000.0,1.0,77078748.0,76000000,77400000.0,7.658,1821700000.0,106100000.0,2900000.0,0.0,23.97,720500000.0
78,TEX,MRQ,2001-12-31,2001-12-31,2001-12-31,2021-08-02,-120300000.0,2387000000.0,,1383000000.0,1004000000.0,,9.391,-4200000.0,250400000.0,250400000.0,374000000.0,1600000.0,2.205,3.009,1055400000.0,34700000.0,1020700000.0,1055400000.0,0.0,11100000.0,0.0,0.0,0.0,21900000.0,33000000.0,0.075,33000000.0,21900000.0,1300000.0,0.02,0.02,0.02,595400000.0,,595400000.0,1333318000.0,13.0,9.139,14300000.0,0.226,1.0,68100000.0,0.154,620100000.0,20600000.0,1944800000.0,,704800000.0,0.0,0.0,0.0,1791600000.0,627100000.0,1164500000.0,556018000.0,-10400000.0,-120400000.0,96300000.0,-6400000.0,0.0,89600000.0,-116900000.0,0.0,18500000.0,-1600000.0,1600000.0,1600000.0,1600000.0,0.0,0.0,0.004,44800000.0,23300000.0,291000000.0,0.0,0.934,43.439,38.13,173900000.0,0.0,8.77,0.307,0.272,351100000.0,199900000.0,442100000.0,442100000.0,0.0,,,,,0.0,44800000.0,1.0,63400000.0,63400000,65000000.0,6.973,1766900000.0,99100000.0,-300000.0,0.0,27.869,755900000.0
79,TEX,MRQ,2001-09-30,2001-09-30,2001-09-30,2021-08-02,-100800000.0,2126000000.0,,1372800000.0,753200000.0,,8.214,-2000000.0,260800000.0,260800000.0,408200000.0,-10900000.0,2.245,3.811,1038100000.0,28900000.0,1009200000.0,1038100000.0,0.0,9800000.0,0.0,0.0,0.0,5900000.0,15700000.0,0.035,15700000.0,5900000.0,-16000000.0,-0.205,-0.205,-0.205,441900000.0,,441900000.0,1317589000.0,12.0,8.891,63700000.0,1.184,1.0,45500000.0,0.1,484100000.0,21900000.0,1807600000.0,,656600000.0,0.0,0.0,0.0,1684100000.0,611600000.0,1072500000.0,479089000.0,62300000.0,-2700000.0,0.0,1400000.0,0.0,1200000.0,-7800000.0,0.0,65700000.0,3200000.0,-10900000.0,-10900000.0,-10900000.0,0.0,0.0,-0.024,41800000.0,3700000.0,322500000.0,0.0,1.084,45.628,44.525,137000000.0,0.0,8.905,0.264,0.264,349800000.0,198300000.0,453700000.0,453700000.0,0.0,,,,,0.0,41800000.0,1.0,53800000.0,53800000,53800000.0,8.433,1641900000.0,78700000.0,-5100000.0,0.0,30.519,761200000.0
80,TEX,MRQ,2001-06-30,2001-06-30,2001-06-30,2021-08-02,-129300000.0,2070100000.0,,1338600000.0,731500000.0,,7.862,-3700000.0,198500000.0,198500000.0,359100000.0,12000000.0,2.355,3.894,1037000000.0,23300000.0,1013700000.0,1037000000.0,0.0,9600000.0,0.0,0.0,0.0,40900000.0,50500000.0,0.115,50500000.0,40900000.0,17700000.0,0.225,0.215,0.225,423000000.0,,423000000.0,1340180000.0,6.0,5.391,-67800000.0,-1.26,1.0,80200000.0,0.183,472600000.0,23200000.0,1867700000.0,,653800000.0,0.0,0.0,0.0,1647100000.0,568300000.0,1078800000.0,570280000.0,-37800000.0,0.0,0.0,28300000.0,0.0,28100000.0,-1100000.0,0.0,-64100000.0,-700000.0,12000000.0,12000000.0,12000000.0,0.0,0.0,0.027,41000000.0,39200000.0,313100000.0,0.0,1.348,8.021,8.0,136800000.0,0.0,10.6,0.31,0.31,378500000.0,209200000.0,439300000.0,439300000.0,0.0,,,,,0.0,41000000.0,1.0,53800000.0,53800000,55600000.0,8.165,1597500000.0,69200000.0,5700000.0,0.0,29.693,770300000.0
81,TEX,MRQ,2001-03-31,2001-03-31,2001-03-31,2021-08-02,-118800000.0,2066600000.0,,1331500000.0,735100000.0,,7.86,-3600000.0,236300000.0,236300000.0,398800000.0,10100000.0,2.254,3.905,1006200000.0,23800000.0,982400000.0,1006200000.0,0.0,9800000.0,0.0,0.0,0.0,36900000.0,46700000.0,0.098,46700000.0,36900000.0,15900000.0,0.185,0.185,0.185,421300000.0,,421300000.0,1186255322.0,5.0,4.36,-29200000.0,-0.545,1.0,78600000.0,0.165,479900000.0,21000000.0,1765900000.0,,622000000.0,0.0,0.0,0.0,1645300000.0,590700000.0,1054600000.0,465155322.0,54900000.0,-7700000.0,0.0,93200000.0,0.0,92600000.0,-10500000.0,0.0,-25600000.0,-1600000.0,10100000.0,10100000.0,10100000.0,0.0,0.0,0.021,40600000.0,38000000.0,328500000.0,0.0,1.104,5.466,5.508,147400000.0,0.0,8.675,0.233,0.233,371000000.0,197200000.0,477400000.0,477400000.0,0.0,,,,,0.0,40600000.0,1.0,53620210.0,53600000,54800000.0,8.907,1586700000.0,68400000.0,5800000.0,0.0,29.603,740800000.0
82,TEX,MRQ,2000-12-31,2000-12-31,2000-12-31,2021-08-02,-78500000.0,1983700000.0,,1242400000.0,741300000.0,,8.392,-6500000.0,181400000.0,181400000.0,382900000.0,-700000.0,2.158,3.394,902500000.0,20500000.0,882000000.0,902500000.0,0.0,10100000.0,0.0,0.0,0.0,25200000.0,35300000.0,0.079,35300000.0,25200000.0,3100000.0,-0.005,0.0,-0.005,451500000.0,,451500000.0,1209963000.0,5.0,4.142,62400000.0,1.16,1.0,63700000.0,0.143,491400000.0,22100000.0,1637800000.0,,598100000.0,0.0,0.0,0.0,1532200000.0,575600000.0,956600000.0,448463000.0,-79400000.0,-15900000.0,-5500000.0,-122400000.0,0.0,-128900000.0,-20800000.0,0.0,68900000.0,1400000.0,-700000.0,-700000.0,-700000.0,7300000.0,0.0,-0.002,31300000.0,32400000.0,311200000.0,0.0,0.993,4.716,4.626,153900000.0,0.0,8.095,0.217,0.213,360200000.0,187100000.0,446600000.0,446600000.0,0.0,,,,,0.0,31300000.0,1.0,55400000.0,53800000,54600000.0,8.301,1492300000.0,72200000.0,3800000.0,0.0,27.738,666800000.0
83,TEX,MRQ,2000-09-30,2000-09-30,2000-09-30,2021-08-02,-85500000.0,2061400000.0,,1330400000.0,731000000.0,,8.269,-7600000.0,260800000.0,260800000.0,388400000.0,49700000.0,2.447,3.617,1022300000.0,21300000.0,1001000000.0,1022300000.0,0.0,10100000.0,0.0,0.0,0.0,106000000.0,116100000.0,0.244,116100000.0,106000000.0,80000000.0,0.92,0.895,0.92,446500000.0,,446500000.0,1253756000.0,5.0,4.012,-4400000.0,-0.081,1.0,86700000.0,0.182,491500000.0,26000000.0,1787700000.0,,584100000.0,0.0,0.0,0.0,1614900000.0,543700000.0,1071200000.0,360456000.0,75100000.0,144000000.0,-10400000.0,-50600000.0,0.0,-63500000.0,137400000.0,0.0,3200000.0,-2000000.0,49700000.0,49700000.0,49700000.0,0.0,0.0,0.105,39300000.0,47400000.0,312200000.0,0.0,0.807,1.976,1.887,130600000.0,0.0,6.53,0.171,0.167,391300000.0,187800000.0,475100000.0,475100000.0,0.0,,,,,0.0,39300000.0,1.0,55200000.0,54000000,55600000.0,8.798,1569900000.0,80500000.0,30300000.0,0.0,29.072,786700000.0
84,TEX,MRQ,2000-06-30,2000-06-30,2000-06-30,2021-08-02,-61400000.0,2150900000.0,,1334100000.0,816800000.0,,7.861,-4700000.0,185700000.0,185700000.0,486900000.0,26000000.0,2.224,3.993,1079000000.0,28100000.0,1050900000.0,1079000000.0,0.0,10100000.0,0.0,0.0,0.0,63900000.0,74000000.0,0.125,74000000.0,63900000.0,38200000.0,0.475,0.465,0.475,430800000.0,,430800000.0,1359900000.0,6.0,5.323,53300000.0,0.973,1.0,106600000.0,0.18,550200000.0,25700000.0,1894000000.0,,596100000.0,0.0,0.0,0.0,1720100000.0,600000000.0,1120100000.0,414000000.0,-500000.0,-3500000.0,-3200000.0,-45900000.0,0.0,-49900000.0,-7700000.0,0.0,58000000.0,-900000.0,26000000.0,26000000.0,26000000.0,0.0,0.0,0.044,43100000.0,63500000.0,361800000.0,0.0,0.961,2.546,2.419,142900000.0,0.0,7.5,0.194,0.193,452400000.0,138100000.0,593500000.0,593500000.0,0.0,,,,,0.0,43100000.0,1.0,55200000.0,54800000,56200000.0,10.83,1600700000.0,85900000.0,12200000.0,0.0,29.21,734100000.0
85,TEX,MRQ,2000-03-31,2000-03-31,2000-03-31,2021-08-02,-31600000.0,2166400000.0,,1337800000.0,828600000.0,,7.936,-5400000.0,186200000.0,186200000.0,456800000.0,20100000.0,2.252,3.963,1132100000.0,62300000.0,1069800000.0,1132100000.0,0.0,11200000.0,0.0,0.0,0.0,55500000.0,66700000.0,0.121,66700000.0,55500000.0,29500000.0,0.365,0.355,0.365,436500000.0,,436500000.0,1419659532.0,7.0,6.064,65100000.0,1.184,1.0,96700000.0,0.175,547000000.0,26000000.0,1971300000.0,,635600000.0,0.0,0.0,0.0,1729900000.0,594000000.0,1135900000.0,396559532.0,52900000.0,-300000.0,-1100000.0,-17800000.0,0.0,-18900000.0,2000000.0,0.0,70500000.0,-700000.0,20100000.0,20100000.0,20100000.0,0.0,0.0,0.036,41700000.0,55000000.0,317600000.0,0.0,0.908,2.375,2.162,155300000.0,0.0,7.19,0.2,0.199,417700000.0,112100000.0,553500000.0,553500000.0,0.0,,,,,0.0,41700000.0,1.0,55154316.0,55000000,56800000.0,10.064,1619400000.0,95200000.0,9400000.0,0.0,29.444,743800000.0
86,TEX,MRQ,1999-12-31,1999-12-31,1999-12-31,2021-08-02,-16100000.0,2177500000.0,,1315300000.0,862200000.0,,7.869,-8600000.0,133300000.0,133300000.0,409000000.0,86600000.0,2.27,4.031,1156400000.0,57600000.0,1098800000.0,1156400000.0,0.0,12300000.0,0.0,0.0,0.0,43400000.0,55700000.0,0.114,55700000.0,43400000.0,9500000.0,1.7,1.63,1.7,432800000.0,,432800000.0,1730025000.0,10.0,8.107,-4000000.0,-0.073,1.0,80600000.0,0.165,554700000.0,33900000.0,2066400000.0,,665600000.0,0.0,0.0,0.0,1744700000.0,579500000.0,1165200000.0,763125000.0,-20800000.0,-59700000.0,0.0,39100000.0,0.0,41900000.0,-67000000.0,0.0,4600000.0,-300000.0,86600000.0,86600000.0,86600000.0,0.0,0.0,0.177,39600000.0,41000000.0,297000000.0,0.0,1.763,4.414,3.887,172800000.0,0.0,13.875,0.411,0.362,429200000.0,92000000.0,489600000.0,489600000.0,0.0,,,,,0.0,39600000.0,1.0,55000000.0,55000000,56600000.0,8.902,1622800000.0,102500000.0,-77100000.0,0.0,29.505,735800000.0
87,TEX,MRQ,1999-09-30,1999-09-30,1999-09-30,2021-08-02,-9200000.0,2077800000.0,,1338000000.0,739800000.0,,6.633,-3900000.0,154100000.0,154100000.0,407100000.0,29900000.0,2.189,4.888,1121000000.0,55000000.0,1066000000.0,1121000000.0,0.0,8100000.0,0.0,0.0,0.0,51000000.0,59100000.0,0.119,59100000.0,51000000.0,31000000.0,0.56,0.535,0.56,352900000.0,,352900000.0,1428950000.0,8.0,7.609,36100000.0,0.679,1.0,88500000.0,0.179,493500000.0,20000000.0,1940100000.0,,669200000.0,0.0,0.0,0.0,1724900000.0,611100000.0,1113800000.0,866250000.0,49400000.0,-454600000.0,59200000.0,406300000.0,0.0,468600000.0,-458200000.0,0.0,40000000.0,-1000000.0,29900000.0,29900000.0,29900000.0,0.0,0.0,0.06,38700000.0,49800000.0,330400000.0,0.0,2.455,8.297,6.774,190800000.0,0.0,15.75,0.513,0.497,472600000.0,5400000.0,495600000.0,495600000.0,0.0,,,,,0.0,38700000.0,1.0,55000000.0,53200000,56000000.0,9.316,1584300000.0,0.0,1100000.0,0.0,29.78,726900000.0
88,TEX,MRQ,1999-06-30,1999-06-30,1999-06-30,2021-08-02,-31400000.0,1390400000.0,,990400000.0,400000000.0,,5.565,-4500000.0,104700000.0,104700000.0,371400000.0,30400000.0,2.107,4.757,667400000.0,27900000.0,639500000.0,667400000.0,0.0,5900000.0,0.0,0.0,0.0,46700000.0,52600000.0,0.117,52600000.0,46700000.0,31100000.0,0.7,0.65,0.7,241500000.0,,241500000.0,1307916000.0,9.0,7.889,7600000.0,0.175,1.0,76700000.0,0.171,270500000.0,15600000.0,1212500000.0,,482300000.0,0.0,0.0,0.0,1148900000.0,470100000.0,678800000.0,651416000.0,82700000.0,-21300000.0,103600000.0,-14100000.0,0.0,94300000.0,-23500000.0,0.0,12100000.0,-200000.0,30400000.0,30400000.0,30400000.0,0.0,0.0,0.068,29700000.0,47000000.0,275100000.0,0.0,2.697,6.915,6.795,97500000.0,0.0,15.22,0.431,0.437,373400000.0,-24500000.0,448100000.0,448100000.0,0.0,,,,,0.0,29700000.0,1.0,42800000.0,43400000,46800000.0,10.325,1119900000.0,0.0,700000.0,0.0,25.804,520300000.0
89,TEX,MRQ,1999-03-31,1999-03-31,1999-03-31,2021-08-02,-17100000.0,1251200000.0,,872200000.0,379000000.0,,2.673,-4400000.0,22000000.0,22000000.0,352400000.0,26000000.0,1.997,10.252,678500000.0,17400000.0,661100000.0,678500000.0,0.0,5900000.0,0.0,0.0,0.0,40100000.0,46000000.0,0.109,46000000.0,40100000.0,26800000.0,0.625,0.58,0.625,111200000.0,,111200000.0,1109201905.0,8.0,7.37,-56100000.0,-1.349,1.0,70900000.0,0.167,242800000.0,13300000.0,1228100000.0,,478300000.0,0.0,0.0,0.0,1140000000.0,436800000.0,703200000.0,503001905.0,-3100000.0,0.0,0.0,52300000.0,0.0,52400000.0,-4300000.0,0.0,-51700000.0,500000.0,26000000.0,26000000.0,26000000.0,0.0,0.0,0.061,30400000.0,40500000.0,254200000.0,0.0,4.523,5.96,5.912,95600000.0,0.0,12.06,0.36,0.359,0.0,-54900000.0,423300000.0,423300000.0,0.0,,,,,0.0,30400000.0,1.0,41708284.0,41600000,45000000.0,10.175,1008400000.0,0.0,800000.0,0.0,24.24,435400000.0
90,TEX,MRQ,1998-12-31,1998-12-31,1998-12-31,2021-08-02,-4100000.0,1151200000.0,,771600000.0,379600000.0,,2.37,-5800000.0,25100000.0,25100000.0,258700000.0,18100000.0,1.814,10.735,631300000.0,44700000.0,586600000.0,631300000.0,0.0,-2400000.0,0.0,0.0,0.0,32500000.0,30100000.0,0.094,30100000.0,32500000.0,18900000.0,0.44,0.47,0.44,98100000.0,,98100000.0,1168948000.0,14.0,12.502,13800000.0,0.333,1.0,61700000.0,0.193,240900000.0,13600000.0,1091100000.0,,472800000.0,0.0,0.0,0.0,1053100000.0,425400000.0,627700000.0,594048000.0,-13700000.0,-28400000.0,0.0,-400000.0,0.0,-1600000.0,-31800000.0,0.0,19600000.0,100000.0,18100000.0,18100000.0,18100000.0,0.0,0.0,0.056,29400000.0,32300000.0,226900000.0,0.0,6.056,17.219,17.102,99500000.0,0.0,14.28,0.482,0.479,249800000.0,-80900000.0,320400000.0,320400000.0,0.0,,,,,0.0,29400000.0,1.0,41600000.0,41400000,44800000.0,7.739,910300000.0,0.0,800000.0,0.0,21.988,346200000.0
91,TEX,MRQ,1998-09-30,1998-09-30,1998-09-30,2021-08-02,-2900000.0,1070800000.0,,771000000.0,299800000.0,,1.95,-1000000.0,38800000.0,38800000.0,260000000.0,19700000.0,2.079,12.203,613700000.0,36900000.0,576800000.0,613700000.0,0.0,4500000.0,0.0,0.0,0.0,32600000.0,37100000.0,0.116,37100000.0,32600000.0,20000000.0,0.475,0.44,0.475,81100000.0,,81100000.0,836952000.0,12.0,9.653,-25000000.0,-0.601,1.0,58700000.0,0.184,171500000.0,12600000.0,1103400000.0,,430500000.0,0.0,0.0,0.0,989700000.0,370800000.0,618900000.0,310752000.0,-18800000.0,-8700000.0,0.0,15100000.0,0.0,15100000.0,-9700000.0,0.0,-24000000.0,-200000.0,19700000.0,19700000.0,19700000.0,0.0,0.0,0.062,26000000.0,32700000.0,196100000.0,0.0,3.832,13.629,12.879,89600000.0,0.0,7.47,0.274,0.274,278500000.0,-99000000.0,318700000.0,318700000.0,0.0,,,,,0.0,26000000.0,1.0,41600000.0,41600000,45000000.0,7.661,899300000.0,0.0,300000.0,0.0,21.618,400200000.0
92,TEX,MRQ,1998-06-30,1998-06-30,1998-06-30,2021-08-02,-18700000.0,989700000.0,,724600000.0,265100000.0,,1.114,-3800000.0,57600000.0,57600000.0,272900000.0,20600000.0,2.061,20.469,583800000.0,27100000.0,556700000.0,583800000.0,0.0,4100000.0,0.0,0.0,0.0,33200000.0,37300000.0,0.112,37300000.0,33200000.0,21000000.0,0.5,0.46,0.5,46100000.0,,46100000.0,1104950000.0,25.0,18.696,-7300000.0,-0.176,1.0,60600000.0,0.182,152100000.0,12200000.0,1012200000.0,,395300000.0,0.0,0.0,0.0,943600000.0,351600000.0,592000000.0,589950000.0,-900000.0,-3200000.0,0.0,16500000.0,0.0,12100000.0,-7000000.0,0.0,-3500000.0,-2500000.0,20600000.0,20600000.0,20600000.0,0.0,0.0,0.062,27400000.0,33200000.0,200300000.0,0.0,12.797,-737.438,,79700000.0,0.0,14.25,0.574,0.574,245000000.0,-118700000.0,333500000.0,333500000.0,0.0,,,,,0.0,27400000.0,1.0,41400000.0,41400000,44800000.0,8.056,837600000.0,0.0,400000.0,0.0,20.232,373000000.0
93,TEX,MRQ,1998-03-31,1998-03-31,1998-03-31,2021-08-02,-15900000.0,932100000.0,,675600000.0,256500000.0,,0.68,-2500000.0,58500000.0,58500000.0,215800000.0,-23900000.0,2.076,32.289,573500000.0,19300000.0,554200000.0,573500000.0,0.0,3900000.0,0.0,0.0,0.0,-14900000.0,-11000000.0,-0.042,-11000000.0,-14900000.0,-23700000.0,-0.58,-0.54,-0.58,28000000.0,,28000000.0,829990082.0,31.0,19.622,-14100000.0,-0.342,1.0,44800000.0,0.172,147500000.0,8800000.0,974100000.0,,380900000.0,0.0,0.0,0.0,904100000.0,325500000.0,578600000.0,558590082.0,29800000.0,-171000000.0,0.0,240100000.0,0.0,213700000.0,-173500000.0,0.0,-11600000.0,1200000.0,-23900000.0,-23900000.0,-23900000.0,0.0,0.0,-0.092,21000000.0,23800000.0,191200000.0,0.0,19.95,-33.449,-41.631,76700000.0,0.0,13.53,0.603,0.602,212500000.0,-139300000.0,260600000.0,260600000.0,0.0,,,,,0.0,21000000.0,1.0,41285298.0,41200000,44400000.0,6.325,784600000.0,0.0,200000.0,0.0,19.044,350100000.0
94,TEX,MRQ,1997-12-31,1997-12-31,1997-12-31,2021-08-02,-7900000.0,588500000.0,,426500000.0,162000000.0,,1.84,-800000.0,28700000.0,28700000.0,182900000.0,10000000.0,1.806,8.874,300100000.0,26600000.0,273500000.0,300100000.0,0.0,3900000.0,0.0,0.0,0.0,19400000.0,23300000.0,0.106,23300000.0,19400000.0,10300000.0,0.185,0.17,0.185,59600000.0,,59600000.0,,,,18700000.0,0.577,1.0,36800000.0,0.168,88400000.0,9100000.0,535400000.0,,232100000.0,0.0,0.0,0.0,528900000.0,236100000.0,292800000.0,485102252.0,22000000.0,-6700000.0,0.0,12900000.0,0.0,3400000.0,1000000.0,0.0,19500000.0,-1900000.0,10000000.0,6400000.0,6400000.0,0.0,0.0,0.029,17400000.0,19400000.0,138100000.0,0.0,8.139,45.337,35.606,47800000.0,3600000.0,11.75,0.576,0.452,139300000.0,-115400000.0,219700000.0,219700000.0,0.0,,,,,0.0,17400000.0,1.0,41285298.0,32400000,35400000.0,6.781,500100000.0,0.0,300000.0,0.0,15.435,190400000.0
95,TEX,MRQ,1997-09-30,1997-09-30,1997-09-30,2021-08-02,,,,,,,,-6900000.0,,,177100000.0,-3500000.0,,,,,,,,3400000.0,,0.0,0.0,6100000.0,9500000.0,0.044,9500000.0,6100000.0,-3500000.0,-0.105,-0.1,-0.105,,,,,,,-23500000.0,-0.66,1.0,37000000.0,0.173,,9600000.0,,,,,,,,,,,-6600000.0,5900000.0,104600000.0,-91000000.0,0.0,10300000.0,97600000.0,0.0,-16600000.0,700000.0,-3500000.0,-3900000.0,-3900000.0,0.0,0.0,-0.018,17800000.0,19200000.0,,0.0,,,,,400000.0,10.375,,,,,214100000.0,214100000.0,0.0,,,,,0.0,17800000.0,1.0,,35600000,38800000.0,6.014,,,0.0,,,
96,TEX,MRQ,1997-06-30,1997-06-30,1997-06-30,2021-08-02,,,,,,,,-1400000.0,,,193900000.0,5100000.0,,,,,,,,4000000.0,,0.0,0.0,16500000.0,20500000.0,0.088,20500000.0,16500000.0,5300000.0,0.175,0.155,0.175,,,,,,,-19600000.0,-0.721,1.0,38300000.0,0.165,,11200000.0,,,,,,,,,,,-26300000.0,-96700000.0,0.0,90300000.0,0.0,93600000.0,-196800000.0,0.0,-18200000.0,-11300000.0,5100000.0,4700000.0,4700000.0,0.0,0.0,0.02,19200000.0,19100000.0,,0.0,,,,,400000.0,9.625,,,,,232200000.0,232200000.0,0.0,,,,,0.0,19200000.0,1.0,,27200000,30400000.0,8.537,,,200000.0,,,
97,TEX,MRQ,1997-03-31,1997-03-31,1997-03-31,2021-08-02,,,,,,,,-800000.0,,,148800000.0,3900000.0,,,,,,,,3000000.0,,0.0,0.0,13600000.0,16600000.0,0.094,16600000.0,13600000.0,4100000.0,0.13,0.12,0.13,,,,,,,14200000.0,0.534,1.0,27500000.0,0.156,,9500000.0,,,,,,,,,,,-32400000.0,300000.0,0.0,3800000.0,0.0,-43100000.0,-400000.0,0.0,15000000.0,3900000.0,3900000.0,3500000.0,3500000.0,0.0,0.0,0.02,14100000.0,13400000.0,,0.0,,,,,400000.0,6.56,,,,,176300000.0,176300000.0,0.0,,,,,0.0,14100000.0,1.0,,26600000,28800000.0,6.628,,,200000.0,,,
98,TEX,MRQ,1996-12-31,1996-12-31,1996-12-31,2021-08-02,-4700000.0,471200000.0,,390200000.0,81000000.0,,-3.038,,72000000.0,72000000.0,,,2.001,-7.572,281300000.0,19200000.0,262100000.0,281300000.0,0.0,,0.0,0.0,0.0,,,,,,,,,,-71700000.0,,-71700000.0,,,,,,1.0,,,32400000.0,,453100000.0,,190600000.0,0.0,0.0,0.0,542900000.0,195000000.0,347900000.0,,,,,,,,,,,,,,,,,,,,104400000.0,,,,4.819,31700000.0,,5.06,,0.176,110300000.0,-126100000.0,,,,,,,,,,1.0,,23600000,,,438800000.0,0.0,,0.0,18.593,195200000.0
0,TEX,MRT,2021-06-30,2021-06-30,2021-06-30,2021-08-02,-200000000.0,3068500000.0,2995250000.0,1996700000.0,1071800000.0,1.154,14.812,-43600000.0,542200000.0,542200000.0,2752700000.0,137500000.0,2.113,1.968,894200000.0,5700000.0,888500000.0,894200000.0,0.0,51400000.0,0.0,0.005,0.24,225400000.0,276800000.0,0.08,276800000.0,225400000.0,165400000.0,1.98,1.95,1.98,1033900000.0,938550000.0,1033900000.0,3730176000.0,17.0,13.476,438700000.0,6.285,1.0,702500000.0,0.203,284000000.0,60000000.0,2191500000.0,2399950000.0,711700000.0,0.0,0.0,0.0,2034600000.0,945000000.0,1089600000.0,3323876000.0,117600000.0,-16400000.0,-1700000.0,-301300000.0,-16700000.0,-341600000.0,-52500000.0,7500000.0,482300000.0,29400000.0,137500000.0,137500000.0,137500000.0,11400000.0,0.0,0.04,450400000.0,252100000.0,548700000.0,0.121,3.215,24.174,24.051,413600000.0,0.0,47.62,0.962,0.962,546500000.0,847000000.0,3455200000.0,3455200000.0,0.0,0.046,0.147,0.094,0.065,29500000.0,450400000.0,1.0,69800000.0,69800000,70900000.0,49.501,2784500000.0,0.0,27900000.0,0.0,39.893,1051700000.0
1,TEX,MRT,2021-03-31,2021-03-31,2021-03-31,2021-08-02,-215500000.0,2965500000.0,2944200000.0,1901900000.0,1063600000.0,1.055,13.613,-43200000.0,572900000.0,572900000.0,2529000000.0,54400000.0,2.27,2.134,979200000.0,5700000.0,973500000.0,979200000.0,0.0,50700000.0,0.0,0.003,0.12,128400000.0,179100000.0,0.058,179100000.0,128400000.0,64900000.0,0.79,0.78,0.79,946100000.0,880175000.0,946100000.0,3706058000.0,29.0,20.693,409000000.0,5.885,1.0,578000000.0,0.186,283800000.0,63500000.0,2250000000.0,2518875000.0,658800000.0,0.0,0.0,0.0,2019400000.0,838000000.0,1181400000.0,3197258000.0,62800000.0,11300000.0,-1400000.0,-372000000.0,-8300000.0,-396000000.0,-24400000.0,7500000.0,452200000.0,31000000.0,54400000.0,54400000.0,54400000.0,19000000.0,0.0,0.018,441000000.0,137000000.0,474000000.0,0.152,3.379,58.773,58.316,396800000.0,0.0,46.07,1.029,1.031,488300000.0,781700000.0,3107000000.0,3107000000.0,0.0,0.018,0.062,0.051,0.041,26400000.0,441000000.0,1.0,69400000.0,69500000,70800000.0,44.705,2681700000.0,0.0,10500000.0,0.0,38.586,1063900000.0
2,TEX,MRT,2020-12-31,2020-12-31,2020-12-31,2021-08-02,-208400000.0,3031800000.0,2981500000.0,1878600000.0,1153200000.0,1.032,13.24,-61800000.0,665000000.0,665000000.0,2537100000.0,-10600000.0,2.597,2.29,1173800000.0,7600000.0,1166200000.0,1173800000.0,0.0,49700000.0,0.0,0.003,0.12,57300000.0,107000000.0,0.035,107000000.0,57300000.0,-8600000.0,-0.15,-0.15,-0.15,921500000.0,840200000.0,921500000.0,3084077000.0,54.0,28.823,163600000.0,2.351,1.0,539300000.0,0.175,283700000.0,65900000.0,2533600000.0,2682000000.0,610400000.0,0.0,0.0,0.0,2110300000.0,723300000.0,1387000000.0,2417877000.0,130000000.0,15800000.0,-56000000.0,-6000000.0,-8400000.0,-82800000.0,-38500000.0,7500000.0,225400000.0,25900000.0,-10600000.0,-10600000.0,-10600000.0,19600000.0,0.0,-0.003,470900000.0,68400000.0,369900000.0,-0.8,2.624,-228.102,-232.6,406600000.0,0.0,34.89,0.786,0.789,381200000.0,750300000.0,3076400000.0,3076400000.0,0.0,-0.004,-0.013,0.021,0.019,23800000.0,470900000.0,1.0,69300000.0,69600000,70100000.0,44.201,2748100000.0,0.0,2000000.0,0.0,39.484,1155300000.0
3,TEX,MRT,2020-09-30,2020-09-30,2020-09-30,2021-08-02,-253900000.0,2915200000.0,3022450000.0,1761100000.0,1154100000.0,1.05,12.304,-81400000.0,508300000.0,508300000.0,2616000000.0,-3800000.0,2.586,2.419,1174500000.0,7500000.0,1167000000.0,1174500000.0,0.0,47300000.0,0.0,0.012,0.23,43600000.0,90900000.0,0.029,90900000.0,43600000.0,-24700000.0,-0.05,-0.06,-0.05,852700000.0,842900000.0,852700000.0,2090148000.0,48.0,22.994,102500000.0,1.479,1.0,558700000.0,0.176,275700000.0,68300000.0,2624700000.0,2719650000.0,635500000.0,0.0,0.0,0.0,2062500000.0,681000000.0,1381500000.0,1341648000.0,37100000.0,16700000.0,-60900000.0,-9000000.0,-16300000.0,-99000000.0,-64700000.0,0.0,183900000.0,16900000.0,-3800000.0,-3800000.0,-3800000.0,16400000.0,0.0,-0.001,499000000.0,59700000.0,337800000.0,-4.6,1.573,-353.065,-387.2,401700000.0,0.0,19.36,0.423,0.423,403200000.0,732600000.0,3174700000.0,3174700000.0,0.0,-0.001,-0.005,0.016,0.014,29400000.0,499000000.0,1.0,69300000.0,69300000,69500000.0,45.811,2639500000.0,0.0,-20900000.0,0.0,38.088,1080100000.0
4,TEX,MRT,2020-06-30,2020-06-30,2020-06-30,2021-08-02,-294800000.0,2864300000.0,3083825000.0,1707100000.0,1157200000.0,1.113,11.55,-111000000.0,426000000.0,426000000.0,2811700000.0,11800000.0,2.527,2.579,1174500000.0,7100000.0,1167400000.0,1174500000.0,0.0,47400000.0,0.0,0.018,0.34,82000000.0,129400000.0,0.038,129400000.0,82000000.0,7500000.0,0.17,0.16,0.17,800400000.0,846300000.0,800400000.0,2134561000.0,26.0,16.496,123000000.0,1.775,1.0,622000000.0,0.181,270000000.0,74500000.0,2667200000.0,2763675000.0,699800000.0,0.0,0.0,0.0,2063900000.0,675600000.0,1388300000.0,1300761000.0,35300000.0,181800000.0,-61000000.0,-180600000.0,-24100000.0,-280500000.0,94400000.0,23600000.0,234000000.0,-12600000.0,11800000.0,11800000.0,11800000.0,31200000.0,0.0,0.003,512400000.0,109600000.0,349700000.0,2.0,1.625,110.234,110.412,400800000.0,0.0,18.77,0.379,0.379,351300000.0,726900000.0,3433700000.0,3433700000.0,0.0,0.004,0.014,0.03,0.024,30800000.0,512400000.0,1.0,69300000.0,69300000,69300000.0,49.548,2594300000.0,0.0,-4300000.0,0.0,37.436,1031500000.0
5,TEX,MRT,2020-03-31,2020-03-31,2020-03-31,2021-08-02,-313700000.0,3114700000.0,3268525000.0,1965600000.0,1149100000.0,1.239,11.152,-118700000.0,511300000.0,511300000.0,3263400000.0,96100000.0,2.534,2.962,1345100000.0,7000000.0,1338100000.0,1345100000.0,0.0,47900000.0,0.0,0.031,0.45,197700000.0,245600000.0,0.061,245600000.0,197700000.0,115100000.0,1.35,1.34,1.35,786200000.0,861225000.0,786200000.0,1655852000.0,8.0,6.742,231400000.0,3.282,1.0,786700000.0,0.194,270400000.0,82600000.0,2902500000.0,2930825000.0,823000000.0,0.0,0.0,0.0,2328500000.0,775600000.0,1552900000.0,1015252000.0,184800000.0,182200000.0,-62000000.0,-135700000.0,-32000000.0,-241800000.0,94200000.0,30700000.0,350100000.0,-17700000.0,96100000.0,96100000.0,96100000.0,31700000.0,0.0,0.024,558500000.0,228200000.0,454900000.0,0.333,1.291,10.565,10.637,388800000.0,0.0,14.36,0.251,0.25,402000000.0,736000000.0,4050100000.0,4050100000.0,0.0,0.029,0.112,0.067,0.049,38700000.0,558500000.0,1.0,70700000.0,70500000,70500000.0,57.448,2844300000.0,0.0,19000000.0,0.0,40.345,1190000000.0
6,TEX,MRT,2019-12-31,2019-12-31,2019-12-31,2021-08-02,-257500000.0,3195600000.0,3403550000.0,2019700000.0,1175900000.0,1.279,13.113,-104600000.0,535100000.0,535100000.0,3465300000.0,54400000.0,2.315,2.428,1175700000.0,6900000.0,1168800000.0,1175700000.0,0.0,49600000.0,0.0,0.015,0.44,180100000.0,229700000.0,0.053,229700000.0,180100000.0,92200000.0,0.77,0.76,0.77,932300000.0,860125000.0,932300000.0,2955414000.0,16.0,12.866,68800000.0,0.968,1.0,887800000.0,0.204,279600000.0,87900000.0,2684200000.0,3098600000.0,847700000.0,0.0,0.0,0.0,2263300000.0,872400000.0,1390900000.0,2123314000.0,168000000.0,177700000.0,-7400000.0,-43900000.0,-31400000.0,-103700000.0,103800000.0,30700000.0,173400000.0,-5500000.0,54400000.0,54400000.0,54400000.0,155300000.0,0.0,0.012,552800000.0,335000000.0,508100000.0,0.571,2.278,39.032,38.675,389400000.0,0.0,29.78,0.488,0.486,401900000.0,771400000.0,4353100000.0,4353100000.0,0.0,0.016,0.063,0.058,0.041,43100000.0,552800000.0,1.0,71300000.0,71100000,71800000.0,61.225,2916000000.0,0.0,37800000.0,0.0,41.013,1147300000.0
7,TEX,MRT,2019-09-30,2019-09-30,2019-09-30,2021-08-02,-300300000.0,3160700000.0,3476125000.0,2034900000.0,1125800000.0,1.299,12.15,-112400000.0,470600000.0,470600000.0,3583100000.0,-3100000.0,2.206,2.649,1302700000.0,33900000.0,1268800000.0,1302700000.0,0.0,52900000.0,0.0,0.017,0.43,126800000.0,179700000.0,0.04,179700000.0,126800000.0,36900000.0,0.0,0.02,0.0,866300000.0,842175000.0,866300000.0,2958764000.0,23.0,16.465,79800000.0,1.119,1.0,933800000.0,0.207,269700000.0,89900000.0,2800800000.0,3145000000.0,858000000.0,0.0,0.0,0.0,2294400000.0,922300000.0,1372100000.0,1849064000.0,146000000.0,171900000.0,-102600000.0,45500000.0,-30900000.0,-112000000.0,88600000.0,30200000.0,192200000.0,-22800000.0,-3100000.0,-3100000.0,-3100000.0,213900000.0,0.0,-0.001,540100000.0,393700000.0,558600000.0,,2.134,-596.472,,478700000.0,0.0,25.97,0.409,0.41,491700000.0,754900000.0,4516900000.0,4516900000.0,0.0,-0.001,-0.004,0.04,0.028,40100000.0,540100000.0,1.0,71200000.0,71300000,71800000.0,63.351,2891000000.0,0.0,40000000.0,0.0,40.547,1112600000.0
8,TEX,MRT,2019-06-30,2019-06-30,2019-06-30,2021-08-02,-287300000.0,3603100000.0,3520800000.0,2439600000.0,1163500000.0,1.304,12.08,-84800000.0,367500000.0,367500000.0,3626800000.0,14100000.0,2.214,3.189,1477200000.0,31700000.0,1445500000.0,1477200000.0,0.0,54200000.0,0.0,0.013,0.42,139500000.0,193700000.0,0.042,193700000.0,139500000.0,53200000.0,0.22,0.23,0.22,860100000.0,869125000.0,860100000.0,3536380000.0,25.0,18.257,-74500000.0,-1.046,1.0,964300000.0,0.21,275000000.0,86300000.0,3335800000.0,3153975000.0,863100000.0,0.0,0.0,0.0,2742500000.0,1102000000.0,1640500000.0,2235680000.0,17500000.0,4700000.0,-106700000.0,257200000.0,-30400000.0,97400000.0,-77400000.0,6600000.0,10300000.0,-12800000.0,14100000.0,14100000.0,14100000.0,213500000.0,0.0,0.003,552800000.0,411500000.0,608300000.0,1.909,2.599,158.559,142.727,461400000.0,0.0,31.4,0.487,0.487,643800000.0,741500000.0,4591100000.0,4591100000.0,0.0,0.004,0.016,0.044,0.03,42400000.0,552800000.0,1.0,71200000.0,71200000,71700000.0,64.482,3328100000.0,0.0,39100000.0,0.0,46.743,1337600000.0
9,TEX,MRT,2019-03-31,2019-03-31,2019-03-31,2021-08-02,-287100000.0,3654800000.0,3454300000.0,2508000000.0,1146800000.0,1.313,11.074,-77100000.0,304600000.0,304600000.0,3566100000.0,-3200000.0,2.273,3.674,1605300000.0,31800000.0,1573500000.0,1605300000.0,0.0,57200000.0,0.0,0.013,0.41,125900000.0,183100000.0,0.04,183100000.0,125900000.0,46000000.0,-0.06,-0.07,-0.06,781800000.0,891000000.0,781800000.0,3113352000.0,25.0,17.004,-203900000.0,-2.888,1.0,971100000.0,0.214,278700000.0,79900000.0,3573600000.0,2992575000.0,955400000.0,0.0,0.0,0.0,2872500000.0,1103200000.0,1769300000.0,2261952000.0,-121200000.0,2500000.0,-222400000.0,394700000.0,-30000000.0,119800000.0,-81200000.0,-500000.0,-126800000.0,-33000000.0,-3200000.0,-3200000.0,-3200000.0,233400000.0,0.0,-0.001,553200000.0,417900000.0,647100000.0,-6.833,2.893,-706.86,-535.5,449500000.0,0.0,32.13,0.499,0.5,661600000.0,674400000.0,4537200000.0,4537200000.0,0.0,-0.001,-0.004,0.042,0.028,40500000.0,553200000.0,1.0,70400000.0,70600000,71800000.0,64.266,3376100000.0,0.0,49200000.0,0.0,47.82,1404800000.0
10,TEX,MRT,2018-12-31,2018-12-31,2018-12-31,2021-08-02,-284800000.0,3485900000.0,3395625000.0,2423000000.0,1062900000.0,1.33,11.412,-101000000.0,339500000.0,339500000.0,3555300000.0,113700000.0,1.995,3.05,1214700000.0,4100000.0,1210600000.0,1214700000.0,0.0,59700000.0,0.0,0.015,0.4,231900000.0,291600000.0,0.065,291600000.0,231900000.0,159100000.0,1.51,1.48,1.51,860500000.0,965150000.0,860500000.0,2839309000.0,12.0,9.737,-6800000.0,-0.09,1.0,961900000.0,0.213,276600000.0,72800000.0,2869800000.0,2781175000.0,918900000.0,0.0,0.0,0.0,2624900000.0,1214700000.0,1410200000.0,2031909000.0,-258000000.0,2500000.0,-427500000.0,231700000.0,-30000000.0,-244900000.0,-85900000.0,19300000.0,94200000.0,-21400000.0,113700000.0,113700000.0,113700000.0,128000000.0,0.0,0.025,549400000.0,412500000.0,687200000.0,0.265,2.361,17.871,18.258,317300000.0,0.0,27.57,0.45,0.46,535000000.0,749000000.0,4517200000.0,4517200000.0,0.0,0.033,0.118,0.083,0.051,36700000.0,549400000.0,1.0,73700000.0,75400000,76900000.0,59.91,3209300000.0,0.0,45400000.0,0.0,42.564,1208300000.0
11,TEX,MRT,2018-09-30,2018-09-30,2018-09-30,2021-08-02,-304300000.0,3339400000.0,3389775000.0,2290100000.0,1049300000.0,1.169,13.217,-59300000.0,326000000.0,326000000.0,3059700000.0,120000000.0,2.223,2.428,1133400000.0,5200000.0,1128200000.0,1133400000.0,0.0,63200000.0,0.0,0.01,0.38,304400000.0,367600000.0,0.093,367600000.0,304400000.0,236700000.0,1.69,1.66,1.69,974100000.0,1055525000.0,974100000.0,3661967000.0,12.0,9.962,130300000.0,1.768,1.0,902600000.0,0.228,280000000.0,67700000.0,2836700000.0,2688200000.0,1112300000.0,0.0,0.0,0.0,2364700000.0,1030100000.0,1334600000.0,2941367000.0,-266200000.0,5000000.0,-490500000.0,145900000.0,-29300000.0,-390800000.0,-60200000.0,803000000.0,189600000.0,-4800000.0,120000000.0,120000000.0,120000000.0,121400000.0,0.0,0.03,482400000.0,420200000.0,652300000.0,0.225,3.02,24.511,23.615,330700000.0,0.0,39.91,0.742,0.742,679100000.0,2121900000.0,3962300000.0,3962300000.0,0.0,0.035,0.114,0.113,0.077,36700000.0,482400000.0,1.0,73700000.0,73700000,75100000.0,53.763,3059400000.0,0.0,116700000.0,0.0,41.512,1260000000.0
12,TEX,MRT,2018-06-30,2018-06-30,2018-06-30,2021-08-02,-288200000.0,3337100000.0,3455600000.0,2291100000.0,1046000000.0,1.15,12.551,-56400000.0,373600000.0,373600000.0,3093200000.0,140600000.0,2.112,2.521,1094200000.0,5200000.0,1089000000.0,1094200000.0,0.0,66500000.0,0.0,0.009,0.36,307600000.0,374100000.0,0.094,374100000.0,307600000.0,242800000.0,1.84,1.81,1.84,947600000.0,1156925000.0,947600000.0,3841540000.0,12.0,10.269,255300000.0,3.381,1.0,881500000.0,0.222,282700000.0,64800000.0,2690200000.0,2652750000.0,1004600000.0,0.0,0.0,0.0,2389000000.0,1084800000.0,1304200000.0,3206440000.0,-181500000.0,7700000.0,-741100000.0,110200000.0,-29100000.0,-676400000.0,172800000.0,803000000.0,311700000.0,10400000.0,140600000.0,140600000.0,140600000.0,88200000.0,0.0,0.035,499600000.0,381900000.0,669300000.0,0.196,3.384,22.805,22.929,329100000.0,0.0,42.19,0.807,0.801,724800000.0,2090900000.0,3974700000.0,3974700000.0,0.0,0.041,0.122,0.116,0.077,36800000.0,499600000.0,1.0,76000000.0,75500000,76700000.0,52.645,3054400000.0,0.0,102200000.0,0.0,40.456,1206300000.0
13,TEX,MRT,2018-03-31,2018-03-31,2018-03-31,2021-08-02,-213300000.0,3420100000.0,3561325000.0,2339700000.0,1080400000.0,1.096,13.531,-47200000.0,447900000.0,447900000.0,3059800000.0,183600000.0,2.261,2.171,1083000000.0,5200000.0,1077800000.0,1083000000.0,0.0,66200000.0,0.0,0.009,0.34,340200000.0,406400000.0,0.104,406400000.0,340200000.0,278500000.0,2.12,2.1,2.12,1078400000.0,1304975000.0,1078400000.0,3388510000.0,10.0,8.338,226000000.0,2.836,1.0,843600000.0,0.216,292600000.0,61700000.0,2728000000.0,2702775000.0,1009100000.0,0.0,0.0,0.0,2341200000.0,1034600000.0,1306600000.0,3030210000.0,-365000000.0,11400000.0,-952000000.0,-160500000.0,-29000000.0,-1158600000.0,472000000.0,803000000.0,273200000.0,48400000.0,183600000.0,183600000.0,183600000.0,56400000.0,0.0,0.047,516400000.0,327200000.0,657900000.0,0.16,2.81,16.504,17.646,334600000.0,0.0,37.41,0.776,0.764,687600000.0,2040800000.0,3903400000.0,3903400000.0,0.0,0.052,0.141,0.126,0.087,36700000.0,516400000.0,1.0,81000000.0,79700000,81700000.0,48.976,3127500000.0,0.0,94900000.0,0.0,39.241,1305100000.0
14,TEX,MRT,2017-12-31,2017-12-31,2017-12-31,2021-08-02,-239500000.0,3462500000.0,3747075000.0,2383000000.0,1079500000.0,1.012,13.168,-23300000.0,626500000.0,626500000.0,3026400000.0,128700000.0,2.301,1.833,984800000.0,5200000.0,979600000.0,984800000.0,0.0,66500000.0,0.0,0.007,0.32,248300000.0,314800000.0,0.083,314800000.0,248300000.0,181100000.0,1.39,1.36,1.39,1222000000.0,1459200000.0,1222000000.0,4447502000.0,18.0,14.128,129700000.0,1.398,1.0,767300000.0,0.202,287400000.0,67200000.0,2497900000.0,2779325000.0,969600000.0,0.0,0.0,0.0,2240000000.0,1035500000.0,1204500000.0,4055302000.0,128200000.0,775700000.0,-924900000.0,-619800000.0,-29500000.0,-1606500000.0,1535600000.0,783200000.0,153000000.0,46100000.0,128700000.0,128700000.0,128700000.0,-17700000.0,0.0,0.034,539100000.0,228200000.0,592400000.0,0.23,3.319,31.51,34.691,311000000.0,0.0,48.22,1.069,1.18,579900000.0,1995900000.0,3793700000.0,3793700000.0,0.0,0.034,0.088,0.089,0.065,38500000.0,539100000.0,1.0,84100000.0,92800000,94900000.0,40.88,3175100000.0,0.0,52400000.0,0.0,34.214,1347500000.0
15,TEX,MRT,2017-09-30,2017-09-30,2017-09-30,2021-08-02,-261600000.0,3602700000.0,4133150000.0,2457100000.0,1145600000.0,1.034,15.678,-36000000.0,592700000.0,592700000.0,3557800000.0,-111000000.0,2.424,1.611,984900000.0,4900000.0,980000000.0,984900000.0,0.0,68000000.0,0.0,0.007,0.31,-33400000.0,34600000.0,0.008,34600000.0,-33400000.0,-111800000.0,-0.79,-0.8,-0.79,1379700000.0,1524875000.0,1379700000.0,4461288000.0,-134.0,128.939,184600000.0,2.098,1.0,716700000.0,0.168,286400000.0,78400000.0,2694900000.0,3272100000.0,904400000.0,0.0,0.0,0.0,2222400000.0,1013600000.0,1208800000.0,4024788000.0,252000000.0,769900000.0,-763500000.0,-692600000.0,-30100000.0,-1517500000.0,1540700000.0,0.0,220600000.0,8200000.0,-111800000.0,-111800000.0,-111800000.0,-111400000.0,800000.0,-0.026,843900000.0,-127200000.0,552300000.0,-0.392,2.917,-36.0,-56.987,300800000.0,0.0,45.02,0.942,0.927,712600000.0,2029500000.0,4274500000.0,4274500000.0,0.0,-0.027,-0.073,-0.01,-0.008,39500000.0,667900000.0,1.0,89400000.0,88000000,90000000.0,48.574,3316300000.0,0.0,0.0,0.0,37.685,1443500000.0
16,TEX,MRT,2017-06-30,2017-06-30,2017-06-30,2021-08-02,-293600000.0,3760000000.0,4624800000.0,2403600000.0,1356400000.0,0.912,16.09,-46500000.0,555500000.0,555500000.0,3538100000.0,-72900000.0,2.355,1.442,992000000.0,11700000.0,980300000.0,992000000.0,0.0,70300000.0,0.0,0.008,0.3,-5300000.0,65000000.0,0.015,65000000.0,-5300000.0,-93600000.0,-0.56,-0.57,-0.56,1539800000.0,1649375000.0,1539800000.0,4088900000.0,-771.0,62.906,213900000.0,2.235,1.0,681600000.0,0.162,285500000.0,88300000.0,2890300000.0,3858025000.0,912500000.0,218000000.0,0.0,218000000.0,2219800000.0,1020700000.0,1199100000.0,3660000000.0,260500000.0,764200000.0,-588500000.0,-714000000.0,-30500000.0,-1362100000.0,1361200000.0,0.0,260400000.0,1000000.0,-74200000.0,-74200000.0,-74200000.0,-172900000.0,1300000.0,-0.018,835100000.0,-153500000.0,563200000.0,-0.536,2.377,-49.326,-66.964,303700000.0,0.0,37.5,0.867,0.85,726600000.0,1977600000.0,4219700000.0,4219700000.0,0.0,-0.016,-0.045,-0.001,-0.001,39300000.0,659100000.0,1.0,97600000.0,95700000,97100000.0,44.093,3474500000.0,0.0,-19400000.0,0.0,36.306,1382900000.0
17,TEX,MRT,2017-03-31,2017-03-31,2017-03-31,2021-08-02,-351300000.0,4163100000.0,5088250000.0,2597700000.0,1565400000.0,0.852,16.115,-61400000.0,813900000.0,813900000.0,3652700000.0,-109100000.0,2.033,1.455,1242800000.0,263200000.0,979600000.0,1242800000.0,0.0,83100000.0,0.0,0.009,0.29,-120800000.0,-37700000.0,-0.009,-37700000.0,-120800000.0,-219500000.0,-1.01,-1.02,-1.01,1695300000.0,1728450000.0,1695300000.0,4472560000.0,-37.0,-118.636,271800000.0,2.584,1.0,683000000.0,0.158,280100000.0,98700000.0,3034200000.0,4411000000.0,909200000.0,431000000.0,0.0,431000000.0,2467400000.0,1277700000.0,1189700000.0,3325260000.0,492800000.0,764000000.0,-260900000.0,-561500000.0,-30700000.0,-880600000.0,1062400000.0,0.0,333200000.0,-22200000.0,-109900000.0,-109900000.0,-109900000.0,-167500000.0,800000.0,-0.025,840800000.0,-157800000.0,548900000.0,-0.287,1.961,-30.257,-31.089,302700000.0,0.0,31.4,0.767,0.762,651000000.0,1884500000.0,4335700000.0,4335700000.0,0.0,-0.022,-0.064,-0.027,-0.028,38800000.0,664800000.0,1.0,105900000.0,105200000,105200000.0,41.214,3883000000.0,0.0,-109600000.0,0.0,36.911,1320000000.0
18,TEX,MRT,2016-12-31,2016-12-31,2016-12-31,2021-08-02,-779400000.0,5006800000.0,5481850000.0,2700500000.0,2306300000.0,0.811,13.76,-73000000.0,428500000.0,428500000.0,3730700000.0,-175500000.0,1.919,2.348,1575800000.0,13800000.0,1562000000.0,1575800000.0,0.0,96700000.0,0.0,0.009,0.28,-151500000.0,-54800000.0,-0.012,-54800000.0,-151500000.0,-253500000.0,-1.63,-1.63,-1.63,1484700000.0,1768400000.0,1484700000.0,4753727000.0,-31.0,-86.747,304100000.0,2.818,1.0,712400000.0,0.16,278100000.0,102000000.0,4469000000.0,4725525000.0,853800000.0,0.0,0.0,0.0,3485600000.0,1407000000.0,2078600000.0,3339027000.0,35400000.0,-3500000.0,-82700000.0,-188600000.0,-30000000.0,-310200000.0,-11800000.0,0.0,377100000.0,-19700000.0,-176100000.0,-176100000.0,-176100000.0,-17800000.0,600000.0,-0.04,854200000.0,-141800000.0,522700000.0,-0.172,2.249,-18.961,-19.344,304600000.0,0.0,31.53,0.752,0.766,512500000.0,1897900000.0,4443100000.0,4443100000.0,0.0,-0.032,-0.1,-0.032,-0.034,37800000.0,678200000.0,1.0,105900000.0,107900000,107900000.0,41.178,4728700000.0,0.0,-77400000.0,0.0,43.825,1293500000.0
19,TEX,MRT,2016-09-30,2016-09-30,2016-09-30,2021-08-02,-653800000.0,5569300000.0,5634150000.0,2920400000.0,2648900000.0,0.823,17.451,-94600000.0,248800000.0,248800000.0,3813000000.0,107500000.0,1.979,1.947,1663500000.0,10500000.0,1653000000.0,1663500000.0,0.0,110000000.0,42100000.0,0.011,0.27,129300000.0,239300000.0,0.052,239300000.0,129300000.0,28100000.0,1.0,0.98,1.0,1877700000.0,1866575000.0,1877700000.0,4245026000.0,33.0,17.739,289800000.0,2.693,1.0,823000000.0,0.178,470000000.0,101200000.0,5038600000.0,4883450000.0,978400000.0,0.0,0.0,0.0,3655700000.0,1475400000.0,2180300000.0,2759526000.0,42600000.0,400000.0,-81300000.0,-174100000.0,-29200000.0,-309000000.0,-31300000.0,0.0,384400000.0,-1500000.0,107600000.0,107600000.0,107600000.0,-35900000.0,-100000.0,0.023,641500000.0,181500000.0,474500000.0,0.27,1.47,25.646,25.41,355800000.0,0.0,25.41,0.595,0.59,656800000.0,2172500000.0,4636000000.0,4636000000.0,0.0,0.019,0.058,0.026,0.028,34800000.0,641500000.0,1.0,108600000.0,107600000,108600000.0,43.086,5099300000.0,0.0,-79500000.0,0.0,47.391,1445000000.0
20,TEX,MRT,2016-06-30,2016-06-30,2016-06-30,2021-08-02,-656300000.0,5613800000.0,5711550000.0,3066700000.0,2547100000.0,0.847,16.997,-99200000.0,200800000.0,200800000.0,3943500000.0,55100000.0,2.011,2.007,1686300000.0,6800000.0,1679500000.0,1686300000.0,0.0,117200000.0,33800000.0,0.013,0.26,121300000.0,238500000.0,0.049,238500000.0,121300000.0,19800000.0,0.5,0.49,0.5,1856100000.0,1869625000.0,1856100000.0,3725152000.0,31.0,15.619,206700000.0,1.893,1.0,891500000.0,0.184,472300000.0,101500000.0,5102200000.0,4759475000.0,1035300000.0,0.0,0.0,0.0,3724300000.0,1524800000.0,2199500000.0,2217852000.0,-34600000.0,-12000000.0,-1500000.0,-164200000.0,-28200000.0,-220200000.0,-109400000.0,0.0,305900000.0,-10900000.0,54400000.0,54400000.0,54400000.0,28200000.0,700000.0,0.011,657500000.0,234000000.0,552300000.0,0.52,1.195,40.769,40.62,355600000.0,0.0,20.31,0.459,0.459,795700000.0,2083400000.0,4835000000.0,4835000000.0,0.0,0.01,0.029,0.025,0.025,35400000.0,657500000.0,1.0,109200000.0,109200000,109600000.0,44.277,5141500000.0,0.0,-34600000.0,0.0,47.083,1541900000.0
21,TEX,MRT,2016-03-31,2016-03-31,2016-03-31,2021-08-02,-591200000.0,5737500000.0,5809825000.0,3160200000.0,2577300000.0,0.857,17.051,-99800000.0,323600000.0,323600000.0,4028600000.0,76400000.0,1.933,2.074,1830900000.0,162000000.0,1668900000.0,1830900000.0,0.0,129400000.0,162500000.0,0.01,0.25,240300000.0,369700000.0,0.074,369700000.0,240300000.0,136400000.0,0.7,0.68,0.7,1855100000.0,1884350000.0,1855100000.0,4066668000.0,17.0,11.0,117700000.0,1.082,1.0,951600000.0,0.191,1317900000.0,103900000.0,4292300000.0,4619750000.0,1554300000.0,0.0,0.0,0.0,3848300000.0,1634600000.0,2213700000.0,2701968000.0,-27700000.0,-52500000.0,-10600000.0,-35200000.0,-27000000.0,-99300000.0,-148300000.0,0.0,217500000.0,2400000.0,74100000.0,74100000.0,74100000.0,18200000.0,2300000.0,0.015,654900000.0,296700000.0,751900000.0,0.357,1.457,36.464,35.543,689100000.0,0.0,24.88,0.543,0.544,1018600000.0,2026100000.0,4980200000.0,4980200000.0,0.0,0.013,0.039,0.052,0.048,36700000.0,654900000.0,1.0,108600000.0,108800000,108800000.0,45.774,4419600000.0,0.0,62300000.0,0.0,40.621,1525600000.0
22,TEX,MRT,2015-12-31,2015-12-31,2015-12-31,2021-08-02,-649600000.0,5616000000.0,5808975000.0,3140200000.0,2475800000.0,0.864,17.48,-103800000.0,371200000.0,371200000.0,4050500000.0,149000000.0,2.153,1.973,1796200000.0,66400000.0,1729800000.0,1796200000.0,0.0,132400000.0,0.0,0.013,0.24,321500000.0,453900000.0,0.09,453900000.0,321500000.0,213400000.0,1.36,1.33,1.36,1877400000.0,1857525000.0,1877400000.0,3601580000.0,11.0,7.935,123700000.0,1.152,1.0,971200000.0,0.193,481700000.0,108100000.0,5100700000.0,4606600000.0,1063600000.0,0.0,0.0,0.0,3704000000.0,1458600000.0,2245400000.0,2005080000.0,-11700000.0,-71400000.0,-50800000.0,65000000.0,-25800000.0,-29000000.0,-172700000.0,0.0,227500000.0,-37500000.0,145900000.0,145900000.0,145900000.0,-20800000.0,3100000.0,0.029,647500000.0,323700000.0,560700000.0,0.176,1.068,13.743,13.588,371900000.0,0.0,18.48,0.399,0.395,703300000.0,2104600000.0,5021700000.0,5021700000.0,0.0,0.025,0.079,0.07,0.064,38500000.0,647500000.0,1.0,108500000.0,107400000,109600000.0,46.757,5134300000.0,0.0,67500000.0,0.0,47.805,1681600000.0
23,TEX,MRT,2015-09-30,2015-09-30,2015-09-30,2021-08-02,-620200000.0,5878900000.0,5886975000.0,3349200000.0,2529700000.0,0.706,17.418,-96300000.0,301100000.0,301100000.0,3390200000.0,213400000.0,2.103,2.092,1897600000.0,83400000.0,1814200000.0,1897600000.0,0.0,147100000.0,158800000.0,0.013,0.23,338700000.0,485800000.0,0.117,485800000.0,338700000.0,223800000.0,1.96,1.91,1.96,1889900000.0,1889650000.0,1889900000.0,3520390000.0,10.0,7.247,141200000.0,1.301,1.0,768200000.0,0.185,1340300000.0,114900000.0,4542700000.0,4366200000.0,1545600000.0,0.0,0.0,0.0,3953200000.0,1592400000.0,2360800000.0,1946490000.0,-43400000.0,-71500000.0,-160100000.0,114800000.0,-24600000.0,-81900000.0,-148300000.0,-20000000.0,237500000.0,-50700000.0,209400000.0,209400000.0,209400000.0,-20700000.0,4000000.0,0.05,448500000.0,319700000.0,740400000.0,0.117,1.03,9.296,9.153,672800000.0,0.0,17.94,0.468,0.468,1183400000.0,2094600000.0,4158400000.0,4158400000.0,0.0,0.036,0.111,0.078,0.081,42300000.0,448500000.0,1.0,108500000.0,108500000,109200000.0,38.326,4538600000.0,0.0,14400000.0,0.0,41.83,1756800000.0
24,TEX,MRT,2015-06-30,2015-06-30,2015-06-30,2021-08-02,-548700000.0,6006900000.0,5989675000.0,3484300000.0,2522600000.0,0.787,18.032,-92900000.0,332700000.0,332700000.0,3839700000.0,232700000.0,2.086,2.119,1906600000.0,72600000.0,1834000000.0,1906600000.0,0.0,158400000.0,196400000.0,0.009,0.22,364500000.0,522900000.0,0.111,522900000.0,364500000.0,246500000.0,2.14,2.07,2.14,1915000000.0,1971600000.0,1915000000.0,3965175000.0,11.0,7.583,208500000.0,1.963,1.0,873100000.0,0.185,1367300000.0,118000000.0,4543300000.0,4342200000.0,1564200000.0,0.0,0.0,0.0,4057300000.0,1670200000.0,2387100000.0,2443575000.0,-31600000.0,-59100000.0,-166600000.0,72200000.0,-23600000.0,-139000000.0,-132300000.0,-20000000.0,301400000.0,-61700000.0,230000000.0,230000000.0,230000000.0,-26200000.0,2700000.0,0.049,528700000.0,344400000.0,814400000.0,0.103,1.276,10.624,10.864,680600000.0,0.0,23.25,0.518,0.524,1252500000.0,2057600000.0,4712800000.0,4712800000.0,0.0,0.038,0.117,0.084,0.077,42100000.0,528700000.0,1.0,105100000.0,106200000,109000000.0,44.377,4639600000.0,0.0,16500000.0,0.0,43.687,1814100000.0
25,TEX,MRT,2015-03-31,2015-03-31,2015-03-31,2021-08-02,-629600000.0,5734100000.0,6164100000.0,3359500000.0,2374600000.0,0.864,16.442,-88700000.0,351300000.0,351300000.0,4330300000.0,287200000.0,1.984,2.262,1872900000.0,160200000.0,1712700000.0,1872900000.0,0.0,159300000.0,224600000.0,0.008,0.21,433500000.0,592800000.0,0.111,592800000.0,433500000.0,311700000.0,2.61,2.5,2.61,1747800000.0,2075750000.0,1747800000.0,4134458000.0,10.0,6.974,186100000.0,1.751,1.0,994700000.0,0.187,1322400000.0,121800000.0,4239700000.0,4348850000.0,1520700000.0,0.0,0.0,0.0,3952800000.0,1693600000.0,2259200000.0,2823858000.0,-39200000.0,140100000.0,-187400000.0,-82500000.0,-22700000.0,-314800000.0,70600000.0,-20000000.0,274800000.0,-69800000.0,285000000.0,285000000.0,285000000.0,-68200000.0,2200000.0,0.054,625500000.0,369200000.0,738100000.0,0.08,1.616,9.908,10.188,647900000.0,0.0,26.59,0.53,0.531,1131400000.0,1979300000.0,5325000000.0,5325000000.0,0.0,0.046,0.137,0.1,0.081,45900000.0,625500000.0,1.0,106200000.0,106300000,106300000.0,50.094,4411700000.0,0.0,26700000.0,0.0,41.502,1665900000.0
26,TEX,MRT,2014-12-31,2014-12-31,2014-12-31,2021-08-02,-429800000.0,5928000000.0,6399925000.0,3356200000.0,2571800000.0,0.857,18.285,-81500000.0,478200000.0,478200000.0,4432500000.0,319500000.0,2.043,1.939,1788800000.0,152500000.0,1636300000.0,1788800000.0,0.0,165500000.0,197400000.0,0.007,0.2,468300000.0,633800000.0,0.116,633800000.0,468300000.0,345600000.0,2.91,2.79,2.91,2005900000.0,2184600000.0,2005900000.0,4529592000.0,10.0,7.147,329200000.0,3.001,1.0,1051500000.0,0.192,1456400000.0,122700000.0,4139100000.0,4488500000.0,1460900000.0,0.0,0.0,0.0,3888900000.0,1643100000.0,2245800000.0,3022192000.0,70100000.0,154800000.0,-171200000.0,-117600000.0,-21800000.0,-396700000.0,95000000.0,-20000000.0,410700000.0,-38900000.0,319000000.0,319000000.0,319000000.0,-67500000.0,500000.0,0.058,651500000.0,400000000.0,736100000.0,0.069,1.507,9.474,9.581,690300000.0,0.0,27.88,0.551,0.558,1086400000.0,1984900000.0,5484000000.0,5484000000.0,0.0,0.05,0.146,0.104,0.085,46500000.0,651500000.0,1.0,108400000.0,109700000,114200000.0,49.991,4471600000.0,0.0,26600000.0,0.0,40.762,1713100000.0
27,TEX,MRT,2014-09-30,2014-09-30,2014-09-30,2021-08-02,-246200000.0,6289700000.0,6552100000.0,3537700000.0,2752000000.0,1.119,20.124,-80500000.0,344500000.0,344500000.0,5831100000.0,323800000.0,2.001,1.822,1851900000.0,160400000.0,1691500000.0,1851900000.0,0.0,152900000.0,281600000.0,0.006,0.2,547300000.0,700200000.0,0.096,700200000.0,547300000.0,426900000.0,2.94,2.8,2.94,2217700000.0,2230650000.0,2217700000.0,5059254000.0,9.0,7.225,61500000.0,0.558,1.0,1500200000.0,0.205,1582200000.0,120400000.0,4446700000.0,4626275000.0,1676800000.0,0.0,0.0,0.0,4041100000.0,1768200000.0,2272900000.0,3501054000.0,-26100000.0,154800000.0,-91800000.0,-44900000.0,-22000000.0,-233800000.0,78200000.0,0.0,142000000.0,-12500000.0,325400000.0,325400000.0,325400000.0,-61500000.0,-1600000.0,0.044,1016100000.0,484100000.0,715300000.0,0.068,1.579,10.759,10.806,739500000.0,0.0,31.77,0.478,0.478,1196200000.0,1910300000.0,7331300000.0,7331300000.0,0.0,0.05,0.146,0.118,0.075,50000000.0,1016100000.0,1.0,110200000.0,110200000,115400000.0,66.527,4707500000.0,0.0,101500000.0,0.0,42.718,1769500000.0
28,TEX,MRT,2014-06-30,2014-06-30,2014-06-30,2021-08-02,-75400000.0,6704600000.0,6602050000.0,3812400000.0,2892200000.0,1.102,21.139,-78700000.0,364300000.0,364300000.0,5754200000.0,353300000.0,1.911,1.862,1922500000.0,190700000.0,1731800000.0,1922500000.0,0.0,154000000.0,334500000.0,0.004,0.15,575600000.0,729600000.0,0.1,729600000.0,575600000.0,452200000.0,3.21,3.05,3.21,2331600000.0,2199775000.0,2331600000.0,6198730000.0,11.0,8.496,4400000.0,0.04,1.0,1524300000.0,0.209,1697600000.0,123400000.0,4569900000.0,4641125000.0,1779000000.0,0.0,0.0,0.0,4342100000.0,1995300000.0,2346800000.0,4533330000.0,-183900000.0,154800000.0,-85300000.0,26800000.0,-16500000.0,-369000000.0,84100000.0,0.0,83100000.0,17900000.0,355600000.0,355600000.0,355600000.0,-65900000.0,-2300000.0,0.049,1018400000.0,505900000.0,800800000.0,0.047,1.944,12.748,12.804,776500000.0,0.0,41.1,0.623,0.623,1368400000.0,1851700000.0,7278500000.0,7278500000.0,0.0,0.054,0.162,0.124,0.079,48200000.0,1018400000.0,1.0,110300000.0,110300000,115800000.0,65.988,5007000000.0,0.0,96600000.0,0.0,45.394,1817100000.0
29,TEX,MRT,2014-03-31,2014-03-31,2014-03-31,2021-08-02,-100200000.0,6677400000.0,6564650000.0,3743600000.0,2933800000.0,1.079,19.704,-79300000.0,390500000.0,390500000.0,5633200000.0,232500000.0,2.036,2.044,2055900000.0,71900000.0,1984000000.0,2055900000.0,0.0,153000000.0,347500000.0,0.002,0.1,444500000.0,597500000.0,0.084,597500000.0,444500000.0,321400000.0,2.13,2.02,2.13,2183200000.0,2105825000.0,2183200000.0,6472610000.0,15.0,10.833,75600000.0,0.682,1.0,1451700000.0,0.205,1705900000.0,123100000.0,4798300000.0,4594525000.0,1788200000.0,0.0,0.0,0.0,4462900000.0,1838600000.0,2624300000.0,4904010000.0,-339200000.0,-6700000.0,-55100000.0,-61400000.0,-11000000.0,-437600000.0,-71000000.0,0.0,154900000.0,14500000.0,237100000.0,237100000.0,237100000.0,-14800000.0,-4600000.0,0.033,1023200000.0,428500000.0,753500000.0,0.047,2.246,20.683,20.798,784400000.0,0.0,44.3,0.692,0.693,1141400000.0,1717600000.0,7084900000.0,7084900000.0,0.0,0.036,0.113,0.097,0.063,45900000.0,1023200000.0,1.0,110700000.0,110800000,117300000.0,63.943,4971500000.0,0.0,84300000.0,0.0,44.869,1905000000.0
30,TEX,MRT,2013-12-31,2013-12-31,2013-12-31,2021-08-02,-116500000.0,6536700000.0,6583250000.0,3639400000.0,2897300000.0,1.076,19.713,-82800000.0,408100000.0,408100000.0,5644500000.0,220900000.0,2.11,1.949,1976700000.0,86800000.0,1889900000.0,1976700000.0,0.0,152300000.0,302100000.0,0.001,0.05,439500000.0,591800000.0,0.084,591800000.0,439500000.0,313400000.0,2.03,1.93,2.03,2190100000.0,2049400000.0,2190100000.0,6212986000.0,14.0,10.498,105700000.0,0.951,1.0,1439500000.0,0.203,1690400000.0,126100000.0,4690200000.0,4551775000.0,1613200000.0,0.0,0.0,0.0,4268000000.0,1724700000.0,2543300000.0,4677686000.0,-269900000.0,700000.0,-31400000.0,-146600000.0,-5500000.0,-420100000.0,-37400000.0,0.0,188500000.0,-900000.0,226000000.0,226000000.0,226000000.0,-17000000.0,-5100000.0,0.032,1020400000.0,419100000.0,689100000.0,0.025,2.136,20.698,20.685,789400000.0,0.0,41.99,0.66,0.659,1176800000.0,1688100000.0,7084000000.0,7084000000.0,0.0,0.034,0.11,0.097,0.062,43900000.0,1020400000.0,1.0,111400000.0,111100000,117000000.0,63.762,4846300000.0,0.0,87400000.0,0.0,43.621,1914700000.0
31,TEX,MRT,2013-09-30,2013-09-30,2013-09-30,2021-08-02,-146200000.0,6489500000.0,6635625000.0,3603500000.0,2886000000.0,0.995,18.816,-87300000.0,370600000.0,370600000.0,5285600000.0,104000000.0,1.971,2.059,1905900000.0,90500000.0,1815400000.0,1905900000.0,0.0,158300000.0,312100000.0,0.0,0.0,292400000.0,450700000.0,0.068,450700000.0,292400000.0,161200000.0,0.96,0.9,0.96,2094200000.0,2003800000.0,2094200000.0,5061880000.0,17.0,11.231,229300000.0,2.06,1.0,1315900000.0,0.199,1690800000.0,131200000.0,4506100000.0,4563825000.0,1742900000.0,0.0,0.0,0.0,4311700000.0,1827900000.0,2483800000.0,3739680000.0,-172000000.0,4200000.0,-1100000.0,-193100000.0,0.0,-444400000.0,-48600000.0,-10000000.0,316600000.0,4400000.0,106300000.0,106300000.0,106300000.0,-39400000.0,-2300000.0,0.016,1032100000.0,283800000.0,709800000.0,0.0,1.786,35.18,35.0,793400000.0,0.0,33.6,0.566,0.566,1164500000.0,1607300000.0,6601500000.0,6601500000.0,0.0,0.016,0.053,0.064,0.044,37000000.0,1032100000.0,1.0,111300000.0,111300000,116200000.0,59.313,4798700000.0,0.0,54900000.0,0.0,43.115,1775600000.0
32,TEX,MRT,2013-06-30,2013-06-30,2013-06-30,2021-08-02,-235800000.0,6555000000.0,6701825000.0,3708600000.0,2846400000.0,0.995,17.588,-88600000.0,548200000.0,548200000.0,5353400000.0,38600000.0,2.017,2.222,1870400000.0,70300000.0,1800100000.0,1870400000.0,0.0,154700000.0,331100000.0,0.0,0.0,225000000.0,379700000.0,0.057,379700000.0,225000000.0,83000000.0,0.38,0.36,0.38,1955800000.0,1993900000.0,1955800000.0,4277360000.0,19.0,11.265,315800000.0,2.84,1.0,1313100000.0,0.197,1654700000.0,142000000.0,4383500000.0,4639550000.0,1670000000.0,0.0,0.0,0.0,4346400000.0,1839000000.0,2507400000.0,2924560000.0,-293300000.0,4200000.0,-1000000.0,-637900000.0,0.0,-664400000.0,-36700000.0,-10000000.0,404400000.0,3400000.0,42100000.0,42100000.0,42100000.0,-29500000.0,-3500000.0,0.006,1036000000.0,277100000.0,735800000.0,0.0,1.495,69.467,69.211,780100000.0,0.0,26.3,0.439,0.439,1179700000.0,1512900000.0,6666500000.0,6666500000.0,0.0,0.006,0.021,0.048,0.034,35500000.0,1036000000.0,1.0,111200000.0,111200000,115800000.0,59.951,4900300000.0,0.0,40900000.0,0.0,44.067,1869600000.0
33,TEX,MRT,2013-03-31,2013-03-31,2013-03-31,2021-08-02,-203000000.0,6751800000.0,6834950000.0,3869700000.0,2882100000.0,0.997,17.667,-85400000.0,729700000.0,729700000.0,5426000000.0,101800000.0,2.15,2.309,2082500000.0,75800000.0,2006700000.0,2082500000.0,0.0,152600000.0,350500000.0,0.0,0.0,321500000.0,474100000.0,0.07,474100000.0,321500000.0,164000000.0,0.97,0.95,0.97,1957500000.0,2002350000.0,1957500000.0,5230994000.0,16.0,11.034,344200000.0,3.106,1.0,1390500000.0,0.204,1677400000.0,157500000.0,4627300000.0,4833925000.0,1702200000.0,0.0,0.0,0.0,4520700000.0,1799900000.0,2720800000.0,3810294000.0,-243500000.0,3500000.0,-300000.0,-602100000.0,0.0,-609800000.0,-47400000.0,-24100000.0,429600000.0,-15900000.0,106700000.0,106700000.0,106700000.0,-28600000.0,-4900000.0,0.016,1021900000.0,368600000.0,711900000.0,0.0,1.947,35.71,35.485,791700000.0,0.0,34.42,0.559,0.559,1133900000.0,1491600000.0,6816500000.0,6816500000.0,0.0,0.016,0.053,0.067,0.047,32500000.0,1021900000.0,1.0,110700000.0,110800000,116100000.0,61.521,5074400000.0,0.0,57300000.0,80000000.0,45.798,2069800000.0
34,TEX,MRT,2012-12-31,2012-12-31,2012-12-31,2021-08-02,-124100000.0,6746200000.0,6983575000.0,3797400000.0,2948800000.0,1.0,18.202,-82500000.0,678000000.0,678000000.0,5582100000.0,103600000.0,2.222,2.225,2098700000.0,83800000.0,2014900000.0,2098700000.0,0.0,153000000.0,312900000.0,0.0,0.0,321900000.0,474900000.0,0.068,474900000.0,321900000.0,157300000.0,0.96,0.93,0.96,2007700000.0,2012150000.0,2007700000.0,4627355000.0,14.0,9.744,209800000.0,1.902,1.0,1400100000.0,0.201,1719700000.0,164600000.0,4738400000.0,4978775000.0,1632200000.0,0.0,0.0,0.0,4468000000.0,1708800000.0,2759200000.0,3106155000.0,-96100000.0,3500000.0,0.0,-298700000.0,0.0,-323300000.0,-76300000.0,-24100000.0,292300000.0,11200000.0,105800000.0,105800000.0,105800000.0,-28800000.0,-2200000.0,0.015,1033300000.0,366800000.0,600200000.0,0.0,1.547,29.359,29.281,806800000.0,0.0,28.11,0.445,0.444,1026600000.0,1467700000.0,6982200000.0,6982200000.0,0.0,0.015,0.053,0.065,0.046,29100000.0,1033300000.0,1.0,110500000.0,110300000,113900000.0,63.302,5026500000.0,0.0,51500000.0,0.0,45.571,2088600000.0
35,TEX,MRT,2012-09-30,2012-09-30,2012-09-30,2021-08-02,-108600000.0,6754300000.0,7062875000.0,3795200000.0,2959100000.0,1.028,18.594,-71600000.0,542600000.0,542600000.0,5859100000.0,133100000.0,2.157,2.163,2063800000.0,79000000.0,1984800000.0,2063800000.0,0.0,149600000.0,254200000.0,0.0,0.0,358500000.0,508100000.0,0.07,508100000.0,358500000.0,186800000.0,1.23,1.22,1.23,2054600000.0,1987800000.0,2054600000.0,4056390000.0,11.0,7.983,197500000.0,1.787,1.0,1403800000.0,0.193,1706700000.0,171700000.0,4809000000.0,5030775000.0,1760900000.0,0.0,0.0,0.0,4443300000.0,1759800000.0,2683500000.0,2495090000.0,-142300000.0,-21700000.0,0.0,-283700000.0,0.0,-328200000.0,-78700000.0,-14100000.0,269100000.0,-4500000.0,136200000.0,136200000.0,136200000.0,-15200000.0,-3100000.0,0.019,1023300000.0,380500000.0,738900000.0,0.0,1.214,18.319,18.358,805900000.0,0.0,22.58,0.344,0.344,1174100000.0,1501000000.0,7262900000.0,7262900000.0,0.0,0.019,0.069,0.071,0.049,27200000.0,1023300000.0,1.0,110500000.0,110500000,113300000.0,65.728,5047600000.0,173600000.0,50600000.0,54400000.0,45.68,2035400000.0
36,TEX,MRT,2012-06-30,2012-06-30,2012-06-30,2021-08-02,-152100000.0,7087500000.0,7205975000.0,4168200000.0,2919300000.0,1.005,18.022,-81600000.0,841500000.0,841500000.0,5943700000.0,137900000.0,2.318,2.436,2402800000.0,60500000.0,2342300000.0,2402800000.0,0.0,150100000.0,222900000.0,0.0,0.0,385100000.0,535200000.0,0.074,535200000.0,385100000.0,218900000.0,1.3,1.28,1.3,1989600000.0,1972075000.0,1989600000.0,3603732000.0,9.0,6.733,177800000.0,1.611,1.0,1300800000.0,0.18,1689600000.0,166200000.0,5161000000.0,5104525000.0,1734800000.0,0.0,0.0,0.0,4846400000.0,1798200000.0,3048200000.0,1968432000.0,139500000.0,-1035200000.0,0.0,864000000.0,0.0,823100000.0,-880100000.0,-18700000.0,259400000.0,-62900000.0,142900000.0,142900000.0,142900000.0,-15200000.0,-5000000.0,0.02,999600000.0,301200000.0,829800000.0,0.0,0.989,13.775,13.715,801700000.0,0.0,17.83,0.272,0.272,1266700000.0,1472100000.0,7244500000.0,7244500000.0,0.0,0.02,0.072,0.075,0.053,25200000.0,999600000.0,1.0,110400000.0,110400000,111400000.0,65.62,5397900000.0,170400000.0,76000000.0,71000000.0,48.894,2370000000.0
37,TEX,MRT,2012-03-31,2012-03-31,2012-03-31,2021-08-02,-62400000.0,7346300000.0,6804825000.0,4292500000.0,3053800000.0,0.988,18.168,-85300000.0,973200000.0,973200000.0,5634100000.0,53900000.0,2.17,2.543,2608500000.0,243300000.0,2365200000.0,2608500000.0,0.0,139200000.0,228000000.0,0.0,0.0,251900000.0,391100000.0,0.058,391100000.0,251900000.0,104700000.0,0.52,0.51,0.52,1996700000.0,2019225000.0,1996700000.0,3996800000.0,16.0,10.219,-64500000.0,-0.587,1.0,1087100000.0,0.162,1797000000.0,147200000.0,5206700000.0,4852600000.0,1827000000.0,0.0,0.0,0.0,5076800000.0,1977900000.0,3098900000.0,2470500000.0,249500000.0,-1035200000.0,0.0,1058100000.0,0.0,1018600000.0,-766400000.0,-16100000.0,20800000.0,-23500000.0,56500000.0,56500000.0,56500000.0,-13800000.0,-2600000.0,0.008,954100000.0,133000000.0,818900000.0,0.0,1.237,43.726,43.269,837100000.0,0.0,22.5,0.368,0.368,1210000000.0,1384900000.0,6721200000.0,6721200000.0,0.0,0.008,0.028,0.052,0.037,23500000.0,954100000.0,1.0,109800000.0,109900000,114300000.0,61.157,5549300000.0,142600000.0,48200000.0,65800000.0,50.494,2314600000.0
38,TEX,MRT,2011-12-31,2011-12-31,2011-12-31,2021-08-02,-125500000.0,7063400000.0,6321475000.0,4053200000.0,3010200000.0,0.974,17.446,-79100000.0,774100000.0,774100000.0,5234500000.0,40700000.0,2.144,2.552,2300400000.0,77000000.0,2223400000.0,2300400000.0,0.0,126600000.0,223200000.0,0.0,0.0,225500000.0,352100000.0,0.057,352100000.0,225500000.0,90600000.0,0.41,0.41,0.41,1910300000.0,2059525000.0,1910300000.0,3113747000.0,14.0,8.843,-56400000.0,-0.515,1.0,923500000.0,0.15,1752400000.0,134900000.0,4946400000.0,4579050000.0,1758100000.0,0.0,0.0,0.0,4875000000.0,1890900000.0,2984100000.0,1482047000.0,-120100000.0,-1035200000.0,0.0,478900000.0,0.0,450600000.0,-592500000.0,-16100000.0,22700000.0,-900000.0,45200000.0,45200000.0,45200000.0,-20500000.0,-4500000.0,0.007,863600000.0,59900000.0,764600000.0,0.0,0.776,32.789,32.951,835500000.0,0.0,13.51,0.241,0.24,1178100000.0,1361900000.0,6158000000.0,6158000000.0,0.0,0.007,0.022,0.049,0.037,23400000.0,863600000.0,1.0,109700000.0,109500000,110700000.0,56.237,5311000000.0,0.0,45400000.0,185200000.0,48.502,2162300000.0
39,TEX,MRT,2011-09-30,2011-09-30,2011-09-30,2021-08-02,-47900000.0,7326700000.0,5934725000.0,4171800000.0,3154900000.0,0.99,18.172,-81700000.0,684900000.0,684900000.0,5031300000.0,-2700000.0,2.062,2.539,2316600000.0,74600000.0,2242000000.0,2316600000.0,0.0,119800000.0,214600000.0,0.0,0.0,185600000.0,305400000.0,0.052,305400000.0,185600000.0,54400000.0,0.03,0.01,0.03,1991700000.0,2102750000.0,1991700000.0,1848996000.0,10.0,6.054,-330600000.0,-3.016,1.0,843300000.0,0.144,1831000000.0,131200000.0,5104000000.0,4342700000.0,1893500000.0,2700000.0,2700000.0,0.0,5057900000.0,2023400000.0,3034500000.0,1124496000.0,-669400000.0,-1026300000.0,0.0,182300000.0,0.0,187200000.0,-600700000.0,-35400000.0,-248900000.0,-7000000.0,2800000.0,2800000.0,2800000.0,1400000.0,-5500000.0,0.0,793700000.0,49600000.0,804600000.0,0.0,0.565,401.606,342.0,879300000.0,0.0,10.26,0.191,0.191,1202300000.0,1364800000.0,5874600000.0,5874600000.0,0.0,0.0,0.001,0.043,0.032,25100000.0,793700000.0,1.0,109600000.0,109600000,110300000.0,53.6,5495700000.0,188400000.0,51600000.0,234400000.0,50.143,2148400000.0
40,TEX,MRT,2011-06-30,2011-06-30,2011-06-30,2021-08-02,180100000.0,5482900000.0,5529725000.0,3846400000.0,1636500000.0,0.931,19.892,-67000000.0,702000000.0,702000000.0,4415200000.0,-130500000.0,2.5,1.504,1426500000.0,73900000.0,1352600000.0,1426500000.0,0.0,108500000.0,119700000.0,0.0,0.0,56300000.0,164800000.0,0.032,164800000.0,56300000.0,-73900000.0,-1.19,-1.2,-1.19,2178200000.0,2120900000.0,2178200000.0,3811520000.0,68.0,23.128,-655500000.0,-5.986,1.0,731600000.0,0.142,515300000.0,130200000.0,4153300000.0,4139100000.0,1685700000.0,254600000.0,254600000.0,0.0,3275700000.0,1538800000.0,1736900000.0,3118120000.0,-811600000.0,-12800000.0,0.0,-553800000.0,0.0,-549200000.0,184200000.0,-30800000.0,-588500000.0,141900000.0,-129900000.0,-129900000.0,-129900000.0,1400000.0,-600000.0,-0.025,731000000.0,600000.0,651600000.0,0.0,1.432,-24.004,-23.908,588400000.0,0.0,28.45,0.606,0.605,940200000.0,1327900000.0,5146800000.0,5146800000.0,0.0,-0.023,-0.061,0.014,0.011,30000000.0,731000000.0,1.0,109600000.0,109500000,114800000.0,47.003,4967600000.0,125300000.0,56000000.0,195700000.0,45.366,2307600000.0
41,TEX,MRT,2011-03-31,2011-03-31,2011-03-31,2021-08-02,165900000.0,5412900000.0,5552325000.0,3809600000.0,1603300000.0,0.853,19.761,-59900000.0,723700000.0,723700000.0,4066900000.0,-168200000.0,2.565,1.495,1417100000.0,62800000.0,1354300000.0,1417100000.0,0.0,103800000.0,108500000.0,0.0,0.0,-15900000.0,87900000.0,0.019,87900000.0,-15900000.0,-153600000.0,-1.56,-1.57,-1.56,2157900000.0,2046625000.0,2157900000.0,4833164000.0,-304.0,54.985,-703800000.0,-6.445,1.0,671600000.0,0.142,508600000.0,137700000.0,4112500000.0,4141325000.0,1565900000.0,367300000.0,367300000.0,0.0,3226200000.0,1485200000.0,1741000000.0,4041064000.0,-1072500000.0,-12800000.0,0.0,-573700000.0,0.0,-572700000.0,79900000.0,-19300000.0,-643900000.0,64200000.0,-169700000.0,-169700000.0,-169700000.0,27200000.0,1500000.0,-0.036,688200000.0,-16600000.0,626100000.0,0.0,1.873,-23.813,-23.744,590200000.0,0.0,37.04,0.853,0.854,896600000.0,1328400000.0,4738500000.0,4738500000.0,0.0,-0.031,-0.083,-0.004,-0.003,31700000.0,688200000.0,1.0,109100000.0,109200000,116600000.0,43.393,4904300000.0,112900000.0,16100000.0,189600000.0,44.911,2324400000.0
42,TEX,MRT,2010-12-31,2010-12-31,2010-12-31,2021-08-02,100400000.0,5516400000.0,5698125000.0,3968900000.0,1547500000.0,0.775,19.165,-55000000.0,894200000.0,894200000.0,3815300000.0,362500000.0,2.371,1.635,1686300000.0,346800000.0,1339500000.0,1686300000.0,0.0,104800000.0,95800000.0,0.0,0.0,477100000.0,581900000.0,0.132,581900000.0,477100000.0,331700000.0,3.3,3.3,3.3,2083200000.0,2032750000.0,2083200000.0,3999156000.0,8.0,6.873,-718200000.0,-6.607,1.0,602900000.0,0.136,633300000.0,145400000.0,4001000000.0,4175050000.0,1448700000.0,521400000.0,521400000.0,0.0,3405000000.0,1674200000.0,1730800000.0,3380256000.0,-77000000.0,989200000.0,0.0,-299400000.0,0.0,-315700000.0,903900000.0,-40400000.0,-663200000.0,-2000000.0,358500000.0,358500000.0,358500000.0,0.0,4000000.0,0.081,676700000.0,-73800000.0,570000000.0,0.0,1.623,9.429,9.406,573500000.0,0.0,31.04,0.765,0.764,782500000.0,1316700000.0,4418200000.0,4418200000.0,0.0,0.063,0.176,0.114,0.108,34900000.0,676700000.0,1.0,108900000.0,108700000,108700000.0,40.646,4883100000.0,113900000.0,-26800000.0,186800000.0,44.923,2294700000.0
43,TEX,MRT,2010-09-30,2010-09-30,2010-09-30,2021-08-02,40900000.0,5706700000.0,5747475000.0,4159400000.0,1547300000.0,0.714,18.973,-44700000.0,1354300000.0,1354300000.0,3591100000.0,264600000.0,2.701,1.754,1973200000.0,316800000.0,1656400000.0,1973200000.0,0.0,103300000.0,118500000.0,0.0,0.0,372700000.0,476000000.0,0.116,476000000.0,372700000.0,227000000.0,2.39,2.39,2.39,2064300000.0,1924500000.0,2064300000.0,2938604000.0,8.0,6.174,-598300000.0,-5.499,1.0,511900000.0,0.125,496200000.0,145700000.0,4289600000.0,4346025000.0,1488100000.0,403800000.0,403800000.0,0.0,3621600000.0,1539800000.0,2081800000.0,2491404000.0,321100000.0,1002000000.0,0.0,-57800000.0,0.0,-74400000.0,941200000.0,-21100000.0,-553600000.0,7900000.0,261000000.0,261000000.0,261000000.0,27200000.0,3600000.0,0.064,660500000.0,-148600000.0,568400000.0,0.0,1.207,9.546,9.59,570700000.0,0.0,22.92,0.607,0.608,727400000.0,1362000000.0,4103000000.0,4103000000.0,0.0,0.045,0.136,0.086,0.091,34300000.0,660500000.0,1.0,108700000.0,108800000,108800000.0,37.711,5210500000.0,142800000.0,-34000000.0,63000000.0,47.891,2619600000.0
44,TEX,MRT,2010-06-30,2010-06-30,2010-06-30,2021-08-02,-230800000.0,5573300000.0,5797725000.0,4068500000.0,1504800000.0,0.683,17.305,-40100000.0,1513600000.0,1513600000.0,3543600000.0,257100000.0,2.93,1.952,1960800000.0,59700000.0,1901100000.0,1960800000.0,0.0,102600000.0,116700000.0,0.0,0.0,295700000.0,398300000.0,0.101,398300000.0,295700000.0,153600000.0,2.32,2.32,2.32,1881100000.0,1863300000.0,1881100000.0,2208838000.0,7.0,5.546,-335100000.0,-3.083,1.0,417500000.0,0.105,469900000.0,142100000.0,4162200000.0,4451375000.0,1336200000.0,276300000.0,276300000.0,0.0,3672300000.0,1388400000.0,2283900000.0,2037038000.0,575100000.0,992200000.0,0.0,30400000.0,0.0,6900000.0,938900000.0,-21100000.0,-295000000.0,-75700000.0,253700000.0,253700000.0,253700000.0,27200000.0,3400000.0,0.064,670000000.0,-252500000.0,604700000.0,0.0,1.083,8.029,8.078,541100000.0,0.0,18.74,0.514,0.514,669400000.0,1457800000.0,3961100000.0,3961100000.0,0.0,0.044,0.136,0.066,0.075,31300000.0,670000000.0,1.0,108700000.0,108700000,108700000.0,36.441,5103400000.0,262100000.0,-100100000.0,135100000.0,46.949,2680100000.0
45,TEX,MRT,2010-03-31,2010-03-31,2010-03-31,2021-08-02,-41600000.0,5996100000.0,5748700000.0,4394100000.0,1602000000.0,0.666,19.395,-40800000.0,1796200000.0,1796200000.0,3500100000.0,218800000.0,3.075,1.842,1968000000.0,63600000.0,1904400000.0,1968000000.0,0.0,99200000.0,109100000.0,0.0,0.0,232400000.0,331600000.0,0.087,331600000.0,232400000.0,100500000.0,1.91,1.91,1.91,2102400000.0,1858075000.0,2102400000.0,3496393000.0,15.0,10.544,-35200000.0,-0.325,1.0,328400000.0,0.086,491500000.0,131900000.0,4247400000.0,4507575000.0,1322500000.0,384300000.0,384300000.0,0.0,3872000000.0,1429000000.0,2443000000.0,2459493000.0,1451900000.0,992200000.0,156300000.0,359100000.0,0.0,494000000.0,935800000.0,-21100000.0,5600000.0,16500000.0,216400000.0,216400000.0,216400000.0,-22000000.0,2400000.0,0.057,685600000.0,-357200000.0,569100000.0,0.0,1.17,11.365,11.89,573600000.0,0.0,22.71,0.642,0.643,608900000.0,1498100000.0,3828500000.0,3828500000.0,0.0,0.038,0.116,0.052,0.061,31400000.0,685600000.0,1.0,108300000.0,108400000,108400000.0,35.318,5504600000.0,203100000.0,-115900000.0,0.0,50.78,2965100000.0
46,TEX,MRT,2009-12-31,2009-12-31,2009-12-31,2021-08-02,36000000.0,5713800000.0,5479875000.0,3914600000.0,1799200000.0,0.704,16.084,-50400000.0,929500000.0,929500000.0,3561400000.0,-397300000.0,2.518,2.448,1966400000.0,73700000.0,1892700000.0,1966400000.0,0.0,93400000.0,131800000.0,0.0,0.0,-396400000.0,-303000000.0,-0.079,-303000000.0,-396400000.0,-515800000.0,-3.88,-3.88,-3.88,1650200000.0,1724925000.0,1650200000.0,3111161000.0,-8.0,-10.268,-88100000.0,-0.859,1.0,297000000.0,0.077,511100000.0,119400000.0,4684900000.0,4491100000.0,1343900000.0,600000.0,600000.0,0.0,4039400000.0,1554700000.0,2484700000.0,2141461000.0,486800000.0,-9800000.0,156300000.0,412100000.0,0.0,558600000.0,-61100000.0,0.0,-37700000.0,27000000.0,-398400000.0,-398400000.0,-398400000.0,0.0,1100000.0,-0.103,698700000.0,-401700000.0,525100000.0,0.0,1.298,-5.375,-5.106,605000000.0,0.0,19.81,0.555,0.527,593800000.0,958200000.0,3858400000.0,3858400000.0,0.0,-0.073,-0.231,-0.088,-0.103,31800000.0,698700000.0,1.0,108100000.0,102600000,102600000.0,37.606,5202700000.0,271200000.0,-117400000.0,38700000.0,50.709,2359900000.0
47,TEX,MRT,2009-09-30,2009-09-30,2009-09-30,2021-08-02,66500000.0,5907700000.0,5412775000.0,4124200000.0,1783500000.0,0.553,16.832,-54600000.0,1033200000.0,1033200000.0,2870600000.0,-674000000.0,2.575,2.234,2002900000.0,90800000.0,1912100000.0,2002900000.0,0.0,70800000.0,166200000.0,0.0,0.0,-761200000.0,-690400000.0,-0.231,-690400000.0,-761200000.0,-868600000.0,-6.76,-6.68,-6.76,1819500000.0,1742800000.0,1819500000.0,3036940000.0,-4.0,-4.399,158200000.0,1.463,1.0,122100000.0,0.041,564700000.0,107400000.0,4711000000.0,4374775000.0,2018500000.0,0.0,0.0,0.0,4065200000.0,1601700000.0,2463500000.0,2238840000.0,545300000.0,-13200000.0,154000000.0,267400000.0,0.0,415800000.0,-85600000.0,0.0,212800000.0,2300000.0,-677100000.0,-677100000.0,-677100000.0,-45600000.0,3100000.0,-0.226,1072100000.0,-950000000.0,625900000.0,0.0,1.23,-3.307,-3.067,705600000.0,0.0,20.73,0.748,0.749,678300000.0,1101000000.0,2992700000.0,2992700000.0,0.0,-0.125,-0.389,-0.174,-0.254,35600000.0,612200000.0,1.0,108000000.0,108100000,108100000.0,27.685,5343000000.0,283000000.0,-191500000.0,0.0,49.426,2522500000.0
48,TEX,MRT,2009-06-30,2009-06-30,2009-06-30,2021-08-02,11100000.0,5377200000.0,5557375000.0,3942000000.0,1435200000.0,0.823,18.771,-70900000.0,938500000.0,938500000.0,4074600000.0,-477300000.0,3.005,1.881,1736600000.0,51400000.0,1685200000.0,1736600000.0,0.0,73600000.0,94700000.0,0.0,0.0,-498000000.0,-424400000.0,-0.093,-424400000.0,-498000000.0,-599300000.0,-4.83,-4.77,-4.83,1860200000.0,1863650000.0,1860200000.0,2288771000.0,-5.0,-5.393,135200000.0,1.364,1.0,498800000.0,0.109,476300000.0,101300000.0,4387000000.0,4307400000.0,2002100000.0,0.0,0.0,0.0,3498500000.0,1312000000.0,2186500000.0,1150271000.0,348500000.0,-3400000.0,-105600000.0,395500000.0,0.0,289100000.0,-73900000.0,0.0,206100000.0,-72800000.0,-480200000.0,-480200000.0,-480200000.0,-45600000.0,2900000.0,-0.105,1181300000.0,-682500000.0,518900000.0,0.0,0.618,-2.395,-2.499,495500000.0,0.0,12.07,0.252,0.262,639800000.0,1204100000.0,4573400000.0,4573400000.0,0.0,-0.086,-0.258,-0.116,-0.109,43000000.0,721400000.0,1.0,95300000.0,99100000,99100000.0,46.149,4900900000.0,270700000.0,-119100000.0,0.0,49.454,2630000000.0
49,TEX,MRT,2009-03-31,2009-03-31,2009-03-31,2021-08-02,-156700000.0,4920800000.0,5961525000.0,3523200000.0,1397600000.0,1.101,16.559,-96900000.0,344300000.0,344300000.0,5477800000.0,-163000000.0,2.469,2.122,1482800000.0,37600000.0,1445200000.0,1482800000.0,0.0,79300000.0,103400000.0,0.0,0.0,-28800000.0,50500000.0,0.008,50500000.0,-28800000.0,-129200000.0,-1.7,-1.67,-1.7,1569800000.0,2064750000.0,1569800000.0,1830150000.0,-64.0,36.241,140600000.0,1.483,1.0,1084200000.0,0.165,451100000.0,100400000.0,4181500000.0,4267700000.0,2151900000.0,0.0,0.0,0.0,3331300000.0,1426700000.0,1904600000.0,878750000.0,-259900000.0,-42400000.0,-351800000.0,85600000.0,0.0,-266700000.0,-137600000.0,0.0,237500000.0,-93100000.0,-166300000.0,-166300000.0,-166300000.0,-23600000.0,3300000.0,-0.025,1280700000.0,-196500000.0,647500000.0,0.0,0.56,-5.284,-5.441,475600000.0,0.0,9.25,0.134,0.134,701800000.0,1281800000.0,6562000000.0,6562000000.0,0.0,-0.028,-0.081,-0.007,-0.004,47500000.0,820800000.0,1.0,95000000.0,94800000,94800000.0,69.219,4469700000.0,234500000.0,37100000.0,0.0,47.149,2096500000.0
50,TEX,MRT,2008-12-31,2008-12-31,2008-12-31,2021-08-02,-82300000.0,5445400000.0,6414150000.0,4040900000.0,1404500000.0,1.241,17.55,-103600000.0,450400000.0,450400000.0,6427800000.0,75700000.0,2.215,2.15,1435500000.0,39100000.0,1396400000.0,1435500000.0,0.0,80300000.0,45000000.0,0.0,0.0,333100000.0,413400000.0,0.052,413400000.0,333100000.0,230600000.0,0.73,0.73,0.73,1721700000.0,2306825000.0,1721700000.0,2723968000.0,8.0,6.589,82700000.0,0.843,1.0,1531100000.0,0.192,386300000.0,102500000.0,4219600000.0,4251000000.0,1733800000.0,0.0,0.0,0.0,3701500000.0,1824600000.0,1876900000.0,1643668000.0,-788000000.0,-481500000.0,-395500000.0,36700000.0,0.0,-351800000.0,-579300000.0,0.0,186300000.0,-43200000.0,71900000.0,71900000.0,71900000.0,0.0,3800000.0,0.009,1360300000.0,170800000.0,789100000.0,0.0,0.955,22.86,23.726,435000000.0,0.0,17.32,0.207,0.213,804100000.0,1356600000.0,7958900000.0,7958900000.0,0.0,0.011,0.031,0.078,0.042,49300000.0,900400000.0,1.0,94900000.0,98100000,98100000.0,81.13,5059100000.0,176900000.0,158700000.0,0.0,51.571,2216300000.0
51,TEX,MRT,2008-09-30,2008-09-30,2008-09-30,2021-08-02,86500000.0,6486100000.0,6631875000.0,4603200000.0,1882900000.0,1.393,23.964,-114200000.0,487900000.0,487900000.0,7363500000.0,675200000.0,2.117,1.816,1568200000.0,35000000.0,1533200000.0,1568200000.0,0.0,87700000.0,139600000.0,0.0,0.0,1025900000.0,1113600000.0,0.121,1113600000.0,1025900000.0,929000000.0,6.66,6.52,6.66,2302900000.0,2462200000.0,2302900000.0,3732444000.0,4.0,3.352,249200000.0,2.593,1.0,1874400000.0,0.203,950400000.0,96900000.0,4441500000.0,4076500000.0,2449300000.0,0.0,0.0,0.0,4183200000.0,2174500000.0,2008700000.0,2966544000.0,-28700000.0,-489300000.0,-487200000.0,834000000.0,0.0,345300000.0,-738300000.0,0.0,363400000.0,900000.0,667400000.0,667400000.0,667400000.0,-84900000.0,7800000.0,0.072,969300000.0,905100000.0,1219900000.0,0.0,1.288,4.445,4.583,485000000.0,0.0,30.52,0.321,0.317,1300800000.0,1778100000.0,9237900000.0,9237900000.0,0.0,0.101,0.271,0.252,0.111,52500000.0,969300000.0,1.0,97200000.0,96100000,98100000.0,96.128,5535700000.0,235100000.0,261600000.0,0.0,57.604,2428700000.0
52,TEX,MRT,2008-06-30,2008-06-30,2008-06-30,2021-08-02,354900000.0,6993800000.0,6382600000.0,5044200000.0,1949600000.0,1.398,26.513,-116100000.0,590000000.0,590000000.0,7027300000.0,732200000.0,2.001,1.625,1355900000.0,36100000.0,1319800000.0,1355900000.0,0.0,78300000.0,112600000.0,0.0,0.0,1105400000.0,1183700000.0,0.133,1183700000.0,1105400000.0,1020300000.0,7.16,7.01,7.16,2664600000.0,2450075000.0,2664600000.0,5952433000.0,5.0,5.029,278200000.0,2.768,1.0,1892500000.0,0.212,1010600000.0,85100000.0,4228200000.0,3723425000.0,2530200000.0,0.0,0.0,0.0,4329200000.0,2520900000.0,1808300000.0,5183233000.0,136600000.0,-490200000.0,-273200000.0,683600000.0,0.0,417400000.0,-756300000.0,0.0,394300000.0,81200000.0,725100000.0,725100000.0,725100000.0,-84900000.0,7100000.0,0.081,918300000.0,974200000.0,1451100000.0,0.0,1.945,7.148,7.175,502600000.0,0.0,51.37,0.581,0.579,1512800000.0,1684300000.0,8919800000.0,8919800000.0,0.0,0.114,0.296,0.297,0.124,51200000.0,918300000.0,1.0,100900000.0,100500000,102000000.0,88.754,5983200000.0,261900000.0,295200000.0,0.0,59.534,2523300000.0
53,TEX,MRT,2008-03-31,2008-03-31,2008-03-31,2021-08-02,337300000.0,6731300000.0,5954300000.0,4788900000.0,1942400000.0,1.398,25.105,-98900000.0,604200000.0,604200000.0,6577700000.0,669700000.0,2.026,1.652,1373400000.0,26900000.0,1346500000.0,1373400000.0,0.0,72100000.0,140300000.0,0.0,0.0,1014000000.0,1086100000.0,0.13,1086100000.0,1014000000.0,938500000.0,6.51,6.35,6.51,2538100000.0,2302275000.0,2538100000.0,6429600000.0,6.0,5.92,236900000.0,2.343,1.0,1748400000.0,0.21,1022300000.0,75500000.0,4114700000.0,3362575000.0,2362000000.0,0.0,0.0,0.0,4193200000.0,2363500000.0,1829700000.0,6350000000.0,173000000.0,-451200000.0,-198700000.0,645300000.0,0.0,459200000.0,-700100000.0,0.0,335800000.0,78100000.0,663400000.0,663400000.0,663400000.0,-84900000.0,6300000.0,0.08,860600000.0,887800000.0,1411800000.0,0.0,2.502,9.572,9.601,475600000.0,0.0,62.5,0.763,0.759,1407500000.0,1448000000.0,8326100000.0,8326100000.0,0.0,0.111,0.288,0.302,0.122,48100000.0,860600000.0,1.0,101600000.0,101100000,103000000.0,82.355,5709000000.0,285700000.0,275100000.0,0.0,56.469,2425400000.0
54,TEX,MRT,2007-12-31,2007-12-31,2007-12-31,2021-08-02,256600000.0,6316300000.0,5509125000.0,4776900000.0,1539400000.0,1.448,22.883,-96300000.0,1272400000.0,1272400000.0,6329700000.0,619200000.0,2.196,1.696,1352000000.0,32500000.0,1319500000.0,1352000000.0,0.0,68000000.0,181800000.0,0.0,0.0,938200000.0,1006200000.0,0.126,1006200000.0,938200000.0,874000000.0,6.0,5.85,6.0,2343200000.0,2130725000.0,2343200000.0,6916482000.0,7.0,6.874,265100000.0,2.589,1.0,1646400000.0,0.206,699000000.0,64200000.0,3521600000.0,3001775000.0,1934300000.0,0.0,0.0,0.0,3973100000.0,2175300000.0,1797800000.0,6727482000.0,595700000.0,-12100000.0,-156200000.0,567000000.0,0.0,431100000.0,-251500000.0,0.0,361400000.0,54700000.0,613900000.0,613900000.0,613900000.0,-84900000.0,5300000.0,0.077,814200000.0,832200000.0,1212900000.0,0.0,2.871,10.959,10.928,419400000.0,0.0,65.57,0.843,0.842,1195800000.0,1284700000.0,7976100000.0,7976100000.0,0.0,0.111,0.288,0.313,0.118,42000000.0,814200000.0,1.0,102600000.0,102400000,104900000.0,77.892,5617300000.0,309400000.0,260100000.0,0.0,54.856,2601600000.0
55,TEX,MRT,2007-09-30,2007-09-30,2007-09-30,2021-08-02,267800000.0,5489000000.0,5126525000.0,4063600000.0,1425400000.0,1.674,21.973,-99200000.0,516600000.0,516600000.0,6822000000.0,540800000.0,2.021,1.435,705600000.0,27600000.0,678000000.0,705600000.0,0.0,72800000.0,0.0,0.0,0.0,902600000.0,975400000.0,0.114,975400000.0,902600000.0,840300000.0,5.28,5.17,5.28,2254400000.0,1982675000.0,2254400000.0,9376262000.0,10.0,9.613,141800000.0,1.382,1.0,1758900000.0,0.205,637800000.0,62300000.0,3029200000.0,2674450000.0,2031100000.0,0.0,0.0,0.0,3234600000.0,2011000000.0,1223600000.0,9177962000.0,88300000.0,-900000.0,-55000000.0,-98300000.0,0.0,-126200000.0,-75900000.0,0.0,241000000.0,49400000.0,540800000.0,540800000.0,540800000.0,0.0,0.0,0.063,868000000.0,890900000.0,1178900000.0,0.0,4.071,16.971,16.86,386600000.0,0.0,89.02,1.07,1.064,1182300000.0,1110700000.0,8580900000.0,8580900000.0,0.0,0.105,0.273,0.337,0.105,36100000.0,868000000.0,1.0,103100000.0,102600000,104600000.0,83.635,4851200000.0,319700000.0,299500000.0,0.0,47.283,2052600000.0
56,TEX,MRT,2007-06-30,2007-06-30,2007-06-30,2021-08-02,204200000.0,5280600000.0,4902525000.0,3895800000.0,1384800000.0,1.691,20.169,-89100000.0,453400000.0,453400000.0,6626100000.0,490300000.0,1.893,1.547,651700000.0,24500000.0,627200000.0,651700000.0,0.0,72800000.0,0.0,0.0,0.0,833500000.0,906300000.0,0.109,906300000.0,833500000.0,764500000.0,4.8,4.7,4.8,2073400000.0,1817000000.0,2073400000.0,8655230000.0,10.0,9.55,205500000.0,1.999,1.0,1662000000.0,0.201,636300000.0,69000000.0,2784800000.0,2548425000.0,1907400000.0,0.0,0.0,0.0,3207200000.0,2057800000.0,1149400000.0,8382030000.0,-72300000.0,54800000.0,-7400000.0,-397100000.0,0.0,-381800000.0,-12500000.0,0.0,294600000.0,27400000.0,490300000.0,490300000.0,490300000.0,4600000.0,0.0,0.059,816300000.0,845700000.0,1246100000.0,0.0,4.043,17.096,16.938,362300000.0,0.0,81.3,1.011,1.008,1214700000.0,959200000.0,8288100000.0,8288100000.0,0.0,0.1,0.27,0.327,0.101,29700000.0,816300000.0,1.0,103100000.0,102800000,104900000.0,80.624,4644300000.0,321100000.0,274200000.0,0.0,45.178,1838000000.0
57,TEX,MRT,2007-03-31,2007-03-31,2007-03-31,2021-08-02,165800000.0,4950600000.0,4787150000.0,3589800000.0,1360800000.0,1.664,18.12,-87000000.0,405200000.0,405200000.0,6418700000.0,434900000.0,1.873,1.673,678400000.0,17200000.0,661200000.0,678400000.0,0.0,72600000.0,0.0,0.0,0.0,757900000.0,830500000.0,0.104,830500000.0,757900000.0,677500000.0,4.29,4.2,4.29,1851900000.0,1671275000.0,1851900000.0,7448976000.0,10.0,8.969,261700000.0,2.561,1.0,1547600000.0,0.194,635600000.0,80400000.0,2671500000.0,2510600000.0,1759700000.0,0.0,0.0,0.0,3098700000.0,1916700000.0,1182000000.0,7362576000.0,-75700000.0,33500000.0,14100000.0,-464700000.0,0.0,-428200000.0,-32500000.0,0.0,348700000.0,36300000.0,434900000.0,434900000.0,434900000.0,-1400000.0,0.0,0.055,779200000.0,768400000.0,1143100000.0,0.0,3.976,16.929,16.727,350900000.0,0.0,71.76,0.924,0.921,1137700000.0,784600000.0,7966300000.0,7966300000.0,0.0,0.091,0.26,0.302,0.095,22700000.0,779200000.0,1.0,102600000.0,102200000,104700000.0,77.948,4315000000.0,316800000.0,242600000.0,0.0,42.221,1673100000.0
58,TEX,MRT,2006-12-31,2006-12-31,2006-12-31,2021-08-02,155200000.0,4785900000.0,4659825000.0,3432800000.0,1353100000.0,1.641,17.388,-78900000.0,676700000.0,676700000.0,6204500000.0,399900000.0,1.693,1.733,763100000.0,227000000.0,536100000.0,763100000.0,0.0,73000000.0,81200000.0,0.0,0.0,708800000.0,781800000.0,0.102,781800000.0,708800000.0,618100000.0,3.97,3.88,3.97,1751000000.0,1526825000.0,1751000000.0,6931186000.0,10.0,8.866,413400000.0,4.105,1.0,1443100000.0,0.189,632800000.0,90700000.0,2212300000.0,2556150000.0,1502000000.0,0.0,0.0,0.0,3034900000.0,2027200000.0,1007700000.0,6567786000.0,123100000.0,14900000.0,15300000.0,-381300000.0,0.0,-352700000.0,-51900000.0,0.0,492300000.0,35400000.0,399900000.0,399900000.0,399900000.0,-3400000.0,0.0,0.052,733600000.0,709500000.0,1034300000.0,0.0,3.751,16.424,16.267,338500000.0,0.0,64.58,0.859,0.85,950500000.0,707300000.0,7647600000.0,7647600000.0,0.0,0.086,0.262,0.277,0.093,26600000.0,733600000.0,1.0,101700000.0,100700000,103000000.0,75.944,4153100000.0,305400000.0,218200000.0,0.0,41.242,1405600000.0
59,TEX,MRT,2006-09-30,2006-09-30,2006-09-30,2021-08-02,113300000.0,4593000000.0,4513425000.0,3242000000.0,1351000000.0,1.592,15.759,-66000000.0,428300000.0,428300000.0,5878600000.0,333800000.0,1.781,1.886,791700000.0,41900000.0,749800000.0,791700000.0,0.0,73200000.0,0.0,0.0,0.0,606800000.0,680000000.0,0.095,680000000.0,606800000.0,508900000.0,3.33,3.24,3.33,1591700000.0,1379325000.0,1591700000.0,5110886000.0,8.0,7.516,354200000.0,3.507,1.0,1307700000.0,0.182,611300000.0,97900000.0,2525100000.0,2675650000.0,1550000000.0,0.0,0.0,0.0,3001300000.0,1820000000.0,1181300000.0,4580786000.0,40800000.0,14800000.0,9800000.0,-365600000.0,0.0,-345900000.0,-51200000.0,0.0,420200000.0,17700000.0,333800000.0,333800000.0,333800000.0,-800000.0,0.0,0.046,698400000.0,609300000.0,1039800000.0,0.0,2.878,13.723,13.58,318300000.0,0.0,45.22,0.637,0.636,950000000.0,606400000.0,7186300000.0,7186300000.0,0.0,0.074,0.242,0.227,0.084,25100000.0,695100000.0,1.0,101300000.0,101000000,103200000.0,71.151,3981700000.0,331700000.0,175100000.0,0.0,39.423,1422000000.0
60,TEX,MRT,2006-06-30,2006-06-30,2006-06-30,2021-08-02,125500000.0,4819100000.0,4411975000.0,3416100000.0,1403000000.0,1.536,14.875,-57200000.0,525700000.0,525700000.0,5597100000.0,284700000.0,1.617,2.233,1055800000.0,295400000.0,760400000.0,1055800000.0,0.0,74500000.0,0.0,0.0,0.0,537700000.0,612200000.0,0.09,612200000.0,537700000.0,437400000.0,2.85,2.77,2.85,1490500000.0,1268925000.0,1490500000.0,5570140000.0,10.0,9.099,232000000.0,2.315,1.0,1180300000.0,0.174,602600000.0,100300000.0,2633500000.0,2741650000.0,1539400000.0,0.0,0.0,0.0,3328600000.0,2113100000.0,1215500000.0,4954740000.0,99800000.0,-45500000.0,9800000.0,-116900000.0,0.0,-101600000.0,-102700000.0,0.0,289200000.0,14900000.0,284700000.0,284700000.0,284700000.0,-5700000.0,0.0,0.042,659500000.0,520800000.0,1111500000.0,0.0,3.324,17.403,17.316,366600000.0,0.0,49.35,0.731,0.73,1029400000.0,505400000.0,6777400000.0,6777400000.0,0.0,0.065,0.224,0.196,0.079,20300000.0,656200000.0,1.0,100400000.0,100200000,102600000.0,67.639,4216500000.0,332100000.0,152700000.0,0.0,42.081,1303000000.0
61,TEX,MRT,2006-03-31,2006-03-31,2006-03-31,2021-08-02,47900000.0,4441300000.0,4256425000.0,3124400000.0,1316900000.0,1.531,12.767,-54600000.0,506900000.0,506900000.0,5446300000.0,236700000.0,1.904,2.486,1122300000.0,52000000.0,1070300000.0,1122300000.0,0.0,75700000.0,0.0,0.0,0.0,465100000.0,540800000.0,0.083,540800000.0,465100000.0,367100000.0,2.38,2.31,2.38,1274100000.0,1172425000.0,1274100000.0,4749924000.0,10.0,8.783,282100000.0,2.827,1.0,1069800000.0,0.164,561700000.0,98000000.0,2853700000.0,2763600000.0,1435500000.0,0.0,0.0,0.0,3167200000.0,1641300000.0,1525900000.0,3969924000.0,220600000.0,-24700000.0,4400000.0,-21000000.0,0.0,-20000000.0,-77700000.0,0.0,336700000.0,-18400000.0,236700000.0,236700000.0,236700000.0,300000.0,0.0,0.036,619300000.0,450500000.0,992800000.0,0.0,3.116,16.772,16.647,340600000.0,0.0,39.62,0.609,0.607,897900000.0,386200000.0,6516100000.0,6516100000.0,0.0,0.056,0.202,0.168,0.071,17300000.0,616000000.0,1.0,100200000.0,99800000,102400000.0,65.292,3879600000.0,321500000.0,130400000.0,0.0,38.874,1483100000.0
62,TEX,MRT,2005-12-31,2005-12-31,2005-12-31,2021-08-02,26200000.0,4200300000.0,4193350000.0,2903500000.0,1296800000.0,1.468,11.68,-48600000.0,553600000.0,553600000.0,5209200000.0,188500000.0,1.904,2.618,1123900000.0,48100000.0,1075800000.0,1123900000.0,0.0,75600000.0,0.0,0.0,0.0,386100000.0,461700000.0,0.075,461700000.0,386100000.0,289800000.0,1.9,1.84,1.9,1161000000.0,1131600000.0,1161000000.0,3742660000.0,10.0,8.106,224800000.0,2.262,1.0,947300000.0,0.154,555700000.0,96300000.0,2690300000.0,2764250000.0,1318200000.0,0.0,0.0,0.0,3039300000.0,1524600000.0,1514700000.0,2934360000.0,134800000.0,-9700000.0,5100000.0,-35500000.0,0.0,-49000000.0,-56700000.0,0.0,273400000.0,-32900000.0,188500000.0,188500000.0,188500000.0,-900000.0,0.0,0.031,576900000.0,370400000.0,913400000.0,0.0,2.527,15.567,15.632,329900000.0,0.0,29.7,0.477,0.48,735000000.0,307400000.0,6156500000.0,6156500000.0,0.0,0.045,0.167,0.14,0.063,10700000.0,573600000.0,1.0,98800000.0,99400000,102200000.0,61.937,3644600000.0,332600000.0,101300000.0,0.0,36.666,1378900000.0
63,TEX,MRT,2005-09-30,2005-09-30,2005-09-30,2021-08-02,60800000.0,4187200000.0,4188050000.0,2764900000.0,1422300000.0,1.399,11.547,-50000000.0,387500000.0,387500000.0,4991400000.0,351100000.0,1.792,2.641,1150500000.0,57400000.0,1093100000.0,1150500000.0,0.0,71500000.0,0.0,0.0,0.0,340500000.0,412000000.0,0.07,412000000.0,340500000.0,247800000.0,3.555,3.44,3.555,1150100000.0,1125150000.0,1150100000.0,3250142000.0,10.0,7.889,116500000.0,1.17,1.0,868800000.0,0.148,618600000.0,92700000.0,2789100000.0,2782300000.0,1352800000.0,0.0,0.0,0.0,3037100000.0,1542500000.0,1494600000.0,2441842000.0,-4800000.0,-53700000.0,4300000.0,-46100000.0,0.0,-60600000.0,-101500000.0,0.0,166500000.0,-9200000.0,351100000.0,351100000.0,351100000.0,-3800000.0,0.0,0.06,538400000.0,330400000.0,897000000.0,0.0,2.123,6.955,6.952,336500000.0,0.0,24.715,0.417,0.42,800800000.0,272600000.0,5860200000.0,5860200000.0,0.0,0.084,0.312,0.122,0.058,13400000.0,538400000.0,1.0,98800000.0,99600000,102200000.0,58.837,3568600000.0,290200000.0,-103300000.0,0.0,35.829,1222400000.0
64,TEX,MRT,2005-06-30,2005-06-30,2005-06-30,2021-08-02,70400000.0,4196900000.0,4078450000.0,2759200000.0,1437700000.0,1.377,11.112,-45000000.0,425900000.0,425900000.0,4802600000.0,343900000.0,1.741,2.8,1159500000.0,57200000.0,1102300000.0,1159500000.0,0.0,69700000.0,0.0,0.0,0.0,305900000.0,375600000.0,0.067,375600000.0,305900000.0,213700000.0,3.49,3.365,3.49,1104500000.0,1046200000.0,1104500000.0,2754660000.0,9.0,7.334,134100000.0,1.349,1.0,815000000.0,0.145,624200000.0,92200000.0,2721300000.0,2728050000.0,1288600000.0,0.0,0.0,0.0,3092400000.0,1585000000.0,1507400000.0,1946360000.0,-28600000.0,-53200000.0,5100000.0,-103600000.0,0.0,-115200000.0,-88200000.0,0.0,179100000.0,-4300000.0,343900000.0,343900000.0,343900000.0,-3500000.0,0.0,0.061,516000000.0,299000000.0,942100000.0,0.0,1.762,5.66,5.645,336200000.0,0.0,19.7,0.346,0.349,822100000.0,220700000.0,5617600000.0,5617600000.0,0.0,0.084,0.329,0.112,0.054,12000000.0,516000000.0,1.0,98800000.0,99400000,101800000.0,56.515,3572700000.0,307600000.0,-130200000.0,0.0,35.943,1174200000.0
65,TEX,MRT,2005-03-31,2005-03-31,2005-03-31,2021-08-02,150000000.0,4189000000.0,3955300000.0,2685000000.0,1504000000.0,1.312,11.22,-34700000.0,286300000.0,286300000.0,4465500000.0,336000000.0,1.724,2.771,1158800000.0,57700000.0,1101100000.0,1158800000.0,0.0,71900000.0,0.0,0.0,0.0,262400000.0,334300000.0,0.064,334300000.0,262400000.0,170600000.0,3.415,3.285,3.415,1110800000.0,956250000.0,1110800000.0,2947320000.0,11.0,8.816,109800000.0,1.109,1.0,725500000.0,0.14,647500000.0,91800000.0,2856300000.0,2683875000.0,1362100000.0,0.0,0.0,0.0,3078200000.0,1557700000.0,1520500000.0,2139020000.0,-121700000.0,-61200000.0,5800000.0,-192400000.0,0.0,-211300000.0,-64300000.0,0.0,144500000.0,9400000.0,336000000.0,336000000.0,336000000.0,-3500000.0,0.0,0.065,490300000.0,235200000.0,946000000.0,0.0,1.926,6.366,6.34,349600000.0,0.0,21.65,0.412,0.413,789600000.0,149500000.0,5191000000.0,5191000000.0,0.0,0.085,0.351,0.098,0.051,10700000.0,490300000.0,1.0,98800000.0,99000000,102000000.0,52.434,3541500000.0,334600000.0,-165400000.0,0.0,35.773,1127300000.0
66,TEX,MRT,2004-12-31,2004-12-31,2004-12-31,2021-08-02,206500000.0,4179100000.0,3822375000.0,2647100000.0,1532000000.0,1.256,11.56,-35500000.0,418800000.0,418800000.0,4119600000.0,324100000.0,1.731,2.681,1198800000.0,84600000.0,1114200000.0,1198800000.0,0.0,74400000.0,0.0,0.0,0.0,238100000.0,312500000.0,0.065,312500000.0,238100000.0,147400000.0,3.3,3.17,3.3,1135200000.0,854325000.0,1135200000.0,3162210000.0,13.0,10.119,129100000.0,1.315,1.0,679700000.0,0.142,667100000.0,90700000.0,2762500000.0,2655200000.0,1281300000.0,0.0,0.0,0.0,3043900000.0,1529500000.0,1514400000.0,2353910000.0,-48700000.0,-58700000.0,9200000.0,-162400000.0,0.0,-170100000.0,-61800000.0,0.0,164600000.0,18600000.0,324100000.0,324100000.0,324100000.0,-3500000.0,0.0,0.068,468100000.0,211600000.0,895800000.0,0.0,2.074,7.263,7.22,362600000.0,0.0,23.825,0.49,0.487,683600000.0,118900000.0,4799300000.0,4799300000.0,0.0,0.085,0.379,0.09,0.05,8500000.0,468100000.0,1.0,98800000.0,98200000,102200000.0,48.873,3512000000.0,335900000.0,-176700000.0,0.0,35.764,1117600000.0
67,TEX,MRT,2004-09-30,2004-09-30,2004-09-30,2021-08-02,108700000.0,3748800000.0,3666150000.0,2430900000.0,1317900000.0,1.066,8.461,-28900000.0,392300000.0,392300000.0,3410800000.0,-226600000.0,1.784,3.493,1217200000.0,74100000.0,1143100000.0,1217200000.0,0.0,92300000.0,0.0,0.0,0.0,49200000.0,141500000.0,0.036,141500000.0,49200000.0,-50700000.0,-2.38,-2.375,-2.38,834300000.0,739175000.0,834300000.0,2952260000.0,60.0,20.864,206400000.0,2.093,1.0,499000000.0,0.128,638900000.0,99900000.0,2572100000.0,2630325000.0,1170700000.0,0.0,0.0,0.0,2914500000.0,1362700000.0,1551800000.0,2143960000.0,-38600000.0,-13600000.0,9700000.0,-271600000.0,0.0,-280800000.0,-9100000.0,0.0,235300000.0,16000000.0,-226600000.0,-226600000.0,-226600000.0,0.0,0.0,-0.058,441000000.0,58000000.0,767600000.0,0.0,2.57,-9.461,-9.118,337300000.0,0.0,21.7,0.548,0.547,649600000.0,-78500000.0,3909800000.0,3909800000.0,0.0,-0.062,-0.307,0.019,0.013,0.0,396700000.0,1.0,98800000.0,98600000,102600000.0,39.653,3109900000.0,142300000.0,175900000.0,0.0,31.541,1068200000.0
68,TEX,MRT,2004-06-30,2004-06-30,2004-06-30,2021-08-02,73800000.0,3704300000.0,3667500000.0,2395600000.0,1308700000.0,1.177,7.584,-28700000.0,454500000.0,454500000.0,3707500000.0,-108600000.0,1.789,3.974,1262800000.0,75700000.0,1187100000.0,1262800000.0,0.0,91900000.0,0.0,0.0,0.0,182800000.0,274700000.0,0.064,274700000.0,182800000.0,89500000.0,-1.16,-1.19,-1.16,744700000.0,731875000.0,744700000.0,2650809000.0,15.0,9.65,247400000.0,2.519,1.0,609700000.0,0.141,629200000.0,93300000.0,2544600000.0,2740450000.0,1092700000.0,0.0,0.0,0.0,2959600000.0,1338800000.0,1620800000.0,1682609000.0,34200000.0,-8600000.0,7600000.0,-225700000.0,0.0,-246200000.0,-10700000.0,0.0,276100000.0,15000000.0,-108600000.0,-108600000.0,-108600000.0,0.0,0.0,-0.025,438600000.0,171100000.0,784100000.0,0.0,2.259,-15.494,-14.711,337900000.0,0.0,17.065,0.39,0.388,641100000.0,-123200000.0,4317200000.0,4317200000.0,0.0,-0.03,-0.148,0.067,0.042,0.0,438600000.0,1.0,98600000.0,98200000,102000000.0,43.963,3075100000.0,114800000.0,198100000.0,0.0,31.315,1056800000.0
69,TEX,MRT,2004-03-31,2004-03-31,2004-03-31,2021-08-02,98100000.0,3657300000.0,3634625000.0,2319200000.0,1338100000.0,1.11,7.204,-27400000.0,408000000.0,408000000.0,3502200000.0,-217400000.0,1.84,4.202,1376200000.0,96800000.0,1279400000.0,1376200000.0,0.0,88200000.0,0.0,0.0,0.0,56100000.0,144300000.0,0.036,144300000.0,56100000.0,-40400000.0,-2.285,-2.29,-2.285,703100000.0,739650000.0,703100000.0,2710376430.0,48.0,18.783,174700000.0,1.79,1.0,532600000.0,0.132,623700000.0,96500000.0,2741600000.0,2835400000.0,1115500000.0,0.0,0.0,0.0,2954200000.0,1260200000.0,1694000000.0,1816276430.0,-11800000.0,-300000.0,6900000.0,-202200000.0,0.0,-216500000.0,-23400000.0,0.0,202100000.0,26000000.0,-217400000.0,-217400000.0,-217400000.0,0.0,0.0,-0.054,464300000.0,68300000.0,691200000.0,0.0,2.583,-8.355,-8.09,343100000.0,0.0,18.485,0.45,0.447,595200000.0,-186500000.0,4034800000.0,4034800000.0,0.0,-0.06,-0.294,0.02,0.014,0.0,420000000.0,1.0,98256772.0,97600000,101600000.0,41.34,3033600000.0,125400000.0,177000000.0,0.0,31.082,1059000000.0
70,TEX,MRT,2003-12-31,2003-12-31,2003-12-31,2021-08-02,110400000.0,3554200000.0,3640375000.0,2219500000.0,1334700000.0,1.074,7.071,-27100000.0,467500000.0,467500000.0,3410800000.0,-226600000.0,1.899,4.269,1361600000.0,86800000.0,1274800000.0,1361600000.0,0.0,82700000.0,0.0,0.0,0.0,49200000.0,131900000.0,0.034,131900000.0,49200000.0,-50700000.0,-2.375,-2.375,-2.375,674600000.0,763925000.0,674600000.0,2440176000.0,50.0,18.5,354200000.0,3.713,1.0,499000000.0,0.128,616700000.0,99900000.0,2663000000.0,2898625000.0,1038500000.0,0.0,0.0,0.0,2879600000.0,1168600000.0,1711000000.0,1386976000.0,115300000.0,-7700000.0,2800000.0,-240200000.0,0.0,-266800000.0,-28700000.0,0.0,381300000.0,29500000.0,-226600000.0,-226600000.0,-226600000.0,0.0,0.0,-0.058,441000000.0,58000000.0,614900000.0,0.0,2.056,-6.121,-5.996,353800000.0,0.0,14.24,0.355,0.347,509300000.0,-205200000.0,3909800000.0,3909800000.0,0.0,-0.062,-0.297,0.017,0.013,0.0,396700000.0,1.0,97400000.0,95400000,95400000.0,40.983,2937500000.0,125600000.0,175900000.0,0.0,30.791,1050900000.0
71,TEX,MRT,2003-09-30,2003-09-30,2003-09-30,2021-08-02,-11800000.0,3754200000.0,3658250000.0,2225600000.0,1528600000.0,1.262,7.712,-32500000.0,430900000.0,430900000.0,4041800000.0,60500000.0,1.871,3.663,1484100000.0,95100000.0,1389000000.0,1484100000.0,0.0,66000000.0,0.0,0.0,0.0,143500000.0,209500000.0,0.045,209500000.0,143500000.0,47700000.0,0.56,0.485,0.56,805100000.0,787575000.0,805100000.0,1941299000.0,14.0,9.266,243600000.0,2.333,1.0,575200000.0,0.125,605100000.0,95800000.0,3012600000.0,3009275000.0,963900000.0,0.0,0.0,0.0,2949100000.0,1189700000.0,1759400000.0,894999000.0,93300000.0,-13900000.0,1400000.0,-162900000.0,0.0,-191100000.0,-11000000.0,0.0,276100000.0,19300000.0,60500000.0,60500000.0,60500000.0,-8400000.0,0.0,0.013,460600000.0,114600000.0,572100000.0,0.0,1.112,14.793,16.545,355200000.0,0.0,9.265,0.194,0.21,528900000.0,42500000.0,4617000000.0,4617000000.0,0.0,0.017,0.077,0.048,0.031,0.0,460600000.0,1.0,96600000.0,104400000,116400000.0,44.224,3149100000.0,226200000.0,-12800000.0,0.0,30.164,1035900000.0
72,TEX,MRT,2003-06-30,2003-06-30,2003-06-30,2021-08-02,-19700000.0,3572800000.0,3617875000.0,2174000000.0,1398800000.0,0.995,8.149,-33200000.0,420400000.0,420400000.0,3235900000.0,-92400000.0,1.988,3.605,1466700000.0,69700000.0,1397000000.0,1466700000.0,0.0,59900000.0,0.0,0.0,0.0,-24900000.0,35000000.0,0.01,35000000.0,-24900000.0,-126200000.0,-1.005,-1.025,-1.005,775800000.0,779325000.0,775800000.0,2049764000.0,-82.0,58.565,212100000.0,2.228,1.0,365500000.0,0.101,601100000.0,101300000.0,2924400000.0,3058875000.0,955200000.0,0.0,0.0,0.0,2797000000.0,1093600000.0,1703400000.0,940864000.0,139400000.0,-365100000.0,700000.0,259000000.0,0.0,238800000.0,-362900000.0,0.0,245300000.0,18200000.0,-92400000.0,-92400000.0,-92400000.0,-6900000.0,0.0,-0.026,399500000.0,-34000000.0,577600000.0,0.0,1.213,-10.183,-9.711,313900000.0,0.0,9.76,0.261,0.258,561100000.0,27600000.0,3601400000.0,3601400000.0,0.0,-0.026,-0.119,-0.008,-0.007,0.0,355200000.0,1.0,96400000.0,95200000,95200000.0,37.83,2971700000.0,159000000.0,-33800000.0,0.0,31.215,1080400000.0
73,TEX,MRT,2003-03-31,2003-03-31,2003-03-31,2021-08-02,-44800000.0,3680300000.0,3392625000.0,2254900000.0,1425400000.0,0.945,8.477,-31900000.0,419900000.0,419900000.0,2838000000.0,-41700000.0,1.945,3.599,1528800000.0,71400000.0,1457400000.0,1528800000.0,0.0,52300000.0,0.0,0.0,0.0,40100000.0,92400000.0,0.029,92400000.0,40100000.0,-56700000.0,-0.465,-0.485,-0.465,800200000.0,763575000.0,800200000.0,1803036939.0,45.0,19.513,167700000.0,1.776,1.0,366500000.0,0.114,635200000.0,96800000.0,2994500000.0,2858025000.0,1079000000.0,0.0,0.0,0.0,2880100000.0,1159500000.0,1720600000.0,594036939.0,261000000.0,-381900000.0,113300000.0,325300000.0,0.0,422400000.0,-377100000.0,0.0,199600000.0,16100000.0,-41700000.0,-41700000.0,-41700000.0,-1000000.0,0.0,-0.013,323600000.0,42900000.0,597500000.0,0.0,0.742,-14.245,-13.29,304500000.0,0.0,6.18,0.185,0.182,597800000.0,79400000.0,3204500000.0,3204500000.0,0.0,-0.012,-0.055,0.014,0.013,0.0,323600000.0,1.0,96122482.0,94400000,98800000.0,33.946,3045100000.0,150700000.0,-15000000.0,0.0,32.257,1095400000.0
74,TEX,MRT,2002-12-31,2002-12-31,2002-12-31,2021-08-02,-53600000.0,3625700000.0,3106075000.0,2221100000.0,1404600000.0,0.907,8.903,-29200000.0,352200000.0,352200000.0,2487200000.0,-158400000.0,2.008,3.714,1561200000.0,74100000.0,1487100000.0,1561200000.0,0.0,45000000.0,0.0,0.0,0.0,-81600000.0,-36600000.0,-0.013,-36600000.0,-81600000.0,-174200000.0,-1.835,-1.835,-1.835,769200000.0,725700000.0,769200000.0,1825136000.0,-22.0,-49.867,41100000.0,0.476,1.0,329300000.0,0.117,622900000.0,92600000.0,3105600000.0,2620250000.0,1106300000.0,0.0,0.0,0.0,2856500000.0,1106200000.0,1750300000.0,528036000.0,101800000.0,-445900000.0,113300000.0,351600000.0,0.0,460000000.0,-440600000.0,0.0,70300000.0,12100000.0,-158400000.0,-158400000.0,-158400000.0,0.0,0.0,-0.056,291100000.0,38200000.0,542900000.0,0.0,0.686,-3.334,-3.035,309400000.0,0.0,5.57,0.187,0.171,578600000.0,67400000.0,2816500000.0,2816500000.0,0.0,-0.051,-0.218,-0.031,-0.029,0.0,291100000.0,1.0,94800000.0,86400000,86400000.0,32.598,3002800000.0,200400000.0,-15800000.0,0.0,34.755,1114900000.0
75,TEX,MRT,2002-09-30,2002-09-30,2002-09-30,2021-08-02,-72100000.0,3592700000.0,2796400000.0,2295500000.0,1297200000.0,0.83,8.675,-20600000.0,337600000.0,337600000.0,1958100000.0,-90600000.0,2.137,3.653,1634700000.0,86500000.0,1548200000.0,1634700000.0,0.0,40200000.0,0.0,0.0,0.0,9200000.0,49400000.0,0.021,49400000.0,9200000.0,-77600000.0,-1.22,-1.195,-1.22,772100000.0,682250000.0,772100000.0,1562290000.0,170.0,31.625,6200000.0,0.07,1.0,363200000.0,0.156,604500000.0,86800000.0,3211000000.0,2330050000.0,1133700000.0,0.0,0.0,0.0,2820600000.0,1074300000.0,1746300000.0,745290000.0,76800000.0,-561100000.0,209600000.0,407900000.0,0.0,615900000.0,-570400000.0,0.0,26800000.0,4500000.0,-90600000.0,-90600000.0,-90600000.0,7400000.0,0.0,-0.039,225500000.0,137700000.0,527900000.0,0.0,0.965,-8.226,-6.926,265300000.0,0.0,8.45,0.321,0.324,639000000.0,107700000.0,2321300000.0,2321300000.0,0.0,-0.032,-0.133,0.004,0.004,0.0,225500000.0,1.0,88200000.0,89000000,90400000.0,26.082,2988200000.0,143600000.0,13000000.0,0.0,33.575,1221200000.0
76,TEX,MRT,2002-06-30,2002-06-30,2002-06-30,2021-08-02,-59300000.0,2671800000.0,2429725000.0,1655700000.0,1016100000.0,0.877,8.347,-16300000.0,280900000.0,280900000.0,1809500000.0,-111300000.0,2.146,2.748,1097900000.0,65800000.0,1032100000.0,1097900000.0,0.0,39400000.0,0.0,0.0,0.0,-21900000.0,17500000.0,0.008,17500000.0,-21900000.0,-108500000.0,-1.535,-1.51,-1.535,712800000.0,599700000.0,712800000.0,1914109000.0,-87.0,109.378,76500000.0,0.896,1.0,321500000.0,0.151,596400000.0,86600000.0,2121000000.0,1979200000.0,780600000.0,0.0,0.0,0.0,1959000000.0,771400000.0,1187600000.0,991809000.0,82400000.0,-212600000.0,209600000.0,-4100000.0,0.0,204600000.0,-221700000.0,0.0,92800000.0,6700000.0,-111300000.0,-111300000.0,-111300000.0,5900000.0,0.0,-0.052,215800000.0,105700000.0,412100000.0,0.0,1.391,-8.911,-7.326,179200000.0,0.0,11.245,0.465,0.451,493000000.0,97900000.0,2131000000.0,2131000000.0,0.0,-0.046,-0.186,-0.011,-0.01,0.0,215800000.0,1.0,88200000.0,85400000,87200000.0,24.953,2075400000.0,116000000.0,2800000.0,0.0,24.302,884300000.0
77,TEX,MRT,2002-03-31,2002-03-31,2002-03-31,2021-08-02,-126300000.0,2534100000.0,2279300000.0,1421100000.0,1113000000.0,0.841,8.536,-15800000.0,158800000.0,158800000.0,1632000000.0,-104500000.0,2.028,2.906,1081100000.0,50300000.0,1030800000.0,1081100000.0,0.0,38800000.0,0.0,0.0,0.0,-13600000.0,25200000.0,0.013,25200000.0,-13600000.0,-101300000.0,-1.37,-1.355,-1.37,648700000.0,527250000.0,648700000.0,1675989852.0,-123.0,66.508,-10200000.0,-0.134,1.0,285100000.0,0.149,712400000.0,87700000.0,2043400000.0,1915875000.0,743300000.0,0.0,0.0,0.0,1885400000.0,700600000.0,1184800000.0,870989852.0,-77500000.0,-195600000.0,96300000.0,25600000.0,0.0,120900000.0,-203800000.0,0.0,5600000.0,-200000.0,-104500000.0,-104500000.0,-104500000.0,0.0,0.0,-0.055,187400000.0,97700000.0,346600000.0,0.0,1.343,-8.335,-8.248,167600000.0,0.0,11.3,0.454,0.448,437500000.0,216800000.0,1917100000.0,1917100000.0,0.0,-0.046,-0.198,-0.007,-0.007,0.0,187400000.0,1.0,77078748.0,76000000,77400000.0,25.225,1821700000.0,106100000.0,3200000.0,0.0,23.97,720500000.0
78,TEX,MRT,2001-12-31,2001-12-31,2001-12-31,2021-08-02,-120300000.0,2387000000.0,2162425000.0,1383000000.0,1004000000.0,0.838,10.594,-13500000.0,250400000.0,250400000.0,1540100000.0,12800000.0,2.205,3.009,1055400000.0,34700000.0,1020700000.0,1055400000.0,0.0,40300000.0,0.0,0.0,0.0,105600000.0,145900000.0,0.08,145900000.0,105600000.0,18900000.0,0.23,0.22,0.23,595400000.0,470400000.0,595400000.0,1333318000.0,13.0,9.139,-19000000.0,-0.338,1.0,272400000.0,0.15,620100000.0,86700000.0,1944800000.0,1846500000.0,704800000.0,0.0,0.0,0.0,1791600000.0,627100000.0,1164500000.0,556018000.0,69000000.0,-130800000.0,96300000.0,116500000.0,0.0,211500000.0,-136300000.0,0.0,-5500000.0,-700000.0,12800000.0,12800000.0,12800000.0,0.0,0.0,0.007,168200000.0,104200000.0,291000000.0,0.0,0.934,43.439,38.13,173900000.0,0.0,8.77,0.307,0.272,351100000.0,199900000.0,1812500000.0,1812500000.0,0.0,0.006,0.027,0.057,0.058,0.0,168200000.0,1.0,63400000.0,56200000,57800000.0,32.251,1766900000.0,99100000.0,6100000.0,0.0,31.44,755900000.0
79,TEX,MRT,2001-09-30,2001-09-30,2001-09-30,2021-08-02,-100800000.0,2126000000.0,2061600000.0,1372800000.0,753200000.0,0.881,8.214,-15800000.0,260800000.0,260800000.0,1549000000.0,10500000.0,2.245,3.811,1038100000.0,28900000.0,1009200000.0,1038100000.0,0.0,39300000.0,0.0,0.0,0.0,108900000.0,148200000.0,0.082,148200000.0,108900000.0,20700000.0,0.2,0.195,0.2,441900000.0,434425000.0,441900000.0,1317589000.0,12.0,8.891,29100000.0,0.541,1.0,268000000.0,0.147,484100000.0,88200000.0,1807600000.0,1769750000.0,656600000.0,0.0,0.0,0.0,1684100000.0,611600000.0,1072500000.0,479089000.0,0.0,-26300000.0,-5500000.0,500000.0,0.0,-7000000.0,-40200000.0,0.0,44900000.0,2300000.0,10500000.0,10500000.0,10500000.0,7300000.0,0.0,0.006,154700000.0,113300000.0,322500000.0,0.0,1.084,45.628,44.525,137000000.0,0.0,8.905,0.264,0.264,349800000.0,198300000.0,1817000000.0,1817000000.0,0.0,0.005,0.024,0.062,0.06,0.0,154700000.0,1.0,53800000.0,53800000,53800000.0,33.773,1641900000.0,78700000.0,10200000.0,0.0,30.519,761200000.0
80,TEX,MRT,2001-06-30,2001-06-30,2001-06-30,2021-08-02,-129300000.0,2070100000.0,2045450000.0,1338600000.0,731500000.0,0.899,7.862,-21400000.0,198500000.0,198500000.0,1529200000.0,71100000.0,2.355,3.894,1037000000.0,23300000.0,1013700000.0,1037000000.0,0.0,39600000.0,0.0,0.0,0.0,209000000.0,248600000.0,0.135,248600000.0,209000000.0,116700000.0,1.325,1.295,1.325,423000000.0,435575000.0,423000000.0,1340180000.0,6.0,5.391,-39000000.0,-0.725,1.0,309200000.0,0.168,472600000.0,92300000.0,1867700000.0,1764775000.0,653800000.0,0.0,0.0,0.0,1647100000.0,568300000.0,1078800000.0,570280000.0,12800000.0,120400000.0,-15900000.0,-51500000.0,0.0,-71700000.0,105000000.0,0.0,-17600000.0,-2900000.0,71100000.0,71100000.0,71100000.0,7300000.0,0.0,0.039,152200000.0,157000000.0,313100000.0,0.0,1.348,8.021,8.0,136800000.0,0.0,10.6,0.31,0.31,378500000.0,209200000.0,1838400000.0,1838400000.0,0.0,0.035,0.163,0.118,0.114,0.0,152200000.0,1.0,53800000.0,53800000,55600000.0,34.171,1597500000.0,69200000.0,45600000.0,0.0,29.693,770300000.0
81,TEX,MRT,2001-03-31,2001-03-31,2001-03-31,2021-08-02,-118800000.0,2066600000.0,2065650000.0,1331500000.0,735100000.0,0.965,7.86,-22400000.0,236300000.0,236300000.0,1657000000.0,85100000.0,2.254,3.905,1006200000.0,23800000.0,982400000.0,1006200000.0,0.0,40100000.0,0.0,0.0,0.0,232000000.0,272100000.0,0.137,272100000.0,232000000.0,137200000.0,1.575,1.545,1.575,421300000.0,437525000.0,421300000.0,1186255322.0,5.0,4.36,82100000.0,1.532,1.0,335600000.0,0.168,479900000.0,94800000.0,1765900000.0,1771350000.0,622000000.0,0.0,0.0,0.0,1645300000.0,590700000.0,1054600000.0,465155322.0,50100000.0,116900000.0,-19100000.0,-125700000.0,0.0,-149700000.0,98400000.0,0.0,104500000.0,-3100000.0,85100000.0,85100000.0,85100000.0,7300000.0,0.0,0.043,154300000.0,181300000.0,328500000.0,0.0,1.104,5.466,5.508,147400000.0,0.0,8.675,0.233,0.233,371000000.0,197200000.0,1992600000.0,1992600000.0,0.0,0.041,0.195,0.131,0.116,0.0,154300000.0,1.0,53620210.0,53600000,54800000.0,37.175,1586700000.0,68400000.0,52100000.0,0.0,29.603,740800000.0
82,TEX,MRT,2000-12-31,2000-12-31,2000-12-31,2021-08-02,-78500000.0,1983700000.0,2090600000.0,1242400000.0,741300000.0,0.99,8.3,-24200000.0,181400000.0,181400000.0,1715000000.0,95100000.0,2.158,3.394,902500000.0,20500000.0,882000000.0,902500000.0,0.0,41500000.0,0.0,0.0,0.0,250600000.0,292100000.0,0.141,292100000.0,250600000.0,150800000.0,1.75,1.705,1.75,451500000.0,441325000.0,451500000.0,1209963000.0,5.0,4.142,176400000.0,3.243,1.0,353700000.0,0.171,491400000.0,99800000.0,1637800000.0,1822700000.0,598100000.0,0.0,0.0,0.0,1532200000.0,575600000.0,956600000.0,448463000.0,48100000.0,124300000.0,-20200000.0,-236700000.0,0.0,-261200000.0,110900000.0,0.0,200600000.0,-2200000.0,95100000.0,95100000.0,95100000.0,7300000.0,0.0,0.046,155400000.0,198300000.0,311200000.0,0.0,0.993,4.716,4.626,153900000.0,0.0,8.095,0.217,0.213,360200000.0,187100000.0,2068700000.0,2068700000.0,0.0,0.045,0.215,0.137,0.121,0.0,155400000.0,1.0,55400000.0,54400000,55800000.0,38.028,1492300000.0,72200000.0,55700000.0,0.0,27.432,666800000.0
83,TEX,MRT,2000-09-30,2000-09-30,2000-09-30,2021-08-02,-85500000.0,2061400000.0,2139050000.0,1330400000.0,731000000.0,0.987,8.269,-26300000.0,260800000.0,260800000.0,1741100000.0,182400000.0,2.447,3.617,1022300000.0,21300000.0,1001000000.0,1022300000.0,0.0,43700000.0,0.0,0.0,0.0,268800000.0,312500000.0,0.148,312500000.0,268800000.0,157200000.0,3.46,3.345,3.46,446500000.0,436650000.0,446500000.0,1253756000.0,5.0,4.012,110000000.0,2.037,1.0,370600000.0,0.175,491500000.0,111600000.0,1787700000.0,1929850000.0,584100000.0,0.0,0.0,0.0,1614900000.0,543700000.0,1071200000.0,360456000.0,106700000.0,80500000.0,-14700000.0,-75200000.0,0.0,-90400000.0,64700000.0,0.0,136300000.0,-3900000.0,182400000.0,182400000.0,182400000.0,0.0,0.0,0.086,163700000.0,206900000.0,312200000.0,0.0,0.807,1.976,1.887,130600000.0,0.0,6.53,0.171,0.167,391300000.0,187800000.0,2111700000.0,2111700000.0,0.0,0.085,0.418,0.139,0.127,0.0,163700000.0,1.0,55200000.0,54000000,55600000.0,39.106,1569900000.0,80500000.0,-25200000.0,0.0,29.072,786700000.0
84,TEX,MRT,2000-06-30,2000-06-30,2000-06-30,2021-08-02,-61400000.0,2150900000.0,2143150000.0,1334100000.0,816800000.0,0.995,7.861,-22600000.0,185700000.0,185700000.0,1759800000.0,162600000.0,2.224,3.993,1079000000.0,28100000.0,1050900000.0,1079000000.0,0.0,41700000.0,0.0,0.0,0.0,213800000.0,255500000.0,0.12,255500000.0,213800000.0,108200000.0,3.1,2.985,3.1,430800000.0,413250000.0,430800000.0,1359900000.0,6.0,5.323,150500000.0,2.746,1.0,372400000.0,0.175,550200000.0,105600000.0,1894000000.0,1967950000.0,596100000.0,0.0,0.0,0.0,1720100000.0,600000000.0,1120100000.0,414000000.0,81000000.0,-518100000.0,54900000.0,381700000.0,0.0,441700000.0,-530900000.0,0.0,173100000.0,-2900000.0,162600000.0,162600000.0,162600000.0,0.0,0.0,0.076,163100000.0,209300000.0,361800000.0,0.0,0.961,2.546,2.419,142900000.0,0.0,7.5,0.194,0.193,452400000.0,138100000.0,2132200000.0,2132200000.0,0.0,0.076,0.393,0.109,0.1,0.0,163100000.0,1.0,55200000.0,54800000,56200000.0,38.909,1600700000.0,85900000.0,-54400000.0,0.0,29.21,734100000.0
85,TEX,MRT,2000-03-31,2000-03-31,2000-03-31,2021-08-02,-31600000.0,2166400000.0,1953025000.0,1337800000.0,828600000.0,1.017,7.936,-22400000.0,186200000.0,186200000.0,1644300000.0,167000000.0,2.252,3.963,1132100000.0,62300000.0,1069800000.0,1132100000.0,0.0,37500000.0,0.0,0.0,0.0,196600000.0,234100000.0,0.118,234100000.0,196600000.0,101100000.0,3.325,3.17,3.325,436500000.0,365925000.0,436500000.0,1419659532.0,7.0,6.064,104800000.0,1.905,1.0,342500000.0,0.172,547000000.0,95500000.0,1971300000.0,1797575000.0,635600000.0,0.0,0.0,0.0,1729900000.0,594000000.0,1135900000.0,396559532.0,164200000.0,-535900000.0,161700000.0,413500000.0,0.0,585900000.0,-546700000.0,0.0,127200000.0,-2200000.0,167000000.0,167000000.0,167000000.0,0.0,0.0,0.084,149700000.0,192800000.0,317600000.0,0.0,0.908,2.375,2.162,155300000.0,0.0,7.19,0.2,0.199,417700000.0,112100000.0,1986800000.0,1986800000.0,0.0,0.086,0.456,0.109,0.099,0.0,149700000.0,1.0,55154316.0,55000000,56800000.0,36.124,1619400000.0,95200000.0,-65900000.0,0.0,29.444,743800000.0
86,TEX,MRT,1999-12-31,1999-12-31,1999-12-31,2021-08-02,-16100000.0,2177500000.0,1724225000.0,1315300000.0,862200000.0,1.077,8.942,-21400000.0,133300000.0,133300000.0,1539900000.0,172900000.0,2.27,4.031,1156400000.0,57600000.0,1098800000.0,1156400000.0,0.0,32200000.0,0.0,0.0,0.0,181200000.0,213400000.0,0.115,213400000.0,181200000.0,98400000.0,3.57,3.375,3.57,432800000.0,284600000.0,432800000.0,1730025000.0,10.0,8.107,-16400000.0,-0.339,1.0,316700000.0,0.171,554700000.0,82800000.0,2066400000.0,1611775000.0,665600000.0,0.0,0.0,0.0,1744700000.0,579500000.0,1165200000.0,763125000.0,108200000.0,-535600000.0,162800000.0,483600000.0,0.0,657200000.0,-553000000.0,0.0,5000000.0,-1000000.0,172900000.0,172900000.0,172900000.0,0.0,0.0,0.093,138400000.0,178300000.0,297000000.0,0.0,1.763,4.414,3.887,172800000.0,0.0,13.875,0.411,0.362,429200000.0,92000000.0,1856600000.0,1856600000.0,0.0,0.1,0.608,0.112,0.098,0.0,138400000.0,1.0,55000000.0,48400000,51200000.0,38.36,1622800000.0,102500000.0,-74500000.0,0.0,33.529,735800000.0
87,TEX,MRT,1999-09-30,1999-09-30,1999-09-30,2021-08-02,-9200000.0,2077800000.0,1467650000.0,1338000000.0,739800000.0,1.15,6.633,-18600000.0,154100000.0,154100000.0,1389600000.0,104400000.0,2.189,4.888,1121000000.0,55000000.0,1066000000.0,1121000000.0,0.0,17500000.0,0.0,0.0,0.0,170300000.0,187800000.0,0.111,187800000.0,170300000.0,107800000.0,2.325,2.235,2.325,352900000.0,200925000.0,352900000.0,1428950000.0,8.0,7.609,1400000.0,0.026,1.0,297800000.0,0.176,493500000.0,62500000.0,1940100000.0,1367950000.0,669200000.0,0.0,0.0,0.0,1724900000.0,611100000.0,1113800000.0,866250000.0,115300000.0,-504300000.0,162800000.0,444100000.0,0.0,613700000.0,-517800000.0,0.0,20000000.0,-600000.0,104400000.0,104400000.0,104400000.0,0.0,0.0,0.062,128200000.0,169600000.0,330400000.0,0.0,2.455,8.297,6.774,190800000.0,0.0,15.75,0.513,0.497,472600000.0,5400000.0,1687400000.0,1687400000.0,0.0,0.071,0.52,0.124,0.101,0.0,128200000.0,1.0,55000000.0,53200000,56000000.0,31.718,1584300000.0,0.0,3400000.0,0.0,29.78,726900000.0
88,TEX,MRT,1999-06-30,1999-06-30,1999-06-30,2021-08-02,-31400000.0,1390400000.0,1215900000.0,990400000.0,400000000.0,1.242,5.565,-15700000.0,104700000.0,104700000.0,1242500000.0,94200000.0,2.107,4.757,667400000.0,27900000.0,639500000.0,667400000.0,0.0,13900000.0,0.0,0.0,0.0,151900000.0,165800000.0,0.11,165800000.0,151900000.0,96800000.0,2.24,2.14,2.24,241500000.0,132975000.0,241500000.0,1307916000.0,9.0,7.889,-59700000.0,-1.376,1.0,268000000.0,0.177,270500000.0,55100000.0,1212500000.0,1158775000.0,482300000.0,0.0,0.0,0.0,1148900000.0,470100000.0,678800000.0,651416000.0,47100000.0,-58400000.0,103600000.0,52900000.0,0.0,160200000.0,-69300000.0,0.0,-44000000.0,200000.0,94200000.0,94200000.0,94200000.0,0.0,0.0,0.062,115500000.0,152500000.0,275100000.0,0.0,2.697,6.915,6.795,97500000.0,0.0,15.22,0.431,0.437,373400000.0,-24500000.0,1510500000.0,1510500000.0,0.0,0.077,0.708,0.131,0.101,0.0,115500000.0,1.0,42800000.0,43400000,46800000.0,34.804,1119900000.0,0.0,2600000.0,0.0,25.804,520300000.0
89,TEX,MRT,1999-03-31,1999-03-31,1999-03-31,2021-08-02,-17100000.0,1251200000.0,1115725000.0,872200000.0,379000000.0,1.251,2.673,-15000000.0,22000000.0,22000000.0,1144000000.0,84400000.0,1.997,10.252,678500000.0,17400000.0,661100000.0,678500000.0,0.0,12100000.0,0.0,0.0,0.0,138400000.0,150500000.0,0.108,150500000.0,138400000.0,86700000.0,2.04,1.95,2.04,111200000.0,84125000.0,111200000.0,1109201905.0,8.0,7.37,-74600000.0,-1.793,1.0,251900000.0,0.18,242800000.0,51700000.0,1228100000.0,1108700000.0,478300000.0,0.0,0.0,0.0,1140000000.0,436800000.0,703200000.0,503001905.0,-36500000.0,-40300000.0,0.0,83500000.0,0.0,78000000.0,-52800000.0,0.0,-59600000.0,-2100000.0,84400000.0,84400000.0,84400000.0,0.0,0.0,0.06,113200000.0,138700000.0,254200000.0,0.0,4.523,5.96,5.912,95600000.0,0.0,12.06,0.36,0.359,0.0,-54900000.0,1395900000.0,1395900000.0,0.0,0.076,1.003,0.125,0.099,0.0,113200000.0,1.0,41708284.0,41600000,45000000.0,33.555,1008400000.0,0.0,2300000.0,0.0,24.24,435400000.0
90,TEX,MRT,1998-12-31,1998-12-31,1998-12-31,2021-08-02,-4100000.0,1151200000.0,1035950000.0,771600000.0,379600000.0,1.19,2.37,-13100000.0,25100000.0,25100000.0,1007400000.0,34500000.0,1.814,10.735,631300000.0,44700000.0,586600000.0,631300000.0,0.0,10100000.0,0.0,0.0,0.0,83400000.0,93500000.0,0.076,93500000.0,83400000.0,36200000.0,0.835,0.835,0.835,98100000.0,63325000.0,98100000.0,1168948000.0,14.0,12.502,-32600000.0,-0.787,1.0,225800000.0,0.183,240900000.0,47200000.0,1091100000.0,1045200000.0,472800000.0,0.0,0.0,0.0,1053100000.0,425400000.0,627700000.0,594048000.0,-3600000.0,-211300000.0,0.0,271300000.0,0.0,239300000.0,-222000000.0,0.0,-19500000.0,-1400000.0,34500000.0,34500000.0,34500000.0,0.0,0.0,0.028,103800000.0,122000000.0,226900000.0,0.0,6.056,17.219,17.102,99500000.0,0.0,14.28,0.482,0.479,249800000.0,-80900000.0,1233200000.0,1233200000.0,0.0,0.033,0.545,0.08,0.068,0.0,103800000.0,1.0,41600000.0,41400000,44800000.0,29.787,910300000.0,0.0,1700000.0,0.0,21.988,346200000.0
91,TEX,MRT,1998-09-30,1998-09-30,1998-09-30,2021-08-02,-2900000.0,1070800000.0,895275000.0,771000000.0,299800000.0,1.265,1.95,-8100000.0,38800000.0,38800000.0,931600000.0,26400000.0,2.079,12.203,613700000.0,36900000.0,576800000.0,613700000.0,0.0,16400000.0,0.0,0.0,0.0,70300000.0,86700000.0,0.077,86700000.0,70300000.0,27600000.0,0.58,0.53,0.58,81100000.0,53700000.0,81100000.0,836952000.0,12.0,9.653,-27700000.0,-0.666,1.0,200900000.0,0.177,171500000.0,42700000.0,1103400000.0,906275000.0,430500000.0,0.0,0.0,0.0,989700000.0,370800000.0,618900000.0,310752000.0,32100000.0,-189600000.0,0.0,284600000.0,0.0,244300000.0,-189200000.0,0.0,-19600000.0,-3400000.0,26400000.0,22800000.0,22800000.0,0.0,0.0,0.02,91800000.0,109100000.0,196100000.0,0.0,3.832,13.629,12.879,89600000.0,3600000.0,7.47,0.274,0.274,278500000.0,-99000000.0,1132500000.0,1132500000.0,0.0,0.025,0.425,0.078,0.062,0.0,91800000.0,1.0,41600000.0,41600000,45000000.0,27.224,899300000.0,0.0,1200000.0,0.0,21.618,400200000.0
92,TEX,MRT,1998-06-30,1998-06-30,1998-06-30,2021-08-02,-18700000.0,989700000.0,,724600000.0,265100000.0,,1.114,-14000000.0,57600000.0,57600000.0,848700000.0,3200000.0,2.061,20.469,583800000.0,27100000.0,556700000.0,583800000.0,0.0,15300000.0,0.0,0.0,0.0,43800000.0,59100000.0,0.057,59100000.0,43800000.0,4100000.0,0.0,-0.01,0.0,46100000.0,,46100000.0,1104950000.0,25.0,18.696,-26200000.0,-0.633,1.0,179200000.0,0.174,152100000.0,39700000.0,1012200000.0,,395300000.0,0.0,0.0,0.0,943600000.0,351600000.0,592000000.0,589950000.0,44300000.0,-175000000.0,104600000.0,178500000.0,0.0,239500000.0,-81900000.0,0.0,-12200000.0,-2500000.0,3200000.0,-800000.0,-800000.0,0.0,0.0,-0.001,83600000.0,95600000.0,200300000.0,,12.797,-737.438,,79700000.0,4000000.0,14.25,0.574,0.574,245000000.0,-118700000.0,1027900000.0,1027900000.0,0.0,,,,0.043,0.0,83600000.0,1.0,41400000.0,41400000,44800000.0,24.829,837600000.0,0.0,900000.0,0.0,20.232,373000000.0
93,TEX,MRT,1998-03-31,1998-03-31,1998-03-31,2021-08-02,-15900000.0,932100000.0,,675600000.0,256500000.0,,0.68,-11600000.0,58500000.0,58500000.0,769700000.0,-12300000.0,2.076,32.289,573500000.0,19300000.0,554200000.0,573500000.0,0.0,15200000.0,0.0,0.0,0.0,27100000.0,42300000.0,0.046,42300000.0,27100000.0,-11600000.0,-0.325,-0.315,-0.325,28000000.0,,28000000.0,829990082.0,31.0,19.622,-38500000.0,-0.934,1.0,156900000.0,0.169,147500000.0,38700000.0,974100000.0,,380900000.0,0.0,0.0,0.0,904100000.0,325500000.0,578600000.0,558590082.0,18900000.0,-268500000.0,104600000.0,252300000.0,0.0,321000000.0,-271700000.0,0.0,-26900000.0,-11300000.0,-12300000.0,-16700000.0,-16700000.0,0.0,0.0,-0.018,75400000.0,81500000.0,191200000.0,0.0,19.95,-33.449,-41.631,76700000.0,4400000.0,13.53,0.603,0.602,212500000.0,-139300000.0,926600000.0,926600000.0,0.0,,,,0.029,0.0,75400000.0,1.0,41285298.0,41200000,44400000.0,22.49,784600000.0,0.0,700000.0,0.0,19.044,350100000.0
94,TEX,MRT,1997-12-31,1997-12-31,1997-12-31,2021-08-02,-7900000.0,588500000.0,529850000.0,426500000.0,162000000.0,1.59,1.84,-9900000.0,28700000.0,28700000.0,702700000.0,15500000.0,1.806,8.874,300100000.0,26600000.0,273500000.0,300100000.0,0.0,14300000.0,0.0,0.0,0.0,55600000.0,69900000.0,0.083,69900000.0,55600000.0,16200000.0,0.33,0.3,0.33,59600000.0,-6050000.0,59600000.0,,,,-10200000.0,-0.315,1.0,139600000.0,0.166,88400000.0,39400000.0,535400000.0,494250000.0,232100000.0,0.0,0.0,0.0,528900000.0,236100000.0,292800000.0,485102252.0,-43300000.0,-97200000.0,104600000.0,16000000.0,0.0,64200000.0,-98600000.0,0.0,-300000.0,-8600000.0,15500000.0,10700000.0,10700000.0,0.0,0.0,0.013,68500000.0,71100000.0,138100000.0,0.0,8.139,45.337,35.606,47800000.0,4800000.0,11.75,0.576,0.452,139300000.0,-115400000.0,842300000.0,842300000.0,0.0,0.02,-1.769,0.112,0.066,0.0,68500000.0,1.0,41285298.0,32400000,35400000.0,25.997,500100000.0,0.0,700000.0,0.0,15.435,190400000.0
95,TEX,MRT,1997-09-30,1997-09-30,1997-09-30,2021-08-02,,,,,,,,,,,,,,,,,,,,,,0.0,0.0,,,,,,,,,,,,,,,,,,1.0,,,,,,,,,,,,,,,,,,,,,,,,,,,,,,,,,,,,,,,,10.375,,,,,,,,,,,,,,1.0,,35600000,,,,,,,,
96,TEX,MRT,1997-06-30,1997-06-30,1997-06-30,2021-08-02,,,,,,,,,,,,,,,,,,,,,,0.0,0.0,,,,,,,,,,,,,,,,,,1.0,,,,,,,,,,,,,,,,,,,,,,,,,,,,,,,,,,,,,,,,9.625,,,,,,,,,,,,,,1.0,,27200000,,,,,,,,
97,TEX,MRT,1997-03-31,1997-03-31,1997-03-31,2021-08-02,,,,,,,,,,,,,,,,,,,,,,0.0,0.0,,,,,,,,,,,,,,,,,,1.0,,,,,,,,,,,,,,,,,,,,,,,,,,,,,,,,,,,,,,,,6.56,,,,,,,,,,,,,,1.0,,26600000,,,,,,,,
98,TEX,MRT,1996-12-31,1996-12-31,1996-12-31,2021-08-02,-4700000.0,471200000.0,,390200000.0,81000000.0,,-3.038,-8100000.0,72000000.0,72000000.0,609300000.0,47700000.0,2.001,-7.572,281300000.0,19200000.0,262100000.0,281300000.0,0.0,7000000.0,0.0,0.0,0.0,104600000.0,111600000.0,0.164,111600000.0,104600000.0,59800000.0,1.05,0.93,1.05,-71700000.0,,-71700000.0,,,,-25700000.0,-1.089,1.0,69200000.0,0.102,32400000.0,44800000.0,453100000.0,,190600000.0,0.0,0.0,0.0,542900000.0,195000000.0,347900000.0,,65000000.0,143700000.0,0.0,-56000000.0,0.0,-50400000.0,135700000.0,0.0,-17600000.0,-2700000.0,47700000.0,24800000.0,24800000.0,-102000000.0,0.0,0.037,64100000.0,5100000.0,104400000.0,0.0,,,4.819,31700000.0,22900000.0,5.06,,0.176,110300000.0,-126100000.0,678500000.0,678500000.0,0.0,,,,0.154,0.0,64100000.0,1.0,,23600000,26600000.0,28.75,438800000.0,0.0,12100000.0,0.0,18.593,195200000.0
99,TEX,MRT,1995-12-31,1995-12-31,1995-12-31,2021-08-02,,,,,,,,-5200000.0,,,431000000.0,-35200000.0,,,,,,,,12900000.0,,0.0,0.0,3500000.0,16400000.0,0.033,16400000.0,3500000.0,-35200000.0,-2.045,-2.045,-2.045,,,,,,,-33800000.0,-1.625,1.0,70400000.0,0.14,,38700000.0,,,,,,,,,,,-1200000.0,-89100000.0,0.0,121800000.0,0.0,121800000.0,-94100000.0,0.0,-28600000.0,-300000.0,-35200000.0,-42500000.0,-42500000.0,-4400000.0,0.0,-0.085,57600000.0,12800000.0,,0.0,,,-1.161,,7300000.0,2.375,,0.099,,,501400000.0,501400000.0,0.0,,,,0.007,0.0,57600000.0,1.0,,20800000,20800000.0,24.106,,,0.0,,,
