None,ticker,dimension,calendardate,datekey,reportperiod,lastupdated,accoci,assets,assetsavg,assetsc,assetsnc,assetturnover,bvps,capex,cashneq,cashnequsd,cor,consolinc,currentratio,de,debt,debtc,debtnc,debtusd,deferredrev,depamor,deposits,divyield,dps,ebit,ebitda,ebitdamargin,ebitdausd,ebitusd,ebt,eps,epsdil,epsusd,equity,equityavg,equityusd,ev,evebit,evebitda,fcf,fcfps,fxusd,gp,grossmargin,intangibles,intexp,invcap,invcapavg,inventory,investments,investmentsc,investmentsnc,liabilities,liabilitiesc,liabilitiesnc,marketcap,ncf,ncfbus,ncfcommon,ncfdebt,ncfdiv,ncff,ncfi,ncfinv,ncfo,ncfx,netinc,netinccmn,netinccmnusd,netincdis,netincnci,netmargin,opex,opinc,payables,payoutratio,pb,pe,pe1,ppnenet,prefdivis,price,ps,ps1,receivables,retearn,revenue,revenueusd,rnd,roa,roe,roic,ros,sbcomp,sgna,sharefactor,sharesbas,shareswa,shareswadil,sps,tangibles,taxassets,taxexp,taxliabilities,tbvps,workingcapital
0,LIFE2,MRY,2012-12-31,2012-12-31,2012-12-31,2019-04-23,59070000.0,8638065000.0,8564318500.0,1625239000.0,7012826000.0,0.444,26.461,-116736000.0,270643000.0,270643000.0,1664033000.0,430449000.0,1.363,0.856,2414069000.0,353214000.0,2060855000.0,2414069000.0,114558000.0,428893000.0,0.0,0.0,0.0,656146000.0,1085039000.0,0.286,1085039000.0,656146000.0,532231000.0,2.45,2.4,2.45,4652681000.0,4665510750.0,4652681000.0,10600846132.0,16.0,9.77,661256000.0,3.761,1.0,2134477000.0,0.562,6029215000.0,123915000.0,3559925000.0,3587897000.0,403488000.0,32403000.0,5726000.0,26677000.0,3984602000.0,1192351000.0,2792251000.0,8435956132.0,-583215000.0,-168374000.0,-577795000.0,-352033000.0,0.0,-1082414000.0,-279473000.0,5151000.0,777992000.0,680000.0,430855000.0,430855000.0,430855000.0,0.0,-406000.0,0.113,1469240000.0,665237000.0,186569000.0,0.0,1.813,19.58,20.012,844692000.0,0.0,49.03,2.221,2.27,697228000.0,1341846000.0,3798510000.0,3798510000.0,341892000.0,0.05,0.092,0.183,0.173,68570000.0,1054616000.0,1.0,172057029.0,175831000,179365000.0,21.603,2608850000.0,128430000.0,101376000.0,422721000.0,14.837,432888000.0
1,LIFE2,MRY,2011-12-31,2011-12-31,2011-12-31,2019-04-23,64656000.0,9187963000.0,9158719000.0,2093617000.0,7094346000.0,0.412,25.638,-105132000.0,855435000.0,855435000.0,1665695000.0,377834000.0,1.399,0.998,2748492000.0,450839000.0,2297653000.0,2748492000.0,113048000.0,437526000.0,0.0,0.0,0.0,641433000.0,1078959000.0,0.286,1078959000.0,641433000.0,479360000.0,2.11,2.05,2.11,4599226000.0,4525691250.0,4599226000.0,9066516826.0,14.0,8.403,704003000.0,3.924,1.0,2109977000.0,0.559,6113285000.0,162073000.0,3471429000.0,3524717750.0,377866000.0,51555000.0,26559000.0,24996000.0,4588737000.0,1496306000.0,3092431000.0,6933953826.0,25193000.0,-2799000.0,-282613000.0,-352543000.0,0.0,-627268000.0,-151884000.0,-49792000.0,809135000.0,-4790000.0,378492000.0,378492000.0,378492000.0,0.0,-658000.0,0.1,1462221000.0,647756000.0,178374000.0,0.0,1.508,18.32,18.441,833678000.0,0.0,38.91,1.836,1.849,636998000.0,910991000.0,3775672000.0,3775672000.0,377924000.0,0.041,0.084,0.182,0.17,63997000.0,1008973000.0,1.0,178204930.0,179390000,185595000.0,21.047,3074678000.0,68884000.0,100868000.0,513446000.0,17.14,597311000.0
2,LIFE2,MRY,2010-12-31,2010-12-31,2010-12-31,2019-04-23,96612000.0,9486199000.0,8771958250.0,2046525000.0,7439674000.0,0.409,24.177,-124817000.0,831722000.0,831722000.0,1481953000.0,377858000.0,1.785,1.138,3075373000.0,347749000.0,2727624000.0,3075373000.0,109981000.0,422594000.0,0.0,0.0,0.0,594311000.0,1016905000.0,0.283,1016905000.0,594311000.0,441989000.0,2.06,1.99,2.06,4434076000.0,4387090000.0,4434076000.0,12113056245.0,20.0,11.912,614272000.0,3.349,1.0,2106141000.0,0.587,6412248000.0,152322000.0,4171217000.0,3591723500.0,323318000.0,45527000.0,23079000.0,22448000.0,5048170000.0,1146385000.0,3901785000.0,10363381245.0,216982000.0,-349837000.0,-322367000.0,-34168000.0,0.0,-407808000.0,-119804000.0,354850000.0,739089000.0,5505000.0,378295000.0,378295000.0,378295000.0,0.0,-437000.0,0.105,1493744000.0,612397000.0,174449000.0,0.0,2.337,27.395,26.942,847984000.0,0.0,55.5,2.888,2.837,587456000.0,532499000.0,3588094000.0,3588094000.0,375465000.0,0.043,0.086,0.165,0.166,57996000.0,1023179000.0,1.0,186727590.0,183398000,190591000.0,19.565,3073951000.0,117699000.0,63694000.0,726698000.0,16.761,900140000.0
3,LIFE2,MRY,2009-12-31,2009-12-31,2009-12-31,2019-04-23,51968000.0,9115740000.0,9016520000.0,1796164000.0,7319576000.0,0.364,22.895,-175587000.0,637308000.0,637308000.0,1455619000.0,144594000.0,1.296,1.264,3101790000.0,481701000.0,2620089000.0,3101790000.0,129035000.0,411645000.0,0.0,0.0,0.0,387457000.0,799102000.0,0.244,799102000.0,387457000.0,194546000.0,0.82,0.8,0.82,4026668000.0,3751926000.0,4026668000.0,11982411791.0,31.0,14.995,568421000.0,3.232,1.0,1824725000.0,0.556,5855413000.0,192911000.0,4339086000.0,4698662000.0,353222000.0,390933000.0,10766000.0,380167000.0,5089072000.0,1385723000.0,3703349000.0,9312795791.0,260657000.0,-71048000.0,169406000.0,-425805000.0,0.0,-242341000.0,-257998000.0,-11363000.0,744008000.0,16988000.0,144594000.0,144594000.0,144594000.0,0.0,0.0,0.044,1438850000.0,385875000.0,237250000.0,0.0,2.313,64.407,63.683,829032000.0,0.0,52.22,2.839,2.8,591058000.0,154204000.0,3280344000.0,3280344000.0,337099000.0,0.016,0.039,0.082,0.118,46044000.0,987116000.0,1.0,178337721.0,175872000,181415000.0,18.652,3260327000.0,126384000.0,49952000.0,874765000.0,18.538,410441000.0
4,LIFE2,MRY,2008-12-31,2008-12-31,2008-12-31,2019-04-23,-98807000.0,8898759000.0,4762197750.0,1612171000.0,7286588000.0,0.34,34.834,-81886000.0,448317000.0,448317000.0,679571000.0,5714000.0,1.601,1.574,3476420000.0,80000000.0,3396420000.0,3476420000.0,81166000.0,132552000.0,0.0,0.0,0.0,198658000.0,331210000.0,0.204,331210000.0,198658000.0,113597000.0,0.06,0.05,0.06,3456538000.0,2244624500.0,3456538000.0,2627986243.0,13.0,7.935,283896000.0,2.861,1.0,940752000.0,0.581,5866546000.0,85061000.0,5053074000.0,2632176750.0,420029000.0,490853000.0,0.0,490853000.0,5442221000.0,1007242000.0,4434979000.0,2152868243.0,-270215000.0,-2859002000.0,-57359000.0,2432483000.0,0.0,2301402000.0,-2889709000.0,51179000.0,365782000.0,-47690000.0,5714000.0,5714000.0,5714000.0,-1358000.0,0.0,0.004,773751000.0,167001000.0,204279000.0,0.0,0.623,376.771,388.5,748056000.0,0.0,23.31,1.329,1.428,580907000.0,9610000.0,1620323000.0,1620323000.0,142505000.0,0.001,0.003,0.075,0.123,28452000.0,499312000.0,1.0,92358140.0,99229000,103685000.0,16.329,3032213000.0,25563000.0,107883000.0,844772000.0,30.558,604929000.0
5,LIFE2,MRY,2007-12-31,2007-12-31,2007-12-31,2019-04-23,112454000.0,3329747000.0,3215939750.0,1090484000.0,2239263000.0,0.399,18.908,-78333000.0,610590000.0,610590000.0,565860000.0,119149000.0,4.652,0.886,1150824000.0,124000.0,1150700000.0,1150824000.0,10969000.0,136078000.0,0.0,0.0,0.0,219524000.0,355602000.0,0.277,355602000.0,219524000.0,152107000.0,1.27,1.23,1.27,1765447000.0,1678186250.0,1765447000.0,4902601867.0,22.0,13.787,245231000.0,2.626,1.0,715887000.0,0.559,1815300000.0,67417000.0,1820268000.0,1790326000.0,172692000.0,61456000.0,60703000.0,753000.0,1564300000.0,234413000.0,1329887000.0,4349722867.0,239252000.0,178613000.0,-146598000.0,-2048000.0,0.0,-143245000.0,48455000.0,-51825000.0,323564000.0,10478000.0,119149000.0,119149000.0,119149000.0,-12911000.0,0.0,0.093,537567000.0,178320000.0,85625000.0,0.0,2.464,36.507,36.776,319653000.0,0.0,46.705,3.394,3.402,192137000.0,86992000.0,1281747000.0,1281747000.0,115833000.0,0.037,0.071,0.123,0.171,42131000.0,416099000.0,1.0,93131846.0,93372000,97148000.0,13.727,1514447000.0,74341000.0,32958000.0,138537000.0,16.219,856071000.0
6,LIFE2,MRY,2006-12-31,2006-12-31,2006-12-31,2019-04-23,34993000.0,3182875000.0,3596161500.0,740604000.0,2442271000.0,0.32,15.862,-59524000.0,347574000.0,347574000.0,542844000.0,-191049000.0,3.247,0.952,1152785000.0,1961000.0,1150824000.0,1152785000.0,0.0,161783000.0,0.0,0.0,0.0,-130589000.0,31194000.0,0.027,31194000.0,-130589000.0,-162745000.0,-1.86,-1.8,-1.86,1630427000.0,1912923000.0,1630427000.0,3570696371.0,-27.0,114.467,175536000.0,1.708,1.0,608331000.0,0.528,1851713000.0,32156000.0,1908287000.0,1863756750.0,146400000.0,11764000.0,8914000.0,2850000.0,1552448000.0,228086000.0,1324362000.0,2722315371.0,-68337000.0,-44025000.0,-320044000.0,-232178000.0,0.0,-549151000.0,229818000.0,306728000.0,235060000.0,15936000.0,-191049000.0,-191049000.0,-191049000.0,266808000.0,0.0,-0.166,499339000.0,108992000.0,85274000.0,0.0,1.67,-14.249,-15.212,275419000.0,0.0,28.295,2.365,2.526,177510000.0,-54672000.0,1151175000.0,1151175000.0,104343000.0,-0.053,-0.1,-0.07,-0.113,43684000.0,382456000.0,1.0,96211888.0,102786000,105724000.0,11.2,1331162000.0,37042000.0,28304000.0,113646000.0,12.951,512518000.0
7,LIFE2,MRY,2005-12-31,2005-12-31,2005-12-31,2019-04-23,-16688000.0,3877049000.0,3858522250.0,1151196000.0,2725853000.0,0.28,19.543,-79233000.0,441362000.0,441362000.0,529602000.0,132046000.0,2.25,0.899,1386169000.0,234246000.0,1151923000.0,1386169000.0,0.0,157609000.0,0.0,0.0,0.0,204073000.0,361682000.0,0.335,361682000.0,204073000.0,170096000.0,1.265,1.165,1.265,2041794000.0,2007936750.0,2041794000.0,4444093223.0,22.0,12.287,230111000.0,2.203,1.0,549535000.0,0.509,2357284000.0,33977000.0,1952995000.0,2294685500.0,136753000.0,310697000.0,310510000.0,187000.0,1835255000.0,511577000.0,1323678000.0,3522033223.0,236834000.0,-647170000.0,58256000.0,46627000.0,0.0,104883000.0,-157642000.0,568761000.0,309344000.0,-19751000.0,132046000.0,132046000.0,132046000.0,-10561000.0,0.0,0.122,437063000.0,112472000.0,85335000.0,0.0,1.725,26.673,26.34,278447000.0,0.0,33.32,3.264,3.226,194942000.0,136377000.0,1079137000.0,1079137000.0,97751000.0,0.034,0.066,0.089,0.189,7415000.0,321801000.0,1.0,105703278.0,104476000,120028000.0,10.329,1519765000.0,39453000.0,38050000.0,174419000.0,14.547,639619000.0
8,LIFE2,MRY,2004-12-31,2004-12-31,2004-12-31,2019-04-23,72214000.0,3614335000.0,3574477250.0,1332228000.0,2282107000.0,0.286,18.509,-46892000.0,204102000.0,204102000.0,416002000.0,88825000.0,6.791,0.889,1331705000.0,12390000.0,1319315000.0,1331705000.0,0.0,147029000.0,0.0,0.0,0.0,153579000.0,300608000.0,0.294,300608000.0,153579000.0,121376000.0,0.86,0.815,0.86,1913251000.0,1877541000.0,1913251000.0,4376332872.0,28.0,14.558,205832000.0,1.991,1.0,607849000.0,0.594,1864853000.0,32203000.0,2680900000.0,2481172000.0,122787000.0,888367000.0,779279000.0,109088000.0,1701084000.0,196185000.0,1504899000.0,3439094872.0,-198617000.0,-520773000.0,-20059000.0,252936000.0,0.0,232877000.0,-689479000.0,-121814000.0,252724000.0,5261000.0,88825000.0,88825000.0,88825000.0,0.0,0.0,0.087,471984000.0,135865000.0,64261000.0,0.0,1.798,38.718,39.029,222193000.0,0.0,33.565,3.359,3.389,165754000.0,4331000.0,1023851000.0,1023851000.0,73116000.0,0.025,0.047,0.062,0.15,4576000.0,291319000.0,1.0,102460744.0,103368000,120792000.0,9.905,1749482000.0,32917000.0,32551000.0,154226000.0,16.925,1136043000.0
9,LIFE2,MRY,2003-12-31,2003-12-31,2003-12-31,2019-04-23,56158000.0,3165689000.0,2898330500.0,1287344000.0,1878345000.0,0.268,17.944,-30065000.0,403645000.0,403645000.0,308389000.0,60130000.0,10.242,0.752,1024284000.0,1784000.0,1022500000.0,1024284000.0,0.0,110617000.0,0.0,0.0,0.0,113020000.0,223637000.0,0.288,223637000.0,113020000.0,84459000.0,0.595,0.585,0.595,1806847000.0,1729535000.0,1806847000.0,4248286292.0,38.0,18.996,137990000.0,1.37,1.0,469349000.0,0.603,1448066000.0,28561000.0,2212569000.0,1798285000.0,126707000.0,772162000.0,595092000.0,177070000.0,1358842000.0,125693000.0,1233149000.0,3795241292.0,77322000.0,-422784000.0,29980000.0,338318000.0,0.0,364171000.0,-481910000.0,-29061000.0,168055000.0,27006000.0,60130000.0,60130000.0,60130000.0,0.0,0.0,0.077,379924000.0,89425000.0,55745000.0,0.0,2.1,63.117,58.748,186231000.0,0.0,34.955,4.88,4.526,117095000.0,-84494000.0,777738000.0,777738000.0,54593000.0,0.021,0.035,0.063,0.145,0.0,243230000.0,1.0,108575062.0,100692000,103424000.0,7.724,1717623000.0,20214000.0,24329000.0,164089000.0,17.058,1161651000.0
10,LIFE2,MRY,2002-12-31,2002-12-31,2002-12-31,2019-04-23,14906000.0,2614966000.0,2666058000.0,968451000.0,1646515000.0,0.243,15.601,-52734000.0,547187000.0,547187000.0,269898000.0,47667000.0,6.871,0.59,674956000.0,2456000.0,672500000.0,674956000.0,0.0,87667000.0,0.0,0.0,0.0,93971000.0,181638000.0,0.28,181638000.0,93971000.0,69874000.0,0.455,0.45,0.455,1642610000.0,1686693250.0,1642610000.0,1654371436.0,18.0,9.108,76551000.0,0.727,1.0,378699000.0,0.584,1112639000.0,24097000.0,1489141000.0,1414003250.0,85531000.0,522676000.0,184188000.0,338488000.0,968853000.0,140955000.0,827898000.0,1613829436.0,-558523000.0,-5281000.0,-89624000.0,-3280000.0,0.0,-92904000.0,-610768000.0,-552753000.0,129285000.0,15864000.0,47667000.0,47667000.0,47667000.0,0.0,0.0,0.073,310171000.0,68528000.0,32288000.0,0.0,0.982,33.856,34.385,136151000.0,0.0,15.645,2.488,2.54,95104000.0,-144624000.0,648597000.0,648597000.0,33698000.0,0.018,0.028,0.066,0.145,0.0,195964000.0,1.0,103153048.0,105286000,105926000.0,6.16,1502327000.0,29245000.0,22207000.0,139215000.0,14.269,827496000.0
11,LIFE2,MRY,2001-12-31,2001-12-31,2001-12-31,2019-04-23,-7063000.0,2667212000.0,2361080750.0,1204469000.0,1462743000.0,0.267,15.9,5702000.0,895189000.0,895189000.0,285702000.0,-147666000.0,9.515,0.595,679069000.0,3039000.0,676030000.0,679069000.0,0.0,286952000.0,0.0,0.0,0.0,-127033000.0,159919000.0,0.254,159919000.0,-127033000.0,-138328000.0,-1.405,-1.405,-1.405,1671078000.0,1710136750.0,1671078000.0,2883871850.0,-23.0,18.033,134746000.0,1.282,1.0,343588000.0,0.546,1181487000.0,11295000.0,1143023000.0,638812250.0,80597000.0,193547000.0,99647000.0,93900000.0,993727000.0,126582000.0,867145000.0,3279888850.0,459315000.0,14594000.0,30287000.0,487725000.0,0.0,518012000.0,-178662000.0,-198958000.0,129044000.0,-9079000.0,-147666000.0,-147666000.0,-147666000.0,0.0,0.0,-0.235,494196000.0,-150608000.0,20643000.0,0.0,1.963,-22.212,-22.039,125786000.0,0.0,30.965,5.212,5.171,86857000.0,-192291000.0,629290000.0,629290000.0,38145000.0,-0.063,-0.086,-0.199,-0.202,0.0,178504000.0,1.0,105922456.0,105098000,105098000.0,5.988,1485725000.0,30751000.0,9338000.0,189575000.0,14.137,1077887000.0
12,LIFE2,MRY,2000-12-31,2000-12-31,2000-12-31,2019-04-23,8589000.0,2369215000.0,1446597750.0,671749000.0,1697466000.0,0.17,29.487,-24002000.0,430656000.0,430656000.0,124697000.0,-54326000.0,4.39,0.329,181357000.0,2154000.0,179203000.0,181357000.0,0.0,91819000.0,0.0,0.0,0.0,-45904000.0,45915000.0,0.186,45915000.0,-45904000.0,-54840000.0,-0.9,-0.9,-0.9,1778397000.0,572296750.0,1778397000.0,3893426014.0,-85.0,84.796,-99055000.0,-1.642,1.0,121498000.0,0.494,1473903000.0,8936000.0,492985000.0,-82767250.0,91664000.0,0.0,0.0,0.0,585879000.0,153028000.0,432851000.0,4396282014.0,316661000.0,226394000.0,27312000.0,153273000.0,0.0,180585000.0,204528000.0,2136000.0,-75053000.0,6601000.0,-54326000.0,-54326000.0,-54326000.0,0.0,0.0,-0.221,188780000.0,-67282000.0,24728000.0,0.0,2.472,-80.924,-47.986,171521000.0,0.0,43.188,17.857,10.58,87195000.0,-44625000.0,246195000.0,246195000.0,23620000.0,-0.038,-0.095,0.555,-0.186,0.0,73158000.0,1.0,101795242.0,60312000,60312000.0,4.082,895312000.0,30377000.0,-514000.0,278874000.0,14.845,518721000.0
13,LIFE2,MRY,1999-12-31,1999-12-31,1999-12-31,2019-04-23,-439000.0,156776000.0,85044250.0,130397000.0,26379000.0,1.093,3.391,-6990000.0,102238000.0,102238000.0,33007000.0,9236000.0,7.107,0.2,14474000.0,7150000.0,7324000.0,14474000.0,0.0,4472000.0,0.0,0.0,0.0,14937000.0,19409000.0,0.209,19409000.0,14937000.0,14015000.0,0.26,0.23,0.26,130665000.0,73031500.0,130665000.0,934593520.0,63.0,48.153,6212000.0,0.161,1.0,59938000.0,0.645,4139000.0,922000.0,46525000.0,23970000.0,7556000.0,0.0,0.0,0.0,26111000.0,18348000.0,7763000.0,970931520.0,99893000.0,0.0,108138000.0,-1269000.0,0.0,89362000.0,-2626000.0,4364000.0,13202000.0,-45000.0,9236000.0,9984000.0,9984000.0,0.0,0.0,0.107,47133000.0,12805000.0,4266000.0,0.0,7.431,97.249,115.385,21678000.0,-748000.0,30.0,10.446,12.438,11530000.0,9701000.0,92945000.0,92945000.0,14888000.0,0.117,0.137,0.623,0.161,0.0,28334000.0,1.0,32364384.0,38536000,43656000.0,2.412,152637000.0,8173000.0,4779000.0,2119000.0,3.961,112049000.0
14,LIFE2,MRY,1998-12-31,1998-12-31,1998-12-31,2019-04-23,-40000.0,32050000.0,,19743000.0,12307000.0,,0.15,-11038000.0,2316000.0,2316000.0,26583000.0,4977000.0,2.318,5.854,2890000.0,1774000.0,1116000.0,2890000.0,0.0,3238000.0,0.0,,0.0,8681000.0,11919000.0,0.169,11919000.0,8681000.0,7965000.0,0.125,0.11,0.125,4676000.0,,4676000.0,,,,-4418000.0,-0.142,1.0,44010000.0,0.623,1708000.0,716000.0,22398000.0,,5374000.0,4364000.0,4364000.0,0.0,27374000.0,8518000.0,18856000.0,,-3211000.0,0.0,209000.0,1883000.0,0.0,1435000.0,-11449000.0,-411000.0,6620000.0,183000.0,4977000.0,3873000.0,3873000.0,0.0,0.0,0.055,35852000.0,8158000.0,3106000.0,0.0,,,,10036000.0,1104000.0,,,,5628000.0,773000.0,70593000.0,70593000.0,11563000.0,,,,0.123,0.0,24273000.0,1.0,,31080000,34542000.0,2.271,30342000.0,873000.0,2988000.0,802000.0,0.976,11225000.0
15,LIFE2,MRY,1997-12-31,1997-12-31,1997-12-31,2019-04-23,,,,,,,,-2946000.0,,,15958000.0,2435000.0,,,,,,,,1345000.0,,,0.0,4048000.0,5393000.0,0.131,5393000.0,4048000.0,3806000.0,-0.575,-0.575,-0.575,,,,,,,571000.0,0.025,1.0,25224000.0,0.613,,242000.0,,,,,,,,,,,4110000.0,-500000.0,-7673000.0,413000.0,0.0,7506000.0,-6808000.0,-3362000.0,3517000.0,-105000.0,2435000.0,-13215000.0,-13215000.0,0.0,0.0,-0.321,21535000.0,3689000.0,,0.0,,,,,15650000.0,,,,,,41182000.0,41182000.0,5918000.0,,,,0.098,0.0,15617000.0,,,22922000,22922000.0,1.797,,,1371000.0,,,
0,LIFE2,MRQ,2013-09-30,2013-09-30,2013-09-30,2019-04-23,4189000.0,8488236000.0,,1746116000.0,6742120000.0,,28.784,-24813000.0,350454000.0,350454000.0,390187000.0,117980000.0,2.179,0.706,2071744000.0,4157000.0,2067587000.0,2071744000.0,118149000.0,104458000.0,0.0,0.0,0.0,161648000.0,266106000.0,0.285,266106000.0,161648000.0,134556000.0,0.68,0.67,0.68,4976561000.0,,4976561000.0,14861246052.0,22.0,13.506,225635000.0,1.305,1.0,544903000.0,0.583,5821382000.0,27092000.0,3586840000.0,,431089000.0,46263000.0,17798000.0,28465000.0,3511460000.0,801304000.0,2710156000.0,12920312052.0,76289000.0,-2702000.0,-6000.0,-143899000.0,0.0,-146721000.0,-29447000.0,-1932000.0,250448000.0,2009000.0,118246000.0,118246000.0,118246000.0,0.0,-266000.0,0.126,378739000.0,166164000.0,182199000.0,0.0,2.596,27.138,27.112,773711000.0,0.0,74.83,3.363,3.367,653525000.0,1707928000.0,935090000.0,935090000.0,82978000.0,,,,,16711000.0,268839000.0,1.0,172662195.0,172892000,175901000.0,5.409,2666854000.0,131598000.0,16310000.0,334392000.0,15.425,944812000.0
1,LIFE2,MRQ,2013-06-30,2013-06-30,2013-06-30,2019-04-23,-15841000.0,8483747000.0,,1682816000.0,6800931000.0,,27.939,-22760000.0,274498000.0,274498000.0,389490000.0,126416000.0,1.801,0.76,2215432000.0,147208000.0,2068224000.0,2215432000.0,115537000.0,105202000.0,0.0,0.0,0.0,162108000.0,267310000.0,0.283,267310000.0,162108000.0,134459000.0,0.73,0.72,0.73,4819873000.0,,4819873000.0,14854213950.0,24.0,14.139,196494000.0,1.139,1.0,556318000.0,0.588,5883043000.0,27649000.0,3607395000.0,,416833000.0,44773000.0,15881000.0,28892000.0,3663395000.0,934243000.0,2729152000.0,12733710950.0,-1691000.0,-29854000.0,9626000.0,-181771000.0,0.0,-164000000.0,-53564000.0,-950000.0,219254000.0,-3381000.0,126640000.0,126640000.0,126640000.0,0.0,-224000.0,0.134,393269000.0,163049000.0,177999000.0,0.0,2.642,30.054,30.081,770889000.0,0.0,74.0,3.335,3.343,675725000.0,1589682000.0,945808000.0,945808000.0,88559000.0,,,,,10044000.0,276400000.0,1.0,172077175.0,172516000,175559000.0,5.482,2600704000.0,129172000.0,7819000.0,359043000.0,15.075,748573000.0
2,LIFE2,MRQ,2013-03-31,2013-03-31,2013-03-31,2019-04-23,15082000.0,8539048000.0,,1669462000.0,6869586000.0,,27.432,-23606000.0,276528000.0,276528000.0,398394000.0,121109000.0,1.559,0.822,2397031000.0,328052000.0,2068979000.0,2397031000.0,113764000.0,106784000.0,0.0,0.0,0.0,180749000.0,287533000.0,0.299,287533000.0,180749000.0,151384000.0,0.71,0.69,0.71,4685624000.0,,4685624000.0,13155536517.0,20.0,12.233,111113000.0,0.651,1.0,564118000.0,0.586,5958883000.0,29365000.0,3629552000.0,,407455000.0,45350000.0,16084000.0,29266000.0,3852727000.0,1071116000.0,2781611000.0,11012110517.0,6244000.0,-28947000.0,-74202000.0,-27152000.0,0.0,-95346000.0,-30388000.0,-14564000.0,134719000.0,-2741000.0,121196000.0,121196000.0,121196000.0,0.0,-87000.0,0.126,381451000.0,182667000.0,175537000.0,0.0,2.35,26.256,26.707,771420000.0,0.0,64.63,2.881,2.888,691679000.0,1463042000.0,962512000.0,962512000.0,83546000.0,,,,,8685000.0,271216000.0,1.0,170386980.0,170807000,174481000.0,5.635,2580165000.0,131282000.0,30188000.0,429933000.0,15.106,598346000.0
3,LIFE2,MRQ,2012-12-31,2012-12-31,2012-12-31,2019-04-23,59070000.0,8638065000.0,,1625239000.0,7012826000.0,,27.013,-48023000.0,270643000.0,270643000.0,441230000.0,109905000.0,1.363,0.856,2414069000.0,353214000.0,2060855000.0,2414069000.0,114558000.0,108469000.0,0.0,0.0,0.0,170923000.0,279392000.0,0.28,279392000.0,170923000.0,141274000.0,0.64,0.62,0.64,4652681000.0,,4652681000.0,10600846132.0,16.0,9.77,173184000.0,1.005,1.0,557674000.0,0.558,6029215000.0,29649000.0,3559925000.0,,403488000.0,32403000.0,5726000.0,26677000.0,3984602000.0,1192351000.0,2792251000.0,8435956132.0,-18614000.0,-85055000.0,-67408000.0,-40591000.0,0.0,-101890000.0,-139031000.0,-5953000.0,221207000.0,1100000.0,110006000.0,110006000.0,110006000.0,0.0,-101000.0,0.11,386737000.0,170937000.0,186569000.0,0.0,1.813,19.58,20.012,844692000.0,0.0,49.03,2.221,2.27,697228000.0,1341846000.0,998904000.0,998904000.0,83667000.0,,,,,10616000.0,264604000.0,1.0,172057029.0,172240000,175783000.0,5.799,2608850000.0,128430000.0,31268000.0,422721000.0,15.147,432888000.0
4,LIFE2,MRQ,2012-09-30,2012-09-30,2012-09-30,2019-04-23,87989000.0,8558035000.0,,1595689000.0,6962346000.0,,26.512,-19638000.0,289590000.0,289590000.0,432697000.0,65602000.0,1.423,0.855,2454480000.0,393200000.0,2061280000.0,2454480000.0,100281000.0,105929000.0,0.0,0.0,0.0,110449000.0,216378000.0,0.237,216378000.0,110449000.0,81158000.0,0.38,0.37,0.38,4614336000.0,,4614336000.0,10689131137.0,16.0,9.819,177180000.0,1.018,1.0,478486000.0,0.525,6000002000.0,29291000.0,3601255000.0,,400680000.0,37240000.0,9680000.0,27560000.0,3943534000.0,1121668000.0,2821866000.0,8564927137.0,14193000.0,-28988000.0,-197243000.0,39605000.0,0.0,-157606000.0,-30594000.0,17874000.0,196818000.0,5575000.0,65857000.0,65857000.0,65857000.0,0.0,-255000.0,0.072,365947000.0,112539000.0,158335000.0,0.0,1.856,20.692,20.97,817865000.0,0.0,48.86,2.248,2.232,644579000.0,1231840000.0,911183000.0,911183000.0,84811000.0,,,,,19525000.0,270565000.0,1.0,175295275.0,174044000,177258000.0,5.235,2558033000.0,130766000.0,15301000.0,470083000.0,14.698,474021000.0
5,LIFE2,MRQ,2012-06-30,2012-06-30,2012-06-30,2019-04-23,55538000.0,8482010000.0,,1538807000.0,6943203000.0,,26.331,-23741000.0,275753000.0,275753000.0,404320000.0,122303000.0,1.516,0.808,2399957000.0,352677000.0,2047280000.0,2399957000.0,100727000.0,109489000.0,0.0,0.0,0.0,182661000.0,292150000.0,0.308,292150000.0,182661000.0,153424000.0,0.69,0.67,0.69,4691428000.0,,4691428000.0,10223838668.0,15.0,8.996,232310000.0,1.304,1.0,544989000.0,0.574,6001019000.0,29237000.0,3590220000.0,,395808000.0,55876000.0,27697000.0,28179000.0,3790164000.0,1014975000.0,2775189000.0,8034167668.0,40956000.0,-15836000.0,-138236000.0,-25482000.0,0.0,-159546000.0,-45425000.0,-5848000.0,256051000.0,-10124000.0,122354000.0,122354000.0,122354000.0,0.0,-51000.0,0.129,360294000.0,184695000.0,161209000.0,0.0,1.713,18.081,18.068,807715000.0,0.0,44.99,2.099,2.094,630436000.0,1165984000.0,949309000.0,949309000.0,84816000.0,,,,,21185000.0,266049000.0,1.0,178576743.0,178168000,181307000.0,5.328,2480991000.0,115976000.0,31070000.0,469648000.0,13.925,523832000.0
6,LIFE2,MRQ,2012-03-31,2012-03-31,2012-03-31,2019-04-23,80009000.0,8579164000.0,,1533102000.0,7046062000.0,,26.296,-25334000.0,235161000.0,235161000.0,385787000.0,132639000.0,1.417,0.824,2424832000.0,377524000.0,2047308000.0,2424832000.0,112859000.0,105006000.0,0.0,0.0,0.0,192113000.0,297119000.0,0.316,297119000.0,192113000.0,156375000.0,0.74,0.72,0.74,4703598000.0,,4703598000.0,10596070931.0,16.0,9.547,78582000.0,0.439,1.0,553327000.0,0.589,6086591000.0,35738000.0,3600188000.0,,396971000.0,52582000.0,28420000.0,24162000.0,3875566000.0,1082056000.0,2793510000.0,8703013931.0,-619750000.0,-38495000.0,-174908000.0,-325565000.0,0.0,-663372000.0,-64423000.0,-922000.0,103916000.0,4129000.0,132639000.0,132639000.0,132639000.0,0.0,0.0,0.141,356262000.0,197065000.0,157279000.0,0.0,1.85,20.848,20.953,818185000.0,0.0,48.82,2.279,2.287,655578000.0,1043630000.0,939114000.0,939114000.0,88598000.0,,,,,17244000.0,253398000.0,1.0,178267389.0,178873000,183113000.0,5.25,2492573000.0,119520000.0,23736000.0,552356000.0,13.935,451046000.0
7,LIFE2,MRQ,2011-12-31,2011-12-31,2011-12-31,2019-04-23,64656000.0,9187963000.0,,2093617000.0,7094346000.0,,25.794,-39353000.0,855435000.0,855435000.0,483328000.0,93068000.0,1.399,0.998,2748492000.0,450839000.0,2297653000.0,2748492000.0,113048000.0,116404000.0,0.0,0.0,0.0,166564000.0,282968000.0,0.28,282968000.0,166564000.0,128402000.0,0.52,0.51,0.52,4599226000.0,,4599226000.0,9066516826.0,14.0,8.403,276575000.0,1.551,1.0,527117000.0,0.522,6113285000.0,38162000.0,3471429000.0,,377866000.0,51555000.0,26559000.0,24996000.0,4588737000.0,1496306000.0,3092431000.0,6933953826.0,244546000.0,37717000.0,-24231000.0,-564000.0,0.0,-26040000.0,-37460000.0,-41663000.0,315928000.0,-7882000.0,93068000.0,93068000.0,93068000.0,0.0,0.0,0.092,358592000.0,168525000.0,178374000.0,0.0,1.508,18.32,18.441,833678000.0,0.0,38.91,1.836,1.849,636998000.0,910991000.0,1010445000.0,1010445000.0,90201000.0,,,,,17336000.0,249535000.0,1.0,178204930.0,178307000,184542000.0,5.667,3074678000.0,68884000.0,35334000.0,513446000.0,17.244,597311000.0
8,LIFE2,MRQ,2011-09-30,2011-09-30,2011-09-30,2019-04-23,125736000.0,9046493000.0,,1853102000.0,7193391000.0,,25.425,-31980000.0,611241000.0,611241000.0,388963000.0,95974000.0,1.319,0.978,2743804000.0,445732000.0,2298072000.0,2743804000.0,110193000.0,105687000.0,0.0,0.0,0.0,158598000.0,264285000.0,0.285,264285000.0,158598000.0,120606000.0,0.54,0.52,0.54,4572957000.0,,4572957000.0,9136779147.0,16.0,8.912,141688000.0,0.788,1.0,539235000.0,0.581,6192835000.0,37992000.0,3581777000.0,,393775000.0,50552000.0,24697000.0,25855000.0,4470095000.0,1404444000.0,3065651000.0,6935123147.0,74088000.0,564000.0,-57615000.0,-925000.0,0.0,-57507000.0,-30524000.0,892000.0,173668000.0,-11549000.0,96271000.0,96271000.0,96271000.0,0.0,-297000.0,0.104,378814000.0,160421000.0,164648000.0,0.0,1.517,19.475,19.607,835853000.0,0.0,38.43,1.876,1.869,634372000.0,817923000.0,928198000.0,928198000.0,103856000.0,,,,,12638000.0,251832000.0,1.0,180461180.0,179859000,186812000.0,5.161,2853658000.0,41264000.0,24335000.0,543983000.0,15.866,448658000.0
9,LIFE2,MRQ,2011-06-30,2011-06-30,2011-06-30,2019-04-23,156261000.0,9124623000.0,,1811738000.0,7312885000.0,,25.411,-17223000.0,537523000.0,537523000.0,416551000.0,95213000.0,1.225,1.005,2739179000.0,440706000.0,2298473000.0,2739179000.0,107482000.0,107682000.0,0.0,0.0,0.0,157886000.0,265568000.0,0.282,265568000.0,157886000.0,115112000.0,0.53,0.52,0.53,4549320000.0,,4549320000.0,11679134039.0,20.0,11.379,187265000.0,1.046,1.0,524584000.0,0.557,6298879000.0,42774000.0,3548288000.0,,367721000.0,54226000.0,27576000.0,26650000.0,4571353000.0,1479112000.0,3092241000.0,9308336039.0,-173567000.0,-6921000.0,-3037000.0,-350560000.0,0.0,-349001000.0,-33037000.0,-8893000.0,204488000.0,3983000.0,95466000.0,95466000.0,95466000.0,0.0,-253000.0,0.101,364515000.0,160069000.0,205936000.0,0.0,2.046,25.476,26.166,840181000.0,0.0,52.07,2.56,2.564,663176000.0,721652000.0,941135000.0,941135000.0,91085000.0,,,,,19175000.0,254764000.0,1.0,178765816.0,179031000,184761000.0,5.257,2825744000.0,48490000.0,19646000.0,601892000.0,15.784,332626000.0
10,LIFE2,MRQ,2011-03-31,2011-03-31,2011-03-31,2019-04-23,119240000.0,9275797000.0,,1893037000.0,7382760000.0,,24.291,-16576000.0,711438000.0,711438000.0,376853000.0,93579000.0,1.058,1.116,3082236000.0,783395000.0,2298841000.0,3082236000.0,112434000.0,107753000.0,0.0,0.0,0.0,158385000.0,266138000.0,0.297,266138000.0,158385000.0,115239000.0,0.52,0.5,0.52,4381262000.0,,4381262000.0,11679365800.0,19.0,11.347,98475000.0,0.546,1.0,519040000.0,0.579,6360237000.0,43146000.0,3497377000.0,,340400000.0,46177000.0,23809000.0,22368000.0,4890422000.0,1788981000.0,3101441000.0,9435714800.0,-119874000.0,-34159000.0,-197730000.0,-494000.0,0.0,-194720000.0,-50863000.0,-128000.0,115051000.0,10658000.0,93687000.0,93687000.0,93687000.0,0.0,-108000.0,0.105,360299000.0,158741000.0,156876000.0,0.0,2.154,24.8,25.324,840087000.0,0.0,52.42,2.622,2.627,618756000.0,626186000.0,895893000.0,895893000.0,92775000.0,,,,,14848000.0,252841000.0,1.0,180002190.0,180365000,186266000.0,4.967,2915560000.0,47877000.0,21552000.0,633290000.0,16.165,104056000.0
11,LIFE2,MRQ,2010-12-31,2010-12-31,2010-12-31,2019-04-23,96612000.0,9486199000.0,,2046525000.0,7439674000.0,,23.833,-41602000.0,831722000.0,831722000.0,414341000.0,70568000.0,1.785,1.138,3075373000.0,347749000.0,2727624000.0,3075373000.0,109981000.0,115742000.0,0.0,0.0,0.0,113435000.0,229177000.0,0.246,229177000.0,113435000.0,77146000.0,0.37,0.37,0.37,4434076000.0,,4434076000.0,12113056245.0,20.0,11.912,182969000.0,0.983,1.0,517996000.0,0.556,6412248000.0,36289000.0,4171217000.0,,323318000.0,45527000.0,23079000.0,22448000.0,5048170000.0,1146385000.0,3901785000.0,10363381245.0,310667000.0,-223868000.0,-394747000.0,791035000.0,0.0,366880000.0,-281187000.0,-15717000.0,224571000.0,403000.0,70681000.0,70681000.0,70681000.0,0.0,-113000.0,0.076,405736000.0,112260000.0,174449000.0,0.0,2.337,27.395,26.942,847984000.0,0.0,55.5,2.888,2.837,587456000.0,532499000.0,932337000.0,932337000.0,108711000.0,,,,,14364000.0,270001000.0,1.0,186727590.0,186044000,191296000.0,5.011,3073951000.0,117699000.0,6465000.0,726698000.0,16.523,900140000.0
12,LIFE2,MRQ,2010-09-30,2010-09-30,2010-09-30,2019-04-23,82657000.0,8507116000.0,,1726711000.0,6780405000.0,,24.753,-27702000.0,521502000.0,521502000.0,352721000.0,105243000.0,1.524,0.864,2271177000.0,345468000.0,1925709000.0,2271177000.0,102185000.0,102428000.0,0.0,0.0,0.0,163073000.0,265501000.0,0.306,265501000.0,163073000.0,127867000.0,0.57,0.56,0.57,4559418000.0,,4559418000.0,10510684682.0,18.0,10.369,187477000.0,1.018,1.0,514361000.0,0.593,5776275000.0,35206000.0,3347824000.0,,350609000.0,39989000.0,15470000.0,24519000.0,3939698000.0,1132692000.0,2807006000.0,8559307682.0,-168377000.0,-1853000.0,16023000.0,-348332000.0,0.0,-353129000.0,-50731000.0,-21176000.0,215179000.0,20304000.0,105540000.0,105540000.0,105540000.0,0.0,-297000.0,0.122,348451000.0,165910000.0,183994000.0,0.0,1.877,24.007,23.821,832359000.0,0.0,46.69,2.427,2.438,568121000.0,461818000.0,867082000.0,867082000.0,90057000.0,,,,,19182000.0,240680000.0,1.0,183322075.0,184196000,190149000.0,4.707,2730841000.0,134273000.0,22327000.0,704108000.0,14.826,594019000.0
13,LIFE2,MRQ,2010-06-30,2010-06-30,2010-06-30,2019-04-23,85337000.0,8638997000.0,,1850094000.0,6788903000.0,,23.965,-25228000.0,690246000.0,690246000.0,363051000.0,110541000.0,1.252,0.97,2641623000.0,720226000.0,1921397000.0,2641623000.0,91407000.0,100816000.0,0.0,0.0,0.0,167703000.0,268519000.0,0.297,268519000.0,167703000.0,128394000.0,0.61,0.58,0.61,4373147000.0,,4373147000.0,10635068906.0,19.0,11.035,203288000.0,1.114,1.0,540681000.0,0.598,5803012000.0,39309000.0,3309315000.0,,328819000.0,39353000.0,16195000.0,23158000.0,4243195000.0,1478047000.0,2765148000.0,8628227906.0,62126000.0,-88222000.0,31459000.0,-540000.0,0.0,32798000.0,-181963000.0,-68513000.0,228516000.0,-17225000.0,110568000.0,110568000.0,110568000.0,0.0,-27000.0,0.122,368253000.0,172428000.0,168527000.0,0.0,1.973,29.536,29.167,825390000.0,0.0,47.25,2.493,2.492,558958000.0,356278000.0,903732000.0,903732000.0,90344000.0,,,,,17351000.0,252813000.0,1.0,182607998.0,182484000,191084000.0,4.952,2835985000.0,37503000.0,17826000.0,716426000.0,15.541,372047000.0
14,LIFE2,MRQ,2010-03-31,2010-03-31,2010-03-31,2019-04-23,60672000.0,8455521000.0,,1684074000.0,6771447000.0,,23.12,-30285000.0,628679000.0,628679000.0,351840000.0,91507000.0,1.503,1.022,2635520000.0,345860000.0,2289660000.0,2635520000.0,96912000.0,103608000.0,0.0,0.0,0.0,150101000.0,253709000.0,0.287,253709000.0,150101000.0,108583000.0,0.51,0.48,0.51,4181719000.0,,4181719000.0,11916304899.0,24.0,13.031,40538000.0,0.224,1.0,533103000.0,0.602,5803412000.0,41518000.0,3538538000.0,,323866000.0,55557000.0,13231000.0,42326000.0,4273802000.0,1120412000.0,3153390000.0,9451822899.0,12566000.0,-35894000.0,24898000.0,-476331000.0,0.0,-454357000.0,394077000.0,460256000.0,70823000.0,2023000.0,91507000.0,91507000.0,91507000.0,0.0,0.0,0.103,371304000.0,161799000.0,172549000.0,0.0,2.26,42.866,42.496,813473000.0,0.0,52.27,2.789,2.789,526655000.0,245710000.0,884943000.0,884943000.0,86353000.0,,,,,7099000.0,259685000.0,1.0,180826916.0,180867000,189834000.0,4.893,2652109000.0,29030000.0,17076000.0,772883000.0,14.663,563662000.0
15,LIFE2,MRQ,2009-12-31,2009-12-31,2009-12-31,2019-04-23,51968000.0,9115740000.0,,1796164000.0,7319576000.0,,22.538,-71947000.0,637308000.0,637308000.0,375490000.0,48912000.0,1.296,1.264,3101790000.0,481701000.0,2620089000.0,3101790000.0,129035000.0,107398000.0,0.0,0.0,0.0,118492000.0,225890000.0,0.259,225890000.0,118492000.0,71209000.0,0.27,0.27,0.27,4026668000.0,,4026668000.0,11982411791.0,31.0,14.995,221039000.0,1.237,1.0,495625000.0,0.569,5855413000.0,47283000.0,4339086000.0,,353222000.0,390933000.0,10766000.0,380167000.0,5089072000.0,1385723000.0,3703349000.0,9312795791.0,77651000.0,-36329000.0,54520000.0,-150482000.0,0.0,-89556000.0,-113611000.0,-1393000.0,292986000.0,-12168000.0,48912000.0,48912000.0,48912000.0,0.0,0.0,0.056,380247000.0,115378000.0,237250000.0,0.0,2.313,64.407,63.683,829032000.0,0.0,52.22,2.839,2.8,591058000.0,154204000.0,871115000.0,871115000.0,92256000.0,,,,,10849000.0,252991000.0,1.0,178337721.0,178665000,187682000.0,4.876,3260327000.0,126384000.0,22297000.0,874765000.0,18.248,410441000.0
16,LIFE2,MRQ,2009-09-30,2009-09-30,2009-09-30,2019-04-23,-1775000.0,9023845000.0,,1706712000.0,7317133000.0,,21.599,-35732000.0,571108000.0,571108000.0,337944000.0,41136000.0,1.3,1.369,3240724000.0,442241000.0,2798483000.0,3240724000.0,114665000.0,102088000.0,0.0,0.0,0.0,113522000.0,215610000.0,0.269,215610000.0,113522000.0,65730000.0,0.23,0.22,0.23,3809871000.0,,3809871000.0,11091411027.0,43.0,18.032,164204000.0,0.931,1.0,462785000.0,0.578,5968156000.0,47792000.0,4412184000.0,,373673000.0,381010000.0,9347000.0,371663000.0,5213974000.0,1313121000.0,3900853000.0,8208603027.0,35330000.0,35149000.0,113313000.0,-283594000.0,0.0,-162629000.0,2308000.0,-1051000.0,199936000.0,-4285000.0,41136000.0,41136000.0,41136000.0,0.0,0.0,0.051,346085000.0,116700000.0,178263000.0,0.0,2.155,-462.926,-67.464,783432000.0,0.0,46.55,2.783,2.783,596541000.0,105292000.0,800729000.0,800729000.0,82724000.0,,,,,10737000.0,240016000.0,1.0,176339485.0,176387000,183428000.0,4.54,3055689000.0,60103000.0,24594000.0,885749000.0,17.324,393591000.0
17,LIFE2,MRQ,2009-06-30,2009-06-30,2009-06-30,2019-04-23,-13871000.0,9109321000.0,,1747126000.0,7362195000.0,,21.05,-41863000.0,574453000.0,574453000.0,351135000.0,38943000.0,1.715,1.477,3457261000.0,115000000.0,3342261000.0,3457261000.0,114978000.0,101309000.0,0.0,0.0,0.0,117948000.0,219257000.0,0.263,219257000.0,117948000.0,68248000.0,0.22,0.22,0.22,3677868000.0,,3677868000.0,10296592061.0,55.0,21.955,104854000.0,0.6,1.0,481628000.0,0.578,6030869000.0,49700000.0,4942688000.0,,364568000.0,386038000.0,8186000.0,377852000.0,5431453000.0,1018572000.0,4412881000.0,7287358061.0,135919000.0,-39006000.0,-5129000.0,28271000.0,0.0,23142000.0,-86364000.0,-5495000.0,146717000.0,52424000.0,38943000.0,38943000.0,38943000.0,0.0,0.0,0.047,363703000.0,117925000.0,196521000.0,0.0,1.981,-181.766,-57.944,768635000.0,0.0,41.72,2.902,2.903,636837000.0,64156000.0,832763000.0,832763000.0,81798000.0,,,,,10984000.0,253014000.0,1.0,174673012.0,174722000,178951000.0,4.766,3078452000.0,33303000.0,29305000.0,909697000.0,17.619,728554000.0
18,LIFE2,MRQ,2009-03-31,2009-03-31,2009-03-31,2019-04-23,-99356000.0,8817174000.0,,1554779000.0,7262395000.0,,20.11,-26045000.0,457638000.0,457638000.0,391051000.0,15604000.0,1.749,1.524,3466872000.0,97500000.0,3369372000.0,3466872000.0,100441000.0,100850000.0,0.0,0.0,0.0,37495000.0,138345000.0,0.178,138345000.0,37495000.0,-10641000.0,0.09,0.09,0.09,3493297000.0,,3493297000.0,8780313702.0,58.0,24.582,78324000.0,0.451,1.0,384686000.0,0.496,5836712000.0,48136000.0,5100690000.0,,376760000.0,491862000.0,7679000.0,484183000.0,5323877000.0,889006000.0,4434871000.0,5645041702.0,11757000.0,-30862000.0,6702000.0,-20000000.0,0.0,-13298000.0,-60331000.0,-3424000.0,104369000.0,-18983000.0,15604000.0,15604000.0,15604000.0,0.0,0.0,0.02,348813000.0,35873000.0,205778000.0,0.0,1.616,-175.524,-75.535,747546000.0,0.0,32.48,2.759,2.758,570502000.0,25214000.0,775737000.0,775737000.0,80320000.0,,,,,13474000.0,241095000.0,1.0,173800545.0,173713000,175380000.0,4.466,2980462000.0,39720000.0,-26245000.0,810588000.0,17.157,665773000.0
19,LIFE2,MRQ,2008-12-31,2008-12-31,2008-12-31,2019-04-23,-98807000.0,8898759000.0,,1612171000.0,7286588000.0,,34.834,-29040000.0,448317000.0,448317000.0,261888000.0,-113415000.0,1.601,1.574,3476420000.0,80000000.0,3396420000.0,3476420000.0,81166000.0,50170000.0,0.0,0.0,0.0,-8278000.0,41892000.0,0.077,41892000.0,-8278000.0,-41450000.0,-1.23,-1.17,-1.23,3456538000.0,,3456538000.0,2627986243.0,13.0,7.935,102201000.0,1.03,1.0,278730000.0,0.516,5866546000.0,33172000.0,5053074000.0,,420029000.0,490853000.0,0.0,490853000.0,5442221000.0,1007242000.0,4434979000.0,2152868243.0,-337150000.0,-2781031000.0,2528000.0,2432625000.0,0.0,2344459000.0,-2780425000.0,29646000.0,131241000.0,-32425000.0,-113415000.0,-113415000.0,-113415000.0,1000.0,0.0,-0.21,295963000.0,-17233000.0,204279000.0,0.0,0.623,376.771,388.5,748056000.0,0.0,23.31,1.329,1.428,580907000.0,9610000.0,540618000.0,540618000.0,47270000.0,,,,,12394000.0,151750000.0,1.0,92358140.0,99229000,122753000.0,5.448,3032213000.0,25563000.0,71965000.0,844772000.0,30.558,604929000.0
20,LIFE2,MRQ,2008-09-30,2008-09-30,2008-09-30,2019-04-23,75454000.0,3396073000.0,,1148082000.0,2247991000.0,,19.952,-24582000.0,675846000.0,675846000.0,143542000.0,18776000.0,4.711,0.844,1150964000.0,2000.0,1150962000.0,1150964000.0,0.0,28504000.0,0.0,0.0,0.0,40980000.0,69484000.0,0.192,69484000.0,40980000.0,23532000.0,0.2,0.19,0.2,1841567000.0,,1841567000.0,3994211972.0,15.0,10.546,60530000.0,0.656,1.0,218154000.0,0.603,1805238000.0,17448000.0,1822247000.0,,206581000.0,36587000.0,0.0,36587000.0,1554506000.0,243706000.0,1310800000.0,3489323972.0,29901000.0,-19211000.0,6690000.0,-4000.0,0.0,7820000.0,-44001000.0,-208000.0,85112000.0,-19030000.0,18776000.0,18776000.0,18776000.0,0.0,0.0,0.052,182808000.0,35346000.0,110047000.0,0.0,1.895,25.631,25.89,344094000.0,0.0,37.8,2.464,2.464,197999000.0,225174000.0,361696000.0,361696000.0,31430000.0,,,,,10161000.0,118301000.0,1.0,92310158.0,92298000,96995000.0,3.919,1590835000.0,37043000.0,4756000.0,117446000.0,17.236,904376000.0
21,LIFE2,MRQ,2008-06-30,2008-06-30,2008-06-30,2019-04-23,159022000.0,3426859000.0,,1129885000.0,2296974000.0,,20.461,-16786000.0,646080000.0,646080000.0,142684000.0,46874000.0,4.878,0.822,1150968000.0,6000.0,1150962000.0,1150968000.0,0.0,27483000.0,0.0,0.0,0.0,79986000.0,107469000.0,0.292,107469000.0,79986000.0,62669000.0,0.51,0.48,0.51,1880533000.0,,1880533000.0,4114719361.0,15.0,10.433,65210000.0,0.71,1.0,225107000.0,0.612,1868014000.0,17317000.0,1832124000.0,,212445000.0,37332000.0,0.0,37332000.0,1546326000.0,231609000.0,1314717000.0,3512804361.0,97745000.0,-19000.0,21002000.0,-22000.0,0.0,36818000.0,-17225000.0,-420000.0,81996000.0,-3844000.0,46874000.0,46874000.0,46874000.0,0.0,0.0,0.127,150112000.0,74995000.0,98796000.0,0.0,1.868,23.678,24.538,337902000.0,0.0,39.26,2.565,2.635,207035000.0,199945000.0,367791000.0,367791000.0,33173000.0,,,,,-5577000.0,115526000.0,1.0,89475404.0,91907000,97129000.0,4.002,1558845000.0,35768000.0,15795000.0,114016000.0,16.961,898276000.0
22,LIFE2,MRQ,2008-03-31,2008-03-31,2008-03-31,2019-04-23,162195000.0,3327100000.0,,1020745000.0,2306355000.0,,19.381,-11478000.0,549075000.0,549075000.0,131458000.0,53477000.0,4.655,0.849,1150990000.0,9000.0,1150981000.0,1150990000.0,0.0,26395000.0,0.0,0.0,0.0,85969000.0,112364000.0,0.321,112364000.0,85969000.0,68844000.0,0.57,0.54,0.57,1799860000.0,,1799860000.0,4536288722.0,18.0,11.983,55955000.0,0.603,1.0,218760000.0,0.625,1888475000.0,17125000.0,1821262000.0,,206219000.0,37633000.0,0.0,37633000.0,1527240000.0,219278000.0,1307962000.0,3996054722.0,-60711000.0,-58741000.0,-87579000.0,-116000.0,0.0,-87695000.0,-48058000.0,22161000.0,67433000.0,7609000.0,53477000.0,53477000.0,53477000.0,-1358000.0,0.0,0.153,144867000.0,73893000.0,97761000.0,0.0,2.22,28.07,27.931,328376000.0,0.0,42.735,3.02,2.999,206762000.0,146720000.0,350218000.0,350218000.0,30633000.0,,,,,11474000.0,113733000.0,1.0,93507774.0,92868000,97864000.0,3.771,1438625000.0,30968000.0,15367000.0,116484000.0,15.491,801467000.0
23,LIFE2,MRQ,2007-12-31,2007-12-31,2007-12-31,2019-04-23,112454000.0,3329747000.0,,1090484000.0,2239263000.0,,18.937,-42475000.0,610590000.0,610590000.0,142224000.0,17009000.0,4.652,0.886,1150824000.0,124000.0,1150700000.0,1150824000.0,10969000.0,26496000.0,0.0,0.0,0.0,62938000.0,89434000.0,0.266,89434000.0,62938000.0,16582000.0,0.18,0.17,0.18,1765447000.0,,1765447000.0,4902601867.0,22.0,13.787,56081000.0,0.602,1.0,194221000.0,0.577,1815300000.0,46356000.0,1820268000.0,,172692000.0,61456000.0,60703000.0,753000.0,1564300000.0,234413000.0,1329887000.0,4349722867.0,11216000.0,-13534000.0,-26017000.0,1539000.0,0.0,-24268000.0,-66648000.0,-10639000.0,98556000.0,3576000.0,17009000.0,17009000.0,17009000.0,-550000.0,0.0,0.051,138901000.0,55320000.0,85625000.0,0.0,2.464,36.507,36.776,319653000.0,0.0,46.705,3.394,3.402,192137000.0,86992000.0,336445000.0,336445000.0,31213000.0,,,,,11796000.0,106842000.0,1.0,93131846.0,93228000,100136000.0,3.609,1514447000.0,74341000.0,-427000.0,138537000.0,16.245,856071000.0
24,LIFE2,MRQ,2007-09-30,2007-09-30,2007-09-30,2019-04-23,98028000.0,3227412000.0,,1062846000.0,2164566000.0,,18.524,-10161000.0,598390000.0,598390000.0,140169000.0,30996000.0,5.083,0.881,1151269000.0,566000.0,1150703000.0,1151269000.0,0.0,35734000.0,0.0,0.0,0.0,49393000.0,85127000.0,0.27,85127000.0,49393000.0,42460000.0,0.34,0.33,0.34,1715870000.0,,1715870000.0,4365928609.0,61.0,19.702,77761000.0,0.839,1.0,174790000.0,0.555,1823422000.0,6933000.0,1747777000.0,,164979000.0,50817000.0,50064000.0,753000.0,1511542000.0,209092000.0,1302450000.0,3784747609.0,28476000.0,-5272000.0,1399000.0,-353000.0,0.0,1076000.0,-65497000.0,-50064000.0,87922000.0,4975000.0,30996000.0,30996000.0,30996000.0,-506000.0,0.0,0.098,135132000.0,39658000.0,87400000.0,0.0,2.206,1905.714,389.19,285502000.0,0.0,40.865,3.035,3.036,192841000.0,45941000.0,314959000.0,314959000.0,28571000.0,,,,,10454000.0,104294000.0,1.0,92615872.0,92630000,96396000.0,3.4,1403990000.0,37938000.0,11464000.0,104533000.0,15.157,853754000.0
25,LIFE2,MRQ,2007-06-30,2007-06-30,2007-06-30,2019-04-23,60153000.0,3149131000.0,,988587000.0,2160544000.0,,17.561,-14920000.0,570084000.0,570084000.0,146148000.0,40878000.0,4.655,0.929,1151265000.0,559000.0,1150706000.0,1151265000.0,0.0,32879000.0,0.0,0.0,0.0,58749000.0,91628000.0,0.285,91628000.0,58749000.0,51805000.0,0.44,0.43,0.44,1632116000.0,,1632116000.0,4265645951.0,-45.0,70.106,54299000.0,0.584,1.0,175542000.0,0.546,1823815000.0,6944000.0,1694111000.0,,155779000.0,2876000.0,0.0,2876000.0,1517015000.0,212386000.0,1304629000.0,3447928951.0,219730000.0,199963000.0,-36761000.0,-174000.0,0.0,-34265000.0,184752000.0,-291000.0,69219000.0,834000.0,40878000.0,40878000.0,40878000.0,-11481000.0,0.0,0.127,136555000.0,38987000.0,87571000.0,0.0,2.113,-21.712,-24.583,282738000.0,0.0,36.875,2.835,2.818,192652000.0,15022000.0,321690000.0,321690000.0,28604000.0,,,,,10933000.0,107227000.0,1.0,93503158.0,92940000,95448000.0,3.461,1325316000.0,35880000.0,10927000.0,98348000.0,14.26,776201000.0
26,LIFE2,MRQ,2007-03-31,2007-03-31,2007-03-31,2019-04-23,50019000.0,3157469000.0,,991862000.0,2165607000.0,,16.89,-10777000.0,333551000.0,333551000.0,137319000.0,30266000.0,4.089,0.974,1151268000.0,558000.0,1150710000.0,1151268000.0,0.0,40969000.0,0.0,0.0,0.0,48444000.0,89413000.0,0.29,89413000.0,48444000.0,41260000.0,0.32,0.315,0.32,1599312000.0,,1599312000.0,3778491742.0,-32.0,84.737,57090000.0,0.603,1.0,171334000.0,0.555,1833489000.0,7184000.0,1899148000.0,,152928000.0,2850000.0,0.0,2850000.0,1558157000.0,242549000.0,1315608000.0,2995821742.0,-20170000.0,-2544000.0,-85219000.0,-3060000.0,0.0,-85788000.0,-4152000.0,9169000.0,67867000.0,1093000.0,30266000.0,30266000.0,30266000.0,-374000.0,0.0,0.098,126979000.0,44355000.0,90827000.0,0.0,1.873,-16.643,-18.134,274984000.0,0.0,31.825,2.539,2.554,178000000.0,-25856000.0,308653000.0,308653000.0,27445000.0,,,,,8948000.0,97736000.0,1.0,94134226.0,94688000,96614000.0,3.26,1323980000.0,47455000.0,10994000.0,131369000.0,13.983,749313000.0
27,LIFE2,MRQ,2006-12-31,2006-12-31,2006-12-31,2019-04-23,34993000.0,3182875000.0,,740604000.0,2442271000.0,,16.957,-6059000.0,347574000.0,347574000.0,143036000.0,-100154000.0,3.247,0.952,1152785000.0,1961000.0,1150824000.0,1152785000.0,0.0,40995000.0,0.0,0.0,0.0,-85561000.0,-44566000.0,-0.148,-44566000.0,-85561000.0,-93343000.0,-0.995,-0.965,-0.995,1630427000.0,,1630427000.0,3570696371.0,-27.0,114.467,100378000.0,1.044,1.0,158547000.0,0.526,1851713000.0,7782000.0,1908287000.0,,146400000.0,11764000.0,8914000.0,2850000.0,1552448000.0,228086000.0,1324362000.0,2722315371.0,-110914000.0,-18061000.0,-57920000.0,-176065000.0,0.0,-233530000.0,10802000.0,18928000.0,106437000.0,5377000.0,-100154000.0,-100154000.0,-100154000.0,122768000.0,0.0,-0.332,126708000.0,31839000.0,85274000.0,0.0,1.67,-14.249,-15.212,275419000.0,0.0,28.295,2.365,2.526,177510000.0,-54672000.0,301583000.0,301583000.0,24605000.0,,,,,9771000.0,97606000.0,1.0,96211888.0,96150000,98434000.0,3.137,1331162000.0,37042000.0,6811000.0,113646000.0,13.845,512518000.0
28,LIFE2,MRQ,2006-09-30,2006-09-30,2006-09-30,2019-04-23,37455000.0,3463862000.0,,936639000.0,2527223000.0,,17.226,-14828000.0,482175000.0,482175000.0,139937000.0,-129793000.0,2.354,0.961,1330556000.0,178428000.0,1152128000.0,1330556000.0,0.0,40210000.0,0.0,0.0,0.0,-115839000.0,-75629000.0,-0.266,-75629000.0,-115839000.0,-123835000.0,-1.265,-1.235,-1.265,1766426000.0,,1766426000.0,4454840514.0,349.0,25.565,56403000.0,0.55,1.0,144260000.0,0.508,2144212000.0,7996000.0,1770192000.0,,155306000.0,30692000.0,30328000.0,364000.0,1697436000.0,397839000.0,1299597000.0,3729288514.0,-122460000.0,-1160000.0,-280611000.0,93000.0,0.0,-280027000.0,82879000.0,98867000.0,71231000.0,3457000.0,-129793000.0,-129793000.0,-129793000.0,145631000.0,0.0,-0.457,120263000.0,23997000.0,75175000.0,0.0,2.111,-83.437,-68.924,291141000.0,0.0,31.705,3.533,3.08,201686000.0,45472000.0,284197000.0,284197000.0,26250000.0,,,,,11803000.0,91369000.0,1.0,117624618.0,102542000,105170000.0,2.772,1319650000.0,43585000.0,5958000.0,132719000.0,12.869,538800000.0
29,LIFE2,MRQ,2006-06-30,2006-06-30,2006-06-30,2019-04-23,20361000.0,3887409000.0,,1172083000.0,2715326000.0,,20.317,-18388000.0,604668000.0,604668000.0,131684000.0,19680000.0,2.838,0.797,1330220000.0,178324000.0,1151896000.0,1330220000.0,0.0,40104000.0,0.0,0.0,0.0,35269000.0,75373000.0,0.264,75373000.0,35269000.0,27220000.0,0.185,0.18,0.185,2162738000.0,,2162738000.0,4372393363.0,26.0,13.149,5825000.0,0.055,1.0,153670000.0,0.539,2339380000.0,8049000.0,1860645000.0,,155740000.0,128534000.0,128508000.0,26000.0,1724671000.0,412936000.0,1311735000.0,3515378363.0,120285000.0,-5747000.0,8200000.0,-11108000.0,0.0,-2268000.0,92463000.0,105953000.0,24213000.0,5877000.0,19680000.0,19680000.0,19680000.0,-678000.0,0.0,0.069,128271000.0,25399000.0,69690000.0,0.0,1.625,32.262,32.073,287081000.0,0.0,33.035,3.313,3.314,206651000.0,175269000.0,285354000.0,285354000.0,25760000.0,,,,,11550000.0,99243000.0,1.0,106413754.0,106452000,109648000.0,2.681,1548029000.0,55328000.0,7540000.0,161094000.0,14.542,759147000.0
30,LIFE2,MRQ,2006-03-31,2006-03-31,2006-03-31,2019-04-23,-9412000.0,3850500000.0,,1129381000.0,2721119000.0,,19.737,-20249000.0,484632000.0,484632000.0,100174000.0,19218000.0,2.564,0.84,1341647000.0,189745000.0,1151902000.0,1341647000.0,0.0,40474000.0,0.0,0.0,0.0,35542000.0,76016000.0,0.271,76016000.0,35542000.0,27213000.0,0.18,0.175,0.18,2092101000.0,,2092101000.0,4666664098.0,28.0,14.307,12930000.0,0.122,1.0,179867000.0,0.642,2351066000.0,8329000.0,1915903000.0,,145786000.0,231019000.0,230992000.0,27000.0,1758399000.0,440546000.0,1317853000.0,3721857098.0,44752000.0,-19057000.0,10287000.0,-45098000.0,0.0,-33326000.0,43674000.0,82980000.0,33179000.0,1225000.0,19218000.0,19218000.0,19218000.0,-913000.0,0.0,0.069,152110000.0,27757000.0,81972000.0,0.0,1.779,35.722,35.419,280531000.0,0.0,35.065,3.439,3.435,195056000.0,155595000.0,280041000.0,280041000.0,27728000.0,,,,,10560000.0,94238000.0,1.0,106141654.0,106000000,109644000.0,2.642,1499434000.0,45400000.0,7995000.0,177186000.0,14.146,688835000.0
31,LIFE2,MRQ,2005-12-31,2005-12-31,2005-12-31,2019-04-23,-16688000.0,3877049000.0,,1151196000.0,2725853000.0,,19.336,-21026000.0,441362000.0,441362000.0,178255000.0,46199000.0,2.25,0.899,1386169000.0,234246000.0,1151923000.0,1386169000.0,0.0,40703000.0,0.0,0.0,0.0,57795000.0,98498000.0,0.478,98498000.0,57795000.0,47981000.0,0.44,0.405,0.44,2041794000.0,,2041794000.0,4444093223.0,22.0,12.287,70077000.0,0.664,1.0,27706000.0,0.135,2357284000.0,9814000.0,1952995000.0,,136753000.0,310697000.0,310510000.0,187000.0,1835255000.0,511577000.0,1323678000.0,3522033223.0,-164915000.0,-146990000.0,6395000.0,-151183000.0,0.0,-144788000.0,-117930000.0,50086000.0,91103000.0,6700000.0,46199000.0,46199000.0,46199000.0,-10561000.0,0.0,0.224,15434000.0,12272000.0,85335000.0,0.0,1.725,26.673,26.34,278447000.0,0.0,33.32,3.264,3.226,194942000.0,136377000.0,205961000.0,205961000.0,25847000.0,,,,,2020000.0,71238000.0,1.0,105703278.0,105598000,117322000.0,1.95,1519765000.0,39453000.0,1782000.0,174419000.0,14.392,639619000.0
32,LIFE2,MRQ,2005-09-30,2005-09-30,2005-09-30,2019-04-23,24219000.0,3950064000.0,,1352018000.0,2598046000.0,,19.256,-25277000.0,606277000.0,606277000.0,116515000.0,23867000.0,6.917,0.949,1528337000.0,2403000.0,1525934000.0,1528337000.0,0.0,40071000.0,0.0,0.0,0.0,42575000.0,82646000.0,0.285,82646000.0,42575000.0,33446000.0,0.225,0.21,0.225,2026541000.0,,2026541000.0,5008855380.0,26.0,14.431,57218000.0,0.544,1.0,173124000.0,0.598,2238360000.0,9129000.0,2438303000.0,,152105000.0,360541000.0,355358000.0,5183000.0,1923523000.0,195461000.0,1728062000.0,3969823380.0,103325000.0,-17142000.0,-2795000.0,-10993000.0,0.0,-13788000.0,41306000.0,82688000.0,82495000.0,-6688000.0,23867000.0,23867000.0,23867000.0,0.0,0.0,0.082,139695000.0,33429000.0,73972000.0,0.0,1.959,34.131,33.585,266486000.0,0.0,37.615,3.496,3.487,185071000.0,90178000.0,289639000.0,289639000.0,26400000.0,,,,,2055000.0,83786000.0,1.0,105538306.0,105244000,121408000.0,2.752,1711704000.0,26750000.0,9579000.0,184570000.0,16.264,1156557000.0
33,LIFE2,MRQ,2005-06-30,2005-06-30,2005-06-30,2019-04-23,27348000.0,3953343000.0,,1336375000.0,2616968000.0,,19.192,-20812000.0,502922000.0,502922000.0,128410000.0,14906000.0,6.617,0.978,1541954000.0,1406000.0,1540548000.0,1541954000.0,0.0,40691000.0,0.0,0.0,0.0,28321000.0,69012000.0,0.225,69012000.0,28321000.0,20545000.0,0.145,0.135,0.145,1998845000.0,,1998845000.0,5000545411.0,25.0,14.492,51924000.0,0.499,1.0,178046000.0,0.581,2242411000.0,7776000.0,2547989000.0,,156528000.0,443810000.0,428997000.0,14813000.0,1954498000.0,201975000.0,1752523000.0,4325805411.0,-143964000.0,-419795000.0,35580000.0,218984000.0,0.0,254564000.0,-469053000.0,-27409000.0,72736000.0,-2211000.0,14906000.0,14906000.0,14906000.0,0.0,0.0,0.049,155108000.0,22938000.0,80964000.0,0.0,2.164,35.867,35.747,259946000.0,0.0,41.645,3.925,3.936,192752000.0,66311000.0,306456000.0,306456000.0,24263000.0,,,,,1815000.0,88293000.0,1.0,103873344.0,104152000,111352000.0,2.942,1710932000.0,26682000.0,5639000.0,201274000.0,16.427,1134400000.0
34,LIFE2,MRQ,2005-03-31,2005-03-31,2005-03-31,2019-04-23,51671000.0,3653633000.0,,1396298000.0,2257335000.0,,19.09,-12118000.0,646624000.0,646624000.0,106422000.0,47074000.0,7.531,0.86,1321364000.0,1803000.0,1319561000.0,1321364000.0,0.0,36144000.0,0.0,0.0,0.0,75382000.0,111526000.0,0.403,111526000.0,75382000.0,68124000.0,0.455,0.41,0.455,1964567000.0,,1964567000.0,4678012558.0,23.0,13.377,50892000.0,0.495,1.0,170659000.0,0.616,1903501000.0,7258000.0,2239455000.0,,127293000.0,419344000.0,378419000.0,40925000.0,1689066000.0,185417000.0,1503649000.0,3569724558.0,442388000.0,-63243000.0,19076000.0,-10181000.0,0.0,8895000.0,388035000.0,463396000.0,63010000.0,-17552000.0,47074000.0,47074000.0,47074000.0,0.0,0.0,0.17,126826000.0,43833000.0,66550000.0,0.0,1.817,28.469,28.595,225541000.0,0.0,34.6,3.401,3.392,182295000.0,51405000.0,277081000.0,277081000.0,21241000.0,,,,,1525000.0,78484000.0,1.0,103171230.0,102910000,120458000.0,2.692,1750132000.0,29080000.0,21050000.0,175136000.0,17.006,1210881000.0
35,LIFE2,MRQ,2004-12-31,2004-12-31,2004-12-31,2019-04-23,72214000.0,3614335000.0,,1332228000.0,2282107000.0,,18.718,-26919000.0,204102000.0,204102000.0,99609000.0,30464000.0,6.791,0.889,1331705000.0,12390000.0,1319315000.0,1331705000.0,0.0,35768000.0,0.0,0.0,0.0,48146000.0,83914000.0,0.32,83914000.0,48146000.0,40545000.0,0.295,0.275,0.295,1913251000.0,,1913251000.0,4376332872.0,28.0,14.558,56343000.0,0.551,1.0,162626000.0,0.62,1864853000.0,7601000.0,2680900000.0,,122787000.0,888367000.0,779279000.0,109088000.0,1701084000.0,196185000.0,1504899000.0,3439094872.0,26503000.0,-29393000.0,12046000.0,-7476000.0,0.0,4570000.0,-65719000.0,-9407000.0,83262000.0,4390000.0,30464000.0,30464000.0,30464000.0,0.0,0.0,0.116,121447000.0,41179000.0,64261000.0,0.0,1.798,38.718,39.029,222193000.0,0.0,33.565,3.359,3.389,165754000.0,4331000.0,262235000.0,262235000.0,20000000.0,,,,,4576000.0,76165000.0,1.0,102460744.0,102216000,120792000.0,2.565,1749482000.0,32917000.0,10081000.0,154226000.0,17.116,1136043000.0
36,LIFE2,MRQ,2004-09-30,2004-09-30,2004-09-30,2019-04-23,56444000.0,3546723000.0,,1290776000.0,2255947000.0,,17.879,-8789000.0,381147000.0,381147000.0,99123000.0,28163000.0,7.044,0.917,1318385000.0,18385000.0,1300000000.0,1318385000.0,0.0,34720000.0,0.0,0.0,0.0,45879000.0,80599000.0,0.314,80599000.0,45879000.0,38478000.0,0.27,0.255,0.27,1850357000.0,,1850357000.0,3757491672.0,29.0,13.782,69778000.0,0.674,1.0,157205000.0,0.613,1849624000.0,7401000.0,2451086000.0,,117885000.0,684900000.0,558618000.0,126282000.0,1696366000.0,183251000.0,1513115000.0,2896616672.0,-60135000.0,1300000.0,-74982000.0,-5309000.0,0.0,-80291000.0,-55957000.0,-48468000.0,78567000.0,-2454000.0,28163000.0,28163000.0,28163000.0,0.0,0.0,0.11,117428000.0,39777000.0,56629000.0,0.0,1.565,40.826,40.434,209266000.0,0.0,27.495,2.988,2.935,162588000.0,-26133000.0,256328000.0,256328000.0,19214000.0,,,,,0.0,73210000.0,1.0,105350670.0,103496000,119878000.0,2.477,1697099000.0,28141000.0,10315000.0,173187000.0,16.398,1107525000.0
37,LIFE2,MRQ,2004-06-30,2004-06-30,2004-06-30,2019-04-23,54624000.0,3584759000.0,,1257200000.0,2327559000.0,,18.133,-4034000.0,441445000.0,441445000.0,107931000.0,19689000.0,8.076,0.894,1302320000.0,2320000.0,1300000000.0,1302320000.0,0.0,38768000.0,0.0,0.0,0.0,34911000.0,73679000.0,0.29,73679000.0,34911000.0,27191000.0,0.19,0.18,0.19,1892423000.0,,1892423000.0,4616017867.0,42.0,18.674,56461000.0,0.541,1.0,146033000.0,0.575,1875235000.0,7720000.0,2414726000.0,,113421000.0,634982000.0,482354000.0,152628000.0,1692336000.0,155673000.0,1536663000.0,3765288867.0,-10218000.0,-26448000.0,18382000.0,-2275000.0,0.0,16107000.0,-87120000.0,-56638000.0,60495000.0,300000.0,19689000.0,19689000.0,19689000.0,0.0,0.0,0.078,116656000.0,29377000.0,55834000.0,0.0,1.99,66.66,66.046,227935000.0,0.0,35.995,4.138,4.128,162896000.0,-54296000.0,253964000.0,253964000.0,18154000.0,,,,,0.0,69467000.0,1.0,104605886.0,104364000,122370000.0,2.433,1709524000.0,29829000.0,7502000.0,180897000.0,16.38,1101527000.0
38,LIFE2,MRQ,2004-03-31,2004-03-31,2004-03-31,2019-04-23,60004000.0,3552092000.0,,1221408000.0,2330684000.0,,17.933,-7150000.0,451822000.0,451822000.0,109339000.0,10509000.0,8.007,0.916,1302551000.0,2551000.0,1300000000.0,1302551000.0,0.0,37773000.0,0.0,0.0,0.0,24643000.0,62416000.0,0.248,62416000.0,24643000.0,15162000.0,0.1,0.095,0.1,1854133000.0,,1854133000.0,4158325366.0,39.0,18.005,23250000.0,0.225,1.0,141985000.0,0.565,1872304000.0,9481000.0,2377976000.0,,115285000.0,584687000.0,439504000.0,145183000.0,1697959000.0,152541000.0,1545418000.0,3729351366.0,-154767000.0,-466232000.0,24495000.0,267996000.0,0.0,292491000.0,-480683000.0,-7301000.0,30400000.0,3025000.0,10509000.0,10509000.0,10509000.0,0.0,0.0,0.042,116453000.0,25532000.0,59799000.0,0.0,2.011,69.413,68.276,239479000.0,0.0,35.845,4.396,4.368,166388000.0,-73985000.0,251324000.0,251324000.0,15748000.0,,,,,0.0,72477000.0,1.0,104041048.0,103394000,110010000.0,2.431,1679788000.0,21561000.0,4653000.0,180884000.0,16.246,1068867000.0
39,LIFE2,MRQ,2003-12-31,2003-12-31,2003-12-31,2019-04-23,56158000.0,3165689000.0,,1287344000.0,1878345000.0,,17.704,-12410000.0,403645000.0,403645000.0,86267000.0,12589000.0,10.242,0.752,1024284000.0,1784000.0,1022500000.0,1024284000.0,0.0,32148000.0,0.0,0.0,0.0,23799000.0,55947000.0,0.269,55947000.0,23799000.0,15487000.0,0.12,0.115,0.12,1806847000.0,,1806847000.0,4248286292.0,38.0,18.996,30930000.0,0.303,1.0,121503000.0,0.585,1448066000.0,8312000.0,2212569000.0,,126707000.0,772162000.0,595092000.0,177070000.0,1358842000.0,125693000.0,1233149000.0,3795241292.0,51283000.0,-9841000.0,16412000.0,-189000.0,0.0,16223000.0,-23573000.0,-1322000.0,43340000.0,15293000.0,12589000.0,12589000.0,12589000.0,0.0,0.0,0.061,103702000.0,17801000.0,55745000.0,0.0,2.1,63.117,58.748,186231000.0,0.0,34.955,4.88,4.526,117095000.0,-84494000.0,207770000.0,207770000.0,16050000.0,,,,,0.0,64522000.0,1.0,108575062.0,102060000,108764000.0,2.036,1717623000.0,20214000.0,2898000.0,164089000.0,16.83,1161651000.0
40,LIFE2,MRQ,2003-09-30,2003-09-30,2003-09-30,2019-04-23,36693000.0,3128473000.0,,1185048000.0,1943425000.0,,17.435,-6986000.0,570797000.0,570797000.0,77159000.0,13698000.0,8.523,0.784,1023842000.0,1342000.0,1022500000.0,1023842000.0,0.0,29130000.0,0.0,0.0,0.0,26012000.0,55142000.0,0.28,55142000.0,26012000.0,18465000.0,0.135,0.13,0.135,1753937000.0,,1753937000.0,3036618745.0,28.0,14.396,55921000.0,0.556,1.0,119780000.0,0.608,1453078000.0,7547000.0,1989397000.0,,131037000.0,559058000.0,306050000.0,253008000.0,1374536000.0,139043000.0,1235493000.0,2911906745.0,22786000.0,-307837000.0,16354000.0,340811000.0,0.0,353038000.0,-395864000.0,-81041000.0,62907000.0,2705000.0,13698000.0,13698000.0,13698000.0,0.0,0.0,0.07,99604000.0,20176000.0,29205000.0,0.0,1.66,50.474,50.383,169864000.0,0.0,28.97,3.979,3.982,123192000.0,-97083000.0,196939000.0,196939000.0,15354000.0,,,,,0.0,61179000.0,1.0,100514558.0,100596000,103524000.0,1.958,1675395000.0,23860000.0,4767000.0,165309000.0,16.655,1046005000.0
41,LIFE2,MRQ,2003-06-30,2003-06-30,2003-06-30,2019-04-23,30919000.0,2660104000.0,,1137407000.0,1522697000.0,,16.935,-7368000.0,547953000.0,547953000.0,73510000.0,16931000.0,8.917,0.567,672665000.0,165000.0,672500000.0,672665000.0,0.0,25915000.0,0.0,0.0,0.0,31531000.0,57446000.0,0.299,57446000.0,31531000.0,25318000.0,0.17,0.17,0.17,1695460000.0,,1695460000.0,2093328483.0,19.0,10.155,28897000.0,0.289,1.0,118877000.0,0.618,1147351000.0,6213000.0,1509915000.0,,98045000.0,473949000.0,308107000.0,165842000.0,960657000.0,127550000.0,833107000.0,1922002483.0,46738000.0,-3667000.0,1663000.0,-11000.0,0.0,1652000.0,14000.0,11049000.0,36265000.0,8807000.0,16931000.0,16931000.0,16931000.0,0.0,0.0,0.088,93334000.0,25543000.0,19341000.0,0.0,1.134,32.616,33.103,149000000.0,0.0,19.2,2.756,2.756,119021000.0,-110781000.0,192387000.0,192387000.0,12564000.0,,,,,0.0,61866000.0,1.0,100104296.0,100114000,100924000.0,1.922,1512753000.0,35119000.0,8387000.0,138608000.0,15.11,1009857000.0
42,LIFE2,MRQ,2003-03-31,2003-03-31,2003-03-31,2019-04-23,16283000.0,2639056000.0,,1032015000.0,1607041000.0,,16.62,-3301000.0,507594000.0,507594000.0,71453000.0,16912000.0,6.806,0.586,678920000.0,6420000.0,672500000.0,678920000.0,0.0,23424000.0,0.0,0.0,0.0,31678000.0,55102000.0,0.305,55102000.0,31678000.0,25189000.0,0.17,0.17,0.17,1661896000.0,,1661896000.0,1661645117.0,17.0,8.847,22242000.0,0.222,1.0,109189000.0,0.604,1177497000.0,6489000.0,1481259000.0,,95956000.0,479805000.0,256063000.0,223742000.0,973533000.0,151626000.0,821907000.0,1531843117.0,-43485000.0,-101439000.0,-4449000.0,-2293000.0,0.0,-6742000.0,-62487000.0,42253000.0,25543000.0,201000.0,16912000.0,16912000.0,16912000.0,0.0,0.0,0.094,83284000.0,25905000.0,19191000.0,0.0,0.922,30.6,31.577,146514000.0,0.0,15.315,2.289,2.288,113710000.0,-127713000.0,180642000.0,180642000.0,10625000.0,,,,,0.0,55663000.0,1.0,100022404.0,99996000,100486000.0,1.806,1461559000.0,30879000.0,8277000.0,143812000.0,14.616,880389000.0
43,LIFE2,MRQ,2002-12-31,2002-12-31,2002-12-31,2019-04-23,14906000.0,2614966000.0,,968451000.0,1646515000.0,,16.012,-8273000.0,547187000.0,547187000.0,66936000.0,10150000.0,6.871,0.59,674956000.0,2456000.0,672500000.0,674956000.0,0.0,22638000.0,0.0,0.0,0.0,20604000.0,43242000.0,0.267,43242000.0,20604000.0,14630000.0,0.1,0.1,0.1,1642610000.0,,1642610000.0,1654371436.0,18.0,9.108,18337000.0,0.179,1.0,94894000.0,0.586,1112639000.0,5974000.0,1489141000.0,,85531000.0,522676000.0,184188000.0,338488000.0,968853000.0,140955000.0,827898000.0,1613829436.0,-306645000.0,-6426000.0,-84049000.0,-106000.0,0.0,-84155000.0,-253681000.0,-238982000.0,26610000.0,4581000.0,10150000.0,10150000.0,10150000.0,0.0,0.0,0.063,80745000.0,14149000.0,32288000.0,0.0,0.982,33.856,34.385,136151000.0,0.0,15.645,2.488,2.54,95104000.0,-144624000.0,161830000.0,161830000.0,9676000.0,,,,,0.0,54887000.0,1.0,103153048.0,102586000,103028000.0,1.578,1502327000.0,29245000.0,4480000.0,139215000.0,14.645,827496000.0
44,LIFE2,MRQ,2002-09-30,2002-09-30,2002-09-30,2019-04-23,10498000.0,2683676000.0,,955082000.0,1728594000.0,,16.115,-13292000.0,634198000.0,634198000.0,67432000.0,14935000.0,7.038,0.565,674740000.0,2240000.0,672500000.0,674740000.0,0.0,21960000.0,0.0,0.0,0.0,28392000.0,50352000.0,0.31,50352000.0,28392000.0,22353000.0,0.14,0.14,0.14,1713046000.0,,1713046000.0,1732267425.0,39.0,9.772,24981000.0,0.235,1.0,95156000.0,0.585,1112266000.0,6039000.0,1476240000.0,,84338000.0,503776000.0,77978000.0,425798000.0,967575000.0,135712000.0,831863000.0,1812423425.0,-118610000.0,-1000.0,-8089000.0,-230000.0,0.0,-8319000.0,-150039000.0,-136746000.0,38273000.0,1475000.0,14935000.0,14935000.0,14935000.0,0.0,0.0,0.092,74129000.0,21027000.0,20816000.0,0.0,1.058,937.137,1135.667,130593000.0,0.0,17.035,2.832,2.829,97183000.0,-154774000.0,162588000.0,162588000.0,8705000.0,,,,,0.0,49130000.0,1.0,106394096.0,106302000,106896000.0,1.529,1571410000.0,34378000.0,7418000.0,170365000.0,14.783,819370000.0
45,LIFE2,MRQ,2002-06-30,2002-06-30,2002-06-30,2019-04-23,9246000.0,2691286000.0,,1049715000.0,1641571000.0,,16.089,-16741000.0,753118000.0,753118000.0,67594000.0,8063000.0,7.541,0.573,672962000.0,462000.0,672500000.0,672962000.0,0.0,21700000.0,0.0,0.0,0.0,17428000.0,39128000.0,0.238,39128000.0,17428000.0,11371000.0,0.075,0.075,0.075,1708736000.0,,1708736000.0,1663695667.0,-98.0,10.104,19755000.0,0.186,1.0,96696000.0,0.589,1128570000.0,6057000.0,1343354000.0,,86132000.0,368901000.0,48759000.0,320142000.0,979647000.0,139206000.0,840441000.0,1700814667.0,51287000.0,1146000.0,1351000.0,103000.0,0.0,1454000.0,3393000.0,18988000.0,36496000.0,9944000.0,8063000.0,8063000.0,8063000.0,0.0,0.0,0.049,85139000.0,11557000.0,22157000.0,0.0,0.995,-33.732,-33.344,132391000.0,0.0,16.005,2.685,2.684,102916000.0,-169709000.0,164290000.0,164290000.0,7683000.0,,,,,0.0,46857000.0,1.0,106267708.0,106208000,106802000.0,1.547,1562716000.0,35684000.0,3308000.0,176826000.0,14.714,910509000.0
46,LIFE2,MRQ,2002-03-31,2002-03-31,2002-03-31,2019-04-23,-8797000.0,2674304000.0,,1086775000.0,1587529000.0,,15.865,-14428000.0,709918000.0,709918000.0,67936000.0,14518000.0,7.867,0.588,672799000.0,299000.0,672500000.0,672799000.0,0.0,21369000.0,0.0,0.0,0.0,27546000.0,48915000.0,0.306,48915000.0,27546000.0,21519000.0,0.135,0.135,0.135,1682381000.0,,1682381000.0,1604250415.0,-25.0,9.434,13478000.0,0.127,1.0,91953000.0,0.575,1151760000.0,6027000.0,1347278000.0,,79923000.0,388308000.0,148816000.0,239492000.0,989177000.0,138147000.0,851030000.0,1820370415.0,-184555000.0,0.0,1163000.0,-3047000.0,0.0,-1884000.0,-210441000.0,-196013000.0,27906000.0,-136000.0,14518000.0,14518000.0,14518000.0,0.0,0.0,0.091,70158000.0,21795000.0,26134000.0,0.0,1.082,-19.452,-19.281,135565000.0,0.0,17.16,2.896,2.895,103131000.0,-177773000.0,159889000.0,159889000.0,7634000.0,,,,,0.0,45090000.0,1.0,106082192.0,106046000,106978000.0,1.508,1522544000.0,30007000.0,7001000.0,182422000.0,14.357,948628000.0
47,LIFE2,MRQ,2001-12-31,2001-12-31,2001-12-31,2019-04-23,-7063000.0,2667212000.0,,1204469000.0,1462743000.0,,15.784,-19265000.0,895189000.0,895189000.0,69283000.0,-35582000.0,9.515,0.595,679069000.0,3039000.0,676030000.0,679069000.0,0.0,68013000.0,0.0,0.0,0.0,-29139000.0,38874000.0,0.254,38874000.0,-29139000.0,-32481000.0,-0.335,-0.335,-0.335,1671078000.0,,1671078000.0,2883871850.0,-23.0,18.033,29912000.0,0.283,1.0,83973000.0,0.548,1181487000.0,3342000.0,1143023000.0,,80597000.0,193547000.0,99647000.0,93900000.0,993727000.0,126582000.0,867145000.0,3279888850.0,315096000.0,0.0,4400000.0,486099000.0,0.0,490499000.0,-216518000.0,-197253000.0,49177000.0,-8062000.0,-35582000.0,-35582000.0,-35582000.0,0.0,0.0,-0.232,118345000.0,-34372000.0,20643000.0,0.0,1.963,-22.212,-22.039,125786000.0,0.0,30.965,5.212,5.171,86857000.0,-192291000.0,153256000.0,153256000.0,9050000.0,,,,,0.0,45505000.0,1.0,105922456.0,105872000,105872000.0,1.448,1485725000.0,30751000.0,3101000.0,189575000.0,14.033,1077887000.0
48,LIFE2,MRQ,2001-09-30,2001-09-30,2001-09-30,2019-04-23,2365000.0,2225901000.0,,815165000.0,1410736000.0,,16.144,-9344000.0,572903000.0,572903000.0,68382000.0,-37421000.0,5.695,0.305,176886000.0,4386000.0,172500000.0,176886000.0,0.0,70601000.0,0.0,0.0,0.0,-32866000.0,37735000.0,0.242,37735000.0,-32866000.0,-35491000.0,-0.355,-0.355,-0.355,1703208000.0,,1703208000.0,3131584200.0,-20.0,22.208,35150000.0,0.333,1.0,87623000.0,0.562,1241213000.0,2625000.0,445540000.0,,86737000.0,0.0,0.0,0.0,520238000.0,143131000.0,377107000.0,3468100200.0,59956000.0,14209000.0,5175000.0,795000.0,0.0,5970000.0,4646000.0,-219000.0,44494000.0,4846000.0,-37421000.0,-37421000.0,-37421000.0,0.0,0.0,-0.24,125918000.0,-38295000.0,22130000.0,0.0,2.036,-21.178,-17.17,115329000.0,0.0,32.88,5.6,5.602,102568000.0,-156709000.0,156005000.0,156005000.0,9081000.0,,,,,0.0,46809000.0,1.0,105477500.0,105498000,105498000.0,1.479,984688000.0,45031000.0,1930000.0,212426000.0,9.334,672034000.0
49,LIFE2,MRQ,2001-06-30,2001-06-30,2001-06-30,2019-04-23,-3382000.0,2258571000.0,,741039000.0,1517532000.0,,16.438,51657000.0,512585000.0,512585000.0,72179000.0,-35098000.0,5.718,0.308,176069000.0,3569000.0,172500000.0,176069000.0,0.0,73178000.0,0.0,0.0,0.0,-28660000.0,44518000.0,0.279,44518000.0,-28660000.0,-31387000.0,-0.335,-0.335,-0.335,1724398000.0,,1724398000.0,3512533198.0,-29.0,30.551,80367000.0,0.766,1.0,87148000.0,0.547,1334087000.0,2727000.0,458362000.0,,88377000.0,727000.0,727000.0,0.0,531921000.0,129606000.0,402315000.0,3763076198.0,88967000.0,385000.0,11846000.0,2323000.0,0.0,14169000.0,50556000.0,-1486000.0,28710000.0,-4468000.0,-35098000.0,-35098000.0,-35098000.0,0.0,0.0,-0.22,122241000.0,-35093000.0,25068000.0,0.0,2.182,-28.519,-21.369,131879000.0,0.0,35.9,7.361,7.366,101109000.0,-119288000.0,159327000.0,159327000.0,9825000.0,,,,,0.0,41880000.0,1.0,104821064.0,104904000,104904000.0,1.519,924484000.0,22431000.0,3711000.0,231032000.0,8.813,611433000.0
50,LIFE2,MRQ,2001-03-31,2001-03-31,2001-03-31,2019-04-23,-2022000.0,2292639000.0,,653688000.0,1638951000.0,,16.73,-17346000.0,424000000.0,424000000.0,75858000.0,-39565000.0,5.421,0.313,173457000.0,957000.0,172500000.0,173457000.0,0.0,75160000.0,0.0,0.0,0.0,-36328000.0,38832000.0,0.242,38832000.0,-36328000.0,-38969000.0,-0.38,-0.38,-0.38,1741863000.0,,1741863000.0,2613436204.0,-31.0,31.921,-10683000.0,-0.103,1.0,84844000.0,0.528,1413179000.0,2641000.0,508324000.0,,86524000.0,0.0,0.0,0.0,545542000.0,120593000.0,424949000.0,2862735204.0,-4704000.0,0.0,8866000.0,-1492000.0,0.0,7374000.0,-17346000.0,0.0,6663000.0,-1395000.0,-39565000.0,-39565000.0,-39565000.0,0.0,0.0,-0.246,127692000.0,-42848000.0,26743000.0,0.0,1.643,-31.109,-22.028,173535000.0,0.0,27.425,7.541,7.522,98856000.0,-84190000.0,160702000.0,160702000.0,10189000.0,,,,,0.0,44310000.0,1.0,104384146.0,104118000,104118000.0,1.543,879460000.0,24456000.0,596000.0,252095000.0,8.447,533095000.0
51,LIFE2,MRQ,2000-12-31,2000-12-31,2000-12-31,2019-04-23,8589000.0,2369215000.0,,671749000.0,1697466000.0,,29.487,-11363000.0,430656000.0,430656000.0,82852000.0,-51673000.0,4.39,0.329,181357000.0,2154000.0,179203000.0,181357000.0,0.0,75385000.0,0.0,0.0,0.0,-55461000.0,19924000.0,0.139,19924000.0,-55461000.0,-58080000.0,-0.845,-0.845,-0.845,1778397000.0,,1778397000.0,3893426014.0,-85.0,84.796,-106124000.0,-1.76,1.0,60371000.0,0.422,1473903000.0,2619000.0,492985000.0,,91664000.0,0.0,0.0,0.0,585879000.0,153028000.0,432851000.0,4396282014.0,-54340000.0,3370000.0,20134000.0,-1531000.0,0.0,18603000.0,18874000.0,26867000.0,-94761000.0,2944000.0,-51673000.0,-51673000.0,-51673000.0,0.0,0.0,-0.361,126112000.0,-65741000.0,24728000.0,0.0,2.472,-80.924,-47.986,171521000.0,0.0,43.188,17.857,10.58,87195000.0,-44625000.0,143223000.0,143223000.0,10925000.0,,,,,0.0,41927000.0,1.0,101795242.0,60312000,60312000.0,2.375,895312000.0,30377000.0,-6407000.0,278874000.0,14.845,518721000.0
52,LIFE2,MRQ,2000-09-30,2000-09-30,2000-09-30,2019-04-23,4104000.0,2735080000.0,,957981000.0,1777099000.0,,4.323,-6032000.0,689787000.0,689787000.0,23852000.0,-5612000.0,0.464,12.251,186931000.0,3340000.0,183591000.0,186931000.0,0.0,13985000.0,0.0,0.0,0.0,-2286000.0,11699000.0,0.244,11699000.0,-2286000.0,-4918000.0,-0.12,-0.12,-0.12,206035000.0,,206035000.0,1687402408.0,104.0,49.29,-1585000.0,-0.033,1.0,24137000.0,0.503,1547093000.0,2632000.0,-1381678000.0,,101934000.0,24890000.0,24890000.0,0.0,2524195000.0,2066809000.0,457386000.0,1686738408.0,297458000.0,223024000.0,863000.0,-1641000.0,0.0,-778000.0,290138000.0,73146000.0,4447000.0,3651000.0,-5612000.0,-5612000.0,-5612000.0,0.0,0.0,-0.117,31369000.0,-7232000.0,27213000.0,0.0,8.187,882.647,646.591,164075000.0,0.0,35.563,13.295,13.359,102587000.0,7048000.0,47989000.0,47989000.0,5329000.0,,,,,0.0,13894000.0,1.0,47430254.0,47656000,47656000.0,1.007,1187987000.0,38701000.0,694000.0,416903000.0,24.928,-1108828000.0
53,LIFE2,MRQ,2000-06-30,2000-06-30,2000-06-30,2019-04-23,-698000.0,346431000.0,,308968000.0,37463000.0,,3.302,-4065000.0,175781000.0,175781000.0,8869000.0,4826000.0,20.004,1.225,176445000.0,1163000.0,175282000.0,176445000.0,0.0,1207000.0,0.0,0.0,0.0,10211000.0,11418000.0,0.412,11418000.0,10211000.0,7578000.0,0.1,0.095,0.1,155704000.0,,155704000.0,1670129667.0,85.0,67.382,7765000.0,0.165,1.0,18823000.0,0.68,5403000.0,2633000.0,326247000.0,,8229000.0,98060000.0,98060000.0,0.0,190727000.0,15445000.0,175282000.0,1759203667.0,-89816000.0,0.0,796000.0,-505000.0,0.0,291000.0,-101942000.0,-97877000.0,11830000.0,5000.0,4826000.0,4826000.0,4826000.0,0.0,0.0,0.174,12914000.0,5909000.0,4038000.0,0.0,11.298,222.01,203.209,25831000.0,0.0,37.594,17.132,17.262,13950000.0,12659000.0,27692000.0,27692000.0,3784000.0,,,,,0.0,8969000.0,1.0,46795110.0,47150000,50564000.0,0.587,341028000.0,11372000.0,2752000.0,0.0,7.233,293523000.0
54,LIFE2,MRQ,2000-03-31,2000-03-31,2000-03-31,2019-04-23,-730000.0,335665000.0,,307732000.0,27933000.0,,3.244,-2542000.0,265411000.0,265411000.0,9124000.0,-1867000.0,27.749,1.252,176337000.0,813000.0,175524000.0,176337000.0,0.0,1242000.0,0.0,0.0,0.0,1632000.0,2874000.0,0.105,2874000.0,1632000.0,580000.0,-0.04,-0.04,-0.04,149051000.0,,149051000.0,1237364888.0,91.0,67.63,889000.0,0.019,1.0,18167000.0,0.666,4124000.0,1052000.0,231377000.0,,7536000.0,0.0,0.0,0.0,186614000.0,11090000.0,175524000.0,1337817888.0,163359000.0,0.0,5519000.0,156950000.0,0.0,162469000.0,-2542000.0,0.0,3431000.0,1000.0,-1867000.0,-1867000.0,-1867000.0,0.0,0.0,-0.068,18385000.0,-218000.0,2456000.0,0.0,8.976,238.726,193.542,22833000.0,0.0,29.031,13.564,13.524,13909000.0,9206000.0,27291000.0,27291000.0,3582000.0,,,,,0.0,8368000.0,1.0,46081994.0,45948000,45948000.0,0.594,331541000.0,12040000.0,2447000.0,766000.0,7.216,296642000.0
55,LIFE2,MRQ,1999-12-31,1999-12-31,1999-12-31,2019-04-23,-439000.0,156776000.0,,130397000.0,26379000.0,,3.028,-1670000.0,102238000.0,102238000.0,7695000.0,4564000.0,7.107,0.2,14474000.0,7150000.0,7324000.0,14474000.0,0.0,1523000.0,0.0,0.0,0.0,6720000.0,8243000.0,0.345,8243000.0,6720000.0,6561000.0,0.115,0.1,0.115,130665000.0,,130665000.0,934593520.0,63.0,48.153,4401000.0,0.102,1.0,16200000.0,0.678,4139000.0,159000.0,46525000.0,,7556000.0,0.0,0.0,0.0,26111000.0,18348000.0,7763000.0,970931520.0,67325000.0,0.0,58542000.0,49000.0,0.0,58591000.0,2694000.0,4364000.0,6071000.0,-31000.0,4564000.0,4564000.0,4564000.0,0.0,0.0,0.191,10561000.0,5639000.0,4266000.0,0.0,7.431,97.249,115.385,21678000.0,0.0,30.0,10.446,12.438,11530000.0,9701000.0,23895000.0,23895000.0,3559000.0,,,,,0.0,7246000.0,1.0,32364384.0,43156000,48354000.0,0.554,152637000.0,8173000.0,1997000.0,2119000.0,3.537,112049000.0
56,LIFE2,MRQ,1999-09-30,1999-09-30,1999-09-30,2019-04-23,-230000.0,68273000.0,,55349000.0,12924000.0,,1.489,-1570000.0,38216000.0,38216000.0,8811000.0,401000.0,5.676,0.182,1878000.0,1137000.0,741000.0,1878000.0,0.0,1191000.0,0.0,0.0,0.0,1060000.0,2251000.0,0.095,2251000.0,1060000.0,674000.0,0.01,0.01,0.01,57780000.0,,57780000.0,416640506.0,31.0,22.445,2371000.0,0.061,1.0,14996000.0,0.63,3577000.0,386000.0,18606000.0,,5301000.0,959000.0,959000.0,0.0,10493000.0,9752000.0,741000.0,451632506.0,369000.0,0.0,564000.0,-1979000.0,0.0,-1862000.0,-1570000.0,0.0,3941000.0,-140000.0,401000.0,401000.0,401000.0,0.0,0.0,0.017,14522000.0,474000.0,1670000.0,0.0,7.816,65.077,96.071,8961000.0,0.0,16.813,4.498,6.499,7923000.0,3857000.0,23807000.0,23807000.0,3729000.0,,,,,0.0,6838000.0,1.0,26862900.0,38812000,44272000.0,0.613,64696000.0,786000.0,273000.0,536000.0,1.667,45597000.0
57,LIFE2,MRQ,1999-06-30,1999-06-30,1999-06-30,2019-04-23,-191000.0,58151000.0,,47606000.0,10545000.0,,1.375,-2191000.0,36094000.0,36094000.0,8329000.0,2524000.0,10.56,0.098,1102000.0,438000.0,664000.0,1102000.0,0.0,804000.0,0.0,0.0,0.0,4124000.0,4928000.0,0.208,4928000.0,4124000.0,3940000.0,0.065,0.055,0.065,52979000.0,,52979000.0,293392546.0,20.0,15.29,800000.0,0.021,1.0,15309000.0,0.648,3192000.0,184000.0,15459000.0,,2823000.0,2589000.0,2589000.0,0.0,5172000.0,4508000.0,664000.0,328859546.0,-639000.0,0.0,463000.0,-1054000.0,0.0,-2098000.0,-1691000.0,500000.0,2991000.0,159000.0,2524000.0,2506000.0,2506000.0,0.0,0.0,0.106,11485000.0,3824000.0,1742000.0,0.0,6.207,43.529,60.213,7182000.0,18000.0,12.344,3.609,5.219,3966000.0,2721000.0,23638000.0,23638000.0,4086000.0,,,,,0.0,7399000.0,1.0,26641786.0,38524000,43778000.0,0.614,54959000.0,595000.0,1416000.0,631000.0,1.427,43098000.0
58,LIFE2,MRQ,1999-03-31,1999-03-31,1999-03-31,2019-04-23,-238000.0,56977000.0,,48212000.0,8765000.0,,1.525,-1559000.0,35583000.0,35583000.0,8097000.0,3864000.0,10.313,0.124,116000.0,42000.0,74000.0,116000.0,0.0,954000.0,0.0,0.0,0.0,5139000.0,6093000.0,0.282,6093000.0,5139000.0,4957000.0,0.08,0.07,0.08,50702000.0,,50702000.0,,,,-1360000.0,-0.041,1.0,13488000.0,0.625,1545000.0,182000.0,15290000.0,,2685000.0,3571000.0,3571000.0,0.0,6275000.0,4675000.0,1600000.0,171506497.0,32838000.0,0.0,48569000.0,1715000.0,0.0,34731000.0,-2059000.0,-500000.0,199000.0,-33000.0,3864000.0,2660000.0,2660000.0,0.0,0.0,0.123,10486000.0,3002000.0,2224000.0,0.0,3.383,32.015,41.532,7044000.0,1204000.0,6.438,2.281,2.847,4199000.0,901000.0,21585000.0,21585000.0,3455000.0,,,,,0.0,7031000.0,1.0,26641786.0,33256000,37828000.0,0.649,55432000.0,575000.0,1093000.0,1052000.0,1.667,43537000.0
59,LIFE2,MRQ,1998-12-31,1998-12-31,1998-12-31,2019-04-23,-40000.0,32050000.0,,19743000.0,12307000.0,,0.15,-4514000.0,2316000.0,2316000.0,12876000.0,1652000.0,2.318,5.854,2890000.0,1774000.0,1116000.0,2890000.0,0.0,1990000.0,0.0,,0.0,3301000.0,5291000.0,0.169,5291000.0,3301000.0,2782000.0,0.02,0.02,0.02,4676000.0,,4676000.0,,,,-392000.0,-0.013,1.0,18505000.0,0.59,1708000.0,519000.0,22398000.0,,5374000.0,4364000.0,4364000.0,0.0,27374000.0,8518000.0,18856000.0,,-786000.0,0.0,345000.0,1015000.0,0.0,703000.0,-5597000.0,-1083000.0,4122000.0,-14000.0,1652000.0,1373000.0,1373000.0,0.0,0.0,0.044,15330000.0,3175000.0,3106000.0,0.0,,,,10036000.0,279000.0,,,,5628000.0,773000.0,31381000.0,31381000.0,5173000.0,,,,,0.0,10141000.0,1.0,,31080000,34542000.0,1.01,30342000.0,873000.0,1130000.0,802000.0,0.976,11225000.0
60,LIFE2,MRQ,1998-09-30,1998-09-30,1998-09-30,2019-04-23,,,,,,,,-3033000.0,,,5427000.0,1293000.0,,,,,,,,833000.0,,,0.0,2043000.0,2876000.0,0.198,2876000.0,2043000.0,1980000.0,0.04,0.035,0.04,,,,,,,-1690000.0,-0.07,1.0,9080000.0,0.626,,63000.0,,,,,,,,,,,568000.0,0.0,-138000.0,856000.0,0.0,718000.0,-1703000.0,1330000.0,1343000.0,210000.0,1293000.0,1016000.0,1016000.0,0.0,0.0,0.07,7253000.0,1827000.0,,0.0,,,,,277000.0,,,,,,14507000.0,14507000.0,2341000.0,,,,,0.0,4912000.0,1.0,,24300000,27566000.0,0.597,,,687000.0,,,
61,LIFE2,MRQ,1998-06-30,1998-06-30,1998-06-30,2019-04-23,,,,,,,,-2105000.0,,,2164000.0,583000.0,,,,,,,,234000.0,,,0.0,913000.0,1147000.0,0.149,1147000.0,913000.0,905000.0,0.015,0.015,0.015,,,,,,,-1249000.0,-0.065,1.0,5555000.0,0.72,,8000.0,,,,,,,,,,,112000.0,0.0,2000.0,46000.0,0.0,48000.0,-924000.0,1181000.0,856000.0,132000.0,583000.0,308000.0,308000.0,0.0,0.0,0.04,4653000.0,902000.0,,0.0,,,,,275000.0,,,,,,7719000.0,7719000.0,1851000.0,,,,,0.0,2802000.0,1.0,,19270000,22148000.0,0.401,,,322000.0,,,
62,LIFE2,MRQ,1998-03-31,1998-03-31,1998-03-31,2019-04-23,,,,,,,,-1386000.0,,,1901000.0,791000.0,,,,,,,,181000.0,,,0.0,1240000.0,1421000.0,0.199,1421000.0,1240000.0,1230000.0,0.025,0.025,0.025,,,,,,,-1087000.0,-0.056,1.0,5253000.0,0.734,,10000.0,,,,,,,,,,,-3105000.0,0.0,0.0,-34000.0,0.0,-34000.0,-3225000.0,-1839000.0,299000.0,-145000.0,791000.0,518000.0,518000.0,0.0,0.0,0.072,4189000.0,1064000.0,,0.0,,,,,273000.0,,,,,,7154000.0,7154000.0,1455000.0,,,,,0.0,2734000.0,1.0,,19260000,21838000.0,0.371,,,439000.0,,,
0,LIFE2,MRT,2013-09-30,2013-09-30,2013-09-30,2019-04-23,4189000.0,8488236000.0,8537274000.0,1746116000.0,6742120000.0,0.45,28.784,-119202000.0,350454000.0,350454000.0,1619301000.0,475410000.0,2.179,0.706,2071744000.0,4157000.0,2067587000.0,2071744000.0,118149000.0,424913000.0,0.0,0.0,0.0,675428000.0,1100341000.0,0.286,1100341000.0,675428000.0,561673000.0,2.76,2.7,2.76,4976561000.0,4783684750.0,4976561000.0,14861246052.0,22.0,13.506,706426000.0,4.086,1.0,2223013000.0,0.579,5821382000.0,113755000.0,3586840000.0,3595928000.0,431089000.0,46263000.0,17798000.0,28465000.0,3511460000.0,801304000.0,2710156000.0,12920312052.0,62228000.0,-146558000.0,-131990000.0,-393413000.0,0.0,-507957000.0,-252430000.0,-23399000.0,825628000.0,-3013000.0,476088000.0,476088000.0,476088000.0,0.0,-678000.0,0.124,1540196000.0,682817000.0,182199000.0,0.0,2.596,27.138,27.112,773711000.0,0.0,74.83,3.363,3.367,653525000.0,1707928000.0,3842314000.0,3842314000.0,338750000.0,0.056,0.1,0.188,0.176,46056000.0,1081059000.0,1.0,172662195.0,172892000,175901000.0,22.224,2666854000.0,131598000.0,85585000.0,334392000.0,15.425,944812000.0
1,LIFE2,MRT,2013-06-30,2013-06-30,2013-06-30,2019-04-23,-15841000.0,8483747000.0,8554723750.0,1682816000.0,6800931000.0,0.446,27.939,-114027000.0,274498000.0,274498000.0,1661811000.0,423032000.0,1.801,0.76,2215432000.0,147208000.0,2068224000.0,2215432000.0,115537000.0,426384000.0,0.0,0.0,0.0,624229000.0,1050613000.0,0.275,1050613000.0,624229000.0,508275000.0,2.46,2.4,2.46,4819873000.0,4693128500.0,4819873000.0,14854213950.0,24.0,14.139,657971000.0,3.814,1.0,2156596000.0,0.565,5883043000.0,115954000.0,3607395000.0,3599531750.0,416833000.0,44773000.0,15881000.0,28892000.0,3663395000.0,934243000.0,2729152000.0,12733710950.0,132000.0,-172844000.0,-329227000.0,-209909000.0,0.0,-518842000.0,-253577000.0,-3593000.0,771998000.0,553000.0,423699000.0,423699000.0,423699000.0,0.0,-667000.0,0.111,1527404000.0,629192000.0,177999000.0,0.0,2.642,30.054,30.081,770889000.0,0.0,74.0,3.335,3.343,675725000.0,1589682000.0,3818407000.0,3818407000.0,340583000.0,0.05,0.09,0.173,0.163,48870000.0,1082785000.0,1.0,172077175.0,172516000,175559000.0,22.134,2600704000.0,129172000.0,84576000.0,359043000.0,15.075,748573000.0
2,LIFE2,MRT,2013-03-31,2013-03-31,2013-03-31,2019-04-23,15082000.0,8539048000.0,8554289500.0,1669462000.0,6869586000.0,0.447,27.432,-115008000.0,276528000.0,276528000.0,1676641000.0,418919000.0,1.559,0.822,2397031000.0,328052000.0,2068979000.0,2397031000.0,113764000.0,430671000.0,0.0,0.0,0.0,644782000.0,1075453000.0,0.281,1075453000.0,644782000.0,527240000.0,2.42,2.35,2.42,4685624000.0,4661017250.0,4685624000.0,13155536517.0,20.0,12.233,693787000.0,4.062,1.0,2145267000.0,0.561,5958883000.0,117542000.0,3629552000.0,3595238000.0,407455000.0,45350000.0,16084000.0,29266000.0,3852727000.0,1071116000.0,2781611000.0,11012110517.0,42779000.0,-158826000.0,-477089000.0,-53620000.0,0.0,-514388000.0,-245438000.0,-8491000.0,808795000.0,-6190000.0,419413000.0,419413000.0,419413000.0,0.0,-494000.0,0.11,1494429000.0,650838000.0,175537000.0,0.0,2.35,26.256,26.707,771420000.0,0.0,64.63,2.881,2.888,691679000.0,1463042000.0,3821908000.0,3821908000.0,336840000.0,0.049,0.09,0.179,0.169,60011000.0,1072434000.0,1.0,170386980.0,170807000,174481000.0,22.376,2580165000.0,131282000.0,107827000.0,429933000.0,15.106,598346000.0
3,LIFE2,MRT,2012-12-31,2012-12-31,2012-12-31,2019-04-23,59070000.0,8638065000.0,8564318500.0,1625239000.0,7012826000.0,0.444,26.461,-116736000.0,270643000.0,270643000.0,1664033000.0,430449000.0,1.363,0.856,2414069000.0,353214000.0,2060855000.0,2414069000.0,114558000.0,428893000.0,0.0,0.0,0.0,656146000.0,1085039000.0,0.286,1085039000.0,656146000.0,532231000.0,2.45,2.4,2.45,4652681000.0,4665510750.0,4652681000.0,10600846132.0,16.0,9.77,661256000.0,3.761,1.0,2134477000.0,0.562,6029215000.0,123915000.0,3559925000.0,3587897000.0,403488000.0,32403000.0,5726000.0,26677000.0,3984602000.0,1192351000.0,2792251000.0,8435956132.0,-583215000.0,-168374000.0,-577795000.0,-352033000.0,0.0,-1082414000.0,-279473000.0,5151000.0,777992000.0,680000.0,430855000.0,430855000.0,430855000.0,0.0,-406000.0,0.113,1469240000.0,665237000.0,186569000.0,0.0,1.813,19.58,20.012,844692000.0,0.0,49.03,2.221,2.27,697228000.0,1341846000.0,3798510000.0,3798510000.0,341892000.0,0.05,0.092,0.183,0.173,68570000.0,1054616000.0,1.0,172057029.0,175831000,179365000.0,21.603,2608850000.0,128430000.0,101376000.0,422721000.0,14.837,432888000.0
4,LIFE2,MRT,2012-09-30,2012-09-30,2012-09-30,2019-04-23,87989000.0,8558035000.0,8701793000.0,1595689000.0,6962346000.0,0.438,26.512,-108066000.0,289590000.0,289590000.0,1706132000.0,413612000.0,1.423,0.855,2454480000.0,393200000.0,2061280000.0,2454480000.0,100281000.0,436828000.0,0.0,0.0,0.0,651787000.0,1088615000.0,0.286,1088615000.0,651787000.0,519359000.0,2.33,2.27,2.33,4614336000.0,4652147000.0,4614336000.0,10689131137.0,16.0,9.819,764647000.0,4.393,1.0,2103919000.0,0.552,6000002000.0,132428000.0,3601255000.0,3565773000.0,400680000.0,37240000.0,9680000.0,27560000.0,3943534000.0,1121668000.0,2821866000.0,8564927137.0,-320055000.0,-45602000.0,-534618000.0,-312006000.0,0.0,-1006564000.0,-177902000.0,-30559000.0,872713000.0,-8302000.0,413918000.0,413918000.0,413918000.0,0.0,-306000.0,0.109,1441095000.0,662824000.0,158335000.0,0.0,1.856,20.692,20.97,817865000.0,0.0,48.86,2.248,2.232,644579000.0,1231840000.0,3810051000.0,3810051000.0,348426000.0,0.048,0.089,0.183,0.171,75290000.0,1039547000.0,1.0,175295275.0,174044000,177258000.0,21.891,2558033000.0,130766000.0,105441000.0,470083000.0,14.698,474021000.0
5,LIFE2,MRT,2012-06-30,2012-06-30,2012-06-30,2019-04-23,55538000.0,8482010000.0,8823907500.0,1538807000.0,6943203000.0,0.434,26.331,-120408000.0,275753000.0,275753000.0,1662398000.0,443984000.0,1.516,0.808,2399957000.0,352677000.0,2047280000.0,2399957000.0,100727000.0,436586000.0,0.0,0.0,0.0,699936000.0,1136522000.0,0.297,1136522000.0,699936000.0,558807000.0,2.49,2.42,2.49,4691428000.0,4641802250.0,4691428000.0,10223838668.0,15.0,8.996,729155000.0,4.093,1.0,2164668000.0,0.566,6001019000.0,141129000.0,3590220000.0,3560903500.0,395808000.0,55876000.0,27697000.0,28179000.0,3790164000.0,1014975000.0,2775189000.0,8034167668.0,-260160000.0,-16050000.0,-394990000.0,-352536000.0,0.0,-906465000.0,-177832000.0,-47541000.0,849563000.0,-25426000.0,444332000.0,444332000.0,444332000.0,0.0,-348000.0,0.116,1453962000.0,710706000.0,161209000.0,0.0,1.713,18.081,18.068,807715000.0,0.0,44.99,2.099,2.094,630436000.0,1165984000.0,3827066000.0,3827066000.0,367471000.0,0.05,0.096,0.197,0.183,68403000.0,1020814000.0,1.0,178576743.0,178168000,181307000.0,21.48,2480991000.0,115976000.0,114475000.0,469648000.0,13.925,523832000.0
6,LIFE2,MRT,2012-03-31,2012-03-31,2012-03-31,2019-04-23,80009000.0,8579164000.0,8984560750.0,1533102000.0,7046062000.0,0.425,26.296,-113890000.0,235161000.0,235161000.0,1674629000.0,416894000.0,1.417,0.824,2424832000.0,377524000.0,2047308000.0,2424832000.0,112859000.0,434779000.0,0.0,0.0,0.0,675161000.0,1109940000.0,0.291,1109940000.0,675161000.0,520495000.0,2.33,2.27,2.33,4703598000.0,4606275250.0,4703598000.0,10596070931.0,16.0,9.547,684110000.0,3.825,1.0,2144263000.0,0.561,6086591000.0,154666000.0,3600188000.0,3550420500.0,396971000.0,52582000.0,28420000.0,24162000.0,3875566000.0,1082056000.0,2793510000.0,8703013931.0,-474683000.0,-7135000.0,-259791000.0,-677614000.0,0.0,-1095920000.0,-165444000.0,-50586000.0,798000000.0,-11319000.0,417444000.0,417444000.0,417444000.0,0.0,-550000.0,0.109,1458183000.0,686080000.0,157279000.0,0.0,1.85,20.848,20.953,818185000.0,0.0,48.82,2.279,2.287,655578000.0,1043630000.0,3818892000.0,3818892000.0,373740000.0,0.046,0.091,0.19,0.177,66393000.0,1009529000.0,1.0,178267389.0,178873000,183113000.0,21.35,2492573000.0,119520000.0,103051000.0,552356000.0,13.935,451046000.0
7,LIFE2,MRT,2011-12-31,2011-12-31,2011-12-31,2019-04-23,64656000.0,9187963000.0,9158719000.0,2093617000.0,7094346000.0,0.412,25.638,-105132000.0,855435000.0,855435000.0,1665695000.0,377834000.0,1.399,0.998,2748492000.0,450839000.0,2297653000.0,2748492000.0,113048000.0,437526000.0,0.0,0.0,0.0,641433000.0,1078959000.0,0.286,1078959000.0,641433000.0,479360000.0,2.11,2.05,2.11,4599226000.0,4525691250.0,4599226000.0,9066516826.0,14.0,8.403,704003000.0,3.924,1.0,2109977000.0,0.559,6113285000.0,162073000.0,3471429000.0,3524717750.0,377866000.0,51555000.0,26559000.0,24996000.0,4588737000.0,1496306000.0,3092431000.0,6933953826.0,25193000.0,-2799000.0,-282613000.0,-352543000.0,0.0,-627268000.0,-151884000.0,-49792000.0,809135000.0,-4790000.0,378492000.0,378492000.0,378492000.0,0.0,-658000.0,0.1,1462221000.0,647756000.0,178374000.0,0.0,1.508,18.32,18.441,833678000.0,0.0,38.91,1.836,1.849,636998000.0,910991000.0,3775672000.0,3775672000.0,377924000.0,0.041,0.084,0.182,0.17,63997000.0,1008973000.0,1.0,178204930.0,179390000,185595000.0,21.047,3074678000.0,68884000.0,100868000.0,513446000.0,17.14,597311000.0
8,LIFE2,MRT,2011-09-30,2011-09-30,2011-09-30,2019-04-23,125736000.0,9046493000.0,9233278000.0,1853102000.0,7193391000.0,0.4,25.425,-107381000.0,611241000.0,611241000.0,1596708000.0,355334000.0,1.319,0.978,2743804000.0,445732000.0,2298072000.0,2743804000.0,110193000.0,436864000.0,0.0,0.0,0.0,588304000.0,1025168000.0,0.277,1025168000.0,588304000.0,428103000.0,1.96,1.91,1.96,4572957000.0,4484403750.0,4572957000.0,9136779147.0,16.0,8.912,610397000.0,3.394,1.0,2100855000.0,0.568,6192835000.0,160201000.0,3581777000.0,3699664750.0,393775000.0,50552000.0,24697000.0,25855000.0,4470095000.0,1404444000.0,3065651000.0,6935123147.0,91314000.0,-264384000.0,-653129000.0,439056000.0,0.0,-234348000.0,-395611000.0,-23846000.0,717778000.0,3495000.0,356105000.0,356105000.0,356105000.0,0.0,-771000.0,0.096,1509364000.0,591491000.0,164648000.0,0.0,1.517,19.475,19.607,835853000.0,0.0,38.43,1.876,1.869,634372000.0,817923000.0,3697563000.0,3697563000.0,396427000.0,0.039,0.079,0.159,0.159,61025000.0,1029438000.0,1.0,180461180.0,179859000,186812000.0,20.558,2853658000.0,41264000.0,71998000.0,543983000.0,15.866,448658000.0
9,LIFE2,MRT,2011-06-30,2011-06-30,2011-06-30,2019-04-23,156261000.0,9124623000.0,9098433750.0,1811738000.0,7312885000.0,0.4,25.411,-103103000.0,537523000.0,537523000.0,1560466000.0,364603000.0,1.225,1.005,2739179000.0,440706000.0,2298473000.0,2739179000.0,107482000.0,433605000.0,0.0,0.0,0.0,592779000.0,1026384000.0,0.282,1026384000.0,592779000.0,435364000.0,1.99,1.95,1.99,4549320000.0,4481019000.0,4549320000.0,11679134039.0,20.0,11.379,656186000.0,3.665,1.0,2075981000.0,0.571,6298879000.0,157415000.0,3548288000.0,3641176500.0,367721000.0,54226000.0,27576000.0,26650000.0,4571353000.0,1479112000.0,3092241000.0,9308336039.0,-151151000.0,-266801000.0,-579491000.0,91649000.0,0.0,-529970000.0,-415818000.0,-45914000.0,759289000.0,35348000.0,365374000.0,365374000.0,365374000.0,0.0,-771000.0,0.1,1479001000.0,596980000.0,205936000.0,0.0,2.046,25.476,26.166,840181000.0,0.0,52.07,2.56,2.564,663176000.0,721652000.0,3636447000.0,3636447000.0,382628000.0,0.04,0.082,0.163,0.163,67569000.0,1018286000.0,1.0,178765816.0,179031000,184761000.0,20.312,2825744000.0,48490000.0,69990000.0,601892000.0,15.784,332626000.0
10,LIFE2,MRT,2011-03-31,2011-03-31,2011-03-31,2019-04-23,119240000.0,9275797000.0,8977027250.0,1893037000.0,7382760000.0,0.401,24.291,-111108000.0,711438000.0,711438000.0,1506966000.0,379931000.0,1.058,1.116,3082236000.0,783395000.0,2298841000.0,3082236000.0,112434000.0,426739000.0,0.0,0.0,0.0,602596000.0,1029335000.0,0.286,1029335000.0,602596000.0,448646000.0,2.07,2.01,2.07,4381262000.0,4436975750.0,4381262000.0,11679365800.0,19.0,11.347,672209000.0,3.727,1.0,2092078000.0,0.581,6360237000.0,153950000.0,3497377000.0,3581433250.0,340400000.0,46177000.0,23809000.0,22368000.0,4890422000.0,1788981000.0,3101441000.0,9435714800.0,84542000.0,-348102000.0,-544995000.0,441669000.0,0.0,-148171000.0,-564744000.0,-105534000.0,783317000.0,14140000.0,380476000.0,380476000.0,380476000.0,0.0,-545000.0,0.106,1482739000.0,609339000.0,156876000.0,0.0,2.154,24.8,25.324,840087000.0,0.0,52.42,2.622,2.627,618756000.0,626186000.0,3599044000.0,3599044000.0,381887000.0,0.042,0.086,0.168,0.167,65745000.0,1016335000.0,1.0,180002190.0,180365000,186266000.0,19.954,2915560000.0,47877000.0,68170000.0,633290000.0,16.165,104056000.0
11,LIFE2,MRT,2010-12-31,2010-12-31,2010-12-31,2019-04-23,96612000.0,9486199000.0,8771958250.0,2046525000.0,7439674000.0,0.409,24.177,-124817000.0,831722000.0,831722000.0,1481953000.0,377858000.0,1.785,1.138,3075373000.0,347749000.0,2727624000.0,3075373000.0,109981000.0,422594000.0,0.0,0.0,0.0,594311000.0,1016905000.0,0.283,1016905000.0,594311000.0,441989000.0,2.06,1.99,2.06,4434076000.0,4387090000.0,4434076000.0,12113056245.0,20.0,11.912,614272000.0,3.349,1.0,2106141000.0,0.587,6412248000.0,152322000.0,4171217000.0,3591723500.0,323318000.0,45527000.0,23079000.0,22448000.0,5048170000.0,1146385000.0,3901785000.0,10363381245.0,216982000.0,-349837000.0,-322367000.0,-34168000.0,0.0,-407808000.0,-119804000.0,354850000.0,739089000.0,5505000.0,378295000.0,378295000.0,378295000.0,0.0,-437000.0,0.105,1493744000.0,612397000.0,174449000.0,0.0,2.337,27.395,26.942,847984000.0,0.0,55.5,2.888,2.837,587456000.0,532499000.0,3588094000.0,3588094000.0,375465000.0,0.043,0.086,0.165,0.166,57996000.0,1023179000.0,1.0,186727590.0,183398000,190591000.0,19.565,3073951000.0,117699000.0,63694000.0,726698000.0,16.761,900140000.0
12,LIFE2,MRT,2010-09-30,2010-09-30,2010-09-30,2019-04-23,82657000.0,8507116000.0,8679343500.0,1726711000.0,6780405000.0,0.406,24.753,-155162000.0,521502000.0,521502000.0,1443102000.0,356203000.0,1.524,0.864,2271177000.0,345468000.0,1925709000.0,2271177000.0,102185000.0,414250000.0,0.0,0.0,0.0,599369000.0,1013619000.0,0.287,1013619000.0,599369000.0,436053000.0,1.96,1.89,1.96,4559418000.0,4285238000.0,4559418000.0,10510684682.0,18.0,10.369,652342000.0,3.542,1.0,2083770000.0,0.591,5776275000.0,163316000.0,3347824000.0,3633690750.0,350609000.0,39989000.0,15470000.0,24519000.0,3939698000.0,1132692000.0,2807006000.0,8559307682.0,-16034000.0,-162298000.0,126900000.0,-975685000.0,0.0,-864244000.0,47772000.0,369174000.0,807504000.0,-7066000.0,356527000.0,356527000.0,356527000.0,0.0,-324000.0,0.101,1468255000.0,615515000.0,183994000.0,0.0,1.877,24.007,23.821,832359000.0,0.0,46.69,2.427,2.438,568121000.0,461818000.0,3526872000.0,3526872000.0,359010000.0,0.041,0.083,0.165,0.17,54481000.0,1006169000.0,1.0,183322075.0,184196000,190149000.0,19.147,2730841000.0,134273000.0,79526000.0,704108000.0,14.826,594019000.0
13,LIFE2,MRT,2010-06-30,2010-06-30,2010-06-30,2019-04-23,85337000.0,8638997000.0,8808525750.0,1850094000.0,6788903000.0,0.393,23.965,-163192000.0,690246000.0,690246000.0,1428325000.0,292096000.0,1.252,0.97,2641623000.0,720226000.0,1921397000.0,2641623000.0,91407000.0,413910000.0,0.0,0.0,0.0,549818000.0,963728000.0,0.278,963728000.0,549818000.0,373916000.0,1.62,1.55,1.62,4373147000.0,4097851250.0,4373147000.0,10635068906.0,19.0,11.035,629069000.0,3.447,1.0,2032194000.0,0.587,5803012000.0,175902000.0,3309315000.0,3899780750.0,328819000.0,39353000.0,16195000.0,23158000.0,4243195000.0,1478047000.0,2765148000.0,8628227906.0,187673000.0,-125296000.0,224190000.0,-910947000.0,0.0,-673744000.0,100811000.0,389299000.0,792261000.0,-31655000.0,292123000.0,292123000.0,292123000.0,0.0,-27000.0,0.084,1465889000.0,566305000.0,168527000.0,0.0,1.973,29.536,29.167,825390000.0,0.0,47.25,2.493,2.492,558958000.0,356278000.0,3460519000.0,3460519000.0,351677000.0,0.033,0.071,0.141,0.159,46036000.0,1005505000.0,1.0,182607998.0,182484000,191084000.0,18.963,2835985000.0,37503000.0,81793000.0,716426000.0,15.541,372047000.0
14,LIFE2,MRT,2010-03-31,2010-03-31,2010-03-31,2019-04-23,60672000.0,8455521000.0,8926106750.0,1684074000.0,6771447000.0,0.38,23.12,-179827000.0,628679000.0,628679000.0,1416409000.0,220498000.0,1.503,1.022,2635520000.0,345860000.0,2289660000.0,2635520000.0,96912000.0,414403000.0,0.0,0.0,0.0,500063000.0,914466000.0,0.27,914466000.0,500063000.0,313770000.0,1.23,1.19,1.23,4181719000.0,3924031500.0,4181719000.0,11916304899.0,24.0,13.031,530635000.0,2.934,1.0,1973141000.0,0.582,5803412000.0,186293000.0,3538538000.0,4308124000.0,323866000.0,55557000.0,13231000.0,42326000.0,4273802000.0,1120412000.0,3153390000.0,9451822899.0,261466000.0,-76080000.0,187602000.0,-882136000.0,0.0,-683400000.0,196410000.0,452317000.0,710462000.0,37994000.0,220498000.0,220498000.0,220498000.0,0.0,0.0,0.065,1461339000.0,511802000.0,172549000.0,0.0,2.26,42.866,42.496,813473000.0,0.0,52.27,2.789,2.789,526655000.0,245710000.0,3389550000.0,3389550000.0,343131000.0,0.025,0.056,0.116,0.148,39669000.0,1005706000.0,1.0,180826916.0,180867000,189834000.0,18.741,2652109000.0,29030000.0,93272000.0,772883000.0,14.663,563662000.0
15,LIFE2,MRT,2009-12-31,2009-12-31,2009-12-31,2019-04-23,51968000.0,9115740000.0,9016520000.0,1796164000.0,7319576000.0,0.364,22.895,-175587000.0,637308000.0,637308000.0,1455619000.0,144594000.0,1.296,1.264,3101790000.0,481701000.0,2620089000.0,3101790000.0,129035000.0,411645000.0,0.0,0.0,0.0,387457000.0,799102000.0,0.244,799102000.0,387457000.0,194546000.0,0.82,0.8,0.82,4026668000.0,3751926000.0,4026668000.0,11982411791.0,31.0,14.995,568421000.0,3.232,1.0,1824725000.0,0.556,5855413000.0,192911000.0,4339086000.0,4698662000.0,353222000.0,390933000.0,10766000.0,380167000.0,5089072000.0,1385723000.0,3703349000.0,9312795791.0,260657000.0,-71048000.0,169406000.0,-425805000.0,0.0,-242341000.0,-257998000.0,-11363000.0,744008000.0,16988000.0,144594000.0,144594000.0,144594000.0,0.0,0.0,0.044,1438850000.0,385875000.0,237250000.0,0.0,2.313,64.407,63.683,829032000.0,0.0,52.22,2.839,2.8,591058000.0,154204000.0,3280344000.0,3280344000.0,337099000.0,0.016,0.039,0.082,0.118,46044000.0,987116000.0,1.0,178337721.0,175872000,181415000.0,18.652,3260327000.0,126384000.0,49952000.0,874765000.0,18.538,410441000.0
16,LIFE2,MRT,2009-09-30,2009-09-30,2009-09-30,2019-04-23,-1775000.0,9023845000.0,8962274750.0,1706712000.0,7317133000.0,0.329,21.599,-132680000.0,571108000.0,571108000.0,1342018000.0,-17732000.0,1.3,1.369,3240724000.0,442241000.0,2798483000.0,3240724000.0,114665000.0,354417000.0,0.0,0.0,0.0,260687000.0,615104000.0,0.209,615104000.0,260687000.0,81887000.0,-0.69,-0.64,-0.69,3809871000.0,3609393500.0,3809871000.0,11091411027.0,43.0,18.032,449583000.0,2.549,1.0,1607829000.0,0.545,5968156000.0,178800000.0,4412184000.0,4877159000.0,373673000.0,381010000.0,9347000.0,371663000.0,5213974000.0,1313121000.0,3900853000.0,8208603027.0,-154144000.0,-2815750000.0,117414000.0,2157302000.0,0.0,2191674000.0,-2924812000.0,19676000.0,582263000.0,-3269000.0,-17732000.0,-17732000.0,-17732000.0,1000.0,0.0,-0.006,1354564000.0,253265000.0,178263000.0,0.0,2.155,-462.926,-67.464,783432000.0,0.0,46.55,2.783,2.783,596541000.0,105292000.0,2949847000.0,2949847000.0,292112000.0,-0.002,-0.005,0.053,0.088,47589000.0,885875000.0,1.0,176339485.0,176387000,183428000.0,16.724,3055689000.0,60103000.0,99619000.0,885749000.0,17.324,393591000.0
17,LIFE2,MRT,2009-06-30,2009-06-30,2009-06-30,2019-04-23,-13871000.0,9109321000.0,7555331750.0,1747126000.0,7362195000.0,0.332,21.05,-121530000.0,574453000.0,574453000.0,1147616000.0,-40092000.0,1.715,1.477,3457261000.0,115000000.0,3342261000.0,3457261000.0,114978000.0,280833000.0,0.0,0.0,0.0,188145000.0,468978000.0,0.187,468978000.0,188145000.0,39689000.0,-0.72,-0.67,-0.72,3677868000.0,3117317500.0,3677868000.0,10296592061.0,55.0,21.955,345909000.0,1.98,1.0,1363198000.0,0.543,6030869000.0,148456000.0,4942688000.0,4229674750.0,364568000.0,386038000.0,8186000.0,377852000.0,5431453000.0,1018572000.0,4412881000.0,7287358061.0,-159573000.0,-2870110000.0,10791000.0,2440892000.0,0.0,2362123000.0,-2971121000.0,20519000.0,467439000.0,-18014000.0,-40092000.0,-40092000.0,-40092000.0,1000.0,0.0,-0.016,1191287000.0,171911000.0,196521000.0,0.0,1.981,-181.766,-57.944,768635000.0,0.0,41.72,2.902,2.903,636837000.0,64156000.0,2510814000.0,2510814000.0,240818000.0,-0.005,-0.013,0.044,0.075,47013000.0,764160000.0,1.0,174673012.0,174722000,178951000.0,14.37,3078452000.0,33303000.0,79781000.0,909697000.0,17.619,728554000.0
18,LIFE2,MRT,2009-03-31,2009-03-31,2009-03-31,2019-04-23,-99356000.0,8817174000.0,6134716250.0,1554779000.0,7262395000.0,0.333,20.11,-96453000.0,457638000.0,457638000.0,939165000.0,-32161000.0,1.749,1.524,3466872000.0,97500000.0,3369372000.0,3466872000.0,100441000.0,207007000.0,0.0,0.0,0.0,150183000.0,357190000.0,0.175,357190000.0,150183000.0,34110000.0,-0.43,-0.41,-0.43,3493297000.0,2667983750.0,3493297000.0,8780313702.0,58.0,24.582,306265000.0,1.763,1.0,1106677000.0,0.541,5836712000.0,116073000.0,5100690000.0,3452033750.0,376760000.0,491862000.0,7679000.0,484183000.0,5323877000.0,889006000.0,4434871000.0,5645041702.0,-197747000.0,-2831123000.0,36922000.0,2412599000.0,0.0,2375799000.0,-2901982000.0,25594000.0,402718000.0,-74282000.0,-32161000.0,-32161000.0,-32161000.0,1000.0,0.0,-0.016,977696000.0,128981000.0,205778000.0,0.0,1.616,-175.524,-75.535,747546000.0,0.0,32.48,2.759,2.758,570502000.0,25214000.0,2045842000.0,2045842000.0,192193000.0,-0.005,-0.012,0.044,0.073,30452000.0,626672000.0,1.0,173800545.0,173713000,175380000.0,11.777,2980462000.0,39720000.0,66271000.0,810588000.0,17.157,665773000.0
19,LIFE2,MRT,2008-12-31,2008-12-31,2008-12-31,2019-04-23,-98807000.0,8898759000.0,4762197750.0,1612171000.0,7286588000.0,0.34,34.834,-81886000.0,448317000.0,448317000.0,679571000.0,5714000.0,1.601,1.574,3476420000.0,80000000.0,3396420000.0,3476420000.0,81166000.0,132552000.0,0.0,0.0,0.0,198658000.0,331210000.0,0.204,331210000.0,198658000.0,113597000.0,0.06,0.05,0.06,3456538000.0,2244624500.0,3456538000.0,2627986243.0,13.0,7.935,283896000.0,2.861,1.0,940752000.0,0.581,5866546000.0,85061000.0,5053074000.0,2632176750.0,420029000.0,490853000.0,0.0,490853000.0,5442221000.0,1007242000.0,4434979000.0,2152868243.0,-270215000.0,-2859002000.0,-57359000.0,2432483000.0,0.0,2301402000.0,-2889709000.0,51179000.0,365782000.0,-47690000.0,5714000.0,5714000.0,5714000.0,-1358000.0,0.0,0.004,773751000.0,167001000.0,204279000.0,0.0,0.623,376.771,388.5,748056000.0,0.0,23.31,1.329,1.428,580907000.0,9610000.0,1620323000.0,1620323000.0,142505000.0,0.001,0.003,0.075,0.123,28452000.0,499312000.0,1.0,92358140.0,99229000,103685000.0,16.329,3032213000.0,25563000.0,107883000.0,844772000.0,30.558,604929000.0
20,LIFE2,MRT,2008-09-30,2008-09-30,2008-09-30,2019-04-23,75454000.0,3396073000.0,3369944750.0,1148082000.0,2247991000.0,0.42,19.952,-95321000.0,675846000.0,675846000.0,559908000.0,136136000.0,4.711,0.844,1150964000.0,2000.0,1150962000.0,1150964000.0,0.0,108878000.0,0.0,0.0,0.0,269873000.0,378751000.0,0.267,378751000.0,269873000.0,171627000.0,1.46,1.38,1.46,1841567000.0,1821851750.0,1841567000.0,3994211972.0,15.0,10.546,237776000.0,2.576,1.0,856242000.0,0.605,1805238000.0,98246000.0,1822247000.0,1823975250.0,206581000.0,36587000.0,0.0,36587000.0,1554506000.0,243706000.0,1310800000.0,3489323972.0,78151000.0,-91505000.0,-85904000.0,1397000.0,0.0,-67325000.0,-175932000.0,10894000.0,333097000.0,-11689000.0,136136000.0,136136000.0,136136000.0,-1908000.0,0.0,0.096,616688000.0,239554000.0,110047000.0,0.0,1.895,25.631,25.89,344094000.0,0.0,37.8,2.464,2.464,197999000.0,225174000.0,1416150000.0,1416150000.0,126449000.0,0.04,0.075,0.148,0.191,27854000.0,454402000.0,1.0,92310158.0,92298000,96995000.0,15.343,1590835000.0,37043000.0,35491000.0,117446000.0,17.236,904376000.0
21,LIFE2,MRT,2008-06-30,2008-06-30,2008-06-30,2019-04-23,159022000.0,3426859000.0,3327779500.0,1129885000.0,2296974000.0,0.412,20.461,-80900000.0,646080000.0,646080000.0,556535000.0,148356000.0,4.878,0.822,1150968000.0,6000.0,1150962000.0,1150968000.0,0.0,116108000.0,0.0,0.0,0.0,278286000.0,394394000.0,0.288,394394000.0,278286000.0,190555000.0,1.6,1.52,1.6,1880533000.0,1790427500.0,1880533000.0,4114719361.0,15.0,10.433,255007000.0,2.775,1.0,812878000.0,0.594,1868014000.0,87731000.0,1832124000.0,1805357750.0,212445000.0,37332000.0,0.0,37332000.0,1546326000.0,231609000.0,1314717000.0,3512804361.0,76726000.0,-77566000.0,-91195000.0,1048000.0,0.0,-74069000.0,-197428000.0,-38962000.0,335907000.0,12316000.0,148356000.0,148356000.0,148356000.0,-2414000.0,0.0,0.108,569012000.0,243866000.0,98796000.0,0.0,1.868,23.678,24.538,337902000.0,0.0,39.26,2.565,2.635,207035000.0,199945000.0,1369413000.0,1369413000.0,123590000.0,0.045,0.083,0.154,0.203,28147000.0,440395000.0,1.0,89475404.0,91907000,97129000.0,14.9,1558845000.0,35768000.0,42199000.0,114016000.0,16.961,898276000.0
22,LIFE2,MRT,2008-03-31,2008-03-31,2008-03-31,2019-04-23,162195000.0,3327100000.0,3258347500.0,1020745000.0,2306355000.0,0.406,19.381,-79034000.0,549075000.0,549075000.0,559999000.0,142360000.0,4.655,0.849,1150990000.0,9000.0,1150981000.0,1150990000.0,0.0,121504000.0,0.0,0.0,0.0,257049000.0,378553000.0,0.286,378553000.0,257049000.0,179691000.0,1.53,1.47,1.53,1799860000.0,1728323250.0,1799860000.0,4536288722.0,18.0,11.983,244096000.0,2.628,1.0,763313000.0,0.577,1888475000.0,77358000.0,1821262000.0,1770854500.0,206219000.0,37633000.0,0.0,37633000.0,1527240000.0,219278000.0,1307962000.0,3996054722.0,198711000.0,122416000.0,-148958000.0,896000.0,0.0,-145152000.0,4549000.0,-38833000.0,323130000.0,16994000.0,142360000.0,142360000.0,142360000.0,-13895000.0,0.0,0.108,555455000.0,207858000.0,97761000.0,0.0,2.22,28.07,27.931,328376000.0,0.0,42.735,3.02,2.999,206762000.0,146720000.0,1323312000.0,1323312000.0,119021000.0,0.044,0.082,0.145,0.194,44657000.0,432096000.0,1.0,93507774.0,92868000,97864000.0,14.249,1438625000.0,30968000.0,37331000.0,116484000.0,15.491,801467000.0
23,LIFE2,MRT,2007-12-31,2007-12-31,2007-12-31,2019-04-23,112454000.0,3329747000.0,3215939750.0,1090484000.0,2239263000.0,0.399,18.908,-78333000.0,610590000.0,610590000.0,565860000.0,119149000.0,4.652,0.886,1150824000.0,124000.0,1150700000.0,1150824000.0,10969000.0,136078000.0,0.0,0.0,0.0,219524000.0,355602000.0,0.277,355602000.0,219524000.0,152107000.0,1.27,1.23,1.27,1765447000.0,1678186250.0,1765447000.0,4902601867.0,22.0,13.787,245231000.0,2.626,1.0,715887000.0,0.559,1815300000.0,67417000.0,1820268000.0,1790326000.0,172692000.0,61456000.0,60703000.0,753000.0,1564300000.0,234413000.0,1329887000.0,4349722867.0,239252000.0,178613000.0,-146598000.0,-2048000.0,0.0,-143245000.0,48455000.0,-51825000.0,323564000.0,10478000.0,119149000.0,119149000.0,119149000.0,-12911000.0,0.0,0.093,537567000.0,178320000.0,85625000.0,0.0,2.464,36.507,36.776,319653000.0,0.0,46.705,3.394,3.402,192137000.0,86992000.0,1281747000.0,1281747000.0,115833000.0,0.037,0.071,0.123,0.171,42131000.0,416099000.0,1.0,93131846.0,93372000,97148000.0,13.727,1514447000.0,74341000.0,32958000.0,138537000.0,16.219,856071000.0
24,LIFE2,MRT,2007-09-30,2007-09-30,2007-09-30,2019-04-23,98028000.0,3227412000.0,3179221750.0,1062846000.0,2164566000.0,0.392,18.524,-41917000.0,598390000.0,598390000.0,566672000.0,1986000.0,5.083,0.881,1151269000.0,566000.0,1150703000.0,1151269000.0,0.0,150577000.0,0.0,0.0,0.0,71025000.0,221602000.0,0.178,221602000.0,71025000.0,42182000.0,0.105,0.11,0.105,1715870000.0,1644431250.0,1715870000.0,4365928609.0,61.0,19.702,289528000.0,3.126,1.0,680213000.0,0.546,1823422000.0,28843000.0,1747777000.0,1812330750.0,164979000.0,50817000.0,50064000.0,753000.0,1511542000.0,209092000.0,1302450000.0,3784747609.0,117122000.0,174086000.0,-178501000.0,-179652000.0,0.0,-352507000.0,125905000.0,-22258000.0,331445000.0,12279000.0,1986000.0,1986000.0,1986000.0,110407000.0,0.0,0.002,525374000.0,154839000.0,87400000.0,0.0,2.206,1905.714,389.19,285502000.0,0.0,40.865,3.035,3.036,192841000.0,45941000.0,1246885000.0,1246885000.0,109225000.0,0.001,0.001,0.039,0.057,40106000.0,406863000.0,1.0,92615872.0,92630000,96396000.0,13.461,1403990000.0,37938000.0,40196000.0,104533000.0,15.157,853754000.0
25,LIFE2,MRT,2007-06-30,2007-06-30,2007-06-30,2019-04-23,60153000.0,3149131000.0,3238334250.0,988587000.0,2160544000.0,0.376,17.561,-46584000.0,570084000.0,570084000.0,566440000.0,-158803000.0,4.655,0.929,1151265000.0,559000.0,1150706000.0,1151265000.0,0.0,155053000.0,0.0,0.0,0.0,-94207000.0,60846000.0,0.05,60846000.0,-94207000.0,-124113000.0,-1.5,-1.455,-1.5,1632116000.0,1657070250.0,1632116000.0,4265645951.0,-45.0,70.106,268170000.0,2.885,1.0,649683000.0,0.534,1823815000.0,29906000.0,1694111000.0,1817934500.0,155779000.0,2876000.0,0.0,2876000.0,1517015000.0,212386000.0,1304629000.0,3447928951.0,-33814000.0,178198000.0,-460511000.0,-179206000.0,0.0,-633610000.0,274281000.0,126673000.0,314754000.0,10761000.0,-158803000.0,-158803000.0,-158803000.0,256544000.0,0.0,-0.131,510505000.0,139178000.0,87571000.0,0.0,2.113,-21.712,-24.583,282738000.0,0.0,36.875,2.835,2.818,192652000.0,15022000.0,1216123000.0,1216123000.0,106904000.0,-0.049,-0.096,-0.052,-0.077,41455000.0,393938000.0,1.0,93503158.0,92940000,95448000.0,13.085,1325316000.0,35880000.0,34690000.0,98348000.0,14.26,776201000.0
26,LIFE2,MRT,2007-03-31,2007-03-31,2007-03-31,2019-04-23,50019000.0,3157469000.0,3422903750.0,991862000.0,2165607000.0,0.345,16.89,-50052000.0,333551000.0,333551000.0,551976000.0,-180001000.0,4.089,0.974,1151268000.0,558000.0,1150710000.0,1151268000.0,0.0,162278000.0,0.0,0.0,0.0,-117687000.0,44591000.0,0.038,44591000.0,-117687000.0,-148698000.0,-1.755,-1.705,-1.755,1599312000.0,1789725750.0,1599312000.0,3778491742.0,-32.0,84.737,219696000.0,2.32,1.0,627811000.0,0.532,1833489000.0,31011000.0,1899148000.0,1859568000.0,152928000.0,2850000.0,0.0,2850000.0,1558157000.0,242549000.0,1315608000.0,2995821742.0,-133259000.0,-27512000.0,-415550000.0,-190140000.0,0.0,-601613000.0,181992000.0,232917000.0,269748000.0,15804000.0,-180001000.0,-180001000.0,-180001000.0,267347000.0,0.0,-0.153,502221000.0,125590000.0,90827000.0,0.0,1.873,-16.643,-18.134,274984000.0,0.0,31.825,2.539,2.554,178000000.0,-25856000.0,1179787000.0,1179787000.0,104060000.0,-0.053,-0.101,-0.063,-0.1,42072000.0,385954000.0,1.0,94134226.0,94688000,96614000.0,12.46,1323980000.0,47455000.0,31303000.0,131369000.0,13.983,749313000.0
27,LIFE2,MRT,2006-12-31,2006-12-31,2006-12-31,2019-04-23,34993000.0,3182875000.0,3596161500.0,740604000.0,2442271000.0,0.32,15.862,-59524000.0,347574000.0,347574000.0,542844000.0,-191049000.0,3.247,0.952,1152785000.0,1961000.0,1150824000.0,1152785000.0,0.0,161783000.0,0.0,0.0,0.0,-130589000.0,31194000.0,0.027,31194000.0,-130589000.0,-162745000.0,-1.86,-1.8,-1.86,1630427000.0,1912923000.0,1630427000.0,3570696371.0,-27.0,114.467,175536000.0,1.708,1.0,608331000.0,0.528,1851713000.0,32156000.0,1908287000.0,1863756750.0,146400000.0,11764000.0,8914000.0,2850000.0,1552448000.0,228086000.0,1324362000.0,2722315371.0,-68337000.0,-44025000.0,-320044000.0,-232178000.0,0.0,-549151000.0,229818000.0,306728000.0,235060000.0,15936000.0,-191049000.0,-191049000.0,-191049000.0,266808000.0,0.0,-0.166,499339000.0,108992000.0,85274000.0,0.0,1.67,-14.249,-15.212,275419000.0,0.0,28.295,2.365,2.526,177510000.0,-54672000.0,1151175000.0,1151175000.0,104343000.0,-0.053,-0.1,-0.07,-0.113,43684000.0,382456000.0,1.0,96211888.0,102786000,105724000.0,11.2,1331162000.0,37042000.0,28304000.0,113646000.0,12.951,512518000.0
28,LIFE2,MRT,2006-09-30,2006-09-30,2006-09-30,2019-04-23,37455000.0,3463862000.0,3769705000.0,936639000.0,2527223000.0,0.28,17.226,-74491000.0,482175000.0,482175000.0,550050000.0,-44696000.0,2.354,0.961,1330556000.0,178428000.0,1152128000.0,1330556000.0,0.0,161491000.0,0.0,0.0,0.0,12767000.0,174258000.0,0.165,174258000.0,12767000.0,-21421000.0,-0.46,-0.475,-0.46,1766426000.0,2015764750.0,1766426000.0,4454840514.0,349.0,25.565,145235000.0,1.416,1.0,505503000.0,0.479,2144212000.0,34188000.0,1770192000.0,1874933750.0,155306000.0,30692000.0,30328000.0,364000.0,1697436000.0,397839000.0,1299597000.0,3729288514.0,-122338000.0,-172954000.0,-255729000.0,-207296000.0,0.0,-460409000.0,101086000.0,337886000.0,219726000.0,17259000.0,-44696000.0,-44696000.0,-44696000.0,133479000.0,0.0,-0.042,416078000.0,89425000.0,75175000.0,0.0,2.111,-83.437,-68.924,291141000.0,0.0,31.705,3.533,3.08,201686000.0,45472000.0,1055553000.0,1055553000.0,105585000.0,-0.012,-0.022,0.007,0.012,35933000.0,356088000.0,1.0,117624618.0,102542000,105170000.0,10.294,1319650000.0,43585000.0,23275000.0,132719000.0,12.869,538800000.0
29,LIFE2,MRT,2006-06-30,2006-06-30,2006-06-30,2019-04-23,20361000.0,3887409000.0,3891255500.0,1172083000.0,2715326000.0,0.273,20.317,-84940000.0,604668000.0,604668000.0,526628000.0,108964000.0,2.838,0.797,1330220000.0,178324000.0,1151896000.0,1330220000.0,0.0,161352000.0,0.0,0.0,0.0,171181000.0,332533000.0,0.313,332533000.0,171181000.0,135860000.0,1.03,0.97,1.03,2162738000.0,2080793500.0,2162738000.0,4372393363.0,26.0,13.149,146050000.0,1.372,1.0,534367000.0,0.504,2339380000.0,35321000.0,1860645000.0,2041961500.0,155740000.0,128534000.0,128508000.0,26000.0,1724671000.0,412936000.0,1311735000.0,3515378363.0,103447000.0,-188936000.0,22087000.0,-218382000.0,0.0,-194170000.0,59513000.0,321707000.0,230990000.0,7114000.0,108964000.0,108964000.0,108964000.0,-12152000.0,0.0,0.103,435510000.0,98857000.0,69690000.0,0.0,1.625,32.262,32.073,287081000.0,0.0,33.035,3.313,3.314,206651000.0,175269000.0,1060995000.0,1060995000.0,105735000.0,0.028,0.052,0.084,0.161,26185000.0,348505000.0,1.0,106413754.0,106452000,109648000.0,9.967,1548029000.0,55328000.0,26896000.0,161094000.0,14.542,759147000.0
30,LIFE2,MRT,2006-03-31,2006-03-31,2006-03-31,2019-04-23,-9412000.0,3850500000.0,3907739000.0,1129381000.0,2721119000.0,0.277,19.737,-87364000.0,484632000.0,484632000.0,523354000.0,104190000.0,2.564,0.84,1341647000.0,189745000.0,1151902000.0,1341647000.0,0.0,161939000.0,0.0,0.0,0.0,164233000.0,326172000.0,0.301,326172000.0,164233000.0,129185000.0,0.99,0.925,0.99,2092101000.0,2039820250.0,2092101000.0,4666664098.0,28.0,14.307,192149000.0,1.813,1.0,558743000.0,0.516,2351066000.0,35048000.0,1915903000.0,2213797500.0,145786000.0,231019000.0,230992000.0,27000.0,1758399000.0,440546000.0,1317853000.0,3721857098.0,-160802000.0,-602984000.0,49467000.0,11710000.0,0.0,62662000.0,-502003000.0,188345000.0,279513000.0,-974000.0,104190000.0,104190000.0,104190000.0,-11474000.0,0.0,0.096,462347000.0,96396000.0,81972000.0,0.0,1.779,35.722,35.419,280531000.0,0.0,35.065,3.439,3.435,195056000.0,155595000.0,1082097000.0,1082097000.0,104238000.0,0.027,0.051,0.074,0.152,16450000.0,337555000.0,1.0,106141654.0,106000000,109644000.0,10.208,1499434000.0,45400000.0,24995000.0,177186000.0,14.146,688835000.0
31,LIFE2,MRT,2005-12-31,2005-12-31,2005-12-31,2019-04-23,-16688000.0,3877049000.0,3858522250.0,1151196000.0,2725853000.0,0.28,19.543,-79233000.0,441362000.0,441362000.0,529602000.0,132046000.0,2.25,0.899,1386169000.0,234246000.0,1151923000.0,1386169000.0,0.0,157609000.0,0.0,0.0,0.0,204073000.0,361682000.0,0.335,361682000.0,204073000.0,170096000.0,1.265,1.165,1.265,2041794000.0,2007936750.0,2041794000.0,4444093223.0,22.0,12.287,230111000.0,2.203,1.0,549535000.0,0.509,2357284000.0,33977000.0,1952995000.0,2294685500.0,136753000.0,310697000.0,310510000.0,187000.0,1835255000.0,511577000.0,1323678000.0,3522033223.0,236834000.0,-647170000.0,58256000.0,46627000.0,0.0,104883000.0,-157642000.0,568761000.0,309344000.0,-19751000.0,132046000.0,132046000.0,132046000.0,-10561000.0,0.0,0.122,437063000.0,112472000.0,85335000.0,0.0,1.725,26.673,26.34,278447000.0,0.0,33.32,3.264,3.226,194942000.0,136377000.0,1079137000.0,1079137000.0,97751000.0,0.034,0.066,0.089,0.189,7415000.0,321801000.0,1.0,105703278.0,104476000,120028000.0,10.329,1519765000.0,39453000.0,38050000.0,174419000.0,14.547,639619000.0
32,LIFE2,MRT,2005-09-30,2005-09-30,2005-09-30,2019-04-23,24219000.0,3950064000.0,3792843750.0,1352018000.0,2598046000.0,0.299,19.256,-85126000.0,606277000.0,606277000.0,450956000.0,116311000.0,6.917,0.949,1528337000.0,2403000.0,1525934000.0,1528337000.0,0.0,152674000.0,0.0,0.0,0.0,194424000.0,347098000.0,0.306,347098000.0,194424000.0,162660000.0,1.12,1.03,1.12,2026541000.0,1975801000.0,2026541000.0,5008855380.0,26.0,14.431,216377000.0,2.056,1.0,684455000.0,0.603,2238360000.0,31764000.0,2438303000.0,2476661750.0,152105000.0,360541000.0,355358000.0,5183000.0,1923523000.0,195461000.0,1728062000.0,3969823380.0,428252000.0,-529573000.0,63907000.0,190334000.0,0.0,254241000.0,-105431000.0,509268000.0,301503000.0,-22061000.0,116311000.0,116311000.0,116311000.0,0.0,0.0,0.102,543076000.0,141379000.0,73972000.0,0.0,1.959,34.131,33.585,266486000.0,0.0,37.615,3.496,3.487,185071000.0,90178000.0,1135411000.0,1135411000.0,91904000.0,0.031,0.059,0.079,0.171,9971000.0,326728000.0,1.0,105538306.0,105244000,121408000.0,10.788,1711704000.0,26750000.0,46349000.0,184570000.0,16.264,1156557000.0
33,LIFE2,MRT,2005-06-30,2005-06-30,2005-06-30,2019-04-23,27348000.0,3953343000.0,3692008500.0,1336375000.0,2616968000.0,0.299,19.192,-68638000.0,502922000.0,502922000.0,433564000.0,120607000.0,6.617,0.978,1541954000.0,1406000.0,1540548000.0,1541954000.0,0.0,147323000.0,0.0,0.0,0.0,197728000.0,345051000.0,0.313,345051000.0,197728000.0,167692000.0,1.165,1.075,1.165,1998845000.0,1931755000.0,1998845000.0,5000545411.0,25.0,14.492,228937000.0,2.198,1.0,668536000.0,0.607,2242411000.0,30036000.0,2547989000.0,2479857500.0,156528000.0,443810000.0,428997000.0,14813000.0,1954498000.0,201975000.0,1752523000.0,4325805411.0,264792000.0,-511131000.0,-8280000.0,196018000.0,0.0,187738000.0,-202694000.0,378112000.0,297575000.0,-17827000.0,120607000.0,120607000.0,120607000.0,0.0,0.0,0.109,520809000.0,147727000.0,80964000.0,0.0,2.164,35.867,35.747,259946000.0,0.0,41.645,3.925,3.936,192752000.0,66311000.0,1102100000.0,1102100000.0,84718000.0,0.033,0.062,0.08,0.179,7916000.0,316152000.0,1.0,103873344.0,104152000,111352000.0,10.582,1710932000.0,26682000.0,47085000.0,201274000.0,16.427,1134400000.0
34,LIFE2,MRT,2005-03-31,2005-03-31,2005-03-31,2019-04-23,51671000.0,3653633000.0,3599862500.0,1396298000.0,2257335000.0,0.292,19.09,-51860000.0,646624000.0,646624000.0,413085000.0,125390000.0,7.531,0.86,1321364000.0,1803000.0,1319561000.0,1321364000.0,0.0,145400000.0,0.0,0.0,0.0,204318000.0,349718000.0,0.333,349718000.0,204318000.0,174338000.0,1.21,1.12,1.21,1964567000.0,1905149500.0,1964567000.0,4678012558.0,23.0,13.377,233474000.0,2.269,1.0,636523000.0,0.606,1903501000.0,29980000.0,2239455000.0,2446541750.0,127293000.0,419344000.0,378419000.0,40925000.0,1689066000.0,185417000.0,1503649000.0,3569724558.0,398538000.0,-117784000.0,-25478000.0,-25241000.0,0.0,-50719000.0,179239000.0,348883000.0,285334000.0,-15316000.0,125390000.0,125390000.0,125390000.0,0.0,0.0,0.119,482357000.0,154166000.0,66550000.0,0.0,1.817,28.469,28.595,225541000.0,0.0,34.6,3.401,3.392,182295000.0,51405000.0,1049608000.0,1049608000.0,78609000.0,0.035,0.066,0.084,0.195,6101000.0,297326000.0,1.0,103171230.0,102910000,120458000.0,10.199,1750132000.0,29080000.0,48948000.0,175136000.0,17.006,1210881000.0
35,LIFE2,MRT,2004-12-31,2004-12-31,2004-12-31,2019-04-23,72214000.0,3614335000.0,3574477250.0,1332228000.0,2282107000.0,0.286,18.509,-46892000.0,204102000.0,204102000.0,416002000.0,88825000.0,6.791,0.889,1331705000.0,12390000.0,1319315000.0,1331705000.0,0.0,147029000.0,0.0,0.0,0.0,153579000.0,300608000.0,0.294,300608000.0,153579000.0,121376000.0,0.86,0.815,0.86,1913251000.0,1877541000.0,1913251000.0,4376332872.0,28.0,14.558,205832000.0,1.991,1.0,607849000.0,0.594,1864853000.0,32203000.0,2680900000.0,2481172000.0,122787000.0,888367000.0,779279000.0,109088000.0,1701084000.0,196185000.0,1504899000.0,3439094872.0,-198617000.0,-520773000.0,-20059000.0,252936000.0,0.0,232877000.0,-689479000.0,-121814000.0,252724000.0,5261000.0,88825000.0,88825000.0,88825000.0,0.0,0.0,0.087,471984000.0,135865000.0,64261000.0,0.0,1.798,38.718,39.029,222193000.0,0.0,33.565,3.359,3.389,165754000.0,4331000.0,1023851000.0,1023851000.0,73116000.0,0.025,0.047,0.062,0.15,4576000.0,291319000.0,1.0,102460744.0,103368000,120792000.0,9.905,1749482000.0,32917000.0,32551000.0,154226000.0,16.925,1136043000.0
36,LIFE2,MRT,2004-09-30,2004-09-30,2004-09-30,2019-04-23,56444000.0,3546723000.0,3462315750.0,1290776000.0,2255947000.0,0.28,17.879,-32383000.0,381147000.0,381147000.0,402660000.0,70950000.0,7.044,0.917,1318385000.0,18385000.0,1300000000.0,1318385000.0,0.0,143409000.0,0.0,0.0,0.0,129232000.0,272641000.0,0.281,272641000.0,129232000.0,96318000.0,0.68,0.645,0.68,1850357000.0,1850940000.0,1850357000.0,3757491672.0,29.0,13.782,180419000.0,1.743,1.0,566726000.0,0.585,1849624000.0,32914000.0,2451086000.0,2364089250.0,117885000.0,684900000.0,558618000.0,126282000.0,1696366000.0,183251000.0,1513115000.0,2896616672.0,-173837000.0,-501221000.0,-15693000.0,260223000.0,0.0,244530000.0,-647333000.0,-113729000.0,212802000.0,16164000.0,70950000.0,70950000.0,70950000.0,0.0,0.0,0.073,454239000.0,112487000.0,56629000.0,0.0,1.565,40.826,40.434,209266000.0,0.0,27.495,2.988,2.935,162588000.0,-26133000.0,969386000.0,969386000.0,69166000.0,0.02,0.038,0.055,0.133,0.0,279676000.0,1.0,105350670.0,103496000,119878000.0,9.366,1697099000.0,28141000.0,25368000.0,173187000.0,16.398,1107525000.0
37,LIFE2,MRT,2004-06-30,2004-06-30,2004-06-30,2019-04-23,54624000.0,3584759000.0,3357753250.0,1257200000.0,2327559000.0,0.271,18.133,-30580000.0,441445000.0,441445000.0,380696000.0,56485000.0,8.076,0.894,1302320000.0,2320000.0,1300000000.0,1302320000.0,0.0,137819000.0,0.0,0.0,0.0,109365000.0,247184000.0,0.272,247184000.0,109365000.0,76305000.0,0.545,0.52,0.545,1892423000.0,1826835000.0,1892423000.0,4616017867.0,42.0,18.674,166562000.0,1.596,1.0,529301000.0,0.582,1875235000.0,33060000.0,2414726000.0,2248667000.0,113421000.0,634982000.0,482354000.0,152628000.0,1692336000.0,155673000.0,1536663000.0,3765288867.0,-90916000.0,-810358000.0,75643000.0,606343000.0,0.0,677859000.0,-987240000.0,-146302000.0,197142000.0,21323000.0,56485000.0,56485000.0,56485000.0,0.0,0.0,0.062,436415000.0,92886000.0,55834000.0,0.0,1.99,66.66,66.046,227935000.0,0.0,35.995,4.138,4.128,162896000.0,-54296000.0,909997000.0,909997000.0,65306000.0,0.017,0.031,0.049,0.12,0.0,267645000.0,1.0,104605886.0,104364000,122370000.0,8.719,1709524000.0,29829000.0,19820000.0,180897000.0,16.38,1101527000.0
38,LIFE2,MRT,2004-03-31,2004-03-31,2004-03-31,2019-04-23,60004000.0,3552092000.0,3126589500.0,1221408000.0,2330684000.0,0.271,17.933,-33914000.0,451822000.0,451822000.0,346275000.0,53727000.0,8.007,0.916,1302551000.0,2551000.0,1300000000.0,1302551000.0,0.0,124966000.0,0.0,0.0,0.0,105985000.0,230951000.0,0.272,230951000.0,105985000.0,74432000.0,0.525,0.51,0.525,1854133000.0,1777594250.0,1854133000.0,4158325366.0,39.0,18.005,138998000.0,1.344,1.0,502145000.0,0.592,1872304000.0,31553000.0,2377976000.0,2022464250.0,115285000.0,584687000.0,439504000.0,145183000.0,1697959000.0,152541000.0,1545418000.0,3729351366.0,-33960000.0,-787577000.0,58924000.0,608607000.0,0.0,663404000.0,-900106000.0,-78615000.0,172912000.0,29830000.0,53727000.0,53727000.0,53727000.0,0.0,0.0,0.063,413093000.0,89052000.0,59799000.0,0.0,2.011,69.413,68.276,239479000.0,0.0,35.845,4.396,4.368,166388000.0,-73985000.0,848420000.0,848420000.0,59716000.0,0.017,0.03,0.052,0.125,0.0,260044000.0,1.0,104041048.0,103394000,110010000.0,8.206,1679788000.0,21561000.0,20705000.0,180884000.0,16.246,1068867000.0
39,LIFE2,MRT,2003-12-31,2003-12-31,2003-12-31,2019-04-23,56158000.0,3165689000.0,2898330500.0,1287344000.0,1878345000.0,0.268,17.944,-30065000.0,403645000.0,403645000.0,308389000.0,60130000.0,10.242,0.752,1024284000.0,1784000.0,1022500000.0,1024284000.0,0.0,110617000.0,0.0,0.0,0.0,113020000.0,223637000.0,0.288,223637000.0,113020000.0,84459000.0,0.595,0.585,0.595,1806847000.0,1729535000.0,1806847000.0,4248286292.0,38.0,18.996,137990000.0,1.37,1.0,469349000.0,0.603,1448066000.0,28561000.0,2212569000.0,1798285000.0,126707000.0,772162000.0,595092000.0,177070000.0,1358842000.0,125693000.0,1233149000.0,3795241292.0,77322000.0,-422784000.0,29980000.0,338318000.0,0.0,364171000.0,-481910000.0,-29061000.0,168055000.0,27006000.0,60130000.0,60130000.0,60130000.0,0.0,0.0,0.077,379924000.0,89425000.0,55745000.0,0.0,2.1,63.117,58.748,186231000.0,0.0,34.955,4.88,4.526,117095000.0,-84494000.0,777738000.0,777738000.0,54593000.0,0.021,0.035,0.063,0.145,0.0,243230000.0,1.0,108575062.0,100692000,103424000.0,7.724,1717623000.0,20214000.0,24329000.0,164089000.0,17.058,1161651000.0
40,LIFE2,MRT,2003-09-30,2003-09-30,2003-09-30,2019-04-23,36693000.0,3128473000.0,2760649750.0,1185048000.0,1943425000.0,0.265,17.435,-25928000.0,570797000.0,570797000.0,289058000.0,57691000.0,8.523,0.784,1023842000.0,1342000.0,1022500000.0,1023842000.0,0.0,101107000.0,0.0,0.0,0.0,109825000.0,210932000.0,0.288,210932000.0,109825000.0,83602000.0,0.575,0.57,0.575,1753937000.0,1688475750.0,1753937000.0,3036618745.0,28.0,14.396,125397000.0,1.247,1.0,442740000.0,0.605,1453078000.0,26223000.0,1989397000.0,1617428000.0,131037000.0,559058000.0,306050000.0,253008000.0,1374536000.0,139043000.0,1235493000.0,2911906745.0,-280606000.0,-419369000.0,-70481000.0,338401000.0,0.0,263793000.0,-712018000.0,-266721000.0,151325000.0,16294000.0,57691000.0,57691000.0,57691000.0,0.0,0.0,0.079,356967000.0,85773000.0,29205000.0,0.0,1.66,50.474,50.383,169864000.0,0.0,28.97,3.979,3.982,123192000.0,-97083000.0,731798000.0,731798000.0,48219000.0,0.021,0.034,0.068,0.15,0.0,233595000.0,1.0,100514558.0,100596000,103524000.0,7.275,1675395000.0,23860000.0,25911000.0,165309000.0,16.655,1046005000.0
41,LIFE2,MRT,2003-06-30,2003-06-30,2003-06-30,2019-04-23,30919000.0,2660104000.0,2649450500.0,1137407000.0,1522697000.0,0.263,16.935,-32234000.0,547953000.0,547953000.0,279331000.0,58928000.0,8.917,0.567,672665000.0,165000.0,672500000.0,672665000.0,0.0,93937000.0,0.0,0.0,0.0,112205000.0,206142000.0,0.296,206142000.0,112205000.0,87490000.0,0.58,0.58,0.58,1695460000.0,1678253000.0,1695460000.0,2093328483.0,19.0,10.155,94457000.0,0.943,1.0,418116000.0,0.599,1147351000.0,24715000.0,1509915000.0,1489138750.0,98045000.0,473949000.0,308107000.0,165842000.0,960657000.0,127550000.0,833107000.0,1922002483.0,-422002000.0,-111533000.0,-94924000.0,-2640000.0,0.0,-97564000.0,-466193000.0,-322426000.0,126691000.0,15064000.0,58928000.0,58928000.0,58928000.0,0.0,0.0,0.084,331492000.0,86624000.0,19341000.0,0.0,1.134,32.616,33.103,149000000.0,0.0,19.2,2.756,2.756,119021000.0,-110781000.0,697447000.0,697447000.0,41570000.0,0.022,0.035,0.075,0.161,0.0,221546000.0,1.0,100104296.0,100114000,100924000.0,6.967,1512753000.0,35119000.0,28562000.0,138608000.0,15.11,1009857000.0
42,LIFE2,MRT,2003-03-31,2003-03-31,2003-03-31,2019-04-23,16283000.0,2639056000.0,2657246000.0,1032015000.0,1607041000.0,0.252,16.62,-41607000.0,507594000.0,507594000.0,273415000.0,50060000.0,6.806,0.586,678920000.0,6420000.0,672500000.0,678920000.0,0.0,89722000.0,0.0,0.0,0.0,98102000.0,187824000.0,0.281,187824000.0,98102000.0,73543000.0,0.485,0.485,0.485,1661896000.0,1681572000.0,1661896000.0,1661645117.0,17.0,8.847,85315000.0,0.853,1.0,395935000.0,0.592,1177497000.0,24559000.0,1481259000.0,1447498500.0,95956000.0,479805000.0,256063000.0,223742000.0,973533000.0,151626000.0,821907000.0,1531843117.0,-417453000.0,-106720000.0,-95236000.0,-2526000.0,0.0,-97762000.0,-462814000.0,-314487000.0,126922000.0,16201000.0,50060000.0,50060000.0,50060000.0,0.0,0.0,0.075,323297000.0,72638000.0,19191000.0,0.0,0.922,30.6,31.577,146514000.0,0.0,15.315,2.289,2.288,113710000.0,-127713000.0,669350000.0,669350000.0,36689000.0,0.019,0.03,0.068,0.147,0.0,206537000.0,1.0,100022404.0,99996000,100486000.0,6.694,1461559000.0,30879000.0,23483000.0,143812000.0,14.616,880389000.0
43,LIFE2,MRT,2002-12-31,2002-12-31,2002-12-31,2019-04-23,14906000.0,2614966000.0,2666058000.0,968451000.0,1646515000.0,0.243,15.601,-52734000.0,547187000.0,547187000.0,269898000.0,47667000.0,6.871,0.59,674956000.0,2456000.0,672500000.0,674956000.0,0.0,87667000.0,0.0,0.0,0.0,93971000.0,181638000.0,0.28,181638000.0,93971000.0,69874000.0,0.455,0.45,0.455,1642610000.0,1686693250.0,1642610000.0,1654371436.0,18.0,9.108,76551000.0,0.727,1.0,378699000.0,0.584,1112639000.0,24097000.0,1489141000.0,1414003250.0,85531000.0,522676000.0,184188000.0,338488000.0,968853000.0,140955000.0,827898000.0,1613829436.0,-558523000.0,-5281000.0,-89624000.0,-3280000.0,0.0,-92904000.0,-610768000.0,-552753000.0,129285000.0,15864000.0,47667000.0,47667000.0,47667000.0,0.0,0.0,0.073,310171000.0,68528000.0,32288000.0,0.0,0.982,33.856,34.385,136151000.0,0.0,15.645,2.488,2.54,95104000.0,-144624000.0,648597000.0,648597000.0,33698000.0,0.018,0.028,0.066,0.145,0.0,195964000.0,1.0,103153048.0,105286000,105926000.0,6.16,1502327000.0,29245000.0,22207000.0,139215000.0,14.269,827496000.0
44,LIFE2,MRT,2002-09-30,2002-09-30,2002-09-30,2019-04-23,10498000.0,2683676000.0,2679119500.0,955082000.0,1728594000.0,0.239,16.115,-63726000.0,634198000.0,634198000.0,272245000.0,1934000.0,7.038,0.565,674740000.0,2240000.0,672500000.0,674740000.0,0.0,133042000.0,0.0,0.0,0.0,44227000.0,177269000.0,0.277,177269000.0,44227000.0,22762000.0,0.015,0.015,0.015,1713046000.0,1693810250.0,1713046000.0,1732267425.0,39.0,9.772,88126000.0,0.829,1.0,367778000.0,0.575,1112266000.0,21465000.0,1476240000.0,1327473750.0,84338000.0,503776000.0,77978000.0,425798000.0,967575000.0,135712000.0,831863000.0,1812423425.0,63218000.0,1145000.0,-1175000.0,482925000.0,0.0,481750000.0,-573605000.0,-511024000.0,151852000.0,3221000.0,1934000.0,1934000.0,1934000.0,0.0,0.0,0.003,347771000.0,20007000.0,20816000.0,0.0,1.058,937.137,1135.667,130593000.0,0.0,17.035,2.832,2.829,97183000.0,-154774000.0,640023000.0,640023000.0,33072000.0,0.001,0.001,0.033,0.069,0.0,186582000.0,1.0,106394096.0,106302000,106896000.0,6.021,1571410000.0,34378000.0,20828000.0,170365000.0,14.783,819370000.0
45,LIFE2,MRT,2002-06-30,2002-06-30,2002-06-30,2019-04-23,9246000.0,2691286000.0,2564675750.0,1049715000.0,1641571000.0,0.247,16.089,-59778000.0,753118000.0,753118000.0,273195000.0,-50422000.0,7.541,0.573,672962000.0,462000.0,672500000.0,672962000.0,0.0,181683000.0,0.0,0.0,0.0,-17031000.0,164652000.0,0.26,164652000.0,-17031000.0,-35082000.0,-0.48,-0.48,-0.48,1708736000.0,1691350750.0,1708736000.0,1663695667.0,-98.0,10.104,98295000.0,0.925,1.0,360245000.0,0.569,1128570000.0,18051000.0,1343354000.0,1069798750.0,86132000.0,368901000.0,48759000.0,320142000.0,979647000.0,139206000.0,840441000.0,1700814667.0,241784000.0,15355000.0,12089000.0,483950000.0,0.0,496039000.0,-418920000.0,-374497000.0,158073000.0,6592000.0,-50422000.0,-50422000.0,-50422000.0,0.0,0.0,-0.08,399560000.0,-39315000.0,22157000.0,0.0,0.995,-33.732,-33.344,132391000.0,0.0,16.005,2.685,2.684,102916000.0,-169709000.0,633440000.0,633440000.0,33448000.0,-0.02,-0.03,-0.016,-0.027,0.0,184261000.0,1.0,106267708.0,106208000,106802000.0,5.964,1562716000.0,35684000.0,15340000.0,176826000.0,14.714,910509000.0
46,LIFE2,MRT,2002-03-31,2002-03-31,2002-03-31,2019-04-23,-8797000.0,2674304000.0,2456497000.0,1086775000.0,1587529000.0,0.256,15.865,8620000.0,709918000.0,709918000.0,277780000.0,-93583000.0,7.867,0.588,672799000.0,299000.0,672500000.0,672799000.0,0.0,233161000.0,0.0,0.0,0.0,-63119000.0,170042000.0,0.271,170042000.0,-63119000.0,-77840000.0,-0.89,-0.89,-0.89,1682381000.0,1695266250.0,1682381000.0,1604250415.0,-25.0,9.434,158907000.0,1.498,1.0,350697000.0,0.558,1151760000.0,14721000.0,1347278000.0,848550750.0,79923000.0,388308000.0,148816000.0,239492000.0,989177000.0,138147000.0,851030000.0,1820370415.0,279464000.0,14594000.0,22584000.0,486170000.0,0.0,508754000.0,-371757000.0,-394971000.0,150287000.0,-7820000.0,-93583000.0,-93583000.0,-93583000.0,0.0,0.0,-0.149,436662000.0,-85965000.0,26134000.0,0.0,1.082,-19.452,-19.281,135565000.0,0.0,17.16,2.896,2.895,103131000.0,-177773000.0,628477000.0,628477000.0,35590000.0,-0.038,-0.055,-0.074,-0.1,0.0,179284000.0,1.0,106082192.0,106046000,106978000.0,5.926,1522544000.0,30007000.0,15743000.0,182422000.0,14.357,948628000.0
47,LIFE2,MRT,2001-12-31,2001-12-31,2001-12-31,2019-04-23,-7063000.0,2667212000.0,2361080750.0,1204469000.0,1462743000.0,0.267,15.9,5702000.0,895189000.0,895189000.0,285702000.0,-147666000.0,9.515,0.595,679069000.0,3039000.0,676030000.0,679069000.0,0.0,286952000.0,0.0,0.0,0.0,-127033000.0,159919000.0,0.254,159919000.0,-127033000.0,-138328000.0,-1.405,-1.405,-1.405,1671078000.0,1710136750.0,1671078000.0,2883871850.0,-23.0,18.033,134746000.0,1.282,1.0,343588000.0,0.546,1181487000.0,11295000.0,1143023000.0,638812250.0,80597000.0,193547000.0,99647000.0,93900000.0,993727000.0,126582000.0,867145000.0,3279888850.0,459315000.0,14594000.0,30287000.0,487725000.0,0.0,518012000.0,-178662000.0,-198958000.0,129044000.0,-9079000.0,-147666000.0,-147666000.0,-147666000.0,0.0,0.0,-0.235,494196000.0,-150608000.0,20643000.0,0.0,1.963,-22.212,-22.039,125786000.0,0.0,30.965,5.212,5.171,86857000.0,-192291000.0,629290000.0,629290000.0,38145000.0,-0.063,-0.086,-0.199,-0.202,0.0,178504000.0,1.0,105922456.0,105098000,105098000.0,5.988,1485725000.0,30751000.0,9338000.0,189575000.0,14.137,1077887000.0
48,LIFE2,MRT,2001-09-30,2001-09-30,2001-09-30,2019-04-23,2365000.0,2225901000.0,2286581500.0,815165000.0,1410736000.0,0.271,16.144,13604000.0,572903000.0,572903000.0,299271000.0,-163757000.0,5.695,0.305,176886000.0,4386000.0,172500000.0,176886000.0,0.0,294324000.0,0.0,0.0,0.0,-153315000.0,141009000.0,0.228,141009000.0,-153315000.0,-163927000.0,-1.915,-1.915,-1.915,1703208000.0,1736966500.0,1703208000.0,3131584200.0,-20.0,22.208,-1290000.0,-0.012,1.0,319986000.0,0.517,1241213000.0,10612000.0,445540000.0,476302750.0,86737000.0,0.0,0.0,0.0,520238000.0,143131000.0,377107000.0,3468100200.0,89879000.0,17964000.0,46021000.0,95000.0,0.0,46116000.0,56730000.0,25162000.0,-14894000.0,1927000.0,-163757000.0,-163757000.0,-163757000.0,0.0,0.0,-0.264,501963000.0,-181977000.0,22130000.0,0.0,2.036,-21.178,-17.17,115329000.0,0.0,32.88,5.6,5.602,102568000.0,-156709000.0,619257000.0,619257000.0,40020000.0,-0.072,-0.094,-0.322,-0.248,0.0,174926000.0,1.0,105477500.0,105498000,105498000.0,5.87,984688000.0,45031000.0,-170000.0,212426000.0,9.334,672034000.0
49,LIFE2,MRT,2001-06-30,2001-06-30,2001-06-30,2019-04-23,-3382000.0,2258571000.0,2413876250.0,741039000.0,1517532000.0,0.212,16.438,16916000.0,512585000.0,512585000.0,254741000.0,-131948000.0,5.718,0.308,176069000.0,3569000.0,172500000.0,176069000.0,0.0,237708000.0,0.0,0.0,0.0,-122735000.0,114973000.0,0.225,114973000.0,-122735000.0,-133354000.0,-1.68,-1.68,-1.68,1724398000.0,1362673250.0,1724398000.0,3512533198.0,-29.0,30.551,-38025000.0,-0.362,1.0,256500000.0,0.502,1334087000.0,10619000.0,458362000.0,19498250.0,88377000.0,727000.0,727000.0,0.0,531921000.0,129606000.0,402315000.0,3763076198.0,327381000.0,226779000.0,41709000.0,-2341000.0,0.0,39368000.0,342222000.0,98527000.0,-54941000.0,732000.0,-131948000.0,-131948000.0,-131948000.0,0.0,0.0,-0.258,407414000.0,-150914000.0,25068000.0,0.0,2.182,-28.519,-21.369,131879000.0,0.0,35.9,7.361,7.366,101109000.0,-119288000.0,511241000.0,511241000.0,36268000.0,-0.055,-0.097,-6.295,-0.24,0.0,142011000.0,1.0,104821064.0,104904000,104904000.0,4.873,924484000.0,22431000.0,-1406000.0,231032000.0,8.813,611433000.0
50,LIFE2,MRT,2001-03-31,2001-03-31,2001-03-31,2019-04-23,-2022000.0,2292639000.0,1935841250.0,653688000.0,1638951000.0,0.196,16.73,-38806000.0,424000000.0,424000000.0,191431000.0,-92024000.0,5.421,0.313,173457000.0,957000.0,172500000.0,173457000.0,0.0,165737000.0,0.0,0.0,0.0,-83864000.0,81873000.0,0.216,81873000.0,-83864000.0,-94389000.0,-1.245,-1.25,-1.245,1741863000.0,970499750.0,1741863000.0,2613436204.0,-31.0,31.921,-110627000.0,-1.063,1.0,188175000.0,0.496,1413179000.0,10525000.0,508324000.0,-13530500.0,86524000.0,0.0,0.0,0.0,545542000.0,120593000.0,424949000.0,2862735204.0,148598000.0,226394000.0,30659000.0,-5169000.0,0.0,25490000.0,189724000.0,2136000.0,-71821000.0,5205000.0,-92024000.0,-92024000.0,-92024000.0,0.0,0.0,-0.242,298087000.0,-109912000.0,26743000.0,0.0,1.643,-31.109,-22.028,173535000.0,0.0,27.425,7.541,7.522,98856000.0,-84190000.0,379606000.0,379606000.0,30227000.0,-0.048,-0.095,6.198,-0.221,0.0,109100000.0,1.0,104384146.0,104118000,104118000.0,3.646,879460000.0,24456000.0,-2365000.0,252095000.0,8.447,533095000.0
51,LIFE2,MRT,2000-12-31,2000-12-31,2000-12-31,2019-04-23,8589000.0,2369215000.0,1446597750.0,671749000.0,1697466000.0,0.17,29.487,-24002000.0,430656000.0,430656000.0,124697000.0,-54326000.0,4.39,0.329,181357000.0,2154000.0,179203000.0,181357000.0,0.0,91819000.0,0.0,0.0,0.0,-45904000.0,45915000.0,0.186,45915000.0,-45904000.0,-54840000.0,-0.9,-0.9,-0.9,1778397000.0,572296750.0,1778397000.0,3893426014.0,-85.0,84.796,-99055000.0,-1.642,1.0,121498000.0,0.494,1473903000.0,8936000.0,492985000.0,-82767250.0,91664000.0,0.0,0.0,0.0,585879000.0,153028000.0,432851000.0,4396282014.0,316661000.0,226394000.0,27312000.0,153273000.0,0.0,180585000.0,204528000.0,2136000.0,-75053000.0,6601000.0,-54326000.0,-54326000.0,-54326000.0,0.0,0.0,-0.221,188780000.0,-67282000.0,24728000.0,0.0,2.472,-80.924,-47.986,171521000.0,0.0,43.188,17.857,10.58,87195000.0,-44625000.0,246195000.0,246195000.0,23620000.0,-0.038,-0.095,0.555,-0.186,0.0,73158000.0,1.0,101795242.0,60312000,60312000.0,4.082,895312000.0,30377000.0,-514000.0,278874000.0,14.845,518721000.0
52,LIFE2,MRT,2000-09-30,2000-09-30,2000-09-30,2019-04-23,4104000.0,2735080000.0,893488000.0,957981000.0,1777099000.0,0.142,4.323,-14309000.0,689787000.0,689787000.0,49540000.0,1911000.0,0.464,12.251,186931000.0,3340000.0,183591000.0,186931000.0,0.0,17957000.0,0.0,0.0,0.0,16277000.0,34234000.0,0.27,34234000.0,16277000.0,9801000.0,0.055,0.035,0.055,206035000.0,160363750.0,206035000.0,1687402408.0,104.0,49.29,11470000.0,0.241,1.0,77327000.0,0.61,1547093000.0,6476000.0,-1381678000.0,-194382250.0,101934000.0,24890000.0,24890000.0,0.0,2524195000.0,2066809000.0,457386000.0,1686738408.0,438326000.0,223024000.0,65720000.0,154853000.0,0.0,220573000.0,188348000.0,-20367000.0,25779000.0,3626000.0,1911000.0,1911000.0,1911000.0,0.0,0.0,0.015,73229000.0,4098000.0,27213000.0,0.0,8.187,882.647,646.591,164075000.0,0.0,35.563,13.295,13.359,102587000.0,7048000.0,126867000.0,126867000.0,16254000.0,0.002,0.012,-0.084,0.128,0.0,38477000.0,1.0,47430254.0,47656000,47656000.0,2.662,1187987000.0,38701000.0,7890000.0,416903000.0,24.928,-1108828000.0
53,LIFE2,MRT,2000-06-30,2000-06-30,2000-06-30,2019-04-23,-698000.0,346431000.0,226786250.0,308968000.0,37463000.0,0.453,3.302,-9847000.0,175781000.0,175781000.0,34499000.0,7924000.0,20.004,1.225,176445000.0,1163000.0,175282000.0,176445000.0,0.0,5163000.0,0.0,0.0,0.0,19623000.0,24786000.0,0.241,24786000.0,19623000.0,15393000.0,0.185,0.165,0.185,155704000.0,123300000.0,155704000.0,1670129667.0,85.0,67.382,15426000.0,0.327,1.0,68186000.0,0.664,5403000.0,4230000.0,326247000.0,155688750.0,8229000.0,98060000.0,98060000.0,0.0,190727000.0,15445000.0,175282000.0,1759203667.0,141237000.0,0.0,65421000.0,154515000.0,0.0,219489000.0,-103360000.0,-93513000.0,25273000.0,-165000.0,7924000.0,7924000.0,7924000.0,0.0,0.0,0.077,56382000.0,11804000.0,4038000.0,0.0,11.298,222.01,203.209,25831000.0,0.0,37.594,17.132,17.262,13950000.0,12659000.0,102685000.0,102685000.0,14654000.0,0.035,0.064,0.126,0.191,0.0,31421000.0,1.0,46795110.0,47150000,50564000.0,2.178,341028000.0,11372000.0,7469000.0,0.0,7.233,293523000.0
54,LIFE2,MRT,2000-03-31,2000-03-31,2000-03-31,2019-04-23,-730000.0,335665000.0,154716250.0,307732000.0,27933000.0,0.637,3.244,-7973000.0,265411000.0,265411000.0,33959000.0,5622000.0,27.749,1.252,176337000.0,813000.0,175524000.0,176337000.0,0.0,4760000.0,0.0,0.0,0.0,13536000.0,18296000.0,0.185,18296000.0,13536000.0,11755000.0,0.15,0.125,0.15,149051000.0,97618750.0,149051000.0,1237364888.0,91.0,67.63,8461000.0,0.184,1.0,64672000.0,0.656,4124000.0,1781000.0,231377000.0,77991750.0,7536000.0,0.0,0.0,0.0,186614000.0,11090000.0,175524000.0,1337817888.0,230414000.0,0.0,65088000.0,153966000.0,0.0,217100000.0,-3109000.0,4864000.0,16434000.0,-11000.0,5622000.0,5604000.0,5604000.0,0.0,0.0,0.057,54953000.0,9719000.0,2456000.0,0.0,8.976,238.726,193.542,22833000.0,18000.0,29.031,13.564,13.524,13909000.0,9206000.0,98631000.0,98631000.0,14956000.0,0.036,0.057,0.174,0.137,0.0,29851000.0,1.0,46081994.0,45948000,45948000.0,2.147,331541000.0,12040000.0,6133000.0,766000.0,7.216,296642000.0
55,LIFE2,MRT,1999-12-31,1999-12-31,1999-12-31,2019-04-23,-439000.0,156776000.0,85044250.0,130397000.0,26379000.0,1.093,3.391,-6990000.0,102238000.0,102238000.0,33007000.0,9236000.0,7.107,0.2,14474000.0,7150000.0,7324000.0,14474000.0,0.0,4472000.0,0.0,0.0,0.0,14937000.0,19409000.0,0.209,19409000.0,14937000.0,14015000.0,0.26,0.23,0.26,130665000.0,73031500.0,130665000.0,934593520.0,63.0,48.153,6212000.0,0.161,1.0,59938000.0,0.645,4139000.0,922000.0,46525000.0,23970000.0,7556000.0,0.0,0.0,0.0,26111000.0,18348000.0,7763000.0,970931520.0,99893000.0,0.0,108138000.0,-1269000.0,0.0,89362000.0,-2626000.0,4364000.0,13202000.0,-45000.0,9236000.0,9984000.0,9984000.0,0.0,0.0,0.107,47133000.0,12805000.0,4266000.0,0.0,7.431,97.249,115.385,21678000.0,-748000.0,30.0,10.446,12.438,11530000.0,9701000.0,92945000.0,92945000.0,14888000.0,0.117,0.137,0.623,0.161,0.0,28334000.0,1.0,32364384.0,38536000,43656000.0,2.412,152637000.0,8173000.0,4779000.0,2119000.0,3.961,112049000.0
56,LIFE2,MRT,1999-09-30,1999-09-30,1999-09-30,2019-04-23,-230000.0,68273000.0,53862750.0,55349000.0,12924000.0,1.864,1.489,-9834000.0,38216000.0,38216000.0,38113000.0,8441000.0,5.676,0.182,1878000.0,1137000.0,741000.0,1878000.0,0.0,4939000.0,0.0,0.0,0.0,13624000.0,18563000.0,0.185,18563000.0,13624000.0,12353000.0,0.175,0.155,0.175,57780000.0,41534250.0,57780000.0,416640506.0,31.0,22.445,1419000.0,0.037,1.0,62298000.0,0.62,3577000.0,1271000.0,18606000.0,17938250.0,5301000.0,959000.0,959000.0,0.0,10493000.0,9752000.0,741000.0,451632506.0,31782000.0,0.0,49941000.0,-303000.0,0.0,31474000.0,-10917000.0,-1083000.0,11253000.0,-28000.0,8441000.0,6940000.0,6940000.0,0.0,0.0,0.069,51823000.0,10475000.0,1670000.0,0.0,7.816,65.077,96.071,8961000.0,1501000.0,16.813,4.498,6.499,7923000.0,3857000.0,100411000.0,100411000.0,16443000.0,0.129,0.167,0.759,0.136,0.0,31409000.0,1.0,26862900.0,38812000,44272000.0,2.587,64696000.0,786000.0,3912000.0,536000.0,1.667,45597000.0
57,LIFE2,MRT,1999-06-30,1999-06-30,1999-06-30,2019-04-23,-191000.0,58151000.0,,47606000.0,10545000.0,,1.375,-11297000.0,36094000.0,36094000.0,34729000.0,9333000.0,10.56,0.098,1102000.0,438000.0,664000.0,1102000.0,0.0,4581000.0,0.0,0.0,0.0,14607000.0,19188000.0,0.211,19188000.0,14607000.0,13659000.0,0.205,0.18,0.205,52979000.0,,52979000.0,293392546.0,20.0,15.29,-2642000.0,-0.069,1.0,56382000.0,0.619,3192000.0,948000.0,15459000.0,,2823000.0,2589000.0,2589000.0,0.0,5172000.0,4508000.0,664000.0,328859546.0,31981000.0,0.0,49239000.0,2532000.0,0.0,34054000.0,-11050000.0,247000.0,8655000.0,322000.0,9333000.0,7555000.0,7555000.0,0.0,0.0,0.083,44554000.0,11828000.0,1742000.0,0.0,6.207,43.529,60.213,7182000.0,1778000.0,12.344,3.609,5.219,3966000.0,2721000.0,91111000.0,91111000.0,15055000.0,,,,0.16,0.0,29483000.0,1.0,26641786.0,38524000,43778000.0,2.365,54959000.0,595000.0,4326000.0,631000.0,1.427,43098000.0
58,LIFE2,MRT,1999-03-31,1999-03-31,1999-03-31,2019-04-23,-238000.0,56977000.0,,48212000.0,8765000.0,,1.525,-11211000.0,35583000.0,35583000.0,28564000.0,7392000.0,10.313,0.124,116000.0,42000.0,74000.0,116000.0,0.0,4011000.0,0.0,0.0,0.0,11396000.0,15407000.0,0.205,15407000.0,11396000.0,10624000.0,0.155,0.14,0.155,50702000.0,,50702000.0,,,,-4691000.0,-0.141,1.0,46628000.0,0.62,1545000.0,772000.0,15290000.0,,2685000.0,3571000.0,3571000.0,0.0,6275000.0,4675000.0,1600000.0,171506497.0,32732000.0,0.0,48778000.0,3632000.0,0.0,36200000.0,-10283000.0,928000.0,6520000.0,295000.0,7392000.0,5357000.0,5357000.0,0.0,0.0,0.071,37722000.0,8906000.0,2224000.0,0.0,3.383,32.015,41.532,7044000.0,2035000.0,6.438,2.281,2.847,4199000.0,901000.0,75192000.0,75192000.0,12820000.0,,,,0.152,0.0,24886000.0,1.0,26641786.0,33256000,37828000.0,2.261,55432000.0,575000.0,3232000.0,1052000.0,1.667,43537000.0
59,LIFE2,MRT,1998-12-31,1998-12-31,1998-12-31,2019-04-23,-40000.0,32050000.0,,19743000.0,12307000.0,,0.15,-11038000.0,2316000.0,2316000.0,26583000.0,4977000.0,2.318,5.854,2890000.0,1774000.0,1116000.0,2890000.0,0.0,3238000.0,0.0,,0.0,8681000.0,11919000.0,0.169,11919000.0,8681000.0,7965000.0,0.125,0.11,0.125,4676000.0,,4676000.0,,,,-4418000.0,-0.142,1.0,44010000.0,0.623,1708000.0,716000.0,22398000.0,,5374000.0,4364000.0,4364000.0,0.0,27374000.0,8518000.0,18856000.0,,-3211000.0,0.0,209000.0,1883000.0,0.0,1435000.0,-11449000.0,-411000.0,6620000.0,183000.0,4977000.0,3873000.0,3873000.0,0.0,0.0,0.055,35852000.0,8158000.0,3106000.0,0.0,,,,10036000.0,1104000.0,,,,5628000.0,773000.0,70593000.0,70593000.0,11563000.0,,,,0.123,0.0,24273000.0,1.0,,31080000,34542000.0,2.271,30342000.0,873000.0,2988000.0,802000.0,0.976,11225000.0
60,LIFE2,MRT,1998-09-30,1998-09-30,1998-09-30,2019-04-23,,,,,,,,,,,,,,,,,,,,,,,0.0,,,,,,,,,,,,,,,,,,1.0,,,,,,,,,,,,,,,,,,,,,,,,,,,,,,,,,,,,,,,,,,,,,,,,,,,,,,1.0,,24300000,,,,,,,,
61,LIFE2,MRT,1998-06-30,1998-06-30,1998-06-30,2019-04-23,,,,,,,,,,,,,,,,,,,,,,,0.0,,,,,,,,,,,,,,,,,,1.0,,,,,,,,,,,,,,,,,,,,,,,,,,,,,,,,,,,,,,,,,,,,,,,,,,,,,,1.0,,19270000,,,,,,,,
62,LIFE2,MRT,1998-03-31,1998-03-31,1998-03-31,2019-04-23,,,,,,,,,,,,,,,,,,,,,,,0.0,,,,,,,,,,,,,,,,,,1.0,,,,,,,,,,,,,,,,,,,,,,,,,,,,,,,,,,,,,,,,,,,,,,,,,,,,,,1.0,,19260000,,,,,,,,
63,LIFE2,MRT,1997-12-31,1997-12-31,1997-12-31,2019-04-23,,,,,,,,-2946000.0,,,15958000.0,2435000.0,,,,,,,,1345000.0,,,0.0,4048000.0,5393000.0,0.131,5393000.0,4048000.0,3806000.0,-0.575,-0.575,-0.575,,,,,,,571000.0,0.025,1.0,25224000.0,0.613,,242000.0,,,,,,,,,,,4110000.0,-500000.0,-7673000.0,413000.0,0.0,7506000.0,-6808000.0,-3362000.0,3517000.0,-105000.0,2435000.0,-13215000.0,-13215000.0,0.0,0.0,-0.321,21535000.0,3689000.0,,0.0,,,,,15650000.0,,,,,,41182000.0,41182000.0,5918000.0,,,,0.098,0.0,15617000.0,,,22922000,22922000.0,1.797,,,1371000.0,,,
