None,ticker,dimension,calendardate,datekey,reportperiod,lastupdated,accoci,assets,assetsavg,assetsc,assetsnc,assetturnover,bvps,capex,cashneq,cashnequsd,cor,consolinc,currentratio,de,debt,debtc,debtnc,debtusd,deferredrev,depamor,deposits,divyield,dps,ebit,ebitda,ebitdamargin,ebitdausd,ebitusd,ebt,eps,epsdil,epsusd,equity,equityavg,equityusd,ev,evebit,evebitda,fcf,fcfps,fxusd,gp,grossmargin,intangibles,intexp,invcap,invcapavg,inventory,investments,investmentsc,investmentsnc,liabilities,liabilitiesc,liabilitiesnc,marketcap,ncf,ncfbus,ncfcommon,ncfdebt,ncfdiv,ncff,ncfi,ncfinv,ncfo,ncfx,netinc,netinccmn,netinccmnusd,netincdis,netincnci,netmargin,opex,opinc,payables,payoutratio,pb,pe,pe1,ppnenet,prefdivis,price,ps,ps1,receivables,retearn,revenue,revenueusd,rnd,roa,roe,roic,ros,sbcomp,sgna,sharefactor,sharesbas,shareswa,shareswadil,sps,tangibles,taxassets,taxexp,taxliabilities,tbvps,workingcapital
0,AKS,MRY,2019-12-31,2019-12-31,2019-12-31,2020-03-11,-68000000.0,4590600000.0,4663075000.0,2020300000.0,2570300000.0,1.364,0.479,-180800000.0,31000000.0,31000000.0,5606300000.0,63000000.0,1.905,27.15,1968800000.0,0.0,1968800000.0,1968800000.0,0.0,225300000.0,0.0,0.0,0.0,164000000.0,389300000.0,0.061,389300000.0,164000000.0,17400000.0,0.04,0.04,0.04,151500000.0,128925000.0,151500000.0,3252617299.0,20.0,8.355,85100000.0,0.269,1.0,753100000.0,0.118,293400000.0,146600000.0,5174500000.0,5683825000.0,1346200000.0,0.0,0.0,0.0,4113300000.0,1060500000.0,3052800000.0,1041017299.0,-17600000.0,-14000000.0,0.0,-37300000.0,0.0,-95300000.0,-188200000.0,0.0,265900000.0,0.0,11200000.0,11200000.0,11200000.0,0.0,51800000.0,0.002,543800000.0,209300000.0,705100000.0,0.0,6.871,92.948,82.25,1931900000.0,0.0,3.29,0.164,0.164,577900000.0,-2680600000.0,6359400000.0,6359400000.0,0.0,0.002,0.087,0.029,0.026,0.0,295200000.0,1.0,316418632.0,316418632.0,,20.098,4297200000.0,0.0,6200000.0,0.0,13.581,959800000.0
1,AKS,MRY,2018-12-31,2018-12-31,2018-12-31,2020-03-11,-100000000.0,4515700000.0,4476650000.0,2201300000.0,2314400000.0,1.523,0.317,-150100000.0,48600000.0,48600000.0,5911000000.0,244100000.0,1.95,40.903,1993700000.0,0.0,1993700000.0,1993700000.0,0.0,252200000.0,0.0,0.0,0.0,331400000.0,583600000.0,0.086,583600000.0,331400000.0,179800000.0,0.59,0.59,0.59,99900000.0,51625000.0,99900000.0,2697569421.0,8.0,4.622,214600000.0,0.68,1.0,907200000.0,0.133,298900000.0,151600000.0,5033300000.0,5334550000.0,1419900000.0,0.0,0.0,0.0,4086200000.0,1128600000.0,2957600000.0,709969421.0,10600000.0,-1900000.0,0.0,-127600000.0,0.0,-202200000.0,-151900000.0,0.0,364700000.0,0.0,186000000.0,186000000.0,186000000.0,0.0,58100000.0,0.027,542800000.0,364400000.0,801000000.0,0.0,7.107,3.817,3.814,1911600000.0,0.0,2.25,0.104,0.104,635800000.0,-2691800000.0,6818200000.0,6818200000.0,0.0,0.042,3.603,0.062,0.049,0.0,322600000.0,1.0,315541965.0,315541965.0,,21.608,4216800000.0,0.0,-6200000.0,0.0,13.364,1072700000.0
2,AKS,MRY,2017-12-31,2017-12-31,2017-12-31,2020-03-11,-50200000.0,4474800000.0,4261025000.0,2071100000.0,2403700000.0,1.427,-0.142,-149600000.0,38000000.0,38000000.0,5253100000.0,164900000.0,2.069,-93.592,2110100000.0,0.0,2110100000.0,2110100000.0,0.0,250100000.0,0.0,0.0,0.0,253600000.0,503700000.0,0.083,503700000.0,253600000.0,101300000.0,0.33,0.32,0.33,-44600000.0,-154325000.0,-44600000.0,3811111886.0,15.0,7.566,49200000.0,0.156,1.0,827400000.0,0.136,306700000.0,152300000.0,5239200000.0,4948925000.0,1385000000.0,0.0,0.0,0.0,4174200000.0,1001000000.0,3173200000.0,1782211886.0,-135200000.0,-363300000.0,0.0,256300000.0,0.0,174700000.0,-508700000.0,0.0,198800000.0,0.0,103500000.0,103500000.0,103500000.0,0.0,61400000.0,0.017,567200000.0,260200000.0,690400000.0,0.0,-39.96,17.219,17.152,1986200000.0,0.0,5.66,0.293,0.293,517800000.0,-2877000000.0,6080500000.0,6080500000.0,0.0,0.024,-0.671,0.051,0.042,0.0,284900000.0,1.0,314878425.0,314878425.0,,19.311,4168100000.0,0.0,-2200000.0,0.0,13.237,1070100000.0
3,AKS,MRY,2016-12-31,2016-12-31,2016-12-31,2020-03-11,-63500000.0,4036000000.0,3965600000.0,1823700000.0,2212300000.0,1.483,-1.142,-127600000.0,173200000.0,173200000.0,5099700000.0,49200000.0,2.108,-14.416,1837900000.0,0.0,1837900000.0,1837900000.0,0.0,235000000.0,0.0,0.0,0.0,130200000.0,365200000.0,0.062,365200000.0,130200000.0,-33700000.0,-0.07,-0.07,-0.07,-272200000.0,-647375000.0,-272200000.0,4375432820.0,34.0,11.981,177000000.0,0.743,1.0,782800000.0,0.133,32800000.0,163900000.0,4802600000.0,4967225000.0,1113900000.0,0.0,0.0,0.0,3924000000.0,865300000.0,3058700000.0,2432732820.0,116600000.0,0.0,600400000.0,-583200000.0,0.0,-62700000.0,-125300000.0,0.0,304600000.0,0.0,-16800000.0,-16800000.0,-16800000.0,0.0,66000000.0,-0.003,565200000.0,217600000.0,589900000.0,0.0,-8.937,-144.806,-145.857,2014400000.0,0.0,10.21,0.414,0.414,442000000.0,-3064800000.0,5882500000.0,5882500000.0,0.0,-0.004,0.026,0.026,0.022,0.0,279100000.0,1.0,238269620.0,238269620.0,,24.688,4003200000.0,0.0,-16900000.0,0.0,16.801,958400000.0
4,AKS,MRY,2015-12-31,2015-12-31,2015-12-31,2020-03-11,-187200000.0,4084400000.0,4306600000.0,1806200000.0,2278200000.0,1.554,-5.497,-99000000.0,56600000.0,56600000.0,6032000000.0,-446200000.0,1.732,-4.787,2354100000.0,0.0,2354100000.0,2354100000.0,0.0,237200000.0,0.0,0.0,0.0,-272600000.0,-35400000.0,-0.005,-35400000.0,-272600000.0,-445600000.0,-2.86,-2.86,-2.86,-977600000.0,-881800000.0,-977600000.0,2694685024.0,-10.0,-76.121,101300000.0,0.57,1.0,660900000.0,0.099,0.0,173000000.0,5339300000.0,5590750000.0,1226300000.0,0.0,0.0,0.0,4680000000.0,1042600000.0,3637400000.0,398385024.0,-13600000.0,14000000.0,0.0,-69100000.0,0.0,-166400000.0,-47500000.0,25000000.0,200300000.0,0.0,-509000000.0,-509000000.0,-509000000.0,0.0,62800000.0,-0.076,574200000.0,86700000.0,703400000.0,0.0,-0.408,-0.783,-0.783,2086500000.0,0.0,2.24,0.06,0.06,444900000.0,-3057000000.0,6692900000.0,6692900000.0,0.0,-0.118,0.577,-0.049,-0.041,0.0,261900000.0,1.0,177850457.0,177850457.0,,37.632,4084400000.0,0.0,63400000.0,0.0,22.965,763600000.0
5,AKS,MRY,2014-12-31,2014-12-31,2014-12-31,2020-03-11,-204400000.0,4828000000.0,4283850000.0,1958000000.0,2870000000.0,1.519,-2.781,-81100000.0,70200000.0,70200000.0,6007700000.0,-34100000.0,1.74,-9.959,2422000000.0,0.0,2422000000.0,2422000000.0,0.0,222300000.0,0.0,0.0,0.0,55500000.0,277800000.0,0.043,277800000.0,55500000.0,-89200000.0,-0.65,-0.65,-0.65,-492500000.0,-319150000.0,-492500000.0,3428624009.0,62.0,12.342,-403900000.0,-2.281,1.0,498000000.0,0.077,0.0,144700000.0,6054600000.0,5338325000.0,1172100000.0,388700000.0,0.0,388700000.0,4905000000.0,1125200000.0,3779800000.0,1051824009.0,24900000.0,-790300000.0,345300000.0,925800000.0,0.0,1205500000.0,-857800000.0,0.0,-322800000.0,0.0,-96900000.0,-96900000.0,-96900000.0,0.0,62800000.0,-0.015,358600000.0,139400000.0,803100000.0,0.0,-2.136,-10.855,-9.138,2213200000.0,0.0,5.94,0.162,0.162,644300000.0,-2548000000.0,6505700000.0,6505700000.0,0.0,-0.023,0.304,0.01,0.009,0.0,247200000.0,1.0,177074749.0,177074749.0,,36.74,4828000000.0,0.0,7700000.0,0.0,27.265,832800000.0
6,AKS,MRY,2013-12-31,2013-12-31,2013-12-31,2020-03-11,323400000.0,3605700000.0,3762725000.0,1273200000.0,2332500000.0,1.48,-1.621,-63600000.0,45300000.0,45300000.0,5107800000.0,17400000.0,1.531,-15.443,1507000000.0,800000.0,1506200000.0,1507000000.0,0.0,209200000.0,0.0,0.0,0.0,70200000.0,279400000.0,0.05,279400000.0,70200000.0,-57200000.0,-0.34,-0.34,-0.34,-221000000.0,-496100000.0,-221000000.0,2653391649.0,38.0,9.497,-173800000.0,-1.275,1.0,462600000.0,0.083,0.0,127400000.0,4236000000.0,4236000000.0,586600000.0,214100000.0,0.0,214100000.0,3413000000.0,831400000.0,2581600000.0,1117991649.0,-181700000.0,-50000000.0,0.0,91100000.0,0.0,27000000.0,-98500000.0,0.0,-110200000.0,0.0,-46800000.0,-46800000.0,-46800000.0,0.0,64200000.0,-0.008,326800000.0,135800000.0,601800000.0,0.0,-5.059,-23.889,-24.118,1880100000.0,0.0,8.2,0.201,0.201,525200000.0,-2451100000.0,5570400000.0,5570400000.0,0.0,-0.012,0.094,0.017,0.013,0.0,205300000.0,1.0,136340445.0,136340445.0,,40.857,3605700000.0,69600000.0,-10400000.0,0.0,26.446,441800000.0
7,AKS,MRY,2012-12-31,2012-12-31,2012-12-31,2020-03-11,1100000.0,3903100000.0,4104025000.0,1442700000.0,2460400000.0,1.446,-4.567,-45500000.0,227000000.0,227000000.0,5539100000.0,-998600000.0,1.776,-7.904,1411900000.0,700000.0,1411200000.0,1411900000.0,0.0,209000000.0,0.0,0.022,0.1,-150600000.0,58400000.0,0.01,58400000.0,-150600000.0,-237300000.0,-9.06,-9.06,-9.06,-505300000.0,-235875000.0,-505300000.0,1854001376.0,-12.0,31.747,-316300000.0,-2.859,1.0,394600000.0,0.067,0.0,86700000.0,4275600000.0,4237175000.0,609200000.0,150000000.0,0.0,150000000.0,3994100000.0,812400000.0,3181700000.0,508901376.0,185000000.0,-79200000.0,96400000.0,527000000.0,-11000000.0,574400000.0,-118600000.0,0.0,-270800000.0,0.0,-1027300000.0,-1027300000.0,-1027300000.0,0.0,28700000.0,-0.173,522700000.0,-128100000.0,538300000.0,-0.011,-1.007,-0.495,-0.508,2012300000.0,0.0,4.6,0.086,0.086,473900000.0,-2404300000.0,5933700000.0,5933700000.0,0.0,-0.25,4.355,-0.036,-0.025,0.0,208700000.0,1.0,110630734.0,110630734.0,,53.635,3903100000.0,73200000.0,790000000.0,0.0,35.28,630300000.0
8,AKS,MRY,2011-12-31,2011-12-31,2011-12-31,2020-03-11,2700000.0,4449900000.0,4524400000.0,1274400000.0,3175500000.0,1.43,3.523,-101100000.0,42000000.0,42000000.0,6036800000.0,-160100000.0,1.121,10.483,900700000.0,250700000.0,650000000.0,900700000.0,0.0,200500000.0,0.0,0.024,0.2,-202100000.0,-1600000.0,0.0,-1600000.0,-202100000.0,-249600000.0,-1.41,-1.41,-1.41,388500000.0,573650000.0,388500000.0,1798065850.0,-9.0,-1123.791,-281600000.0,-2.554,1.0,431200000.0,0.067,37100000.0,47500000.0,4134400000.0,4091575000.0,418700000.0,156800000.0,0.0,156800000.0,4072700000.0,1137100000.0,2935600000.0,910865850.0,-174800000.0,-320400000.0,0.0,239200000.0,-22000000.0,425900000.0,-420200000.0,0.0,-180500000.0,0.0,-155600000.0,-155600000.0,-155600000.0,0.0,-4500000.0,-0.024,632500000.0,-201300000.0,583600000.0,-0.142,2.345,-5.854,-5.858,2170200000.0,0.0,8.26,0.141,0.141,564200000.0,-1366000000.0,6468000000.0,6468000000.0,0.0,-0.034,-0.271,-0.049,-0.031,0.0,215400000.0,1.0,110274316.0,110274316.0,,58.654,4412800000.0,933000000.0,-94000000.0,0.0,40.017,137300000.0
9,AKS,MRY,2010-12-31,2010-12-31,2010-12-31,2020-03-11,92600000.0,4188600000.0,4293400000.0,1404100000.0,2784500000.0,1.39,5.861,-117100000.0,216800000.0,216800000.0,5643200000.0,-130700000.0,1.663,5.503,651300000.0,700000.0,650600000.0,651300000.0,0.0,213900000.0,0.0,0.012,0.2,-139700000.0,74200000.0,0.012,74200000.0,-139700000.0,-172700000.0,-1.17,-1.17,-1.17,644700000.0,793050000.0,644700000.0,2222582398.0,-16.0,29.954,-249500000.0,-2.268,1.0,325100000.0,0.054,37100000.0,33000000.0,3741500000.0,3637700000.0,448700000.0,55600000.0,0.0,55600000.0,3547500000.0,844500000.0,2703000000.0,1800582398.0,-244900000.0,-149200000.0,-6600000.0,31500000.0,-22000000.0,153800000.0,-266300000.0,0.0,-132400000.0,0.0,-128900000.0,-128900000.0,-128900000.0,0.0,-1800000.0,-0.022,459000000.0,-133900000.0,553100000.0,-0.171,2.793,-13.969,-13.991,2033200000.0,0.0,16.37,0.302,0.302,482800000.0,-1188400000.0,5968300000.0,5968300000.0,0.0,-0.03,-0.163,-0.038,-0.023,0.0,204000000.0,1.0,109992816.0,109992816.0,,54.261,4151500000.0,807200000.0,-43800000.0,0.0,37.743,559600000.0
10,AKS,MRY,2009-12-31,2009-12-31,2009-12-31,2020-03-11,167900000.0,4274700000.0,4358800000.0,1630100000.0,2644600000.0,0.935,8.054,-109500000.0,461700000.0,461700000.0,3725600000.0,-78000000.0,2.201,3.854,606500000.0,700000.0,605800000.0,606500000.0,0.0,216700000.0,0.0,0.009,0.2,-57600000.0,159100000.0,0.039,159100000.0,-57600000.0,-94600000.0,-0.68,-0.68,-0.68,880800000.0,839075000.0,880800000.0,2602064100.0,-45.0,16.355,-50700000.0,-0.464,1.0,351200000.0,0.086,37300000.0,37000000.0,3641500000.0,3749750000.0,416700000.0,107700000.0,0.0,107700000.0,3394600000.0,740700000.0,2653900000.0,2334964100.0,-101000000.0,-24000000.0,-10900000.0,-23500000.0,-22000000.0,-26400000.0,-133400000.0,0.0,58800000.0,0.0,-74600000.0,-74600000.0,-74600000.0,0.0,-3400000.0,-0.018,421300000.0,-70100000.0,438900000.0,-0.294,2.651,-31.3,-31.397,1976000000.0,0.0,21.35,0.573,0.573,463100000.0,-1037500000.0,4076800000.0,4076800000.0,0.0,-0.017,-0.089,-0.015,-0.014,0.0,188300000.0,1.0,109366000.0,109366000.0,,37.277,4237400000.0,738600000.0,-20000000.0,0.0,38.745,889400000.0
11,AKS,MRY,2008-12-31,2008-12-31,2008-12-31,2020-03-11,159600000.0,4682000000.0,4810250000.0,2002800000.0,2679200000.0,1.589,8.642,-158400000.0,562700000.0,562700000.0,6491100000.0,4500000.0,2.728,3.834,633300000.0,700000.0,632600000.0,633300000.0,0.0,213900000.0,0.0,0.021,0.2,39600000.0,253500000.0,0.033,253500000.0,39600000.0,-6900000.0,0.04,0.04,0.04,968000000.0,1215050000.0,968000000.0,1267690406.0,32.0,5.001,-75300000.0,-0.672,1.0,1153200000.0,0.151,37400000.0,46500000.0,3981000000.0,3958975000.0,566800000.0,106000000.0,0.0,106000000.0,3711300000.0,734200000.0,2977100000.0,1043990406.0,-150900000.0,-47700000.0,-20600000.0,-26900000.0,-22400000.0,-16200000.0,-217800000.0,-12100000.0,83100000.0,0.0,4000000.0,4000000.0,4000000.0,0.0,500000.0,0.001,1125200000.0,28000000.0,348100000.0,5.0,1.079,260.998,233.0,2061300000.0,0.0,9.32,0.137,0.137,469900000.0,-940900000.0,7644300000.0,7644300000.0,0.0,0.001,0.003,0.01,0.005,-12200000.0,223600000.0,1.0,112016138.0,112016138.0,,68.243,4644600000.0,792100000.0,-10900000.0,0.0,41.464,1268600000.0
12,AKS,MRY,2007-12-31,2007-12-31,2007-12-31,2020-03-11,47800000.0,5197400000.0,5227300000.0,2426800000.0,2770600000.0,1.34,7.845,-104100000.0,713600000.0,713600000.0,5919000000.0,388400000.0,2.494,4.942,665400000.0,12700000.0,652700000.0,665400000.0,0.0,211100000.0,0.0,0.0,0.0,659600000.0,870700000.0,0.124,870700000.0,659600000.0,591300000.0,3.5,3.46,3.5,874700000.0,662350000.0,874700000.0,5395621516.0,8.0,6.197,598800000.0,5.37,1.0,1084000000.0,0.155,37400000.0,68300000.0,4138900000.0,4531025000.0,646800000.0,98500000.0,0.0,98500000.0,4322700000.0,972900000.0,3349800000.0,5155921516.0,194200000.0,0.0,6800000.0,-450000000.0,0.0,-435700000.0,-73000000.0,27700000.0,702900000.0,0.0,387700000.0,387700000.0,387700000.0,0.0,700000.0,0.055,459600000.0,624400000.0,588200000.0,0.0,5.895,13.299,13.211,2065900000.0,0.0,46.24,0.736,0.736,675000000.0,-915100000.0,7003000000.0,7003000000.0,0.0,0.074,0.585,0.146,0.094,-6500000.0,223500000.0,1.0,111503493.0,111503493.0,,62.805,5160000000.0,907100000.0,203600000.0,0.0,46.277,1453900000.0
13,AKS,MRY,2006-12-31,2006-12-31,2006-12-31,2020-03-11,-5100000.0,5517600000.0,5519850000.0,2547500000.0,2970100000.0,1.099,3.782,-76200000.0,519400000.0,519400000.0,5452700000.0,12000000.0,2.735,12.232,1115200000.0,0.0,1115200000.0,1115200000.0,0.0,203700000.0,0.0,0.0,0.0,86000000.0,289700000.0,0.048,289700000.0,86000000.0,-3100000.0,0.11,0.11,0.11,417000000.0,284600000.0,417000000.0,2511782995.0,29.0,8.67,-8000000.0,-0.073,1.0,616300000.0,0.102,37400000.0,89100000.0,5144500000.0,5070500000.0,857600000.0,126000000.0,0.0,126000000.0,5100600000.0,931500000.0,4169100000.0,1863482995.0,-200000.0,0.0,2400000.0,0.0,0.0,5200000.0,-73600000.0,-12600000.0,68200000.0,0.0,12000000.0,12000000.0,12000000.0,0.0,0.0,0.002,550700000.0,65600000.0,567100000.0,0.0,4.469,155.29,153.636,2133400000.0,0.0,16.9,0.307,0.307,696800000.0,-1296100000.0,6069000000.0,6069000000.0,0.0,0.002,0.042,0.017,0.014,0.0,207700000.0,1.0,110265266.0,110265266.0,,55.04,5480200000.0,1084500000.0,-15100000.0,0.0,49.7,1616000000.0
14,AKS,MRY,2005-12-31,2005-12-31,2005-12-31,2020-03-11,-181100000.0,5487900000.0,5445850000.0,2246400000.0,3241500000.0,1.037,2.008,-173800000.0,519600000.0,519600000.0,4996800000.0,-2300000.0,2.487,23.888,1114900000.0,0.0,1114900000.0,1114900000.0,0.0,204900000.0,0.0,0.0,0.0,123300000.0,328200000.0,0.058,328200000.0,123300000.0,36500000.0,-0.02,-0.02,-0.02,220500000.0,254925000.0,220500000.0,1639169076.0,13.0,4.994,106200000.0,0.967,1.0,650600000.0,0.115,77300000.0,86800000.0,5102500000.0,5313900000.0,808400000.0,118000000.0,0.0,118000000.0,5267400000.0,903400000.0,4364000000.0,872969076.0,142500000.0,0.0,2500000.0,0.0,0.0,300000.0,-137800000.0,0.0,280000000.0,0.0,-2300000.0,-2300000.0,-2300000.0,0.0,0.0,0.0,503600000.0,147000000.0,450000000.0,0.0,3.959,-379.552,-397.5,2257500000.0,0.0,7.95,0.155,0.155,570000000.0,-1308100000.0,5647400000.0,5647400000.0,0.0,0.0,-0.009,0.023,0.022,0.0,208400000.0,1.0,109807431.0,109807431.0,,51.43,5410600000.0,1075700000.0,38800000.0,0.0,49.274,1343000000.0
15,AKS,MRY,2004-12-31,2004-12-31,2004-12-31,2020-03-11,-199700000.0,5452700000.0,5315200000.0,2106800000.0,3345900000.0,0.982,1.815,-89300000.0,377100000.0,377100000.0,4553600000.0,238400000.0,2.821,26.623,1109700000.0,0.0,1109700000.0,1109700000.0,0.0,219100000.0,0.0,0.0,0.0,124700000.0,343800000.0,0.066,343800000.0,124700000.0,14600000.0,2.19,2.18,2.19,197400000.0,210350000.0,197400000.0,2519764026.0,20.0,7.329,138500000.0,1.274,1.0,663700000.0,0.127,97100000.0,110100000.0,5341500000.0,5394100000.0,682200000.0,162500000.0,0.0,162500000.0,5255300000.0,746700000.0,4508600000.0,1573564026.0,322400000.0,333800000.0,-200000.0,-218400000.0,0.0,-217300000.0,311900000.0,-2500000.0,227800000.0,0.0,238400000.0,238400000.0,238400000.0,-207900000.0,0.0,0.046,743400000.0,-79700000.0,387300000.0,0.0,7.971,6.601,6.607,2324500000.0,0.0,14.47,0.302,0.302,632600000.0,-1305800000.0,5217300000.0,5217300000.0,0.0,0.045,1.133,0.023,0.024,0.0,206400000.0,1.0,108746650.0,108746650.0,,47.977,5355600000.0,1111800000.0,-223800000.0,0.0,49.248,1360100000.0
16,AKS,MRY,2003-12-31,2003-12-31,2003-12-31,2020-03-11,-203000000.0,5025600000.0,5208900000.0,1358000000.0,3667600000.0,0.776,-0.486,-86800000.0,54700000.0,54700000.0,3886900000.0,-560400000.0,1.743,-96.182,1260300000.0,62500000.0,1197800000.0,1260300000.0,0.0,232800000.0,0.0,0.0,0.0,-621200000.0,-388400000.0,-0.096,-388400000.0,-621200000.0,-739000000.0,-5.17,-5.17,-5.17,-52800000.0,246525000.0,-52800000.0,1867253124.0,-3.0,-4.808,-97200000.0,-0.895,1.0,154800000.0,0.038,117400000.0,117800000.0,5334900000.0,5368750000.0,730900000.0,165600000.0,0.0,165600000.0,5078400000.0,778900000.0,4299500000.0,553653124.0,-227800000.0,-67200000.0,-700000.0,-62500000.0,0.0,-70600000.0,-143600000.0,-1100000.0,-10400000.0,0.0,-560400000.0,-560400000.0,-560400000.0,-34000000.0,0.0,-0.139,806600000.0,-651800000.0,376300000.0,0.0,-10.486,-0.988,-0.986,2433900000.0,0.0,5.1,0.137,0.137,399300000.0,-1544200000.0,4041700000.0,4041700000.0,0.0,-0.108,-2.273,-0.116,-0.154,0.0,243600000.0,1.0,108559436.0,108559436.0,,37.23,4908200000.0,926500000.0,-178600000.0,0.0,45.212,579100000.0
17,AKS,MRY,2002-12-31,2002-12-31,2002-12-31,2020-03-11,-178200000.0,5399700000.0,5369775000.0,1699700000.0,3700000000.0,0.774,4.906,-83500000.0,282500000.0,282500000.0,3628700000.0,-502400000.0,1.976,9.202,1322400000.0,62500000.0,1259900000.0,1322400000.0,0.0,230400000.0,0.0,0.0,0.0,-727300000.0,-496900000.0,-0.119,-496900000.0,-727300000.0,-855600000.0,-4.67,-4.84,-4.67,529300000.0,902300000.0,529300000.0,2019572160.0,-3.0,-4.064,196100000.0,1.817,1.0,530100000.0,0.127,198000000.0,128300000.0,5381300000.0,5293075000.0,848500000.0,175200000.0,0.0,175200000.0,4870400000.0,860300000.0,4010100000.0,863172160.0,181700000.0,67500000.0,-1600000.0,-115000000.0,0.0,-133100000.0,11300000.0,-54400000.0,279600000.0,0.0,-502400000.0,-502400000.0,-502400000.0,6400000.0,0.0,-0.121,1256900000.0,-726800000.0,452100000.0,0.0,1.631,-1.718,-1.713,2573700000.0,0.0,8.0,0.208,0.208,387200000.0,-983800000.0,4158800000.0,4158800000.0,0.0,-0.094,-0.557,-0.137,-0.175,0.0,242800000.0,1.0,107896520.0,107896520.0,,38.544,5201700000.0,756700000.0,-353200000.0,0.0,48.21,839400000.0
18,AKS,MRY,2001-12-31,2001-12-31,2001-12-31,2020-03-11,-187300000.0,5225800000.0,5175200000.0,1547800000.0,3678000000.0,0.711,9.592,-101900000.0,101000000.0,101000000.0,3152200000.0,-92400000.0,1.622,4.057,1402500000.0,78000000.0,1324500000.0,1402500000.0,0.0,235200000.0,0.0,0.011,0.126,-32100000.0,203100000.0,0.055,203100000.0,-32100000.0,-165200000.0,-0.87,-1.14,-0.87,1033300000.0,1213500000.0,1033300000.0,2626312617.0,-82.0,12.931,14700000.0,0.136,1.0,529500000.0,0.144,221600000.0,133100000.0,5351300000.0,5517275000.0,904600000.0,209900000.0,0.0,209900000.0,4192500000.0,954400000.0,3238100000.0,1225912617.0,15500000.0,-29300000.0,-1000000.0,-63200000.0,-13500000.0,-78000000.0,-69100000.0,18200000.0,116600000.0,0.0,-92400000.0,-92400000.0,-92400000.0,0.0,0.0,-0.025,596200000.0,-66700000.0,537600000.0,-0.145,1.186,-13.267,-13.08,2768300000.0,0.0,11.38,0.333,0.333,388000000.0,-479900000.0,3681700000.0,3681700000.0,0.0,-0.018,-0.076,-0.006,-0.009,0.0,231700000.0,1.0,107725186.0,107725186.0,,34.177,5004200000.0,470100000.0,-72800000.0,0.0,46.453,593400000.0
19,AKS,MRY,2000-12-31,2000-12-31,2000-12-31,2020-03-11,-4900000.0,5239800000.0,5248700000.0,1521800000.0,3718000000.0,0.839,12.256,-135800000.0,86800000.0,86800000.0,3577700000.0,132400000.0,1.709,2.972,1450800000.0,63200000.0,1387600000.0,1450800000.0,0.0,243300000.0,0.0,0.057,0.5,347100000.0,590400000.0,0.134,590400000.0,347100000.0,211000000.0,1.2,1.2,1.2,1319300000.0,1311075000.0,1319300000.0,2248183880.0,6.0,3.808,209400000.0,1.945,1.0,826000000.0,0.188,119100000.0,136100000.0,5594400000.0,5597400000.0,848400000.0,199600000.0,0.0,199600000.0,3920500000.0,890300000.0,3030200000.0,941883880.0,32400000.0,0.0,-37600000.0,-6000000.0,-54900000.0,-103700000.0,-191900000.0,-63200000.0,345200000.0,0.0,132400000.0,132400000.0,132400000.0,1600000.0,0.0,0.03,485200000.0,340800000.0,498300000.0,0.417,0.714,7.114,7.292,2885700000.0,0.0,8.75,0.214,0.214,517700000.0,-373300000.0,4403700000.0,4403700000.0,0.0,0.025,0.101,0.062,0.079,0.0,257900000.0,1.0,107643872.0,107643872.0,,40.91,5120700000.0,296900000.0,78600000.0,0.0,47.571,631500000.0
20,AKS,MRY,1999-12-31,1999-12-31,1999-12-31,2020-03-11,-1700000.0,5227100000.0,4435225000.0,1432500000.0,3794600000.0,0.985,12.399,-335100000.0,54400000.0,54400000.0,3503300000.0,65400000.0,1.65,3.091,1456900000.0,5900000.0,1451000000.0,1456900000.0,0.0,227100000.0,0.0,0.026,0.5,253000000.0,480100000.0,0.11,480100000.0,253000000.0,129300000.0,0.56,0.56,0.56,1277800000.0,1113450000.0,1277800000.0,3387397798.0,13.0,7.056,-85800000.0,-0.833,1.0,865000000.0,0.198,121300000.0,123700000.0,5640300000.0,4819075000.0,797600000.0,137300000.0,0.0,137300000.0,3949300000.0,868000000.0,3081300000.0,1945197798.0,-292300000.0,0.0,23200000.0,-70800000.0,-35100000.0,-218500000.0,-323100000.0,11200000.0,249300000.0,0.0,65400000.0,65400000.0,65400000.0,-7500000.0,0.0,0.015,620200000.0,244800000.0,496000000.0,0.893,1.522,29.743,33.705,2987800000.0,0.0,18.875,0.445,0.445,507200000.0,-450000000.0,4368300000.0,4368300000.0,0.0,0.015,0.059,0.052,0.058,0.0,309800000.0,1.0,103056837.0,103056837.0,,42.387,5105800000.0,392500000.0,63900000.0,0.0,49.544,564500000.0
21,AKS,MRY,1998-12-31,1998-12-31,1998-12-31,2020-03-11,-300000.0,5248500000.0,3753150000.0,1497100000.0,3751400000.0,1.093,21.416,-795100000.0,346700000.0,346700000.0,3297800000.0,329700000.0,1.626,3.157,1512600000.0,116900000.0,1395700000.0,1512600000.0,0.0,177300000.0,0.0,0.021,0.5,520100000.0,697400000.0,0.17,697400000.0,520100000.0,435200000.0,3.19,3.06,3.19,1262700000.0,979725000.0,1262700000.0,2406658167.0,5.0,3.451,-564800000.0,-9.579,1.0,803200000.0,0.196,128600000.0,84900000.0,5364800000.0,4014400000.0,680900000.0,146200000.0,7000000.0,139200000.0,3985800000.0,921000000.0,3064800000.0,1385558167.0,-191400000.0,-6100000.0,-37600000.0,170700000.0,-29700000.0,93100000.0,-514800000.0,286100000.0,230300000.0,0.0,329700000.0,329700000.0,329700000.0,0.0,0.0,0.08,439200000.0,364000000.0,441100000.0,0.157,1.097,4.202,7.367,2873000000.0,0.0,23.5,0.338,0.338,441100000.0,-472700000.0,4101000000.0,4101000000.0,0.0,0.088,0.337,0.13,0.127,0.0,278000000.0,1.0,58959922.0,58959922.0,,69.556,5119900000.0,442500000.0,105500000.0,0.0,86.837,576100000.0
22,AKS,MRY,1997-12-31,1997-12-31,1997-12-31,2020-03-11,2100000.0,3084300000.0,2867550000.0,1221600000.0,1862700000.0,1.457,14.476,-669900000.0,348200000.0,348200000.0,3363300000.0,185100000.0,2.168,2.506,997500000.0,0.0,997500000.0,997500000.0,0.0,156800000.0,0.0,0.01,0.181,424300000.0,581100000.0,0.139,581100000.0,424300000.0,312600000.0,1.75,1.67,1.75,879600000.0,828300000.0,879600000.0,,,,-115200000.0,-1.896,1.0,813300000.0,0.195,0.0,111700000.0,3170200000.0,2906150000.0,365200000.0,257900000.0,257900000.0,0.0,2204700000.0,563400000.0,1641300000.0,1074760555.0,-153900000.0,-3000000.0,-19600000.0,95900000.0,-23800000.0,21700000.0,-730300000.0,-57400000.0,554700000.0,0.0,185100000.0,185100000.0,185100000.0,-1600000.0,0.0,0.044,429000000.0,384300000.0,375600000.0,0.103,1.222,5.806,10.107,1592700000.0,0.0,17.688,0.257,0.257,241500000.0,208300000.0,4176600000.0,4176600000.0,0.0,0.065,0.223,0.146,0.102,0.0,288000000.0,1.0,60762130.0,60762130.0,,68.737,3084300000.0,0.0,127500000.0,60000000.0,50.76,658200000.0
23,AKS,MRY,1996-12-31,1996-12-31,1996-12-31,2020-03-11,0.0,2650800000.0,,1365700000.0,1285100000.0,,,-141300000.0,523100000.0,523100000.0,1846500000.0,145900000.0,3.787,2.412,875000000.0,0.0,875000000.0,875000000.0,0.0,76100000.0,0.0,0.016,0.163,276800000.0,352900000.0,0.153,352900000.0,276800000.0,237000000.0,2.57,2.35,2.57,777000000.0,,777000000.0,,,,-55000000.0,,1.0,455300000.0,0.198,0.0,39800000.0,2642100000.0,,360900000.0,216200000.0,216200000.0,0.0,1873800000.0,360600000.0,1513200000.0,,386100000.0,-3400000.0,16600000.0,550000000.0,-17000000.0,484900000.0,-185100000.0,-40400000.0,86300000.0,0.0,145900000.0,145900000.0,145900000.0,0.0,0.0,0.063,190800000.0,264500000.0,239800000.0,0.063,,,3.855,1038600000.0,0.0,9.906,,,260300000.0,89200000.0,2301800000.0,2301800000.0,0.0,,,,0.12,0.0,114700000.0,1.0,,,,,2650800000.0,0.0,91100000.0,15700000.0,,1005100000.0
24,AKS,MRY,1995-12-31,1995-12-31,1995-12-31,2020-03-11,,,,,,,,-169900000.0,,,1768100000.0,268600000.0,,,,,,,,74600000.0,,0.036,0.306,317100000.0,391700000.0,0.174,391700000.0,317100000.0,281500000.0,4.82,4.09,4.82,,,,,,,130200000.0,,1.0,489200000.0,0.217,,35600000.0,,,,,,,,,,,-124800000.0,12700000.0,-13400000.0,-5000000.0,-3900000.0,-90700000.0,-334200000.0,-177000000.0,300100000.0,0.0,268600000.0,253300000.0,253300000.0,0.0,0.0,0.112,191100000.0,298100000.0,,0.063,,,1.776,,15300000.0,8.563,,,,,2257300000.0,2257300000.0,0.0,,,,0.14,0.0,116500000.0,1.0,,,,,,,12900000.0,,,
0,AKS,MRQ,2019-12-31,2019-12-31,2019-12-31,2020-03-11,-68000000.0,4590600000.0,,2020300000.0,2570300000.0,,0.479,-45000000.0,31000000.0,31000000.0,1325900000.0,-44900000.0,1.905,27.15,1968800000.0,0.0,1968800000.0,1968800000.0,0.0,52200000.0,0.0,0.0,0.0,-15800000.0,36400000.0,0.025,36400000.0,-15800000.0,-50400000.0,-0.17,-0.17,-0.17,151500000.0,,151500000.0,3252617299.0,20.0,8.355,28400000.0,0.09,1.0,119800000.0,0.083,293400000.0,34600000.0,5174500000.0,,1346200000.0,0.0,0.0,0.0,4113300000.0,1060500000.0,3052800000.0,1041017299.0,200000.0,-14000000.0,0.0,-3500000.0,0.0,-10800000.0,-62400000.0,0.0,73400000.0,0.0,-53900000.0,-53900000.0,-53900000.0,0.0,9000000.0,-0.037,109400000.0,10400000.0,705100000.0,0.0,6.871,92.948,82.25,1931900000.0,0.0,3.29,0.164,0.164,577900000.0,-2680600000.0,1445700000.0,1445700000.0,0.0,,,,,0.0,72300000.0,1.0,316418632.0,316418632.0,,4.569,4297200000.0,0.0,3500000.0,0.0,13.581,959800000.0
1,AKS,MRQ,2019-09-30,2019-09-30,2019-09-30,2020-03-11,-137300000.0,4604600000.0,,2066200000.0,2538400000.0,,0.425,-53400000.0,30800000.0,30800000.0,1366000000.0,19900000.0,2.063,30.802,2242400000.0,53600000.0,2188800000.0,2242400000.0,0.0,55600000.0,0.0,0.0,0.0,40100000.0,95700000.0,0.062,95700000.0,40100000.0,3100000.0,0.01,0.01,0.01,134600000.0,,134600000.0,2888993650.0,12.0,5.952,2900000.0,0.009,1.0,169500000.0,0.11,0.0,37000000.0,5814600000.0,,1362700000.0,0.0,0.0,0.0,4145900000.0,1001600000.0,3144300000.0,718193650.0,-11400000.0,0.0,0.0,20400000.0,0.0,-14000000.0,-53700000.0,0.0,56300000.0,0.0,2800000.0,2800000.0,2800000.0,0.0,17100000.0,0.002,118400000.0,51100000.0,676000000.0,0.0,5.336,7.284,7.094,2145600000.0,0.0,2.27,0.109,0.109,624400000.0,-2626700000.0,1535500000.0,1535500000.0,0.0,,,,,0.0,71000000.0,1.0,316384868.0,316384868.0,,4.853,4604600000.0,0.0,300000.0,0.0,14.554,1064600000.0
2,AKS,MRQ,2019-06-30,2019-06-30,2019-06-30,2020-03-11,-131900000.0,4687000000.0,,2160200000.0,2526800000.0,,0.429,-37600000.0,42200000.0,42200000.0,1449000000.0,79900000.0,2.025,31.058,2213000000.0,53900000.0,2159100000.0,2213000000.0,0.0,57000000.0,0.0,0.0,0.0,104900000.0,161900000.0,0.096,161900000.0,104900000.0,67800000.0,0.21,0.21,0.21,135600000.0,,135600000.0,3022635524.0,10.0,5.414,106500000.0,0.337,1.0,231500000.0,0.138,0.0,37100000.0,5790900000.0,,1353900000.0,0.0,0.0,0.0,4211400000.0,1066900000.0,3144500000.0,749735524.0,1000000.0,0.0,0.0,-95200000.0,0.0,-104200000.0,-38900000.0,0.0,144100000.0,0.0,66800000.0,66800000.0,66800000.0,0.0,13100000.0,0.04,124900000.0,106600000.0,732300000.0,0.0,5.529,4.6,4.558,2124900000.0,0.0,2.37,0.11,0.11,675200000.0,-2629500000.0,1680500000.0,1680500000.0,0.0,,,,,0.0,75300000.0,1.0,316344103.0,316344103.0,,5.312,4687000000.0,0.0,1000000.0,0.0,14.816,1093300000.0
3,AKS,MRQ,2019-03-31,2019-03-31,2019-03-31,2020-03-11,-104900000.0,4770100000.0,,2229400000.0,2540700000.0,,0.297,-44800000.0,41200000.0,41200000.0,1465400000.0,8100000.0,2.05,46.173,2314100000.0,56100000.0,2258000000.0,2314100000.0,0.0,60500000.0,0.0,0.0,0.0,34800000.0,95300000.0,0.056,95300000.0,34800000.0,-3100000.0,-0.01,-0.01,-0.01,94000000.0,,94000000.0,2814948460.0,9.0,5.094,-52700000.0,-0.167,1.0,232300000.0,0.137,0.0,37900000.0,5955300000.0,,1378800000.0,0.0,0.0,0.0,4340300000.0,1087700000.0,3252600000.0,869848460.0,-7400000.0,0.0,0.0,41000000.0,0.0,33700000.0,-33200000.0,0.0,-7900000.0,0.0,-4500000.0,-4500000.0,-4500000.0,0.0,12600000.0,-0.003,191100000.0,41200000.0,768200000.0,0.0,9.254,5.693,5.612,2143700000.0,0.0,2.75,0.127,0.127,720600000.0,-2696300000.0,1697700000.0,1697700000.0,0.0,,,,,0.0,76600000.0,1.0,316308531.0,316308531.0,,5.367,4770100000.0,0.0,1400000.0,0.0,15.081,1141700000.0
4,AKS,MRQ,2018-12-31,2018-12-31,2018-12-31,2020-03-11,-100000000.0,4515700000.0,,2201300000.0,2314400000.0,,0.317,-49000000.0,48600000.0,48600000.0,1448400000.0,42100000.0,1.95,40.903,1993700000.0,0.0,1993700000.0,1993700000.0,0.0,62900000.0,0.0,0.0,0.0,69600000.0,132500000.0,0.079,132500000.0,69600000.0,31300000.0,0.11,0.11,0.11,99900000.0,,99900000.0,2697569421.0,8.0,4.622,65800000.0,0.209,1.0,228700000.0,0.136,298900000.0,38300000.0,5033300000.0,,1419900000.0,0.0,0.0,0.0,4086200000.0,1128600000.0,2957600000.0,709969421.0,1300000.0,-1900000.0,0.0,-42600000.0,0.0,-62500000.0,-51000000.0,0.0,114800000.0,0.0,33500000.0,33500000.0,33500000.0,0.0,8600000.0,0.02,142200000.0,86500000.0,801000000.0,0.0,7.107,3.817,3.814,1911600000.0,0.0,2.25,0.104,0.104,635800000.0,-2691800000.0,1677100000.0,1677100000.0,0.0,,,,,0.0,86800000.0,1.0,315541965.0,315541965.0,,5.315,4216800000.0,0.0,-2200000.0,0.0,13.364,1072700000.0
5,AKS,MRQ,2018-09-30,2018-09-30,2018-09-30,2020-03-11,-67700000.0,4487900000.0,,2172400000.0,2315500000.0,,0.308,-37100000.0,47300000.0,47300000.0,1486200000.0,84900000.0,2.031,41.711,2034900000.0,0.0,2034900000.0,2034900000.0,0.0,62200000.0,0.0,0.0,0.0,106400000.0,168600000.0,0.097,168600000.0,106400000.0,68600000.0,0.21,0.21,0.21,97100000.0,,97100000.0,3536606865.0,16.0,7.531,25400000.0,0.081,1.0,249400000.0,0.144,0.0,37800000.0,5405800000.0,,1345500000.0,0.0,0.0,0.0,4050100000.0,1069700000.0,2980400000.0,1546006865.0,1300000.0,0.0,0.0,-5000000.0,0.0,-24000000.0,-37200000.0,0.0,62500000.0,0.0,67200000.0,67200000.0,67200000.0,0.0,17700000.0,0.039,134600000.0,114800000.0,773600000.0,0.0,15.922,21.443,21.304,1909100000.0,0.0,4.9,0.233,0.233,700700000.0,-2725300000.0,1735600000.0,1735600000.0,0.0,,,,,0.0,79600000.0,1.0,315511605.0,315511605.0,,5.501,4487900000.0,0.0,1400000.0,0.0,14.224,1102700000.0
6,AKS,MRQ,2018-06-30,2018-06-30,2018-06-30,2020-03-11,-66800000.0,4445300000.0,,2108400000.0,2336900000.0,,0.091,-26100000.0,46000000.0,46000000.0,1512700000.0,72300000.0,2.006,142.465,2036600000.0,0.0,2036600000.0,2036600000.0,0.0,62200000.0,0.0,0.0,0.0,94000000.0,156200000.0,0.089,156200000.0,94000000.0,56100000.0,0.18,0.18,0.18,28600000.0,,28600000.0,3427224959.0,20.0,8.07,95700000.0,0.304,1.0,233900000.0,0.134,0.0,37900000.0,5385000000.0,,1311000000.0,0.0,0.0,0.0,4074500000.0,1050900000.0,3023600000.0,1368424959.0,1500000.0,0.0,0.0,-70000000.0,0.0,-94500000.0,-25800000.0,0.0,121800000.0,0.0,56600000.0,56600000.0,56600000.0,0.0,15700000.0,0.032,134400000.0,99500000.0,768300000.0,0.0,47.847,50.31,48.222,1931200000.0,0.0,4.34,0.214,0.214,653000000.0,-2792500000.0,1746600000.0,1746600000.0,0.0,,,,,0.0,79500000.0,1.0,315305290.0,315305290.0,,5.539,4445300000.0,0.0,-500000.0,0.0,14.098,1057500000.0
7,AKS,MRQ,2018-03-31,2018-03-31,2018-03-31,2020-03-11,-56100000.0,4457700000.0,,2094700000.0,2363000000.0,,-0.061,-37900000.0,44500000.0,44500000.0,1463700000.0,44800000.0,2.09,-216.01,2103300000.0,0.0,2103300000.0,2103300000.0,0.0,64900000.0,0.0,0.0,0.0,61400000.0,126300000.0,0.076,126300000.0,61400000.0,23800000.0,0.09,0.09,0.09,-19100000.0,,-19100000.0,3500334690.0,18.0,7.885,27700000.0,0.088,1.0,195200000.0,0.118,0.0,37600000.0,5514100000.0,,1334000000.0,0.0,0.0,0.0,4125800000.0,1002400000.0,3123400000.0,1428234690.0,6500000.0,0.0,0.0,-10000000.0,0.0,-21200000.0,-37900000.0,0.0,65600000.0,0.0,28700000.0,28700000.0,28700000.0,0.0,16100000.0,0.017,131600000.0,63600000.0,728600000.0,0.0,-74.777,29.879,28.313,1951000000.0,0.0,4.53,0.23,0.23,619800000.0,-2849100000.0,1658900000.0,1658900000.0,0.0,,,,,0.0,76700000.0,1.0,315283596.0,315283596.0,,5.262,4457700000.0,0.0,-4900000.0,0.0,14.139,1092300000.0
8,AKS,MRQ,2017-12-31,2017-12-31,2017-12-31,2020-03-11,-50200000.0,4474800000.0,,2071100000.0,2403700000.0,,-0.142,-60900000.0,38000000.0,38000000.0,1354400000.0,-67500000.0,2.069,-93.592,2110100000.0,0.0,2110100000.0,2110100000.0,0.0,64000000.0,0.0,0.0,0.0,-45500000.0,18500000.0,0.012,18500000.0,-45500000.0,-82700000.0,-0.25,-0.25,-0.25,-44600000.0,,-44600000.0,3811111886.0,15.0,7.566,-16100000.0,-0.051,1.0,141200000.0,0.094,306700000.0,37200000.0,5239200000.0,,1385000000.0,0.0,0.0,0.0,4174200000.0,1001000000.0,3173200000.0,1782211886.0,-31300000.0,-2400000.0,0.0,8100000.0,0.0,-12800000.0,-63300000.0,0.0,44800000.0,0.0,-80400000.0,-80400000.0,-80400000.0,0.0,12900000.0,-0.054,193500000.0,-52300000.0,690400000.0,0.0,-39.96,17.219,17.152,1986200000.0,0.0,5.66,0.293,0.293,517800000.0,-2877000000.0,1495600000.0,1495600000.0,0.0,,,,,0.0,79400000.0,1.0,314878425.0,314878425.0,,4.75,4168100000.0,0.0,-2300000.0,0.0,13.237,1070100000.0
9,AKS,MRQ,2017-09-30,2017-09-30,2017-09-30,2020-03-11,-111300000.0,4459300000.0,,1932400000.0,2526900000.0,,-0.561,-36600000.0,69300000.0,69300000.0,1301800000.0,39400000.0,1.924,-24.238,2098200000.0,0.0,2098200000.0,2098200000.0,0.0,64200000.0,0.0,0.0,0.0,59500000.0,123700000.0,0.083,123700000.0,59500000.0,22000000.0,0.07,0.07,0.07,-176700000.0,,-176700000.0,3313400845.0,13.0,6.746,-85800000.0,-0.273,1.0,192500000.0,0.129,312800000.0,37500000.0,5171000000.0,,1184100000.0,0.0,0.0,0.0,4282800000.0,1004400000.0,3278400000.0,1760000845.0,-67000000.0,-360900000.0,0.0,394700000.0,0.0,378400000.0,-396200000.0,0.0,-49200000.0,0.0,22300000.0,22300000.0,22300000.0,0.0,17100000.0,0.015,126200000.0,66300000.0,718000000.0,0.0,-9.96,15.644,21.5,2024600000.0,0.0,5.59,0.293,0.293,563400000.0,-2946900000.0,1494300000.0,1494300000.0,0.0,,,,,0.0,68200000.0,1.0,314848094.0,314848094.0,,4.746,4146500000.0,0.0,-300000.0,0.0,13.17,928000000.0
10,AKS,MRQ,2017-06-30,2017-06-30,2017-06-30,2020-03-11,-106100000.0,4005600000.0,,1854400000.0,2151200000.0,,-0.53,-19600000.0,136300000.0,136300000.0,1320000000.0,92400000.0,2.0,-22.902,1689700000.0,0.0,1689700000.0,1689700000.0,0.0,59600000.0,0.0,0.0,0.0,115800000.0,175400000.0,0.113,175400000.0,115800000.0,77600000.0,0.25,0.24,0.25,-166800000.0,,-166800000.0,3755401886.0,13.0,7.067,147300000.0,0.468,1.0,237200000.0,0.152,0.0,38200000.0,4632000000.0,,1103500000.0,0.0,0.0,0.0,3820000000.0,927000000.0,2893000000.0,2068401886.0,-49400000.0,0.0,0.0,-171200000.0,0.0,-198100000.0,-18200000.0,0.0,166900000.0,0.0,77200000.0,77200000.0,77200000.0,0.0,15200000.0,0.05,120700000.0,116500000.0,672800000.0,0.0,-12.4,14.659,16.425,1946200000.0,0.0,6.57,0.347,0.347,530900000.0,-2941100000.0,1557200000.0,1557200000.0,0.0,,,,,0.0,65600000.0,1.0,314825249.0,314825249.0,,4.946,4005600000.0,0.0,400000.0,0.0,12.723,927400000.0
11,AKS,MRQ,2017-03-31,2017-03-31,2017-03-31,2020-03-11,-86200000.0,4104400000.0,,1923700000.0,2180700000.0,,-0.728,-32500000.0,185700000.0,185700000.0,1276900000.0,100600000.0,1.853,-17.233,1872700000.0,168500000.0,1704200000.0,1872700000.0,0.0,62300000.0,0.0,0.0,0.0,123800000.0,186100000.0,0.121,186100000.0,123800000.0,84400000.0,0.27,0.26,0.27,-229200000.0,,-229200000.0,3928035815.0,17.0,8.484,3800000.0,0.012,1.0,256500000.0,0.167,0.0,39400000.0,4753500000.0,,1105800000.0,0.0,0.0,0.0,3949900000.0,1037900000.0,2912000000.0,2263335815.0,12500000.0,0.0,0.0,24700000.0,0.0,7200000.0,-31000000.0,0.0,36300000.0,0.0,84400000.0,84400000.0,84400000.0,0.0,16200000.0,0.055,126800000.0,129700000.0,651500000.0,0.0,-9.875,27.874,31.261,1976000000.0,0.0,7.19,0.384,0.384,524500000.0,-3002300000.0,1533400000.0,1533400000.0,0.0,,,,,0.0,71700000.0,1.0,314789404.0,314789404.0,,4.871,4104400000.0,0.0,0.0,0.0,13.039,885800000.0
12,AKS,MRQ,2016-12-31,2016-12-31,2016-12-31,2020-03-11,-63500000.0,4036000000.0,,1823700000.0,2212300000.0,,-1.142,-45700000.0,173200000.0,173200000.0,1215100000.0,-58000000.0,2.108,-14.416,1837900000.0,0.0,1837900000.0,1837900000.0,0.0,59000000.0,0.0,0.0,0.0,-53000000.0,6000000.0,0.004,6000000.0,-53000000.0,-92400000.0,-0.33,-0.33,-0.33,-272200000.0,,-272200000.0,4375432820.0,34.0,11.981,-29000000.0,-0.122,1.0,203500000.0,0.143,32800000.0,39400000.0,4802600000.0,,1113900000.0,0.0,0.0,0.0,3924000000.0,865300000.0,3058700000.0,2432732820.0,115700000.0,0.0,351000000.0,-190000000.0,0.0,144600000.0,-45600000.0,0.0,16700000.0,0.0,-71400000.0,-71400000.0,-71400000.0,0.0,13400000.0,-0.05,227300000.0,-23800000.0,589900000.0,0.0,-8.937,-144.806,-145.857,2014400000.0,0.0,10.21,0.414,0.414,442000000.0,-3064800000.0,1418600000.0,1418600000.0,0.0,,,,,0.0,73400000.0,1.0,238269620.0,238269620.0,,5.954,4003200000.0,0.0,-21000000.0,0.0,16.801,958400000.0
13,AKS,MRQ,2016-09-30,2016-09-30,2016-09-30,2020-03-11,-164200000.0,3920800000.0,,1701000000.0,2219800000.0,,-2.715,-28000000.0,57500000.0,57500000.0,1194100000.0,68900000.0,1.82,-6.489,2000200000.0,0.0,2000200000.0,2000200000.0,0.0,58100000.0,0.0,0.0,0.0,105800000.0,163900000.0,0.113,163900000.0,105800000.0,65500000.0,0.21,0.21,0.21,-646600000.0,,-646600000.0,3036987593.0,29.0,9.096,-13100000.0,-0.055,1.0,258800000.0,0.178,0.0,40300000.0,4929100000.0,,1088400000.0,0.0,0.0,0.0,4196000000.0,934400000.0,3261600000.0,1150487593.0,1300000.0,0.0,0.0,-94900000.0,0.0,-121100000.0,107500000.0,135400000.0,14900000.0,0.0,50900000.0,50900000.0,50900000.0,0.0,18000000.0,0.035,128000000.0,130800000.0,639500000.0,0.0,-1.779,-12.671,-8.05,2027600000.0,0.0,4.83,0.192,0.192,489000000.0,-3002400000.0,1452900000.0,1452900000.0,0.0,,,,,0.0,80000000.0,1.0,238196189.0,238196189.0,,6.1,3920800000.0,0.0,14600000.0,0.0,16.46,766600000.0
14,AKS,MRQ,2016-06-30,2016-06-30,2016-06-30,2020-03-11,-145800000.0,3918300000.0,,1551600000.0,2366700000.0,,-3.813,-25100000.0,191600000.0,191600000.0,1325000000.0,33900000.0,1.75,-6.202,2078100000.0,0.0,2078100000.0,2078100000.0,0.0,58900000.0,0.0,0.0,0.0,48100000.0,107000000.0,0.072,107000000.0,48100000.0,6700000.0,0.08,0.08,0.08,-680200000.0,,-680200000.0,3054605029.0,47.0,10.288,111200000.0,0.623,1.0,167200000.0,0.112,0.0,41400000.0,4918200000.0,,978300000.0,0.0,0.0,0.0,4218900000.0,886600000.0,3332300000.0,831205029.0,-56800000.0,0.0,249400000.0,-268300000.0,0.0,-34800000.0,-158300000.0,-135400000.0,136300000.0,0.0,17300000.0,17300000.0,17300000.0,0.0,16600000.0,0.012,104600000.0,62600000.0,602900000.0,0.0,-1.222,-6.157,-6.052,2029100000.0,0.0,4.66,0.133,0.133,448500000.0,-3053300000.0,1492200000.0,1492200000.0,0.0,,,,,0.0,62200000.0,1.0,178370178.0,178370178.0,,8.366,3918300000.0,0.0,-10600000.0,0.0,21.967,665000000.0
15,AKS,MRQ,2016-03-31,2016-03-31,2016-03-31,2020-03-11,-188200000.0,3987300000.0,,1742400000.0,2244900000.0,,-5.554,-28800000.0,113000000.0,113000000.0,1365500000.0,4400000.0,1.757,-4.643,2336400000.0,0.0,2336400000.0,2336400000.0,0.0,59000000.0,0.0,0.0,0.0,29300000.0,88300000.0,0.058,88300000.0,29300000.0,-13500000.0,-0.08,-0.08,-0.08,-990500000.0,,-990500000.0,3034063475.0,266.0,12.399,107900000.0,0.605,1.0,153300000.0,0.101,0.0,42800000.0,5219000000.0,,1068900000.0,0.0,0.0,0.0,4598900000.0,991700000.0,3607200000.0,736563475.0,56400000.0,0.0,0.0,-30000000.0,0.0,-51400000.0,-28900000.0,0.0,136700000.0,0.0,-13600000.0,-13600000.0,-13600000.0,0.0,18000000.0,-0.009,105300000.0,48000000.0,643300000.0,0.0,-0.744,-3.405,-3.413,2055700000.0,0.0,4.13,0.114,0.114,488700000.0,-3070600000.0,1518800000.0,1518800000.0,0.0,,,,,0.0,63500000.0,1.0,178344667.0,178344667.0,,8.516,3987300000.0,0.0,100000.0,0.0,22.357,750700000.0
16,AKS,MRQ,2015-12-31,2015-12-31,2015-12-31,2020-03-11,-187200000.0,4084400000.0,,1806200000.0,2278200000.0,,-5.497,-28000000.0,56600000.0,56600000.0,1319800000.0,-130200000.0,1.732,-4.787,2354100000.0,0.0,2354100000.0,2354100000.0,0.0,53600000.0,0.0,0.0,0.0,-78900000.0,-25300000.0,-0.016,-25300000.0,-78900000.0,-121500000.0,-0.81,-0.81,-0.81,-977600000.0,,-977600000.0,2694685024.0,-10.0,-76.121,-27800000.0,-0.156,1.0,222900000.0,0.144,0.0,42600000.0,5339300000.0,,1226300000.0,0.0,0.0,0.0,4680000000.0,1042600000.0,3637400000.0,398385024.0,-33400000.0,14000000.0,0.0,-4000000.0,0.0,-30600000.0,-3000000.0,0.0,200000.0,0.0,-145400000.0,-145400000.0,-145400000.0,0.0,15200000.0,-0.094,257300000.0,-34400000.0,703400000.0,0.0,-0.408,-0.783,-0.783,2086500000.0,0.0,2.24,0.06,0.06,444900000.0,-3057000000.0,1542700000.0,1542700000.0,0.0,,,,,0.0,63500000.0,1.0,177850457.0,177850457.0,,8.674,4084400000.0,0.0,23900000.0,0.0,22.965,763600000.0
17,AKS,MRQ,2015-09-30,2015-09-30,2015-09-30,2020-03-11,-232600000.0,4250300000.0,,1876800000.0,2373500000.0,,-4.938,-21300000.0,90000000.0,90000000.0,1524400000.0,24300000.0,1.73,-5.392,2386300000.0,0.0,2386300000.0,2386300000.0,0.0,60000000.0,0.0,0.0,0.0,66900000.0,126900000.0,0.074,126900000.0,66900000.0,23900000.0,0.04,0.04,0.04,-878100000.0,,-878100000.0,2796084244.0,-21.0,26.034,94900000.0,0.534,1.0,185500000.0,0.108,0.0,43000000.0,5461800000.0,,1141200000.0,77400000.0,0.0,77400000.0,4735000000.0,1084800000.0,3650200000.0,428584244.0,15000000.0,0.0,0.0,-52900000.0,0.0,-80100000.0,-21100000.0,0.0,116200000.0,0.0,6700000.0,6700000.0,6700000.0,0.0,17600000.0,0.004,105300000.0,80200000.0,762300000.0,0.0,-0.488,-1.224,-1.268,2101200000.0,0.0,2.41,0.06,0.06,550800000.0,-2911600000.0,1709900000.0,1709900000.0,0.0,,,,,0.0,65700000.0,1.0,177835786.0,177835786.0,,9.615,4250300000.0,50400000.0,17200000.0,0.0,23.9,792000000.0
18,AKS,MRQ,2015-06-30,2015-06-30,2015-06-30,2020-03-11,-212400000.0,4335400000.0,,1914300000.0,2421100000.0,,-4.87,-21400000.0,75000000.0,75000000.0,1579200000.0,-49500000.0,1.822,-5.542,2442500000.0,0.0,2442500000.0,2442500000.0,0.0,60700000.0,0.0,0.0,0.0,-5900000.0,54800000.0,0.032,54800000.0,-5900000.0,-49400000.0,-0.36,-0.36,-0.36,-865900000.0,,-865900000.0,3127510559.0,-18.0,46.679,65200000.0,0.367,1.0,110200000.0,0.065,0.0,43500000.0,5652000000.0,,1156500000.0,76300000.0,0.0,76300000.0,4798400000.0,1050900000.0,3747500000.0,688110559.0,-14400000.0,0.0,0.0,-87200000.0,0.0,-111500000.0,10500000.0,25000000.0,86600000.0,0.0,-64000000.0,-64000000.0,-64000000.0,0.0,14500000.0,-0.038,103100000.0,7100000.0,761800000.0,0.0,-0.795,-1.89,-1.945,2135500000.0,0.0,3.87,0.098,0.098,567500000.0,-2918300000.0,1689400000.0,1689400000.0,0.0,,,,,0.0,63500000.0,1.0,177806346.0,177806346.0,,9.501,4335400000.0,57500000.0,14600000.0,0.0,24.383,863400000.0
19,AKS,MRQ,2015-03-31,2015-03-31,2015-03-31,2020-03-11,-214600000.0,4556300000.0,,2034800000.0,2521500000.0,,-4.531,-28300000.0,89400000.0,89400000.0,1608600000.0,-290800000.0,1.874,-6.143,2528800000.0,0.0,2528800000.0,2528800000.0,0.0,62900000.0,0.0,0.0,0.0,-254700000.0,-191800000.0,-0.11,-191800000.0,-254700000.0,-298600000.0,-1.72,-1.72,-1.72,-805600000.0,,-805600000.0,3177000742.0,-22.0,38.231,-31000000.0,-0.174,1.0,142300000.0,0.081,0.0,43900000.0,5909900000.0,,1233900000.0,116400000.0,0.0,116400000.0,4949200000.0,1085800000.0,3863400000.0,794700742.0,19200000.0,0.0,0.0,75000000.0,0.0,55800000.0,-33900000.0,0.0,-2700000.0,0.0,-306300000.0,-306300000.0,-306300000.0,0.0,15500000.0,-0.175,108500000.0,33800000.0,745900000.0,0.0,-0.986,-2.506,-2.54,2177600000.0,0.0,4.47,0.116,0.116,574600000.0,-2854300000.0,1750900000.0,1750900000.0,0.0,,,,,0.0,69200000.0,1.0,177785401.0,177785401.0,,9.848,4556300000.0,64100000.0,7700000.0,0.0,25.628,949000000.0
20,AKS,MRQ,2014-12-31,2014-12-31,2014-12-31,2020-03-11,-204400000.0,4828000000.0,,1958000000.0,2870000000.0,,-2.781,-42900000.0,70200000.0,70200000.0,1816300000.0,29700000.0,1.74,-9.959,2422000000.0,0.0,2422000000.0,2422000000.0,0.0,60100000.0,0.0,0.0,0.0,57400000.0,117500000.0,0.059,117500000.0,57400000.0,13700000.0,0.14,0.14,0.14,-492500000.0,,-492500000.0,3428624009.0,62.0,12.342,14900000.0,0.084,1.0,181300000.0,0.091,0.0,43700000.0,6054600000.0,,1172100000.0,388700000.0,0.0,388700000.0,4905000000.0,1125200000.0,3779800000.0,1051824009.0,9400000.0,-22000000.0,0.0,39900000.0,0.0,18300000.0,-66700000.0,0.0,57800000.0,0.0,13500000.0,13500000.0,13500000.0,0.0,16200000.0,0.007,106800000.0,74500000.0,803100000.0,0.0,-2.136,-10.855,-9.138,2213200000.0,0.0,5.94,0.162,0.162,644300000.0,-2548000000.0,1997600000.0,1997600000.0,0.0,,,,,0.0,67500000.0,1.0,177074749.0,177074749.0,,11.281,4828000000.0,0.0,200000.0,0.0,27.265,832800000.0
21,AKS,MRQ,2014-09-30,2014-09-30,2014-09-30,2020-03-11,249400000.0,4885400000.0,,2045400000.0,2840000000.0,,-0.621,-10900000.0,60800000.0,60800000.0,1438900000.0,8900000.0,1.769,-53.234,2437600000.0,200000.0,2437400000.0,2437600000.0,0.0,54200000.0,0.0,0.0,0.0,32300000.0,86500000.0,0.054,86500000.0,32300000.0,-3300000.0,-0.05,-0.05,-0.05,-84900000.0,,-84900000.0,2989554399.0,72.0,11.816,-60400000.0,-0.442,1.0,154900000.0,0.097,0.0,35600000.0,6105800000.0,,1126000000.0,396500000.0,0.0,396500000.0,4519600000.0,1156400000.0,3363200000.0,1095754399.0,6000000.0,-723000000.0,345300000.0,449600000.0,0.0,780900000.0,-725400000.0,0.0,-49500000.0,0.0,-7200000.0,-7200000.0,-7200000.0,0.0,16100000.0,-0.005,91200000.0,63700000.0,812300000.0,0.0,-12.906,-14.571,-14.564,2215100000.0,0.0,8.01,0.183,0.183,707600000.0,-2561500000.0,1593800000.0,1593800000.0,0.0,,,,,0.0,65600000.0,1.0,136798302.0,136798302.0,,11.651,4885400000.0,74700000.0,3900000.0,0.0,35.712,889000000.0
22,AKS,MRQ,2014-06-30,2014-06-30,2014-06-30,2020-03-11,272000000.0,3806600000.0,,1506000000.0,2300600000.0,,-2.714,-13500000.0,54800000.0,54800000.0,1416900000.0,-1500000.0,1.707,-10.141,1948600000.0,400000.0,1948200000.0,1948600000.0,0.0,53000000.0,0.0,0.0,0.0,17900000.0,70900000.0,0.046,70900000.0,17900000.0,-15300000.0,-0.13,-0.13,-0.13,-371000000.0,,-371000000.0,2714920826.0,166.0,11.992,-219600000.0,-1.606,1.0,113900000.0,0.074,0.0,33200000.0,4817900000.0,,738300000.0,229000000.0,0.0,229000000.0,3762300000.0,882500000.0,2879800000.0,1088220826.0,23700000.0,-45300000.0,0.0,289600000.0,0.0,288500000.0,-58700000.0,0.0,-206100000.0,0.0,-17100000.0,-17100000.0,-17100000.0,0.0,15600000.0,-0.011,77400000.0,36500000.0,642400000.0,0.0,-2.933,-10.915,-10.904,1805300000.0,0.0,7.96,0.191,0.191,596200000.0,-2554300000.0,1530800000.0,1530800000.0,0.0,,,,,0.0,53900000.0,1.0,136711159.0,136711159.0,,11.197,3806600000.0,63900000.0,1800000.0,0.0,27.844,623500000.0
23,AKS,MRQ,2014-03-31,2014-03-31,2014-03-31,2020-03-11,299200000.0,3615400000.0,,1326300000.0,2289100000.0,,-2.401,-13800000.0,31100000.0,31100000.0,1335600000.0,-71200000.0,1.53,-10.795,1657800000.0,600000.0,1657200000.0,1657800000.0,0.0,55000000.0,0.0,0.0,0.0,-52100000.0,2900000.0,0.002,2900000.0,-52100000.0,-84300000.0,-0.63,-0.63,-0.63,-328200000.0,,-328200000.0,2448561606.0,-12243.0,11.688,-138800000.0,-1.015,1.0,47900000.0,0.035,0.0,32200000.0,4375000000.0,,687700000.0,186500000.0,0.0,186500000.0,3542800000.0,867100000.0,2675700000.0,986861606.0,-14200000.0,0.0,0.0,146700000.0,0.0,117800000.0,-7000000.0,0.0,-125000000.0,0.0,-86100000.0,-86100000.0,-86100000.0,0.0,14900000.0,-0.062,83200000.0,-35300000.0,617400000.0,0.0,-3.007,-8.023,-8.022,1844400000.0,0.0,7.22,0.177,0.177,498900000.0,-2537200000.0,1383500000.0,1383500000.0,0.0,,,,,0.0,60200000.0,1.0,136684433.0,136684433.0,,10.122,3615400000.0,70400000.0,1800000.0,0.0,26.451,459200000.0
24,AKS,MRQ,2013-12-31,2013-12-31,2013-12-31,2020-03-11,323400000.0,3605700000.0,,1273200000.0,2332500000.0,,-1.621,-18300000.0,45300000.0,45300000.0,1323900000.0,51800000.0,1.531,-15.443,1507000000.0,800000.0,1506200000.0,1507000000.0,0.0,49200000.0,0.0,0.0,0.0,43500000.0,92700000.0,0.063,92700000.0,43500000.0,11200000.0,0.26,0.26,0.26,-221000000.0,,-221000000.0,2653391649.0,38.0,9.497,95200000.0,0.698,1.0,140900000.0,0.096,0.0,32300000.0,4236000000.0,,586600000.0,214100000.0,0.0,214100000.0,3413000000.0,831400000.0,2581600000.0,1117991649.0,-20400000.0,2800000.0,0.0,-95500000.0,0.0,-118400000.0,-15500000.0,0.0,113500000.0,0.0,35200000.0,35200000.0,35200000.0,0.0,16600000.0,0.024,77900000.0,63000000.0,601800000.0,0.0,-5.059,-23.889,-24.118,1880100000.0,0.0,8.2,0.201,0.201,525200000.0,-2451100000.0,1464800000.0,1464800000.0,0.0,,,,,0.0,52000000.0,1.0,136340445.0,136340445.0,,10.744,3605700000.0,69600000.0,-24000000.0,0.0,26.446,441800000.0
25,AKS,MRQ,2013-09-30,2013-09-30,2013-09-30,2020-03-11,-50900000.0,3766400000.0,,1402500000.0,2363900000.0,,-4.641,-14300000.0,65700000.0,65700000.0,1222400000.0,-15700000.0,1.392,-6.289,1601100000.0,185700000.0,1415400000.0,1601100000.0,0.0,52800000.0,0.0,0.0,0.0,7100000.0,59900000.0,0.045,59900000.0,7100000.0,-25000000.0,-0.23,-0.23,-0.23,-632600000.0,,-632600000.0,1908200454.0,-12.0,33.714,-133500000.0,-0.979,1.0,108900000.0,0.082,37100000.0,32100000.0,4257100000.0,,684600000.0,246000000.0,0.0,246000000.0,3978200000.0,1007600000.0,2970600000.0,511200454.0,7300000.0,-1400000.0,0.0,144100000.0,0.0,131900000.0,-5400000.0,0.0,-119200000.0,0.0,-31700000.0,-31700000.0,-31700000.0,0.0,16000000.0,-0.024,83000000.0,25900000.0,563900000.0,0.0,-0.808,-1.636,-1.531,1905700000.0,0.0,3.75,0.092,0.092,536600000.0,-2486300000.0,1331300000.0,1331300000.0,0.0,,,,,0.0,51500000.0,1.0,136320121.0,136320121.0,,9.766,3729300000.0,150400000.0,6700000.0,0.0,27.357,394900000.0
26,AKS,MRQ,2013-06-30,2013-06-30,2013-06-30,2020-03-11,-47500000.0,3772700000.0,,1356200000.0,2416500000.0,,-4.396,-15500000.0,58400000.0,58400000.0,1309200000.0,-25500000.0,1.536,-6.598,1455400000.0,40700000.0,1414700000.0,1455400000.0,0.0,52700000.0,0.0,0.0,0.0,1300000.0,54000000.0,0.038,54000000.0,1300000.0,-30700000.0,-0.3,-0.3,-0.3,-599200000.0,,-599200000.0,1635183385.0,-9.0,48.958,-113000000.0,-0.829,1.0,95300000.0,0.068,37100000.0,32000000.0,4249700000.0,,677000000.0,249400000.0,0.0,249400000.0,3953700000.0,882900000.0,3070800000.0,414383385.0,-133400000.0,-50400000.0,600000.0,44200000.0,0.0,26000000.0,-61900000.0,0.0,-97500000.0,0.0,-40400000.0,-40400000.0,-40400000.0,0.0,14900000.0,-0.029,81600000.0,13700000.0,595300000.0,0.0,-0.692,-1.213,-1.097,1938700000.0,0.0,3.04,0.073,0.073,515800000.0,-2454600000.0,1404500000.0,1404500000.0,0.0,,,,,0.0,50200000.0,1.0,136310324.0,136310324.0,,10.304,3735600000.0,155900000.0,9700000.0,0.0,27.405,473300000.0
27,AKS,MRQ,2013-03-31,2013-03-31,2013-03-31,2020-03-11,-18600000.0,3906100000.0,,1492600000.0,2413500000.0,,-3.901,-15500000.0,191800000.0,191800000.0,1252300000.0,6800000.0,1.68,-7.554,1412600000.0,700000.0,1411900000.0,1412600000.0,0.0,54500000.0,0.0,0.015,0.0,18300000.0,72800000.0,0.053,72800000.0,18300000.0,-12700000.0,-0.07,-0.07,-0.07,-531600000.0,,-531600000.0,1635969939.0,-12.0,21.385,-22500000.0,-0.165,1.0,117500000.0,0.086,37100000.0,31000000.0,4201200000.0,,664000000.0,200600000.0,0.0,200600000.0,4015800000.0,888600000.0,3127200000.0,451069939.0,-35200000.0,-1000000.0,-600000.0,-1700000.0,0.0,-12500000.0,-15700000.0,0.0,-7000000.0,0.0,-9900000.0,-9900000.0,-9900000.0,0.0,16700000.0,-0.007,84300000.0,33200000.0,592400000.0,0.0,-0.849,-0.44,-0.367,1972300000.0,0.0,3.31,0.078,0.078,516400000.0,-2414200000.0,1369800000.0,1369800000.0,0.0,,,,,0.0,51600000.0,1.0,136274906.0,136274906.0,,10.052,3869000000.0,165800000.0,-2800000.0,0.0,28.391,604000000.0
28,AKS,MRQ,2012-12-31,2012-12-31,2012-12-31,2020-03-11,1100000.0,3903100000.0,,1442700000.0,2460400000.0,,-4.567,-13700000.0,227000000.0,227000000.0,1352700000.0,-221600000.0,1.776,-7.904,1411900000.0,700000.0,1411200000.0,1411900000.0,0.0,51300000.0,0.0,0.022,0.0,-181400000.0,-130100000.0,-0.091,-130100000.0,-181400000.0,-207700000.0,-1.85,-1.85,-1.85,-505300000.0,,-505300000.0,1854001376.0,-12.0,31.747,103400000.0,0.935,1.0,70400000.0,0.049,0.0,26300000.0,4275600000.0,,609200000.0,150000000.0,0.0,150000000.0,3994100000.0,812400000.0,3181700000.0,508901376.0,179900000.0,-23600000.0,98100000.0,44200000.0,0.0,98600000.0,-35800000.0,0.0,117100000.0,0.0,-230400000.0,-230400000.0,-230400000.0,0.0,8800000.0,-0.162,247300000.0,-176900000.0,538300000.0,0.0,-1.007,-0.495,-0.508,2012300000.0,0.0,4.6,0.086,0.086,473900000.0,-2404300000.0,1423100000.0,1423100000.0,0.0,,,,,0.0,50200000.0,1.0,110630734.0,110630734.0,,12.864,3903100000.0,73200000.0,22700000.0,0.0,35.28,630300000.0
29,AKS,MRQ,2012-09-30,2012-09-30,2012-09-30,2020-03-11,-22200000.0,3920700000.0,,1406900000.0,2513800000.0,,-3.928,-13900000.0,47100000.0,47100000.0,1385000000.0,-52500000.0,1.47,-9.976,1392200000.0,42700000.0,1349500000.0,1392200000.0,0.0,51400000.0,0.0,0.031,0.0,-14700000.0,36700000.0,0.025,36700000.0,-14700000.0,-37100000.0,-0.55,-0.55,-0.55,-434500000.0,,-434500000.0,1768947723.0,-6.0,-26.925,-91700000.0,-0.829,1.0,78500000.0,0.054,37100000.0,22400000.0,4271800000.0,,727800000.0,185200000.0,0.0,185200000.0,4334600000.0,956900000.0,3377700000.0,530947723.0,9700000.0,-38000000.0,0.0,116600000.0,0.0,135500000.0,-48000000.0,0.0,-77800000.0,0.0,-60900000.0,-60900000.0,-60900000.0,0.0,8400000.0,-0.042,90500000.0,-12000000.0,603200000.0,0.0,-1.222,-0.536,-0.535,2042000000.0,0.0,4.8,0.088,0.088,565600000.0,-2173900000.0,1463500000.0,1463500000.0,0.0,,,,,0.0,51900000.0,1.0,110614109.0,110614109.0,,13.231,3883600000.0,179300000.0,23800000.0,0.0,35.109,450000000.0
30,AKS,MRQ,2012-06-30,2012-06-30,2012-06-30,2020-03-11,-14000000.0,3901000000.0,,1384200000.0,2516800000.0,,-3.327,-7400000.0,37400000.0,37400000.0,1392400000.0,-717600000.0,1.103,-11.587,1275400000.0,325700000.0,949700000.0,1275400000.0,0.0,51700000.0,0.0,0.034,0.05,45400000.0,97100000.0,0.063,97100000.0,45400000.0,23600000.0,-6.55,-6.55,-6.55,-367800000.0,,-367800000.0,1702304329.0,-7.0,-38.865,-167500000.0,-1.515,1.0,146000000.0,0.095,37100000.0,21800000.0,3847300000.0,,723300000.0,156500000.0,0.0,156500000.0,4261600000.0,1254600000.0,3007000000.0,649004329.0,-4900000.0,1600000.0,0.0,179600000.0,-5500000.0,160100000.0,-4900000.0,0.0,-160100000.0,0.0,-724200000.0,-724200000.0,-724200000.0,0.0,6600000.0,-0.471,89300000.0,56700000.0,631800000.0,-0.008,-1.765,-0.695,-0.695,2069700000.0,0.0,5.87,0.106,0.106,548100000.0,-2113000000.0,1538400000.0,1538400000.0,0.0,,,,,0.0,50800000.0,1.0,110562918.0,110562918.0,,13.914,3863900000.0,197700000.0,747800000.0,0.0,34.948,129600000.0
31,AKS,MRQ,2012-03-31,2012-03-31,2012-03-31,2020-03-11,-9400000.0,4691300000.0,,1550600000.0,3140700000.0,,3.291,-10500000.0,42300000.0,42300000.0,1409000000.0,-6900000.0,1.344,11.894,1095600000.0,145700000.0,949900000.0,1095600000.0,0.0,54600000.0,0.0,0.026,0.05,100000.0,54700000.0,0.036,54700000.0,100000.0,-16100000.0,-0.11,-0.11,-0.11,364100000.0,,364100000.0,1695090470.0,-8.0,-79.957,-160500000.0,-1.451,1.0,99700000.0,0.066,37100000.0,16200000.0,4554000000.0,,621300000.0,156400000.0,0.0,156400000.0,4330700000.0,1153500000.0,3177200000.0,836390470.0,300000.0,-19200000.0,-1700000.0,186600000.0,-5500000.0,180200000.0,-29900000.0,0.0,-150000000.0,0.0,-11800000.0,-11800000.0,-11800000.0,0.0,4900000.0,-0.008,95600000.0,4100000.0,685100000.0,-0.455,2.297,-4.75,-4.725,2108300000.0,0.0,7.56,0.131,0.131,645200000.0,-1383300000.0,1508700000.0,1508700000.0,0.0,,,,,0.0,55800000.0,1.0,110633660.0,110633660.0,,13.637,4654200000.0,949900000.0,-4300000.0,0.0,42.069,397100000.0
32,AKS,MRQ,2011-12-31,2011-12-31,2011-12-31,2020-03-11,2700000.0,4449900000.0,,1274400000.0,3175500000.0,,3.523,-13100000.0,42000000.0,42000000.0,1451600000.0,-194900000.0,1.121,10.483,900700000.0,250700000.0,650000000.0,900700000.0,0.0,49500000.0,0.0,0.024,0.05,-303700000.0,-254200000.0,-0.168,-254200000.0,-303700000.0,-317500000.0,-1.76,-1.76,-1.76,388500000.0,,388500000.0,1798065850.0,-9.0,-1123.791,161800000.0,1.467,1.0,57600000.0,0.038,37100000.0,13800000.0,4134400000.0,,418700000.0,156800000.0,0.0,156800000.0,4072700000.0,1137100000.0,2935600000.0,910865850.0,-16700000.0,-157200000.0,1200000.0,-46100000.0,-5500000.0,-21900000.0,-169700000.0,0.0,174900000.0,0.0,-193900000.0,-193900000.0,-193900000.0,0.0,-1000000.0,-0.128,358300000.0,-300700000.0,583600000.0,-0.028,2.345,-5.854,-5.858,2170200000.0,0.0,8.26,0.141,0.141,564200000.0,-1366000000.0,1509200000.0,1509200000.0,0.0,,,,,0.0,53800000.0,1.0,110274316.0,110274316.0,,13.686,4412800000.0,933000000.0,-123600000.0,0.0,40.017,137300000.0
33,AKS,MRQ,2011-09-30,2011-09-30,2011-09-30,2020-03-11,44500000.0,4580400000.0,,1688400000.0,2892000000.0,,5.701,-21700000.0,58700000.0,58700000.0,1482600000.0,-6100000.0,1.277,6.301,945900000.0,295700000.0,650200000.0,945900000.0,0.0,49300000.0,0.0,0.031,0.05,9300000.0,58600000.0,0.037,58600000.0,9300000.0,-4200000.0,-0.03,-0.03,-0.03,628600000.0,,628600000.0,1601530098.0,-29.0,10.992,-16700000.0,-0.151,1.0,103200000.0,0.065,37100000.0,13500000.0,4108400000.0,,783200000.0,55600000.0,0.0,55600000.0,3961000000.0,1322100000.0,2638900000.0,721130098.0,13100000.0,-32800000.0,0.0,19800000.0,-5500000.0,62100000.0,-54000000.0,0.0,5000000.0,0.0,-3500000.0,-3500000.0,-3500000.0,0.0,-2600000.0,-0.002,91800000.0,11400000.0,732500000.0,-1.667,1.147,-12.019,-12.111,2125100000.0,0.0,6.54,0.114,0.114,590400000.0,-1166600000.0,1585800000.0,1585800000.0,0.0,,,,,0.0,54600000.0,1.0,110264541.0,110264541.0,,14.382,4543300000.0,807800000.0,-700000.0,0.0,41.204,366300000.0
34,AKS,MRQ,2011-06-30,2011-06-30,2011-06-30,2020-03-11,59400000.0,4582800000.0,,1704800000.0,2878000000.0,,5.893,-30700000.0,45600000.0,45600000.0,1633500000.0,32400000.0,1.315,6.061,926000000.0,275700000.0,650300000.0,926000000.0,0.0,50500000.0,0.0,0.013,0.05,69200000.0,119700000.0,0.067,119700000.0,69200000.0,57600000.0,0.3,0.3,0.3,649700000.0,,649700000.0,2409749579.0,-15.0,51.49,-193700000.0,-1.757,1.0,158400000.0,0.088,37100000.0,11600000.0,4130000000.0,,765500000.0,55600000.0,0.0,55600000.0,3938100000.0,1296100000.0,2642000000.0,1737649579.0,-8500000.0,-58700000.0,100000.0,190900000.0,-5500000.0,244100000.0,-89600000.0,0.0,-163000000.0,0.0,33100000.0,33100000.0,33100000.0,0.0,-700000.0,0.018,89900000.0,68500000.0,750500000.0,0.167,2.675,-15.019,-15.01,2117700000.0,0.0,15.76,0.274,0.274,648800000.0,-1157500000.0,1791900000.0,1791900000.0,0.0,,,,,0.0,52800000.0,1.0,110256953.0,110256953.0,,16.252,4545700000.0,800100000.0,24500000.0,0.0,41.228,408700000.0
35,AKS,MRQ,2011-03-31,2011-03-31,2011-03-31,2020-03-11,68700000.0,4484500000.0,,1637900000.0,2846600000.0,,5.694,-35600000.0,54100000.0,54100000.0,1469100000.0,8500000.0,1.455,6.149,726200000.0,75700000.0,650500000.0,726200000.0,0.0,51200000.0,0.0,0.013,0.05,23100000.0,74300000.0,0.047,74300000.0,23100000.0,14500000.0,0.08,0.08,0.08,627800000.0,,627800000.0,2174259028.0,-13.0,56.038,-233000000.0,-2.113,1.0,112000000.0,0.071,37100000.0,8600000.0,3993500000.0,,689700000.0,55600000.0,0.0,55600000.0,3860600000.0,1126000000.0,2734600000.0,1739759028.0,-162700000.0,-71700000.0,-1300000.0,74600000.0,-5500000.0,141600000.0,-106900000.0,0.0,-197400000.0,0.0,8700000.0,8700000.0,8700000.0,0.0,-200000.0,0.006,92500000.0,19500000.0,762900000.0,0.625,2.771,-14.249,-14.216,2083400000.0,0.0,15.78,0.283,0.283,641700000.0,-1185100000.0,1581100000.0,1581100000.0,0.0,,,,,0.0,54200000.0,1.0,110250889.0,110250889.0,,14.341,4447400000.0,817800000.0,5800000.0,0.0,40.339,511900000.0
36,AKS,MRQ,2010-12-31,2010-12-31,2010-12-31,2020-03-11,92600000.0,4188600000.0,,1404100000.0,2784500000.0,,5.861,-44800000.0,216800000.0,216800000.0,1395500000.0,-98500000.0,1.663,5.503,651300000.0,700000.0,650600000.0,651300000.0,0.0,49300000.0,0.0,0.012,0.05,-156200000.0,-106900000.0,-0.077,-106900000.0,-156200000.0,-163300000.0,-0.89,-0.89,-0.89,644700000.0,,644700000.0,2222582398.0,-16.0,29.954,-700000.0,-0.006,1.0,-4900000.0,-0.004,37100000.0,7100000.0,3741500000.0,,448700000.0,55600000.0,0.0,55600000.0,3547500000.0,844500000.0,2703000000.0,1800582398.0,136300000.0,-62800000.0,-200000.0,146600000.0,-5500000.0,200600000.0,-108400000.0,0.0,44100000.0,0.0,-98300000.0,-98300000.0,-98300000.0,0.0,-200000.0,-0.071,149700000.0,-154600000.0,553100000.0,-0.056,2.793,-13.969,-13.991,2033200000.0,0.0,16.37,0.302,0.302,482800000.0,-1188400000.0,1390600000.0,1390600000.0,0.0,,,,,0.0,45200000.0,1.0,109992816.0,109992816.0,,12.643,4151500000.0,807200000.0,-65000000.0,0.0,37.743,559600000.0
37,AKS,MRQ,2010-09-30,2010-09-30,2010-09-30,2020-03-11,127800000.0,4308500000.0,,1631200000.0,2677300000.0,,7.341,-37300000.0,80500000.0,80500000.0,1576100000.0,-60000000.0,1.52,4.364,502500000.0,700000.0,501800000.0,502500000.0,0.0,53400000.0,0.0,0.014,0.05,-93700000.0,-40300000.0,-0.026,-40300000.0,-93700000.0,-99600000.0,-0.54,-0.54,-0.54,803800000.0,,803800000.0,1891987630.0,18.0,5.847,-59500000.0,-0.543,1.0,-200000.0,0.0,37300000.0,5900000.0,3619900000.0,,674000000.0,110200000.0,0.0,110200000.0,3507900000.0,1073300000.0,2434600000.0,1518887630.0,-49000000.0,-37500000.0,-200000.0,-500000.0,-5500000.0,48200000.0,-75000000.0,0.0,-22200000.0,0.0,-59200000.0,-59200000.0,-59200000.0,0.0,-800000.0,-0.038,102300000.0,-102500000.0,766500000.0,-0.093,1.89,165.096,153.444,2015800000.0,0.0,13.81,0.258,0.256,601400000.0,-1084500000.0,1575900000.0,1575900000.0,0.0,,,,,0.0,52000000.0,1.0,109984622.0,109500000.0,109500000.0,14.392,4271200000.0,741200000.0,-40400000.0,0.0,39.006,557900000.0
38,AKS,MRQ,2010-06-30,2010-06-30,2010-06-30,2020-03-11,133700000.0,4360000000.0,,1769500000.0,2590500000.0,,7.956,-20100000.0,129500000.0,129500000.0,1428000000.0,26400000.0,1.608,4.007,502600000.0,700000.0,501900000.0,502600000.0,0.0,55000000.0,0.0,0.017,0.05,56700000.0,111700000.0,0.07,111700000.0,56700000.0,45600000.0,0.24,0.24,0.24,871200000.0,,871200000.0,1586300893.0,7.0,3.632,-67200000.0,-0.614,1.0,168100000.0,0.105,37300000.0,11100000.0,3595100000.0,,724500000.0,107100000.0,0.0,107100000.0,3490800000.0,1100700000.0,2390100000.0,1310100893.0,-200700000.0,-46900000.0,0.0,-114400000.0,-5500000.0,-87600000.0,-66000000.0,0.0,-47100000.0,0.0,26700000.0,26700000.0,26700000.0,0.0,-300000.0,0.017,102500000.0,65600000.0,792000000.0,0.208,1.504,17.562,17.275,1970600000.0,0.0,11.92,0.244,0.243,649500000.0,-1019900000.0,1596100000.0,1596100000.0,0.0,,,,,0.0,52600000.0,1.0,109907793.0,109500000.0,109900000.0,14.576,4322700000.0,697200000.0,18900000.0,0.0,39.477,668800000.0
39,AKS,MRQ,2010-03-31,2010-03-31,2010-03-31,2020-03-11,139400000.0,4316500000.0,,1732200000.0,2584300000.0,,7.785,-14900000.0,330200000.0,330200000.0,1243600000.0,1400000.0,1.802,4.065,606400000.0,700000.0,605700000.0,606400000.0,0.0,56200000.0,0.0,0.009,0.05,53500000.0,109700000.0,0.078,109700000.0,53500000.0,44600000.0,0.02,0.02,0.02,852500000.0,,852500000.0,2656346247.0,28.0,8.525,-122100000.0,-1.115,1.0,162100000.0,0.115,37300000.0,8900000.0,3594300000.0,,522700000.0,109500000.0,0.0,109500000.0,3465600000.0,961100000.0,2504500000.0,2511546247.0,-131500000.0,-2000000.0,-6200000.0,-200000.0,-5500000.0,-7400000.0,-16900000.0,0.0,-107200000.0,0.0,1900000.0,1900000.0,1900000.0,0.0,-500000.0,0.001,104500000.0,57600000.0,623900000.0,2.5,2.946,3587.923,1143.0,1942700000.0,0.0,22.86,0.551,0.549,598300000.0,-1041100000.0,1405700000.0,1405700000.0,0.0,,,,,0.0,54200000.0,1.0,109866415.0,109500000.0,110000000.0,12.837,4279200000.0,709100000.0,42700000.0,0.0,39.079,771100000.0
40,AKS,MRQ,2009-12-31,2009-12-31,2009-12-31,2020-03-11,167900000.0,4274700000.0,,1630100000.0,2644600000.0,,8.054,-18300000.0,461700000.0,461700000.0,1106800000.0,37900000.0,2.201,3.854,606500000.0,700000.0,605800000.0,606500000.0,0.0,53100000.0,0.0,0.009,0.05,89400000.0,142500000.0,0.108,142500000.0,89400000.0,80800000.0,0.37,0.37,0.37,880800000.0,,880800000.0,2602064100.0,-45.0,16.355,127900000.0,1.169,1.0,213100000.0,0.161,37300000.0,8600000.0,3641500000.0,,416700000.0,107700000.0,0.0,107700000.0,3394600000.0,740700000.0,2653900000.0,2334964100.0,122200000.0,-1500000.0,500000.0,-200000.0,-5500000.0,-2000000.0,-22000000.0,0.0,146200000.0,0.0,39800000.0,39800000.0,39800000.0,0.0,-1900000.0,0.03,126100000.0,87000000.0,438900000.0,0.135,2.651,-31.3,-31.397,1976000000.0,0.0,21.35,0.573,0.573,463100000.0,-1037500000.0,1319900000.0,1319900000.0,0.0,,,,,0.0,47000000.0,1.0,109366000.0,109366000.0,,12.069,4237400000.0,738600000.0,41000000.0,0.0,38.745,889400000.0
41,AKS,MRQ,2009-09-30,2009-09-30,2009-09-30,2020-03-11,143500000.0,4407500000.0,,1763700000.0,2643800000.0,,7.531,-14400000.0,339500000.0,339500000.0,929200000.0,5700000.0,1.981,4.383,606600000.0,700000.0,605900000.0,606600000.0,0.0,54100000.0,0.0,0.01,0.05,18700000.0,72800000.0,0.07,72800000.0,18700000.0,9700000.0,0.06,0.06,0.06,818600000.0,,818600000.0,2379310987.0,-3.0,-3.841,-49200000.0,-0.453,1.0,111900000.0,0.107,37300000.0,9000000.0,3747000000.0,,613300000.0,104500000.0,0.0,104500000.0,3587700000.0,890300000.0,2697400000.0,2158310987.0,-46300000.0,-3700000.0,0.0,-200000.0,-5500000.0,4600000.0,-16100000.0,0.0,-34800000.0,0.0,6200000.0,6200000.0,6200000.0,0.0,-500000.0,0.006,96600000.0,15300000.0,541400000.0,0.833,2.637,-3.96,-4.043,2006800000.0,0.0,19.73,0.512,0.509,403700000.0,-1071800000.0,1041100000.0,1041100000.0,0.0,,,,,0.0,45600000.0,1.0,109392346.0,108700000.0,109200000.0,9.578,4370200000.0,841000000.0,3500000.0,0.0,40.204,873400000.0
42,AKS,MRQ,2009-06-30,2009-06-30,2009-06-30,2020-03-11,134400000.0,4299400000.0,,1607200000.0,2692200000.0,,7.413,-43900000.0,385800000.0,385800000.0,766600000.0,-48000000.0,2.329,4.333,606800000.0,700000.0,606100000.0,606800000.0,0.0,54900000.0,0.0,0.01,0.05,-68300000.0,-13400000.0,-0.017,-13400000.0,-68300000.0,-77500000.0,-0.43,-0.43,-0.43,805800000.0,,805800000.0,2245112696.0,-4.0,-6.834,-67500000.0,-0.621,1.0,27000000.0,0.034,37300000.0,9200000.0,3793000000.0,,531400000.0,103600000.0,0.0,103600000.0,3491900000.0,690100000.0,2801800000.0,2097012696.0,-76200000.0,-6600000.0,0.0,-3200000.0,-5500000.0,-2000000.0,-50600000.0,0.0,-23600000.0,0.0,-47200000.0,-47200000.0,-47200000.0,0.0,-800000.0,-0.059,99500000.0,-72500000.0,312400000.0,-0.116,2.602,-5.778,-5.887,2037600000.0,0.0,19.19,0.393,0.391,279100000.0,-1072500000.0,793600000.0,793600000.0,0.0,,,,,0.0,47900000.0,1.0,109276326.0,108700000.0,108700000.0,7.301,4262100000.0,844900000.0,-30300000.0,0.0,39.21,917100000.0
43,AKS,MRQ,2009-03-31,2009-03-31,2009-03-31,2020-03-11,130400000.0,4453600000.0,,1892400000.0,2561200000.0,,7.751,-32900000.0,462000000.0,462000000.0,923000000.0,-73600000.0,2.534,4.23,610100000.0,700000.0,609400000.0,610100000.0,0.0,54600000.0,0.0,0.028,0.05,-97400000.0,-42800000.0,-0.046,-42800000.0,-97400000.0,-107600000.0,-0.67,-0.67,-0.67,851100000.0,,851100000.0,860287360.0,-4.0,-44.345,-61900000.0,-0.564,1.0,-800000.0,-0.001,37400000.0,10200000.0,3817500000.0,,526400000.0,102100000.0,0.0,102100000.0,3600000000.0,746800000.0,2853200000.0,789687360.0,-100700000.0,-12200000.0,-11400000.0,-19900000.0,-5500000.0,-27000000.0,-44700000.0,0.0,-29000000.0,0.0,-73400000.0,-73400000.0,-73400000.0,0.0,-200000.0,-0.08,99100000.0,-99900000.0,361000000.0,-0.075,0.928,-4.632,-4.654,2056500000.0,0.0,7.12,0.117,0.115,369700000.0,-1019800000.0,922200000.0,922200000.0,0.0,,,,,0.0,47800000.0,1.0,110911146.0,109800000.0,109800000.0,8.399,4416200000.0,821500000.0,-34200000.0,0.0,40.22,1145600000.0
44,AKS,MRQ,2008-12-31,2008-12-31,2008-12-31,2020-03-11,159600000.0,4682000000.0,,2002800000.0,2679200000.0,,8.642,-45600000.0,562700000.0,562700000.0,1344700000.0,-430500000.0,2.728,3.834,633300000.0,700000.0,632600000.0,633300000.0,0.0,51300000.0,0.0,0.021,0.05,-687300000.0,-636000000.0,-0.436,-636000000.0,-687300000.0,-698900000.0,-3.84,-3.81,-3.84,968000000.0,,968000000.0,1267690406.0,32.0,5.001,176600000.0,1.577,1.0,114000000.0,0.078,37400000.0,11600000.0,3981000000.0,,566800000.0,106000000.0,0.0,106000000.0,3711300000.0,734200000.0,2977100000.0,1043990406.0,121300000.0,-47700000.0,-14300000.0,-26400000.0,-5600000.0,-3800000.0,-97100000.0,-3900000.0,222200000.0,0.0,-430600000.0,-430600000.0,-430600000.0,0.0,100000.0,-0.295,803200000.0,-689200000.0,348100000.0,-0.013,1.079,260.998,233.0,2061300000.0,0.0,9.32,0.137,0.137,469900000.0,-940900000.0,1458700000.0,1458700000.0,0.0,,,,,200000.0,55500000.0,1.0,112016138.0,112016138.0,,13.022,4644600000.0,792100000.0,-268300000.0,0.0,41.464,1268600000.0
45,AKS,MRQ,2008-09-30,2008-09-30,2008-09-30,2020-03-11,182200000.0,4893600000.0,,2477900000.0,2415700000.0,,12.845,-26600000.0,441400000.0,441400000.0,1740900000.0,188500000.0,2.164,2.411,665100000.0,12800000.0,652300000.0,665100000.0,0.0,53400000.0,0.0,0.006,0.05,310300000.0,363700000.0,0.169,363700000.0,310300000.0,298700000.0,1.68,1.67,1.68,1434800000.0,,1434800000.0,3192752200.0,4.0,2.863,73300000.0,0.656,1.0,416700000.0,0.193,37400000.0,11600000.0,3934600000.0,,819600000.0,106400000.0,0.0,106400000.0,3458800000.0,1145300000.0,2313500000.0,2908352200.0,60600000.0,0.0,-100000.0,-200000.0,-5600000.0,-8300000.0,-31000000.0,-4000000.0,99900000.0,0.0,188300000.0,188300000.0,188300000.0,0.0,200000.0,0.087,107100000.0,309600000.0,729500000.0,0.03,2.027,5.373,5.355,2022300000.0,0.0,25.92,0.369,0.368,857800000.0,-504700000.0,2157600000.0,2157600000.0,0.0,,,,,-100000.0,56600000.0,1.0,112204946.0,111700000.0,112300000.0,19.316,4856200000.0,546900000.0,110400000.0,0.0,43.475,1332600000.0
46,AKS,MRQ,2008-06-30,2008-06-30,2008-06-30,2020-03-11,236200000.0,4901700000.0,,2391800000.0,2509900000.0,,11.677,-49600000.0,380800000.0,380800000.0,1892300000.0,145500000.0,1.969,2.761,665200000.0,12800000.0,652400000.0,665200000.0,0.0,54300000.0,0.0,0.001,0.05,241400000.0,295700000.0,0.132,295700000.0,241400000.0,229800000.0,1.3,1.29,1.3,1303200000.0,,1303200000.0,8121849045.0,11.0,8.359,111600000.0,1.0,1.0,344300000.0,0.154,37400000.0,11600000.0,3934000000.0,,708400000.0,103000000.0,0.0,103000000.0,3598500000.0,1214700000.0,2383800000.0,7728849045.0,108500000.0,0.0,600000.0,-200000.0,-5600000.0,500000.0,-53200000.0,-4200000.0,161200000.0,0.0,145200000.0,145200000.0,145200000.0,0.0,300000.0,0.065,106400000.0,237900000.0,788400000.0,0.038,5.931,16.751,16.667,2038300000.0,0.0,69.0,1.039,1.035,905600000.0,-687400000.0,2236600000.0,2236600000.0,0.0,,,,,-12300000.0,55000000.0,1.0,112012305.0,111600000.0,112400000.0,20.041,4864300000.0,650200000.0,84600000.0,0.0,43.587,1177100000.0
47,AKS,MRQ,2008-03-31,2008-03-31,2008-03-31,2020-03-11,235400000.0,4763700000.0,,2211200000.0,2552500000.0,,10.361,-36600000.0,272300000.0,272300000.0,1513200000.0,101000000.0,1.952,3.127,665300000.0,12800000.0,652500000.0,665300000.0,0.0,54900000.0,0.0,0.001,0.05,175200000.0,230100000.0,0.128,230100000.0,175200000.0,163500000.0,0.9,0.9,0.9,1154200000.0,,1154200000.0,6042059856.0,9.0,6.567,-436800000.0,-3.921,1.0,278200000.0,0.155,37400000.0,11700000.0,3986300000.0,,781700000.0,97900000.0,0.0,97900000.0,3609500000.0,1133000000.0,2476500000.0,6090259856.0,-441300000.0,0.0,-6800000.0,-100000.0,-5600000.0,-4600000.0,-36500000.0,0.0,-400200000.0,0.0,101100000.0,101100000.0,101100000.0,0.0,-100000.0,0.056,108500000.0,169700000.0,756100000.0,0.056,5.277,14.293,14.209,2042700000.0,0.0,54.42,0.861,0.857,755800000.0,-827000000.0,1791400000.0,1791400000.0,0.0,,,,,0.0,56500000.0,1.0,111912162.0,111400000.0,112400000.0,16.081,4726300000.0,714800000.0,62400000.0,0.0,42.426,1078200000.0
48,AKS,MRQ,2007-12-31,2007-12-31,2007-12-31,2020-03-11,47800000.0,5197400000.0,,2426800000.0,2770600000.0,,7.845,-40700000.0,713600000.0,713600000.0,1432500000.0,107400000.0,2.494,4.942,665400000.0,12700000.0,652700000.0,665400000.0,0.0,49500000.0,0.0,0.0,0.0,176000000.0,225500000.0,0.133,225500000.0,176000000.0,164100000.0,0.96,0.95,0.96,874700000.0,,874700000.0,5395621516.0,8.0,6.197,261900000.0,2.349,1.0,259400000.0,0.153,37400000.0,11900000.0,4138900000.0,,646800000.0,98500000.0,0.0,98500000.0,4322700000.0,972900000.0,3349800000.0,5155921516.0,288000000.0,0.0,-500000.0,0.0,0.0,2600000.0,-17200000.0,23400000.0,302600000.0,0.0,106700000.0,106700000.0,106700000.0,0.0,700000.0,0.063,105900000.0,153500000.0,588200000.0,0.0,5.895,13.299,13.211,2065900000.0,0.0,46.24,0.736,0.736,675000000.0,-915100000.0,1691900000.0,1691900000.0,0.0,,,,,-400000.0,58600000.0,1.0,111503493.0,111503493.0,,15.174,5160000000.0,907100000.0,57400000.0,0.0,46.277,1453900000.0
49,AKS,MRQ,2007-09-30,2007-09-30,2007-09-30,2020-03-11,-18600000.0,5182900000.0,,2338100000.0,2844800000.0,,6.302,-28300000.0,425600000.0,425600000.0,1453500000.0,108400000.0,2.356,6.409,665300000.0,400000.0,664900000.0,665300000.0,0.0,52300000.0,0.0,0.0,0.0,168000000.0,220300000.0,0.128,220300000.0,168000000.0,153100000.0,0.98,0.97,0.98,699500000.0,,699500000.0,5258214980.0,13.0,8.504,121900000.0,1.098,1.0,268200000.0,0.156,37400000.0,14900000.0,4392600000.0,,730300000.0,122600000.0,0.0,122600000.0,4483400000.0,992600000.0,3490800000.0,4898814980.0,-30300000.0,0.0,300000.0,-150000000.0,0.0,-148000000.0,-32500000.0,-4300000.0,150200000.0,0.0,108400000.0,108400000.0,108400000.0,0.0,0.0,0.063,104700000.0,163500000.0,577400000.0,0.0,7.003,21.143,21.029,2049300000.0,0.0,43.95,0.711,0.708,741300000.0,-1021800000.0,1721700000.0,1721700000.0,0.0,,,,,-600000.0,55400000.0,1.0,111463367.0,111000000.0,112100000.0,15.511,5145500000.0,1017500000.0,44700000.0,0.0,46.356,1345500000.0
50,AKS,MRQ,2007-06-30,2007-06-30,2007-06-30,2020-03-11,-10200000.0,5316400000.0,,2446900000.0,2869500000.0,,5.382,-19700000.0,455900000.0,455900000.0,1552100000.0,109900000.0,2.469,7.916,815300000.0,200000.0,815100000.0,815300000.0,0.0,52600000.0,0.0,0.0,0.0,191500000.0,244100000.0,0.131,244100000.0,191500000.0,174600000.0,0.99,0.98,0.99,596300000.0,,596300000.0,4760139422.0,16.0,9.35,235000000.0,2.121,1.0,317400000.0,0.17,37400000.0,16900000.0,4647300000.0,,800700000.0,118200000.0,0.0,118200000.0,4720100000.0,991100000.0,3729000000.0,4159939422.0,165800000.0,0.0,4900000.0,-75000000.0,0.0,-67500000.0,-21400000.0,-4000000.0,254700000.0,0.0,109900000.0,109900000.0,109900000.0,0.0,0.0,0.059,130000000.0,187400000.0,590600000.0,0.0,6.976,27.863,27.681,2070500000.0,0.0,37.37,0.619,0.616,727500000.0,-1130200000.0,1869500000.0,1869500000.0,0.0,,,,,-5500000.0,55400000.0,1.0,111317619.0,110800000.0,111900000.0,16.873,5279000000.0,1060100000.0,64700000.0,0.0,47.644,1455800000.0
51,AKS,MRQ,2007-03-31,2007-03-31,2007-03-31,2020-03-11,-7200000.0,5212500000.0,,2288100000.0,2924400000.0,,4.338,-15400000.0,290100000.0,290100000.0,1480900000.0,62700000.0,2.757,9.884,890300000.0,100000.0,890200000.0,890300000.0,0.0,56700000.0,0.0,0.0,0.0,124100000.0,180800000.0,0.105,180800000.0,124100000.0,99500000.0,0.57,0.56,0.57,478900000.0,,478900000.0,3192907785.0,18.0,8.3,-20000000.0,-0.181,1.0,239000000.0,0.139,37400000.0,24600000.0,4945300000.0,,816400000.0,113600000.0,0.0,113600000.0,4733600000.0,830000000.0,3903600000.0,2597107785.0,-229300000.0,0.0,2100000.0,-225000000.0,0.0,-222800000.0,-1900000.0,12600000.0,-4600000.0,0.0,62700000.0,62700000.0,62700000.0,0.0,0.0,0.036,119000000.0,120000000.0,485700000.0,0.0,5.423,37.914,37.127,2098300000.0,0.0,23.39,0.409,0.406,720500000.0,-1240100000.0,1719900000.0,1719900000.0,0.0,,,,,0.0,54100000.0,1.0,111034963.0,110400000.0,111300000.0,15.579,5175100000.0,1084200000.0,36800000.0,0.0,46.876,1458100000.0
52,AKS,MRQ,2006-12-31,2006-12-31,2006-12-31,2020-03-11,-5100000.0,5517600000.0,,2547500000.0,2970100000.0,,3.782,-27900000.0,519400000.0,519400000.0,1427100000.0,-49300000.0,2.735,12.232,1115200000.0,0.0,1115200000.0,1115200000.0,0.0,49200000.0,0.0,0.0,0.0,-76100000.0,-26900000.0,-0.017,-26900000.0,-76100000.0,-98700000.0,-0.45,-0.44,-0.45,417000000.0,,417000000.0,2511782995.0,29.0,8.67,44800000.0,0.406,1.0,155100000.0,0.098,37400000.0,22600000.0,5144500000.0,,857600000.0,126000000.0,0.0,126000000.0,5100600000.0,931500000.0,4169100000.0,1863482995.0,52600000.0,0.0,600000.0,0.0,0.0,1200000.0,-21300000.0,-300000.0,72700000.0,0.0,-49300000.0,-49300000.0,-49300000.0,0.0,0.0,-0.031,237000000.0,-81900000.0,567100000.0,0.0,4.469,155.29,153.636,2133400000.0,0.0,16.9,0.307,0.307,696800000.0,-1296100000.0,1582200000.0,1582200000.0,0.0,,,,,0.0,52400000.0,1.0,110265266.0,110265266.0,,14.349,5480200000.0,1084500000.0,-49400000.0,0.0,49.7,1616000000.0
53,AKS,MRQ,2006-09-30,2006-09-30,2006-09-30,2020-03-11,-194700000.0,5592100000.0,,2492200000.0,3099900000.0,,2.491,-10700000.0,466800000.0,466800000.0,1388300000.0,26000000.0,2.131,19.424,1115100000.0,0.0,1115100000.0,1115100000.0,0.0,51000000.0,0.0,0.0,0.0,60100000.0,111100000.0,0.072,111100000.0,60100000.0,37700000.0,0.24,0.23,0.24,273800000.0,,273800000.0,1965766835.0,17.0,6.168,-20800000.0,-0.189,1.0,165300000.0,0.106,77100000.0,22400000.0,4994000000.0,,936400000.0,124600000.0,0.0,124600000.0,5318300000.0,1169300000.0,4149000000.0,1336166835.0,-18600000.0,0.0,1900000.0,0.0,0.0,2300000.0,-10800000.0,-1400000.0,-10100000.0,0.0,26000000.0,26000000.0,26000000.0,0.0,0.0,0.017,110200000.0,55100000.0,582600000.0,0.0,4.88,67.483,63.895,2159000000.0,0.0,12.14,0.228,0.228,711000000.0,-1246900000.0,1553600000.0,1553600000.0,0.0,,,,,0.0,50700000.0,1.0,110063166.0,109900000.0,110500000.0,14.136,5515000000.0,1053300000.0,11700000.0,0.0,50.182,1322900000.0
54,AKS,MRQ,2006-06-30,2006-06-30,2006-06-30,2020-03-11,-197000000.0,5524800000.0,,2365800000.0,3159000000.0,,2.207,-17900000.0,485400000.0,485400000.0,1333000000.0,29100000.0,2.452,21.801,1115000000.0,0.0,1115000000.0,1115000000.0,0.0,51100000.0,0.0,0.0,0.0,68600000.0,119700000.0,0.08,119700000.0,68600000.0,46500000.0,0.27,0.26,0.27,242300000.0,,242300000.0,2161287798.0,70.0,9.197,3700000.0,0.034,1.0,164300000.0,0.11,77200000.0,22100000.0,5112400000.0,,841400000.0,124700000.0,0.0,124700000.0,5282500000.0,964800000.0,4317700000.0,1521487798.0,10200000.0,0.0,300000.0,0.0,0.0,1600000.0,-13000000.0,1400000.0,21600000.0,0.0,29100000.0,29100000.0,29100000.0,0.0,0.0,0.019,101300000.0,63000000.0,479300000.0,0.0,6.279,-43.224,-44.613,2192000000.0,0.0,13.83,0.267,0.266,663700000.0,-1272800000.0,1497300000.0,1497300000.0,0.0,,,,,0.0,52500000.0,1.0,110013579.0,109800000.0,110500000.0,13.637,5447600000.0,1071600000.0,17400000.0,0.0,49.614,1401000000.0
55,AKS,MRQ,2006-03-31,2006-03-31,2006-03-31,2020-03-11,-203200000.0,5444900000.0,,2238000000.0,3206900000.0,,1.87,-19700000.0,475200000.0,475200000.0,1304300000.0,6200000.0,2.292,25.522,1115000000.0,0.0,1115000000.0,1115000000.0,0.0,52400000.0,0.0,0.0,0.0,33400000.0,85800000.0,0.06,85800000.0,33400000.0,11400000.0,0.06,0.06,0.06,205300000.0,,205300000.0,2245408285.0,60.0,9.259,-35700000.0,-0.325,1.0,131600000.0,0.092,77300000.0,22000000.0,5031100000.0,,817200000.0,127400000.0,0.0,127400000.0,5239600000.0,976300000.0,4263300000.0,1650108285.0,-44400000.0,0.0,-400000.0,0.0,0.0,100000.0,-28500000.0,-12300000.0,-16000000.0,0.0,6200000.0,6200000.0,6200000.0,0.0,0.0,0.004,102200000.0,29400000.0,385400000.0,0.0,8.038,-29.839,-30.0,2223500000.0,0.0,15.0,0.291,0.291,578900000.0,-1302000000.0,1435900000.0,1435900000.0,0.0,,,,,0.0,52100000.0,1.0,110007219.0,109800000.0,110300000.0,13.077,5367600000.0,1090500000.0,5200000.0,0.0,48.885,1261700000.0
56,AKS,MRQ,2005-12-31,2005-12-31,2005-12-31,2020-03-11,-181100000.0,5487900000.0,,2246400000.0,3241500000.0,,2.008,-40900000.0,519600000.0,519600000.0,1194100000.0,-41500000.0,2.487,23.888,1114900000.0,0.0,1114900000.0,1114900000.0,0.0,49400000.0,0.0,0.0,0.0,-47300000.0,2100000.0,0.002,2100000.0,-47300000.0,-69100000.0,-0.38,-0.37,-0.38,220500000.0,,220500000.0,1639169076.0,13.0,4.994,166300000.0,1.514,1.0,182900000.0,0.133,77300000.0,21800000.0,5102500000.0,,808400000.0,118000000.0,0.0,118000000.0,5267400000.0,903400000.0,4364000000.0,872969076.0,170900000.0,0.0,0.0,0.0,0.0,-800000.0,-35500000.0,0.0,207200000.0,0.0,-41500000.0,-41500000.0,-41500000.0,0.0,0.0,-0.03,198200000.0,-15300000.0,450000000.0,0.0,3.959,-379.552,-397.5,2257500000.0,0.0,7.95,0.155,0.155,570000000.0,-1308100000.0,1377000000.0,1377000000.0,0.0,,,,,0.0,52100000.0,1.0,109807431.0,109807431.0,,12.54,5410600000.0,1075700000.0,-27600000.0,0.0,49.274,1343000000.0
57,AKS,MRQ,2005-09-30,2005-09-30,2005-09-30,2020-03-11,-180400000.0,5438000000.0,,2195000000.0,3243000000.0,,2.385,-54500000.0,348700000.0,348700000.0,1317700000.0,-29000000.0,2.837,19.764,1114900000.0,0.0,1114900000.0,1114900000.0,0.0,51400000.0,0.0,0.0,0.0,-24000000.0,27400000.0,0.02,27400000.0,-24000000.0,-44900000.0,-0.26,-0.26,-0.26,261900000.0,,261900000.0,1791109316.0,-23.0,13.949,75000000.0,0.683,1.0,75600000.0,0.054,96800000.0,20900000.0,5333600000.0,,731700000.0,139500000.0,0.0,139500000.0,5176100000.0,773800000.0,4402300000.0,940909316.0,84100000.0,0.0,0.0,0.0,0.0,-500000.0,-44900000.0,0.0,129500000.0,0.0,-29000000.0,-29000000.0,-29000000.0,0.0,0.0,-0.021,101100000.0,-25500000.0,414600000.0,0.0,3.593,-14.794,-14.525,2307900000.0,0.0,8.57,0.165,0.165,683000000.0,-1266700000.0,1393300000.0,1393300000.0,0.0,,,,,0.0,51900000.0,1.0,109791052.0,109800000.0,109800000.0,12.689,5341200000.0,1036300000.0,-15900000.0,0.0,48.645,1421200000.0
58,AKS,MRQ,2005-06-30,2005-06-30,2005-06-30,2020-03-11,-198700000.0,5435700000.0,,2196500000.0,3239200000.0,,2.476,-43000000.0,264600000.0,264600000.0,1278700000.0,9000000.0,2.851,18.992,1114800000.0,0.0,1114800000.0,1114800000.0,0.0,51600000.0,0.0,0.0,0.0,75600000.0,127200000.0,0.087,127200000.0,75600000.0,53900000.0,0.08,0.08,0.08,271900000.0,,271900000.0,1559342526.0,226.0,7.29,-5300000.0,-0.048,1.0,175900000.0,0.121,96900000.0,21700000.0,5418500000.0,,844200000.0,149600000.0,0.0,149600000.0,5163800000.0,770500000.0,4393300000.0,703642526.0,5600000.0,0.0,-100000.0,0.0,0.0,-1300000.0,-30800000.0,0.0,37700000.0,0.0,9000000.0,9000000.0,9000000.0,0.0,0.0,0.006,101700000.0,74200000.0,427100000.0,0.0,2.588,14.508,14.907,2305200000.0,0.0,6.41,0.125,0.125,675700000.0,-1237600000.0,1454600000.0,1454600000.0,0.0,,,,,0.0,52100000.0,1.0,109772625.0,109800000.0,110300000.0,13.248,5338800000.0,1035000000.0,44900000.0,0.0,48.623,1426000000.0
59,AKS,MRQ,2005-03-31,2005-03-31,2005-03-31,2020-03-11,-195500000.0,5421800000.0,,2138800000.0,3283000000.0,,2.424,-35400000.0,259000000.0,259000000.0,1206300000.0,59200000.0,2.744,19.429,1114700000.0,0.0,1114700000.0,1114700000.0,0.0,52500000.0,0.0,0.0,0.0,119000000.0,171500000.0,0.121,171500000.0,119000000.0,96600000.0,0.54,0.54,0.54,265400000.0,,265400000.0,1946508261.0,33.0,7.141,-129800000.0,-1.185,1.0,216200000.0,0.152,97000000.0,22400000.0,5401000000.0,,811000000.0,158300000.0,0.0,158300000.0,5156400000.0,779500000.0,4376900000.0,1213908261.0,-118100000.0,0.0,2600000.0,0.0,0.0,2900000.0,-26600000.0,0.0,-94400000.0,0.0,59200000.0,59200000.0,59200000.0,0.0,0.0,0.042,102600000.0,113600000.0,421900000.0,0.0,4.574,9.182,9.217,2306600000.0,0.0,11.06,0.22,0.22,639400000.0,-1246600000.0,1422500000.0,1422500000.0,0.0,,,,,0.0,52300000.0,1.0,109756624.0,109500000.0,110600000.0,12.991,5324800000.0,1080000000.0,37400000.0,0.0,48.628,1359300000.0
60,AKS,MRQ,2004-12-31,2004-12-31,2004-12-31,2020-03-11,-199700000.0,5452700000.0,,2106800000.0,3345900000.0,,1.815,-40000000.0,377100000.0,377100000.0,1237700000.0,-102800000.0,2.821,26.623,1109700000.0,0.0,1109700000.0,1109700000.0,0.0,49500000.0,0.0,0.0,0.0,-247200000.0,-197700000.0,-0.138,-197700000.0,-247200000.0,-273400000.0,-0.95,-0.95,-0.95,197400000.0,,197400000.0,2519764026.0,20.0,7.329,202800000.0,1.865,1.0,196100000.0,0.137,97100000.0,26200000.0,5341500000.0,,682200000.0,162500000.0,0.0,162500000.0,5255300000.0,746700000.0,4508600000.0,1573564026.0,63200000.0,200000.0,0.0,-155900000.0,0.0,-149100000.0,-29700000.0,-800000.0,242800000.0,0.0,-102800000.0,-102800000.0,-102800000.0,10900000.0,0.0,-0.072,428200000.0,-232100000.0,387300000.0,0.0,7.971,6.601,6.607,2324500000.0,0.0,14.47,0.302,0.302,632600000.0,-1305800000.0,1433800000.0,1433800000.0,0.0,,,,,0.0,50200000.0,1.0,108746650.0,108746650.0,,13.185,5355600000.0,1111800000.0,-170600000.0,0.0,49.248,1360100000.0
61,AKS,MRQ,2004-09-30,2004-09-30,2004-09-30,2020-03-11,-189700000.0,5353100000.0,,1925000000.0,3428100000.0,,2.808,-20800000.0,313900000.0,313900000.0,1142300000.0,83100000.0,2.7,16.522,1260100000.0,0.0,1260100000.0,1260100000.0,0.0,53400000.0,0.0,0.0,0.0,59500000.0,112900000.0,0.084,112900000.0,59500000.0,32900000.0,0.76,0.76,0.76,305500000.0,,305500000.0,1880705705.0,17.0,5.602,48200000.0,0.443,1.0,195000000.0,0.146,113700000.0,26600000.0,5472700000.0,,734500000.0,120700000.0,0.0,120700000.0,5047600000.0,712900000.0,4334700000.0,887505705.0,47100000.0,-3900000.0,0.0,0.0,0.0,-400000.0,-21500000.0,-1000000.0,69000000.0,0.0,83100000.0,83100000.0,83100000.0,35500000.0,0.0,0.062,100500000.0,94500000.0,349000000.0,0.0,2.905,5.006,5.037,2324100000.0,0.0,8.16,0.183,0.184,674700000.0,-1203000000.0,1337300000.0,1337300000.0,0.0,,,,,0.0,49300000.0,1.0,108762954.0,108800000.0,109200000.0,12.291,5239400000.0,941300000.0,-50200000.0,0.0,48.156,1212100000.0
62,AKS,MRQ,2004-06-30,2004-06-30,2004-06-30,2020-03-11,-189300000.0,5222900000.0,,1714800000.0,3508100000.0,,2.043,-17700000.0,266800000.0,266800000.0,1147200000.0,92700000.0,2.522,22.516,1260000000.0,0.0,1260000000.0,1260000000.0,0.0,58400000.0,0.0,0.0,0.0,127500000.0,185900000.0,0.142,185900000.0,127500000.0,99900000.0,0.85,0.85,0.85,222100000.0,,222100000.0,1613372193.0,-10.0,23.902,17400000.0,0.16,1.0,164600000.0,0.125,113800000.0,27600000.0,5422400000.0,,723900000.0,118400000.0,0.0,118400000.0,5000800000.0,679900000.0,4320900000.0,572872193.0,-33100000.0,73600000.0,0.0,-142500000.0,0.0,-147500000.0,91300000.0,-700000.0,35100000.0,0.0,92700000.0,92700000.0,92700000.0,-72500000.0,0.0,0.071,108200000.0,56400000.0,307100000.0,0.0,2.579,-3.125,-3.1,2357600000.0,0.0,5.27,0.127,0.127,592500000.0,-1286100000.0,1311800000.0,1311800000.0,0.0,,,,,0.0,54400000.0,1.0,108704401.0,108700000.0,109000000.0,12.068,5109100000.0,916000000.0,7200000.0,0.0,47.002,1034900000.0
63,AKS,MRQ,2004-03-31,2004-03-31,2004-03-31,2020-03-11,-200300000.0,5232100000.0,,1699400000.0,3532700000.0,,1.071,-10800000.0,299900000.0,299900000.0,1026400000.0,165400000.0,2.084,43.949,1340400000.0,142500000.0,1197900000.0,1340400000.0,0.0,57800000.0,0.0,0.0,0.0,184900000.0,242700000.0,0.214,242700000.0,184900000.0,155200000.0,1.52,1.52,1.52,116400000.0,,116400000.0,1843376850.0,-5.0,-11.192,-129900000.0,-1.195,1.0,108000000.0,0.095,117300000.0,29700000.0,5339800000.0,,782000000.0,148400000.0,0.0,148400000.0,5115700000.0,815500000.0,4300200000.0,637776850.0,245200000.0,263900000.0,-200000.0,80000000.0,0.0,79700000.0,271800000.0,0.0,-119100000.0,0.0,165400000.0,165400000.0,165400000.0,-181800000.0,0.0,0.146,106500000.0,1500000.0,327500000.0,0.0,5.479,-1.801,-1.795,2390700000.0,0.0,5.87,0.152,0.152,478200000.0,-1378800000.0,1134400000.0,1134400000.0,0.0,,,,,0.0,52500000.0,1.0,108650230.0,108700000.0,108700000.0,10.436,5114800000.0,902600000.0,-10200000.0,0.0,47.054,883900000.0
64,AKS,MRQ,2003-12-31,2003-12-31,2003-12-31,2020-03-11,-203000000.0,5025600000.0,,1358000000.0,3667600000.0,,-0.486,-25200000.0,54700000.0,54700000.0,974500000.0,-163900000.0,1.743,-96.182,1260300000.0,62500000.0,1197800000.0,1260300000.0,0.0,53700000.0,0.0,0.0,0.0,-259500000.0,-205800000.0,-0.195,-205800000.0,-259500000.0,-289900000.0,-1.51,-1.51,-1.51,-52800000.0,,-52800000.0,1867253124.0,-3.0,-4.808,98000000.0,0.903,1.0,79500000.0,0.075,117400000.0,30400000.0,5334900000.0,,730900000.0,165600000.0,0.0,165600000.0,5078400000.0,778900000.0,4299500000.0,553653124.0,-4300000.0,1100000.0,-100000.0,-112500000.0,0.0,-111400000.0,-18300000.0,-1100000.0,123200000.0,0.0,-163900000.0,-163900000.0,-163900000.0,-15500000.0,0.0,-0.156,348000000.0,-268500000.0,376300000.0,0.0,-10.486,-0.988,-0.986,2433900000.0,0.0,5.1,0.137,0.137,399300000.0,-1544200000.0,1054000000.0,1054000000.0,0.0,,,,,0.0,57400000.0,1.0,108559436.0,108559436.0,,9.709,4908200000.0,926500000.0,-126000000.0,0.0,45.212,579100000.0
65,AKS,MRQ,2003-09-30,2003-09-30,2003-09-30,2020-03-11,-178300000.0,5050500000.0,,1476900000.0,3573600000.0,,1.241,-20300000.0,59100000.0,59100000.0,1026200000.0,-277500000.0,1.716,36.494,1372700000.0,112500000.0,1260200000.0,1372700000.0,0.0,60400000.0,0.0,0.0,0.0,-215700000.0,-155300000.0,-0.152,-155300000.0,-215700000.0,-246000000.0,-2.56,-2.56,-2.56,134700000.0,,134700000.0,1346644126.0,-1.0,-1.434,-110000000.0,-1.014,1.0,-5100000.0,-0.005,134300000.0,30300000.0,5368900000.0,,794800000.0,176000000.0,0.0,176000000.0,4915800000.0,860900000.0,4054900000.0,216944126.0,-133900000.0,-68300000.0,0.0,50000000.0,0.0,39900000.0,-85200000.0,1100000.0,-89700000.0,0.0,-277500000.0,-277500000.0,-277500000.0,-8500000.0,0.0,-0.272,219900000.0,-225000000.0,393200000.0,0.0,1.611,-0.245,-0.244,2528800000.0,0.0,2.0,0.055,0.055,482800000.0,-1380300000.0,1021100000.0,1021100000.0,0.0,,,,,0.0,61300000.0,1.0,108472063.0,108500000.0,108500000.0,9.411,4916200000.0,794300000.0,31500000.0,0.0,45.311,616000000.0
66,AKS,MRQ,2003-06-30,2003-06-30,2003-06-30,2020-03-11,-174900000.0,5382700000.0,,1672600000.0,3710100000.0,,3.819,-26300000.0,192900000.0,192900000.0,974200000.0,-78200000.0,1.796,11.989,1322600000.0,62500000.0,1260100000.0,1322600000.0,0.0,59400000.0,0.0,0.0,0.0,-105700000.0,-46300000.0,-0.047,-46300000.0,-105700000.0,-134200000.0,-0.72,-0.72,-0.72,414400000.0,,414400000.0,1465924696.0,-2.0,-2.101,-48400000.0,-0.446,1.0,7100000.0,0.007,203200000.0,28500000.0,5377800000.0,,913000000.0,176500000.0,0.0,176500000.0,4968300000.0,931400000.0,4036900000.0,392724696.0,-56300000.0,0.0,-100000.0,0.0,0.0,500000.0,-25200000.0,-1500000.0,-22100000.0,0.0,-78200000.0,-78200000.0,-78200000.0,-8400000.0,0.0,-0.08,122300000.0,-115200000.0,502900000.0,0.0,0.948,-0.642,-0.637,2554300000.0,0.0,3.62,0.098,0.098,420400000.0,-1102800000.0,981300000.0,981300000.0,0.0,,,,,0.0,65400000.0,1.0,108487485.0,108500000.0,108500000.0,9.044,5179500000.0,834400000.0,-56000000.0,0.0,47.737,741200000.0
67,AKS,MRQ,2003-03-31,2003-03-31,2003-03-31,2020-03-11,-177200000.0,5376800000.0,,1671500000.0,3705300000.0,,4.518,-15000000.0,249300000.0,249300000.0,912000000.0,-40800000.0,1.959,9.978,1322500000.0,62500000.0,1260000000.0,1322500000.0,0.0,59300000.0,0.0,0.0,0.0,-40300000.0,19000000.0,0.019,19000000.0,-40300000.0,-68900000.0,-0.38,-0.38,-0.38,489800000.0,,489800000.0,1392508935.0,-2.0,-2.634,-36800000.0,-0.339,1.0,73300000.0,0.074,203400000.0,28600000.0,5393400000.0,,880700000.0,172400000.0,0.0,172400000.0,4887000000.0,853200000.0,4033800000.0,352608935.0,-33300000.0,0.0,-500000.0,0.0,0.0,400000.0,-14900000.0,400000.0,-21800000.0,0.0,-40800000.0,-40800000.0,-40800000.0,-1600000.0,0.0,-0.041,116400000.0,-43100000.0,451300000.0,0.0,0.72,-0.681,-0.676,2589100000.0,0.0,3.25,0.084,0.084,404000000.0,-1024600000.0,985300000.0,985300000.0,0.0,,,,,0.0,59500000.0,1.0,108495057.0,108400000.0,108400000.0,9.089,5173400000.0,783900000.0,-28100000.0,0.0,47.725,818300000.0
68,AKS,MRQ,2002-12-31,2002-12-31,2002-12-31,2020-03-11,-178200000.0,5399700000.0,,1699700000.0,3700000000.0,,4.906,-18600000.0,282500000.0,282500000.0,840500000.0,-489700000.0,1.976,9.202,1322400000.0,62500000.0,1259900000.0,1322400000.0,0.0,52600000.0,0.0,0.0,0.0,-809300000.0,-756700000.0,-0.812,-756700000.0,-809300000.0,-839400000.0,-4.55,-4.72,-4.55,529300000.0,,529300000.0,2019572160.0,-3.0,-4.064,101900000.0,0.944,1.0,91500000.0,0.098,198000000.0,30100000.0,5381300000.0,,848500000.0,175200000.0,0.0,175200000.0,4870400000.0,860300000.0,4010100000.0,863172160.0,39400000.0,48900000.0,0.0,-77400000.0,0.0,-77800000.0,-24100000.0,-136400000.0,120500000.0,0.0,-489700000.0,-489700000.0,-489700000.0,5900000.0,0.0,-0.525,910700000.0,-819200000.0,452100000.0,0.0,1.631,-1.718,-1.713,2573700000.0,0.0,8.0,0.208,0.208,387200000.0,-983800000.0,932000000.0,932000000.0,0.0,,,,,0.0,43100000.0,1.0,107896520.0,107896520.0,,8.638,5201700000.0,756700000.0,-349700000.0,0.0,48.21,839400000.0
69,AKS,MRQ,2002-09-30,2002-09-30,2002-09-30,2020-03-11,-172600000.0,5173400000.0,,1700100000.0,3473300000.0,,9.485,-11800000.0,243300000.0,243300000.0,933500000.0,-3300000.0,1.936,4.055,1399700000.0,77400000.0,1322300000.0,1399700000.0,0.0,59800000.0,0.0,0.0,0.0,26500000.0,86300000.0,0.077,86300000.0,26500000.0,-5200000.0,-0.03,-0.03,-0.03,1023400000.0,,1023400000.0,1894609453.0,-73.0,9.342,25900000.0,0.24,1.0,184100000.0,0.165,221100000.0,31700000.0,5230700000.0,,848400000.0,174500000.0,0.0,174500000.0,4150000000.0,878000000.0,3272000000.0,788709453.0,-600600000.0,-44200000.0,-200000.0,-575300000.0,0.0,-592200000.0,-46100000.0,10000000.0,37700000.0,0.0,-3300000.0,-3300000.0,-3300000.0,0.0,0.0,-0.003,127300000.0,56800000.0,473200000.0,0.0,0.771,-8.852,-8.807,2662900000.0,0.0,7.31,0.197,0.197,522800000.0,-494100000.0,1117600000.0,1117600000.0,0.0,,,,,0.0,69900000.0,1.0,107894590.0,107900000.0,107900000.0,10.358,4952300000.0,417000000.0,-1900000.0,0.0,45.897,822100000.0
70,AKS,MRQ,2002-06-30,2002-06-30,2002-06-30,2020-03-11,-173800000.0,5768600000.0,,2271900000.0,3496700000.0,,9.623,-27700000.0,843900000.0,843900000.0,975600000.0,16200000.0,1.568,4.556,1949800000.0,627600000.0,1322200000.0,1949800000.0,0.0,58100000.0,0.0,0.0,0.0,64700000.0,122800000.0,0.108,122800000.0,64700000.0,30000000.0,0.15,0.15,0.15,1038300000.0,,1038300000.0,2686227051.0,-95.0,13.378,145800000.0,1.351,1.0,165900000.0,0.145,221300000.0,34700000.0,5203900000.0,,824700000.0,142000000.0,0.0,142000000.0,4730300000.0,1449300000.0,3281000000.0,1382527051.0,745300000.0,62800000.0,-600000.0,537900000.0,0.0,538200000.0,33200000.0,-1700000.0,173500000.0,0.0,16200000.0,16200000.0,16200000.0,1000000.0,0.0,0.014,96000000.0,69900000.0,492600000.0,0.0,1.332,-15.077,-14.895,2708500000.0,0.0,12.81,0.359,0.359,514200000.0,-489300000.0,1141500000.0,1141500000.0,0.0,,,,,0.0,64300000.0,1.0,107925609.0,107900000.0,108200000.0,10.579,5547300000.0,420600000.0,13800000.0,0.0,51.411,822600000.0
71,AKS,MRQ,2002-03-31,2002-03-31,2002-03-31,2020-03-11,-177100000.0,5137400000.0,,1587400000.0,3550000000.0,,9.437,-25400000.0,98600000.0,98600000.0,879100000.0,-25600000.0,1.839,4.046,1402300000.0,77800000.0,1324500000.0,1402300000.0,0.0,59900000.0,0.0,0.004,0.0,-9200000.0,50700000.0,0.052,50700000.0,-9200000.0,-41000000.0,-0.24,-0.24,-0.24,1018200000.0,,1018200000.0,2844860404.0,-51.0,16.118,-77500000.0,-0.718,1.0,88600000.0,0.092,221500000.0,31800000.0,5356400000.0,,905900000.0,133300000.0,0.0,133300000.0,4119200000.0,863200000.0,3256000000.0,1543360404.0,-2400000.0,0.0,-800000.0,-200000.0,0.0,-1300000.0,48300000.0,73700000.0,-52100000.0,0.0,-25600000.0,-25600000.0,-25600000.0,-500000.0,0.0,-0.026,122900000.0,-34300000.0,475400000.0,0.0,1.516,-14.671,-14.444,2759900000.0,0.0,14.3,0.418,0.418,490300000.0,-505500000.0,967700000.0,967700000.0,0.0,,,,,0.0,65500000.0,1.0,107927301.0,107900000.0,107900000.0,8.968,4915900000.0,442900000.0,-15400000.0,0.0,45.56,724200000.0
72,AKS,MRQ,2001-12-31,2001-12-31,2001-12-31,2020-03-11,-187300000.0,5225800000.0,,1547800000.0,3678000000.0,,9.592,-36000000.0,101000000.0,101000000.0,682200000.0,-76400000.0,1.622,4.057,1402500000.0,78000000.0,1324500000.0,1402500000.0,0.0,50900000.0,0.0,0.011,0.0,-107900000.0,-57000000.0,-0.073,-57000000.0,-107900000.0,-140500000.0,-0.71,-0.98,-0.71,1033300000.0,,1033300000.0,2626312617.0,-82.0,12.931,50300000.0,0.467,1.0,98800000.0,0.127,221600000.0,32600000.0,5351300000.0,,904600000.0,209900000.0,0.0,209900000.0,4192500000.0,954400000.0,3238100000.0,1225912617.0,37600000.0,0.0,-1000000.0,-62700000.0,0.0,-63000000.0,-12400000.0,18200000.0,86300000.0,0.0,-76400000.0,-76400000.0,-76400000.0,-1200000.0,0.0,-0.098,237300000.0,-138500000.0,537600000.0,0.0,1.186,-13.267,-13.08,2768300000.0,0.0,11.38,0.333,0.333,388000000.0,-479900000.0,781000000.0,781000000.0,0.0,,,,,0.0,45600000.0,1.0,107725186.0,107725186.0,,7.25,5004200000.0,470100000.0,-64100000.0,0.0,46.453,593400000.0
73,AKS,MRQ,2001-09-30,2001-09-30,2001-09-30,2020-03-11,-46600000.0,5226100000.0,,1566900000.0,3659200000.0,,11.598,-20300000.0,64700000.0,64700000.0,818600000.0,-5900000.0,1.664,3.184,1465100000.0,63300000.0,1401800000.0,1465100000.0,0.0,60200000.0,0.0,0.03,0.0,24100000.0,84300000.0,0.088,84300000.0,24100000.0,-8900000.0,-0.06,-0.06,-0.06,1249100000.0,,1249100000.0,2255354576.0,18.0,4.062,-27500000.0,-0.255,1.0,142100000.0,0.148,116500000.0,33000000.0,5568400000.0,,868300000.0,158400000.0,0.0,158400000.0,3977000000.0,941600000.0,3035400000.0,910254576.0,-40800000.0,-29300000.0,0.0,-200000.0,0.0,200000.0,-37300000.0,-31600000.0,-7200000.0,0.0,-5900000.0,-5900000.0,-5900000.0,800000.0,0.0,-0.006,118700000.0,23400000.0,507400000.0,0.0,0.729,-1820.509,-845.0,2812400000.0,0.0,8.45,0.24,0.24,530600000.0,-403500000.0,960700000.0,960700000.0,0.0,,,,,0.0,61900000.0,1.0,107722435.0,107700000.0,107700000.0,8.92,5109600000.0,333500000.0,-3000000.0,0.0,47.443,625300000.0
74,AKS,MRQ,2001-06-30,2001-06-30,2001-06-30,2020-03-11,-31900000.0,5160700000.0,,1515700000.0,3645000000.0,,11.771,-24200000.0,105500000.0,105500000.0,827100000.0,2700000.0,1.73,3.067,1450600000.0,63300000.0,1387300000.0,1450600000.0,0.0,60800000.0,0.0,0.03,0.063,37700000.0,98500000.0,0.1,98500000.0,37700000.0,4600000.0,0.02,0.02,0.02,1268900000.0,,1268900000.0,2758214664.0,14.0,4.83,28700000.0,0.266,1.0,157100000.0,0.16,116100000.0,33100000.0,5513700000.0,,803600000.0,169300000.0,0.0,169300000.0,3891800000.0,876000000.0,3015800000.0,1351514664.0,61500000.0,0.0,0.0,-100000.0,-6700000.0,-8400000.0,1200000.0,30300000.0,52900000.0,0.0,2700000.0,2700000.0,2700000.0,600000.0,0.0,0.003,120700000.0,36400000.0,483700000.0,3.15,1.065,28.94,29.163,2813400000.0,0.0,12.54,0.34,0.34,517800000.0,-397300000.0,984200000.0,984200000.0,0.0,,,,,0.0,62700000.0,1.0,107776289.0,107800000.0,108000000.0,9.13,5044600000.0,319600000.0,1900000.0,0.0,46.796,639700000.0
75,AKS,MRQ,2001-03-31,2001-03-31,2001-03-31,2020-03-11,-1900000.0,5088200000.0,,1396400000.0,3691800000.0,,12.084,-21400000.0,44000000.0,44000000.0,863700000.0,-12800000.0,1.883,2.906,1450700000.0,63200000.0,1387500000.0,1450700000.0,0.0,63300000.0,0.0,0.044,0.063,14100000.0,77400000.0,0.077,77400000.0,14100000.0,-20300000.0,-0.12,-0.12,-0.12,1302700000.0,,1302700000.0,2448350669.0,9.0,4.155,-36800000.0,-0.341,1.0,135100000.0,0.135,117500000.0,34400000.0,5635700000.0,,789500000.0,196200000.0,0.0,196200000.0,3785500000.0,741700000.0,3043800000.0,1084350669.0,-42800000.0,0.0,0.0,-200000.0,-6800000.0,-6800000.0,-20600000.0,1300000.0,-15400000.0,0.0,-12800000.0,-12800000.0,-12800000.0,0.0,0.0,-0.013,122900000.0,12200000.0,383600000.0,-0.525,0.832,11.647,11.824,2847900000.0,0.0,10.05,0.256,0.255,486300000.0,-393100000.0,998800000.0,998800000.0,0.0,,,,,0.0,63700000.0,1.0,107895589.0,107800000.0,107800000.0,9.265,4970700000.0,302500000.0,-7500000.0,0.0,46.11,654700000.0
76,AKS,MRQ,2000-12-31,2000-12-31,2000-12-31,2020-03-11,-4900000.0,5239800000.0,,1521800000.0,3718000000.0,,12.256,-47300000.0,86800000.0,86800000.0,694300000.0,15500000.0,1.709,2.972,1450800000.0,63200000.0,1387600000.0,1450800000.0,0.0,243300000.0,0.0,0.057,0.125,51700000.0,295000000.0,0.346,295000000.0,51700000.0,17800000.0,0.15,0.15,0.15,1319300000.0,,1319300000.0,2248183880.0,6.0,3.808,18800000.0,0.175,1.0,157700000.0,0.185,119100000.0,33900000.0,5594400000.0,,848400000.0,199600000.0,0.0,199600000.0,3920500000.0,890300000.0,3030200000.0,941883880.0,-60500000.0,0.0,-100000.0,-2800000.0,-13400000.0,-17200000.0,-92200000.0,-46800000.0,66100000.0,0.0,15500000.0,15500000.0,15500000.0,1600000.0,0.0,0.018,108800000.0,48900000.0,498300000.0,0.833,0.714,7.114,7.292,2885700000.0,0.0,8.75,0.214,0.214,517700000.0,-373300000.0,852000000.0,852000000.0,0.0,,,,,0.0,59500000.0,1.0,107643872.0,107643872.0,,7.915,5120700000.0,296900000.0,2300000.0,0.0,47.571,631500000.0
77,AKS,MRQ,2000-09-30,2000-09-30,2000-09-30,2020-03-11,-1800000.0,5313300000.0,,1689100000.0,3624200000.0,,12.133,-23200000.0,147300000.0,147300000.0,918700000.0,41300000.0,1.841,3.029,1453600000.0,3300000.0,1450300000.0,1453600000.0,0.0,0.0,0.0,0.053,0.125,100100000.0,100100000.0,0.088,100100000.0,100100000.0,66100000.0,0.38,0.38,0.38,1318900000.0,,1318900000.0,2340391634.0,7.0,4.17,55300000.0,0.509,1.0,221300000.0,0.194,116600000.0,34000000.0,5585300000.0,,855200000.0,152100000.0,0.0,152100000.0,3994400000.0,917700000.0,3076700000.0,1027991634.0,5800000.0,0.0,-21100000.0,-300000.0,-13700000.0,-35500000.0,-37200000.0,-15000000.0,78500000.0,0.0,41300000.0,41300000.0,41300000.0,0.0,0.0,0.036,123200000.0,98100000.0,536300000.0,0.329,0.779,9.295,9.566,2897100000.0,0.0,9.375,0.217,0.216,590700000.0,-375200000.0,1140000000.0,1140000000.0,0.0,,,,,0.0,65600000.0,1.0,109652441.0,108700000.0,109400000.0,10.488,5196700000.0,320200000.0,24800000.0,0.0,47.808,771400000.0
78,AKS,MRQ,2000-06-30,2000-06-30,2000-06-30,2020-03-11,-2500000.0,5259700000.0,,1585000000.0,3674700000.0,,11.841,-31900000.0,141500000.0,141500000.0,1006000000.0,49100000.0,1.795,3.013,1453900000.0,3300000.0,1450600000.0,1453900000.0,0.0,0.0,0.0,0.063,0.125,116700000.0,116700000.0,0.093,116700000.0,116700000.0,82400000.0,0.44,0.44,0.44,1310800000.0,,1310800000.0,2288727616.0,8.0,4.507,119900000.0,1.083,1.0,243700000.0,0.195,118100000.0,34300000.0,5570800000.0,,776000000.0,136500000.0,0.0,136500000.0,3948900000.0,883200000.0,3065700000.0,888927616.0,84600000.0,0.0,-18000000.0,-2700000.0,-13900000.0,-37500000.0,-29700000.0,-1400000.0,151800000.0,0.0,49100000.0,49100000.0,49100000.0,0.0,0.0,0.039,128100000.0,115600000.0,502400000.0,0.284,0.678,12.398,13.333,2931400000.0,0.0,8.0,0.191,0.191,591800000.0,-402500000.0,1249700000.0,1249700000.0,0.0,,,,,0.0,67900000.0,1.0,111115952.0,110700000.0,111500000.0,11.289,5141600000.0,346100000.0,33300000.0,0.0,46.446,701800000.0
79,AKS,MRQ,2000-03-31,2000-03-31,2000-03-31,2020-03-11,-1700000.0,5182000000.0,,1447000000.0,3735000000.0,,11.648,-33400000.0,56900000.0,56900000.0,958700000.0,26500000.0,1.758,3.001,1456700000.0,5900000.0,1450800000.0,1456700000.0,0.0,0.0,0.0,0.048,0.125,78600000.0,78600000.0,0.068,78600000.0,78600000.0,44700000.0,0.24,0.24,0.24,1295300000.0,,1295300000.0,2556012254.0,10.0,5.335,15400000.0,0.138,1.0,203300000.0,0.175,119600000.0,33900000.0,5639100000.0,,798600000.0,137100000.0,0.0,137100000.0,3886700000.0,823100000.0,3063600000.0,1153512254.0,2500000.0,0.0,1600000.0,-200000.0,-13900000.0,-13500000.0,-32800000.0,0.0,48800000.0,0.0,26500000.0,26500000.0,26500000.0,0.0,0.0,0.023,125100000.0,78200000.0,479100000.0,0.521,0.891,22.056,24.128,2961000000.0,0.0,10.375,0.256,0.256,519000000.0,-437700000.0,1162000000.0,1162000000.0,0.0,,,,,0.0,64900000.0,1.0,111181904.0,111200000.0,111300000.0,10.45,5062400000.0,375900000.0,18200000.0,0.0,45.525,623900000.0
80,AKS,MRQ,1999-12-31,1999-12-31,1999-12-31,2020-03-11,-1700000.0,5227100000.0,,1432500000.0,3794600000.0,,12.399,-81700000.0,54400000.0,54400000.0,944300000.0,-6300000.0,1.65,3.091,1456900000.0,5900000.0,1451000000.0,1456900000.0,0.0,227100000.0,0.0,0.026,0.125,38800000.0,265900000.0,0.226,265900000.0,38800000.0,4300000.0,-0.08,-0.07,-0.08,1277800000.0,,1277800000.0,3387397798.0,13.0,7.056,-31800000.0,-0.309,1.0,230700000.0,0.196,121300000.0,34500000.0,5640300000.0,,797600000.0,137300000.0,0.0,137300000.0,3949300000.0,868000000.0,3081300000.0,1945197798.0,-74900000.0,0.0,11100000.0,-127700000.0,-12800000.0,-114700000.0,-10100000.0,78100000.0,49900000.0,0.0,-6300000.0,-6300000.0,-6300000.0,0.0,0.0,-0.005,194200000.0,36500000.0,496000000.0,-1.563,1.522,29.743,33.705,2987800000.0,0.0,18.875,0.445,0.445,507200000.0,-450000000.0,1175000000.0,1175000000.0,0.0,,,,,0.0,81100000.0,1.0,103056837.0,103056837.0,,11.401,5105800000.0,392500000.0,10600000.0,0.0,49.544,564500000.0
81,AKS,MRQ,1999-09-30,1999-09-30,1999-09-30,2020-03-11,-3200000.0,5293400000.0,,1567700000.0,3725700000.0,,12.507,-83300000.0,129300000.0,129300000.0,841000000.0,2400000.0,1.41,3.182,1571500000.0,267700000.0,1303800000.0,1571500000.0,0.0,0.0,0.0,0.027,0.125,46600000.0,46600000.0,0.044,46600000.0,46600000.0,17400000.0,0.0,0.0,0.0,1265700000.0,,1265700000.0,2226261373.0,7.0,4.351,-32500000.0,-0.321,1.0,214500000.0,0.203,124000000.0,29200000.0,5499900000.0,,704200000.0,124600000.0,73600000.0,51000000.0,4027700000.0,1111700000.0,2916000000.0,1087561373.0,-163200000.0,0.0,8100000.0,37800000.0,-7500000.0,-82700000.0,-131300000.0,-48800000.0,50800000.0,0.0,2400000.0,2400000.0,2400000.0,0.0,0.0,0.002,174100000.0,40400000.0,437400000.0,,0.859,8.038,14.484,2969700000.0,0.0,18.25,0.254,0.431,572200000.0,-424600000.0,1055500000.0,1055500000.0,0.0,,,,,0.0,77200000.0,1.0,59592404.0,101200000.0,101800000.0,10.43,5169400000.0,409900000.0,15000000.0,0.0,51.081,456000000.0
82,AKS,MRQ,1999-06-30,1999-06-30,1999-06-30,2020-03-11,1500000.0,3449000000.0,,882500000.0,2566500000.0,,9.47,-79900000.0,141300000.0,141300000.0,896000000.0,29700000.0,1.779,2.602,1280000000.0,0.0,1280000000.0,1280000000.0,0.0,0.0,0.0,0.022,0.125,88000000.0,88000000.0,0.079,88000000.0,88000000.0,58500000.0,0.27,0.27,0.27,957400000.0,,957400000.0,2443471608.0,7.0,4.592,10600000.0,0.105,1.0,217500000.0,0.195,0.0,29500000.0,4091500000.0,,408600000.0,0.0,0.0,0.0,2491600000.0,496200000.0,1995400000.0,1336671608.0,-351100000.0,0.0,4500000.0,-327700000.0,-7400000.0,-349900000.0,-91700000.0,-14400000.0,90500000.0,0.0,29700000.0,29700000.0,29700000.0,-7500000.0,0.0,0.027,128200000.0,89300000.0,289200000.0,0.463,1.396,8.2,14.61,2329700000.0,0.0,22.5,0.319,0.543,321000000.0,313800000.0,1113500000.0,1113500000.0,0.0,,,,,0.0,77900000.0,1.0,59407627.0,101100000.0,101800000.0,11.014,3449000000.0,0.0,28800000.0,87900000.0,34.115,386300000.0
83,AKS,MRQ,1999-03-31,1999-03-31,1999-03-31,2020-03-11,1300000.0,3771400000.0,,1220300000.0,2551100000.0,,9.463,-90200000.0,498200000.0,498200000.0,822000000.0,39600000.0,1.464,2.958,1605000000.0,325000000.0,1280000000.0,1605000000.0,0.0,0.0,0.0,0.022,0.125,79600000.0,79600000.0,0.078,79600000.0,79600000.0,49100000.0,0.37,0.36,0.37,952900000.0,,952900000.0,2394262028.0,7.0,4.709,-32100000.0,-0.319,1.0,202300000.0,0.198,0.0,30500000.0,4044600000.0,,390600000.0,0.0,0.0,0.0,2818500000.0,833600000.0,1984900000.0,1332262028.0,296900000.0,0.0,-500000.0,346800000.0,-7400000.0,328800000.0,-90000000.0,-3700000.0,58100000.0,0.0,39600000.0,39600000.0,39600000.0,0.0,0.0,0.039,123700000.0,78600000.0,279400000.0,0.338,1.398,7.992,12.33,2301800000.0,0.0,22.563,0.362,0.617,314500000.0,313300000.0,1024300000.0,1024300000.0,0.0,,,,,0.0,73600000.0,1.0,59046316.0,100700000.0,108200000.0,10.172,3771400000.0,0.0,9500000.0,85500000.0,37.452,386700000.0
84,AKS,MRQ,1998-12-31,1998-12-31,1998-12-31,2020-03-11,-300000.0,5248500000.0,,1497100000.0,3751400000.0,,21.416,-147100000.0,346700000.0,346700000.0,861200000.0,63600000.0,1.626,3.157,1512600000.0,116900000.0,1395700000.0,1512600000.0,0.0,177300000.0,0.0,0.021,0.125,120200000.0,297500000.0,0.273,297500000.0,120200000.0,97500000.0,0.62,0.6,0.62,1262700000.0,,1262700000.0,2406658167.0,5.0,3.451,-17600000.0,-0.299,1.0,227400000.0,0.209,128600000.0,22700000.0,5364800000.0,,680900000.0,146200000.0,7000000.0,139200000.0,3985800000.0,921000000.0,3064800000.0,1385558167.0,111700000.0,-6100000.0,1000000.0,57600000.0,-7300000.0,48900000.0,-66700000.0,115600000.0,129500000.0,0.0,63600000.0,63600000.0,63600000.0,0.0,0.0,0.058,116300000.0,111100000.0,441100000.0,0.202,1.097,4.202,7.367,2873000000.0,0.0,23.5,0.338,0.338,441100000.0,-472700000.0,1088600000.0,1088600000.0,0.0,,,,,0.0,71900000.0,1.0,58959922.0,58959922.0,,18.463,5119900000.0,442500000.0,33900000.0,0.0,86.837,576100000.0
85,AKS,MRQ,1998-09-30,1998-09-30,1998-09-30,2020-03-11,100000.0,3280500000.0,,887800000.0,2392700000.0,,8.866,-233900000.0,123900000.0,123900000.0,780900000.0,30100000.0,1.597,2.686,1145000000.0,0.0,1145000000.0,1145000000.0,0.0,0.0,0.0,0.025,0.125,67000000.0,67000000.0,0.07,67000000.0,67000000.0,46800000.0,0.28,0.28,0.28,890100000.0,,890100000.0,1779655696.0,5.0,3.328,-271600000.0,-2.705,1.0,178800000.0,0.186,0.0,20200000.0,3745800000.0,,423700000.0,79800000.0,79800000.0,0.0,2390400000.0,555800000.0,1834600000.0,973255696.0,-293500000.0,0.0,-3700000.0,-34400000.0,-7500000.0,-53200000.0,-202600000.0,7500000.0,-37700000.0,0.0,30100000.0,30100000.0,30100000.0,0.0,0.0,0.031,114500000.0,64300000.0,320000000.0,0.446,1.093,5.845,14.419,2153000000.0,0.0,16.438,0.215,0.365,251200000.0,257200000.0,959700000.0,959700000.0,0.0,,,,,0.0,72400000.0,1.0,59207671.0,100400000.0,107600000.0,9.559,3280500000.0,0.0,16700000.0,76000000.0,32.674,332000000.0
86,AKS,MRQ,1998-06-30,1998-06-30,1998-06-30,2020-03-11,2700000.0,3271800000.0,,1042400000.0,2229400000.0,,15.098,-216800000.0,338600000.0,338600000.0,503000000.0,33400000.0,1.866,2.661,1145000000.0,0.0,1145000000.0,1145000000.0,0.0,0.0,0.0,0.019,0.125,64300000.0,64300000.0,0.105,64300000.0,64300000.0,52700000.0,0.56,0.56,0.56,893800000.0,,893800000.0,1810274716.0,5.0,3.316,-135000000.0,-2.28,1.0,109000000.0,0.178,0.0,11600000.0,3519500000.0,,386800000.0,94800000.0,94800000.0,0.0,2378000000.0,558700000.0,1819300000.0,1060274716.0,-56400000.0,0.0,-5400000.0,0.0,-7400000.0,-12800000.0,-125400000.0,86300000.0,81800000.0,0.0,33400000.0,33400000.0,33400000.0,0.0,0.0,0.055,50700000.0,58300000.0,341400000.0,0.223,1.186,6.115,11.917,1964400000.0,0.0,17.875,0.255,0.255,213500000.0,255300000.0,612000000.0,612000000.0,0.0,,,,,0.0,29500000.0,1.0,59316068.0,59200000.0,59600000.0,10.338,3271800000.0,0.0,19300000.0,75300000.0,55.267,483700000.0
87,AKS,MRQ,1998-03-31,1998-03-31,1998-03-31,2020-03-11,2800000.0,3211800000.0,,1177500000.0,2034300000.0,,14.563,-197300000.0,395000000.0,395000000.0,483600000.0,28400000.0,2.204,2.682,1145000000.0,0.0,1145000000.0,1145000000.0,0.0,0.0,0.0,0.012,0.125,61100000.0,61100000.0,0.104,61100000.0,61100000.0,45400000.0,0.47,0.47,0.47,872300000.0,,872300000.0,1932899996.0,5.0,,-140600000.0,-2.347,1.0,104600000.0,0.178,0.0,15700000.0,3427500000.0,,350000000.0,181200000.0,181200000.0,0.0,2339500000.0,534300000.0,1805200000.0,1283599996.0,46800000.0,0.0,-29500000.0,147500000.0,-7500000.0,110200000.0,-120100000.0,76700000.0,56700000.0,0.0,28400000.0,28400000.0,28400000.0,0.0,0.0,0.048,50400000.0,54200000.0,314300000.0,0.266,1.472,7.171,13.04,1768800000.0,0.0,21.125,0.308,0.304,233700000.0,229200000.0,588200000.0,588200000.0,0.0,,,,,0.0,29200000.0,1.0,60762130.0,59900000.0,60200000.0,9.82,3211800000.0,0.0,17000000.0,68100000.0,53.619,643200000.0
88,AKS,MRQ,1997-12-31,1997-12-31,1997-12-31,2020-03-11,2100000.0,3084300000.0,,1221600000.0,1862700000.0,,14.476,-304100000.0,348200000.0,348200000.0,1899400000.0,74600000.0,2.168,2.506,997500000.0,0.0,997500000.0,997500000.0,0.0,156800000.0,0.0,0.01,0.031,185500000.0,342300000.0,0.145,342300000.0,185500000.0,133600000.0,-0.17,-0.11,-0.17,879600000.0,,879600000.0,,,,-115800000.0,-1.906,1.0,457200000.0,0.194,0.0,51900000.0,3170200000.0,,365200000.0,257900000.0,257900000.0,0.0,2204700000.0,563400000.0,1641300000.0,1074760555.0,-142800000.0,-3000000.0,-16900000.0,-26600000.0,-7800000.0,-65200000.0,-265900000.0,23900000.0,188300000.0,0.0,74600000.0,74600000.0,74600000.0,-1600000.0,0.0,0.032,284500000.0,172700000.0,375600000.0,-0.182,1.222,5.806,10.107,1592700000.0,0.0,17.688,0.257,0.257,241500000.0,208300000.0,2356600000.0,2356600000.0,0.0,,,,,0.0,203200000.0,1.0,60762130.0,60762130.0,,38.784,3084300000.0,0.0,59000000.0,60000000.0,50.76,658200000.0
89,AKS,MRQ,1997-09-30,1997-09-30,1997-09-30,2020-03-11,,,,,,,,-175200000.0,,,482300000.0,37000000.0,,,,,,,,0.0,,0.019,0.05,78300000.0,78300000.0,0.131,78300000.0,78300000.0,59600000.0,0.64,0.59,0.64,,,,,,,-16700000.0,,1.0,116300000.0,0.194,,18700000.0,,,,,,,,,,,200000.0,0.0,-1300000.0,20000000.0,-5300000.0,4800000.0,-163100000.0,11900000.0,158500000.0,0.0,37000000.0,37000000.0,37000000.0,0.0,0.0,0.062,47900000.0,68400000.0,,0.078,,,,,0.0,10.656,,,,,598600000.0,598600000.0,0.0,,,,,0.0,28100000.0,1.0,,,,,,,22600000.0,,,
90,AKS,MRQ,1997-06-30,1997-06-30,1997-06-30,2020-03-11,,,,,,,,,,,500700000.0,39000000.0,,,,,,,,,,0.017,0.05,82700000.0,,,,82700000.0,63300000.0,0.68,0.63,0.68,,,,,,,,,1.0,121900000.0,0.196,,19400000.0,,,,,,,,,,,,,,,,,,,,,39000000.0,39000000.0,39000000.0,0.0,0.0,0.063,48200000.0,73700000.0,,0.074,,,,,0.0,11.031,,,,,622600000.0,622600000.0,0.0,,,,,,28300000.0,1.0,,,,,,,24300000.0,,,
91,AKS,MRQ,1997-03-31,1997-03-31,1997-03-31,2020-03-11,,,,,,,,,,,480900000.0,34500000.0,,,,,,,,,,0.019,0.05,77800000.0,,,,77800000.0,56100000.0,0.6,0.56,0.6,,,,,,,,,1.0,117900000.0,0.197,,21700000.0,,,,,,,,,,,,,,,,,,,,,34500000.0,34500000.0,34500000.0,0.0,0.0,0.058,48400000.0,69500000.0,,0.083,,,,,0.0,9.0,,,,,598800000.0,598800000.0,0.0,,,,,,28400000.0,1.0,,53500000.0,62200000.0,11.193,,,21600000.0,,,
92,AKS,MRQ,1996-12-31,1996-12-31,1996-12-31,2020-03-11,0.0,2650800000.0,,1365700000.0,1285100000.0,,,,523100000.0,523100000.0,,,3.787,2.412,875000000.0,0.0,875000000.0,875000000.0,0.0,,0.0,0.016,0.05,,,,,,,,,,777000000.0,,777000000.0,,,,,,1.0,,,0.0,,2642100000.0,,360900000.0,216200000.0,216200000.0,0.0,1873800000.0,360600000.0,1513200000.0,,,,,,,,,,,,,,,,,,,,239800000.0,,,,3.855,1038600000.0,,9.906,,,260300000.0,89200000.0,,,,,,,,,,1.0,,,,,2650800000.0,0.0,,15700000.0,,1005100000.0
0,AKS,MRT,2019-12-31,2019-12-31,2019-12-31,2020-03-11,-68000000.0,4590600000.0,4663075000.0,2020300000.0,2570300000.0,1.364,0.479,-180800000.0,31000000.0,31000000.0,5606300000.0,63000000.0,1.905,27.15,1968800000.0,0.0,1968800000.0,1968800000.0,0.0,225300000.0,0.0,0.0,0.0,164000000.0,389300000.0,0.061,389300000.0,164000000.0,17400000.0,0.04,0.04,0.04,151500000.0,128925000.0,151500000.0,3252617299.0,20.0,8.355,85100000.0,0.269,1.0,753100000.0,0.118,293400000.0,146600000.0,5174500000.0,5683825000.0,1346200000.0,0.0,0.0,0.0,4113300000.0,1060500000.0,3052800000.0,1041017299.0,-17600000.0,-14000000.0,0.0,-37300000.0,0.0,-95300000.0,-188200000.0,0.0,265900000.0,0.0,11200000.0,11200000.0,11200000.0,0.0,51800000.0,0.002,543800000.0,209300000.0,705100000.0,0.0,6.871,92.948,82.25,1931900000.0,0.0,3.29,0.164,0.164,577900000.0,-2680600000.0,6359400000.0,6359400000.0,0.0,0.002,0.087,0.029,0.026,0.0,295200000.0,1.0,316418632.0,316418632.0,,20.098,4297200000.0,0.0,6200000.0,0.0,13.581,959800000.0
1,AKS,MRT,2019-09-30,2019-09-30,2019-09-30,2020-03-11,-137300000.0,4604600000.0,4644350000.0,2066200000.0,2538400000.0,1.419,0.425,-184800000.0,30800000.0,30800000.0,5728800000.0,150000000.0,2.063,30.802,2242400000.0,53600000.0,2188800000.0,2242400000.0,0.0,236000000.0,0.0,0.0,0.0,249400000.0,485400000.0,0.074,485400000.0,249400000.0,99100000.0,0.32,0.32,0.32,134600000.0,116025000.0,134600000.0,2888993650.0,12.0,5.952,122500000.0,0.387,1.0,862000000.0,0.131,0.0,150300000.0,5814600000.0,5648525000.0,1362700000.0,0.0,0.0,0.0,4145900000.0,1001600000.0,3144300000.0,718193650.0,-16500000.0,-1900000.0,0.0,-76400000.0,0.0,-147000000.0,-176800000.0,0.0,307300000.0,0.0,98600000.0,98600000.0,98600000.0,0.0,51400000.0,0.015,576600000.0,285400000.0,676000000.0,0.0,5.336,7.284,7.094,2145600000.0,0.0,2.27,0.109,0.109,624400000.0,-2626700000.0,6590800000.0,6590800000.0,0.0,0.021,0.85,0.044,0.038,0.0,309700000.0,1.0,316384868.0,316384868.0,,20.832,4604600000.0,0.0,500000.0,0.0,14.554,1064600000.0
2,AKS,MRT,2019-06-30,2019-06-30,2019-06-30,2020-03-11,-131900000.0,4687000000.0,4615175000.0,2160200000.0,2526800000.0,1.471,0.429,-168500000.0,42200000.0,42200000.0,5849000000.0,215000000.0,2.025,31.058,2213000000.0,53900000.0,2159100000.0,2213000000.0,0.0,242600000.0,0.0,0.0,0.0,315700000.0,558300000.0,0.082,558300000.0,315700000.0,164600000.0,0.52,0.52,0.52,135600000.0,106650000.0,135600000.0,3022635524.0,10.0,5.414,145000000.0,0.458,1.0,941900000.0,0.139,0.0,151100000.0,5790900000.0,5546325000.0,1353900000.0,0.0,0.0,0.0,4211400000.0,1066900000.0,3144500000.0,749735524.0,-3800000.0,-1900000.0,0.0,-101800000.0,0.0,-157000000.0,-160300000.0,0.0,313500000.0,0.0,163000000.0,163000000.0,163000000.0,0.0,52000000.0,0.024,592800000.0,349100000.0,732300000.0,0.0,5.529,4.6,4.558,2124900000.0,0.0,2.37,0.11,0.11,675200000.0,-2629500000.0,6790900000.0,6790900000.0,0.0,0.035,1.528,0.057,0.046,0.0,318300000.0,1.0,316344103.0,316344103.0,,21.467,4687000000.0,0.0,1600000.0,0.0,14.816,1093300000.0
3,AKS,MRT,2019-03-31,2019-03-31,2019-03-31,2020-03-11,-104900000.0,4770100000.0,4554750000.0,2229400000.0,2540700000.0,1.505,0.297,-157000000.0,41200000.0,41200000.0,5912700000.0,207400000.0,2.05,46.173,2314100000.0,56100000.0,2258000000.0,2314100000.0,0.0,247800000.0,0.0,0.0,0.0,304800000.0,552600000.0,0.081,552600000.0,304800000.0,152900000.0,0.49,0.49,0.49,94000000.0,79900000.0,94000000.0,2814948460.0,9.0,5.094,134200000.0,0.424,1.0,944300000.0,0.138,0.0,151900000.0,5955300000.0,5444850000.0,1378800000.0,0.0,0.0,0.0,4340300000.0,1087700000.0,3252600000.0,869848460.0,-3300000.0,-1900000.0,0.0,-76600000.0,0.0,-147300000.0,-147200000.0,0.0,291200000.0,0.0,152800000.0,152800000.0,152800000.0,0.0,54600000.0,0.022,602300000.0,342000000.0,768200000.0,0.0,9.254,5.693,5.612,2143700000.0,0.0,2.75,0.127,0.127,720600000.0,-2696300000.0,6857000000.0,6857000000.0,0.0,0.034,1.912,0.056,0.044,0.0,322500000.0,1.0,316308531.0,316308531.0,,21.678,4770100000.0,0.0,100000.0,0.0,15.081,1141700000.0
4,AKS,MRT,2018-12-31,2018-12-31,2018-12-31,2020-03-11,-100000000.0,4515700000.0,4476650000.0,2201300000.0,2314400000.0,1.523,0.317,-150100000.0,48600000.0,48600000.0,5911000000.0,244100000.0,1.95,40.903,1993700000.0,0.0,1993700000.0,1993700000.0,0.0,252200000.0,0.0,0.0,0.0,331400000.0,583600000.0,0.086,583600000.0,331400000.0,179800000.0,0.59,0.59,0.59,99900000.0,51625000.0,99900000.0,2697569421.0,8.0,4.622,214600000.0,0.68,1.0,907200000.0,0.133,298900000.0,151600000.0,5033300000.0,5334550000.0,1419900000.0,0.0,0.0,0.0,4086200000.0,1128600000.0,2957600000.0,709969421.0,10600000.0,-1900000.0,0.0,-127600000.0,0.0,-202200000.0,-151900000.0,0.0,364700000.0,0.0,186000000.0,186000000.0,186000000.0,0.0,58100000.0,0.027,542800000.0,364400000.0,801000000.0,0.0,7.107,3.817,3.814,1911600000.0,0.0,2.25,0.104,0.104,635800000.0,-2691800000.0,6818200000.0,6818200000.0,0.0,0.042,3.603,0.062,0.049,0.0,322600000.0,1.0,315541965.0,315541965.0,,21.608,4216800000.0,0.0,-6200000.0,0.0,13.364,1072700000.0
5,AKS,MRT,2018-09-30,2018-09-30,2018-09-30,2020-03-11,-67700000.0,4487900000.0,4466425000.0,2172400000.0,2315500000.0,1.486,0.308,-162000000.0,47300000.0,47300000.0,5817000000.0,134500000.0,2.031,41.711,2034900000.0,0.0,2034900000.0,2034900000.0,0.0,253300000.0,0.0,0.0,0.0,216300000.0,469600000.0,0.071,469600000.0,216300000.0,65800000.0,0.23,0.23,0.23,97100000.0,15500000.0,97100000.0,3536606865.0,16.0,7.531,132700000.0,0.421,1.0,819700000.0,0.124,0.0,150500000.0,5405800000.0,5386025000.0,1345500000.0,0.0,0.0,0.0,4050100000.0,1069700000.0,2980400000.0,1546006865.0,-22000000.0,-2400000.0,0.0,-76900000.0,0.0,-152500000.0,-164200000.0,0.0,294700000.0,0.0,72100000.0,72100000.0,72100000.0,0.0,62400000.0,0.011,594100000.0,225600000.0,773600000.0,0.0,15.922,21.443,21.304,1909100000.0,0.0,4.9,0.233,0.233,700700000.0,-2725300000.0,6636700000.0,6636700000.0,0.0,0.016,4.652,0.04,0.033,0.0,315200000.0,1.0,315511605.0,315511605.0,,21.035,4487900000.0,0.0,-6300000.0,0.0,14.224,1102700000.0
6,AKS,MRT,2018-06-30,2018-06-30,2018-06-30,2020-03-11,-66800000.0,4445300000.0,4459275000.0,2108400000.0,2336900000.0,1.434,0.091,-161500000.0,46000000.0,46000000.0,5632600000.0,89000000.0,2.006,142.465,2036600000.0,0.0,2036600000.0,2036600000.0,0.0,255300000.0,0.0,0.0,0.0,169400000.0,424700000.0,0.066,424700000.0,169400000.0,19200000.0,0.09,0.09,0.09,28600000.0,-52950000.0,28600000.0,3427224959.0,20.0,8.07,21500000.0,0.068,1.0,762800000.0,0.119,0.0,150200000.0,5385000000.0,5327325000.0,1311000000.0,0.0,0.0,0.0,4074500000.0,1050900000.0,3023600000.0,1368424959.0,-90300000.0,-363300000.0,0.0,322800000.0,0.0,249900000.0,-523200000.0,0.0,183000000.0,0.0,27200000.0,27200000.0,27200000.0,0.0,61800000.0,0.004,585700000.0,177100000.0,768300000.0,0.0,47.847,50.31,48.222,1931200000.0,0.0,4.34,0.214,0.214,653000000.0,-2792500000.0,6395400000.0,6395400000.0,0.0,0.006,-0.514,0.032,0.026,0.0,303800000.0,1.0,315305290.0,315305290.0,,20.283,4445300000.0,0.0,-8000000.0,0.0,14.098,1057500000.0
7,AKS,MRT,2018-03-31,2018-03-31,2018-03-31,2020-03-11,-56100000.0,4457700000.0,4349350000.0,2094700000.0,2363000000.0,1.427,-0.061,-155000000.0,44500000.0,44500000.0,5439900000.0,109100000.0,2.09,-216.01,2103300000.0,0.0,2103300000.0,2103300000.0,0.0,252700000.0,0.0,0.0,0.0,191200000.0,443900000.0,0.072,443900000.0,191200000.0,40700000.0,0.16,0.15,0.16,-19100000.0,-101800000.0,-19100000.0,3500334690.0,18.0,7.885,73100000.0,0.232,1.0,766100000.0,0.123,0.0,150500000.0,5514100000.0,5139075000.0,1334000000.0,0.0,0.0,0.0,4125800000.0,1002400000.0,3123400000.0,1428234690.0,-141200000.0,-363300000.0,0.0,221600000.0,0.0,146300000.0,-515600000.0,0.0,228100000.0,0.0,47800000.0,47800000.0,47800000.0,0.0,61300000.0,0.008,572000000.0,194100000.0,728600000.0,0.0,-74.777,29.879,28.313,1951000000.0,0.0,4.53,0.23,0.23,619800000.0,-2849100000.0,6206000000.0,6206000000.0,0.0,0.011,-0.47,0.037,0.031,0.0,289900000.0,1.0,315283596.0,315283596.0,,19.684,4457700000.0,0.0,-7100000.0,0.0,14.139,1092300000.0
8,AKS,MRT,2017-12-31,2017-12-31,2017-12-31,2020-03-11,-50200000.0,4474800000.0,4261025000.0,2071100000.0,2403700000.0,1.427,-0.142,-149600000.0,38000000.0,38000000.0,5253100000.0,164900000.0,2.069,-93.592,2110100000.0,0.0,2110100000.0,2110100000.0,0.0,250100000.0,0.0,0.0,0.0,253600000.0,503700000.0,0.083,503700000.0,253600000.0,101300000.0,0.33,0.32,0.33,-44600000.0,-154325000.0,-44600000.0,3811111886.0,15.0,7.566,49200000.0,0.156,1.0,827400000.0,0.136,306700000.0,152300000.0,5239200000.0,4948925000.0,1385000000.0,0.0,0.0,0.0,4174200000.0,1001000000.0,3173200000.0,1782211886.0,-135200000.0,-363300000.0,0.0,256300000.0,0.0,174700000.0,-508700000.0,0.0,198800000.0,0.0,103500000.0,103500000.0,103500000.0,0.0,61400000.0,0.017,567200000.0,260200000.0,690400000.0,0.0,-39.96,17.219,17.152,1986200000.0,0.0,5.66,0.293,0.293,517800000.0,-2877000000.0,6080500000.0,6080500000.0,0.0,0.024,-0.671,0.051,0.042,0.0,284900000.0,1.0,314878425.0,314878425.0,,19.311,4168100000.0,0.0,-2200000.0,0.0,13.237,1070100000.0
9,AKS,MRT,2017-09-30,2017-09-30,2017-09-30,2020-03-11,-111300000.0,4459300000.0,4151325000.0,1932400000.0,2526900000.0,1.446,-0.561,-134400000.0,69300000.0,69300000.0,5113800000.0,174400000.0,1.924,-24.238,2098200000.0,0.0,2098200000.0,2098200000.0,0.0,245100000.0,0.0,0.0,0.0,246100000.0,491200000.0,0.082,491200000.0,246100000.0,91600000.0,0.26,0.24,0.26,-176700000.0,-211225000.0,-176700000.0,3313400845.0,13.0,6.746,36300000.0,0.115,1.0,889700000.0,0.148,312800000.0,154500000.0,5171000000.0,4839775000.0,1184100000.0,0.0,0.0,0.0,4282800000.0,1004400000.0,3278400000.0,1760000845.0,11800000.0,-360900000.0,351000000.0,58200000.0,0.0,332100000.0,-491000000.0,0.0,170700000.0,0.0,112500000.0,112500000.0,112500000.0,0.0,61900000.0,0.019,601000000.0,288700000.0,718000000.0,0.0,-9.96,15.644,21.5,2024600000.0,0.0,5.59,0.293,0.293,563400000.0,-2946900000.0,6003500000.0,6003500000.0,0.0,0.027,-0.533,0.051,0.041,0.0,278900000.0,1.0,314848094.0,314848094.0,,19.068,4146500000.0,0.0,-20900000.0,0.0,13.17,928000000.0
10,AKS,MRT,2017-06-30,2017-06-30,2017-06-30,2020-03-11,-106100000.0,4005600000.0,4016700000.0,1854400000.0,2151200000.0,1.484,-0.53,-125800000.0,136300000.0,136300000.0,5006100000.0,203900000.0,2.0,-22.902,1689700000.0,0.0,1689700000.0,1689700000.0,0.0,239000000.0,0.0,0.0,0.0,292400000.0,531400000.0,0.089,531400000.0,292400000.0,135100000.0,0.4,0.38,0.4,-166800000.0,-328700000.0,-166800000.0,3755401886.0,13.0,7.067,109000000.0,0.346,1.0,956000000.0,0.16,0.0,157300000.0,4632000000.0,4779300000.0,1103500000.0,0.0,0.0,0.0,3820000000.0,927000000.0,2893000000.0,2068401886.0,80100000.0,0.0,351000000.0,-431400000.0,0.0,-167400000.0,12700000.0,135400000.0,234800000.0,0.0,141100000.0,141100000.0,141100000.0,0.0,62800000.0,0.024,602800000.0,353200000.0,672800000.0,0.0,-12.4,14.659,16.425,1946200000.0,0.0,6.57,0.347,0.347,530900000.0,-2941100000.0,5962100000.0,5962100000.0,0.0,0.035,-0.429,0.061,0.049,0.0,290700000.0,1.0,314825249.0,314825249.0,,18.938,4005600000.0,0.0,-6000000.0,0.0,12.723,927400000.0
11,AKS,MRT,2017-03-31,2017-03-31,2017-03-31,2020-03-11,-86200000.0,4104400000.0,3994875000.0,1923700000.0,2180700000.0,1.476,-0.728,-131300000.0,185700000.0,185700000.0,5011100000.0,145400000.0,1.853,-17.233,1872700000.0,168500000.0,1704200000.0,1872700000.0,0.0,238300000.0,0.0,0.0,0.0,224700000.0,463000000.0,0.079,463000000.0,224700000.0,64200000.0,0.23,0.22,0.23,-229200000.0,-457050000.0,-229200000.0,3928035815.0,17.0,8.484,72900000.0,0.232,1.0,886000000.0,0.15,0.0,160500000.0,4753500000.0,4850850000.0,1105800000.0,0.0,0.0,0.0,3949900000.0,1037900000.0,2912000000.0,2263335815.0,72700000.0,0.0,600400000.0,-528500000.0,0.0,-4100000.0,-127400000.0,0.0,204200000.0,0.0,81200000.0,81200000.0,81200000.0,0.0,64200000.0,0.014,586700000.0,299300000.0,651500000.0,0.0,-9.875,27.874,31.261,1976000000.0,0.0,7.19,0.384,0.384,524500000.0,-3002300000.0,5897100000.0,5897100000.0,0.0,0.02,-0.178,0.046,0.038,0.0,287300000.0,1.0,314789404.0,314789404.0,,18.733,4104400000.0,0.0,-17000000.0,0.0,13.039,885800000.0
12,AKS,MRT,2016-12-31,2016-12-31,2016-12-31,2020-03-11,-63500000.0,4036000000.0,3965600000.0,1823700000.0,2212300000.0,1.483,-1.142,-127600000.0,173200000.0,173200000.0,5099700000.0,49200000.0,2.108,-14.416,1837900000.0,0.0,1837900000.0,1837900000.0,0.0,235000000.0,0.0,0.0,0.0,130200000.0,365200000.0,0.062,365200000.0,130200000.0,-33700000.0,-0.07,-0.07,-0.07,-272200000.0,-647375000.0,-272200000.0,4375432820.0,34.0,11.981,177000000.0,0.743,1.0,782800000.0,0.133,32800000.0,163900000.0,4802600000.0,4967225000.0,1113900000.0,0.0,0.0,0.0,3924000000.0,865300000.0,3058700000.0,2432732820.0,116600000.0,0.0,600400000.0,-583200000.0,0.0,-62700000.0,-125300000.0,0.0,304600000.0,0.0,-16800000.0,-16800000.0,-16800000.0,0.0,66000000.0,-0.003,565200000.0,217600000.0,589900000.0,0.0,-8.937,-144.806,-145.857,2014400000.0,0.0,10.21,0.414,0.414,442000000.0,-3064800000.0,5882500000.0,5882500000.0,0.0,-0.004,0.026,0.026,0.022,0.0,279100000.0,1.0,238269620.0,238269620.0,,24.688,4003200000.0,0.0,-16900000.0,0.0,16.801,958400000.0
13,AKS,MRT,2016-09-30,2016-09-30,2016-09-30,2020-03-11,-164200000.0,3920800000.0,3977700000.0,1701000000.0,2219800000.0,1.51,-2.715,-109900000.0,57500000.0,57500000.0,5204400000.0,-23000000.0,1.82,-6.489,2000200000.0,0.0,2000200000.0,2000200000.0,0.0,229600000.0,0.0,0.0,0.0,104300000.0,333900000.0,0.056,333900000.0,104300000.0,-62800000.0,-0.6,-0.6,-0.6,-646600000.0,-823725000.0,-646600000.0,3036987593.0,29.0,9.096,178200000.0,0.748,1.0,802200000.0,0.134,0.0,167100000.0,4929100000.0,5101400000.0,1088400000.0,0.0,0.0,0.0,4196000000.0,934400000.0,3261600000.0,1150487593.0,-32500000.0,14000000.0,249400000.0,-397200000.0,0.0,-237900000.0,-82700000.0,0.0,288100000.0,0.0,-90800000.0,-90800000.0,-90800000.0,0.0,67800000.0,-0.015,595200000.0,207000000.0,639500000.0,0.0,-1.779,-12.671,-8.05,2027600000.0,0.0,4.83,0.192,0.192,489000000.0,-3002400000.0,6006600000.0,6006600000.0,0.0,-0.023,0.11,0.02,0.017,0.0,269200000.0,1.0,238196189.0,238196189.0,,25.217,3920800000.0,0.0,28000000.0,0.0,16.46,766600000.0
14,AKS,MRT,2016-06-30,2016-06-30,2016-06-30,2020-03-11,-145800000.0,3918300000.0,4060075000.0,1551600000.0,2366700000.0,1.543,-3.813,-103200000.0,191600000.0,191600000.0,5534700000.0,-67600000.0,1.75,-6.202,2078100000.0,0.0,2078100000.0,2078100000.0,0.0,231500000.0,0.0,0.0,0.0,65400000.0,296900000.0,0.047,296900000.0,65400000.0,-104400000.0,-0.77,-0.77,-0.77,-680200000.0,-881600000.0,-680200000.0,3054605029.0,47.0,10.288,286200000.0,1.605,1.0,728900000.0,0.116,0.0,169800000.0,4918200000.0,5234575000.0,978300000.0,0.0,0.0,0.0,4218900000.0,886600000.0,3332300000.0,831205029.0,-18800000.0,14000000.0,249400000.0,-355200000.0,0.0,-196900000.0,-211300000.0,-135400000.0,389400000.0,0.0,-135000000.0,-135000000.0,-135000000.0,0.0,67400000.0,-0.022,572500000.0,156400000.0,602900000.0,0.0,-1.222,-6.157,-6.052,2029100000.0,0.0,4.66,0.133,0.133,448500000.0,-3053300000.0,6263600000.0,6263600000.0,0.0,-0.033,0.153,0.012,0.01,0.0,254900000.0,1.0,178370178.0,178370178.0,,35.116,3918300000.0,0.0,30600000.0,0.0,21.967,665000000.0
15,AKS,MRT,2016-03-31,2016-03-31,2016-03-31,2020-03-11,-188200000.0,3987300000.0,4164350000.0,1742400000.0,2244900000.0,1.551,-5.554,-99500000.0,113000000.0,113000000.0,5788900000.0,-151000000.0,1.757,-4.643,2336400000.0,0.0,2336400000.0,2336400000.0,0.0,233300000.0,0.0,0.0,0.0,11400000.0,244700000.0,0.038,244700000.0,11400000.0,-160500000.0,-1.21,-1.21,-1.21,-990500000.0,-928025000.0,-990500000.0,3034063475.0,266.0,12.399,240200000.0,1.347,1.0,671900000.0,0.104,0.0,171900000.0,5219000000.0,5418025000.0,1068900000.0,0.0,0.0,0.0,4598900000.0,991700000.0,3607200000.0,736563475.0,23600000.0,14000000.0,0.0,-174100000.0,0.0,-273600000.0,-42500000.0,25000000.0,339700000.0,0.0,-216300000.0,-216300000.0,-216300000.0,0.0,65300000.0,-0.033,571000000.0,100900000.0,643300000.0,0.0,-0.744,-3.405,-3.413,2055700000.0,0.0,4.13,0.114,0.114,488700000.0,-3070600000.0,6460800000.0,6460800000.0,0.0,-0.052,0.233,0.002,0.002,0.0,256200000.0,1.0,178344667.0,178344667.0,,36.226,3987300000.0,0.0,55800000.0,0.0,22.357,750700000.0
16,AKS,MRT,2015-12-31,2015-12-31,2015-12-31,2020-03-11,-187200000.0,4084400000.0,4306600000.0,1806200000.0,2278200000.0,1.554,-5.497,-99000000.0,56600000.0,56600000.0,6032000000.0,-446200000.0,1.732,-4.787,2354100000.0,0.0,2354100000.0,2354100000.0,0.0,237200000.0,0.0,0.0,0.0,-272600000.0,-35400000.0,-0.005,-35400000.0,-272600000.0,-445600000.0,-2.86,-2.86,-2.86,-977600000.0,-881800000.0,-977600000.0,2694685024.0,-10.0,-76.121,101300000.0,0.57,1.0,660900000.0,0.099,0.0,173000000.0,5339300000.0,5590750000.0,1226300000.0,0.0,0.0,0.0,4680000000.0,1042600000.0,3637400000.0,398385024.0,-13600000.0,14000000.0,0.0,-69100000.0,0.0,-166400000.0,-47500000.0,25000000.0,200300000.0,0.0,-509000000.0,-509000000.0,-509000000.0,0.0,62800000.0,-0.076,574200000.0,86700000.0,703400000.0,0.0,-0.408,-0.783,-0.783,2086500000.0,0.0,2.24,0.06,0.06,444900000.0,-3057000000.0,6692900000.0,6692900000.0,0.0,-0.118,0.577,-0.049,-0.041,0.0,261900000.0,1.0,177850457.0,177850457.0,,37.632,4084400000.0,0.0,63400000.0,0.0,22.965,763600000.0
17,AKS,MRT,2015-09-30,2015-09-30,2015-09-30,2020-03-11,-232600000.0,4250300000.0,4492500000.0,1876800000.0,2373500000.0,1.591,-4.938,-113900000.0,90000000.0,90000000.0,6528500000.0,-286300000.0,1.73,-5.392,2386300000.0,0.0,2386300000.0,2386300000.0,0.0,243700000.0,0.0,0.0,0.0,-136300000.0,107400000.0,0.015,107400000.0,-136300000.0,-310400000.0,-1.9,-1.9,-1.9,-878100000.0,-760525000.0,-878100000.0,2796084244.0,-21.0,26.034,144000000.0,0.81,1.0,619300000.0,0.087,0.0,174100000.0,5461800000.0,5769575000.0,1141200000.0,77400000.0,0.0,77400000.0,4735000000.0,1084800000.0,3650200000.0,428584244.0,29200000.0,-22000000.0,0.0,-25200000.0,0.0,-117500000.0,-111200000.0,25000000.0,257900000.0,0.0,-350100000.0,-350100000.0,-350100000.0,0.0,63800000.0,-0.049,423700000.0,195600000.0,762300000.0,0.0,-0.488,-1.224,-1.268,2101200000.0,0.0,2.41,0.06,0.06,550800000.0,-2911600000.0,7147800000.0,7147800000.0,0.0,-0.078,0.46,-0.024,-0.019,0.0,265900000.0,1.0,177835786.0,177835786.0,,40.193,4250300000.0,50400000.0,39700000.0,0.0,23.9,792000000.0
18,AKS,MRT,2015-06-30,2015-06-30,2015-06-30,2020-03-11,-212400000.0,4335400000.0,4651275000.0,1914300000.0,2421100000.0,1.512,-4.87,-103500000.0,75000000.0,75000000.0,6443000000.0,-301700000.0,1.822,-5.542,2442500000.0,0.0,2442500000.0,2442500000.0,0.0,237900000.0,0.0,0.0,0.0,-170900000.0,67000000.0,0.01,67000000.0,-170900000.0,-337600000.0,-1.99,-1.99,-1.99,-865900000.0,-562225000.0,-865900000.0,3127510559.0,-18.0,46.679,-11300000.0,-0.064,1.0,588700000.0,0.084,0.0,166700000.0,5652000000.0,5930575000.0,1156500000.0,76300000.0,0.0,76300000.0,4798400000.0,1050900000.0,3747500000.0,688110559.0,20200000.0,-745000000.0,345300000.0,477300000.0,0.0,743500000.0,-815500000.0,25000000.0,92200000.0,0.0,-364000000.0,-364000000.0,-364000000.0,0.0,62300000.0,-0.052,409600000.0,179100000.0,761800000.0,0.0,-0.795,-1.89,-1.945,2135500000.0,0.0,3.87,0.098,0.098,567500000.0,-2918300000.0,7031700000.0,7031700000.0,0.0,-0.078,0.647,-0.029,-0.024,0.0,265800000.0,1.0,177806346.0,177806346.0,,39.547,4335400000.0,57500000.0,26400000.0,0.0,24.383,863400000.0
19,AKS,MRT,2015-03-31,2015-03-31,2015-03-31,2020-03-11,-214600000.0,4556300000.0,4519075000.0,2034800000.0,2521500000.0,1.521,-4.531,-95600000.0,89400000.0,89400000.0,6280700000.0,-253700000.0,1.874,-6.143,2528800000.0,0.0,2528800000.0,2528800000.0,0.0,230200000.0,0.0,0.0,0.0,-147100000.0,83100000.0,0.012,83100000.0,-147100000.0,-303500000.0,-1.76,-1.76,-1.76,-805600000.0,-438500000.0,-805600000.0,3177000742.0,-22.0,38.231,-296100000.0,-1.665,1.0,592400000.0,0.086,0.0,156400000.0,5909900000.0,5722050000.0,1233900000.0,116400000.0,0.0,116400000.0,4949200000.0,1085800000.0,3863400000.0,794700742.0,58300000.0,-790300000.0,345300000.0,854100000.0,0.0,1143500000.0,-884700000.0,0.0,-200500000.0,0.0,-317100000.0,-317100000.0,-317100000.0,0.0,63400000.0,-0.046,383900000.0,208500000.0,745900000.0,0.0,-0.986,-2.506,-2.54,2177600000.0,0.0,4.47,0.116,0.116,574600000.0,-2854300000.0,6873100000.0,6873100000.0,0.0,-0.07,0.723,-0.026,-0.021,0.0,256200000.0,1.0,177785401.0,177785401.0,,38.66,4556300000.0,64100000.0,13600000.0,0.0,25.628,949000000.0
20,AKS,MRT,2014-12-31,2014-12-31,2014-12-31,2020-03-11,-204400000.0,4828000000.0,4283850000.0,1958000000.0,2870000000.0,1.519,-2.781,-81100000.0,70200000.0,70200000.0,6007700000.0,-34100000.0,1.74,-9.959,2422000000.0,0.0,2422000000.0,2422000000.0,0.0,222300000.0,0.0,0.0,0.0,55500000.0,277800000.0,0.043,277800000.0,55500000.0,-89200000.0,-0.65,-0.65,-0.65,-492500000.0,-319150000.0,-492500000.0,3428624009.0,62.0,12.342,-403900000.0,-2.281,1.0,498000000.0,0.077,0.0,144700000.0,6054600000.0,5338325000.0,1172100000.0,388700000.0,0.0,388700000.0,4905000000.0,1125200000.0,3779800000.0,1051824009.0,24900000.0,-790300000.0,345300000.0,925800000.0,0.0,1205500000.0,-857800000.0,0.0,-322800000.0,0.0,-96900000.0,-96900000.0,-96900000.0,0.0,62800000.0,-0.015,358600000.0,139400000.0,803100000.0,0.0,-2.136,-10.855,-9.138,2213200000.0,0.0,5.94,0.162,0.162,644300000.0,-2548000000.0,6505700000.0,6505700000.0,0.0,-0.023,0.304,0.01,0.009,0.0,247200000.0,1.0,177074749.0,177074749.0,,36.74,4828000000.0,0.0,7700000.0,0.0,27.265,832800000.0
21,AKS,MRT,2014-09-30,2014-09-30,2014-09-30,2020-03-11,249400000.0,4885400000.0,3978275000.0,2045400000.0,2840000000.0,1.501,-0.621,-56500000.0,60800000.0,60800000.0,5515300000.0,-12000000.0,1.769,-53.234,2437600000.0,200000.0,2437400000.0,2437600000.0,0.0,211400000.0,0.0,0.0,0.0,41600000.0,253000000.0,0.042,253000000.0,41600000.0,-91700000.0,-0.55,-0.55,-0.55,-84900000.0,-251275000.0,-84900000.0,2989554399.0,72.0,11.816,-323600000.0,-2.366,1.0,457600000.0,0.077,0.0,133300000.0,6105800000.0,4883675000.0,1126000000.0,396500000.0,0.0,396500000.0,4519600000.0,1156400000.0,3363200000.0,1095754399.0,-4900000.0,-765500000.0,345300000.0,790400000.0,0.0,1068800000.0,-806600000.0,0.0,-267100000.0,0.0,-75200000.0,-75200000.0,-75200000.0,0.0,63200000.0,-0.013,329700000.0,127900000.0,812300000.0,0.0,-12.906,-14.571,-14.564,2215100000.0,0.0,8.01,0.183,0.183,707600000.0,-2561500000.0,5972900000.0,5972900000.0,0.0,-0.019,0.299,0.009,0.007,0.0,231700000.0,1.0,136798302.0,136798302.0,,43.662,4885400000.0,74700000.0,-16500000.0,0.0,35.712,889000000.0
22,AKS,MRT,2014-06-30,2014-06-30,2014-06-30,2020-03-11,272000000.0,3806600000.0,3698525000.0,1506000000.0,2300600000.0,1.544,-2.714,-59900000.0,54800000.0,54800000.0,5298800000.0,-36600000.0,1.707,-10.141,1948600000.0,400000.0,1948200000.0,1948600000.0,0.0,210000000.0,0.0,0.0,0.0,16400000.0,226400000.0,0.04,226400000.0,16400000.0,-113400000.0,-0.73,-0.73,-0.73,-371000000.0,-388200000.0,-371000000.0,2714920826.0,166.0,11.992,-396700000.0,-2.902,1.0,411600000.0,0.072,0.0,129800000.0,4817900000.0,4421500000.0,738300000.0,229000000.0,0.0,229000000.0,3762300000.0,882500000.0,2879800000.0,1088220826.0,-3600000.0,-43900000.0,0.0,484900000.0,0.0,419800000.0,-86600000.0,0.0,-336800000.0,0.0,-99700000.0,-99700000.0,-99700000.0,0.0,63100000.0,-0.017,321500000.0,90100000.0,642400000.0,0.0,-2.933,-10.915,-10.904,1805300000.0,0.0,7.96,0.191,0.191,596200000.0,-2554300000.0,5710400000.0,5710400000.0,0.0,-0.027,0.257,0.004,0.003,0.0,217600000.0,1.0,136711159.0,136711159.0,,41.77,3806600000.0,63900000.0,-13700000.0,0.0,27.844,623500000.0
23,AKS,MRT,2014-03-31,2014-03-31,2014-03-31,2020-03-11,299200000.0,3615400000.0,3690050000.0,1326300000.0,2289100000.0,1.513,-2.401,-61900000.0,31100000.0,31100000.0,5191100000.0,-60600000.0,1.53,-10.795,1657800000.0,600000.0,1657200000.0,1657800000.0,0.0,209700000.0,0.0,0.0,0.0,-200000.0,209500000.0,0.038,209500000.0,-200000.0,-128800000.0,-0.9,-0.9,-0.9,-328200000.0,-445250000.0,-328200000.0,2448561606.0,-12243.0,11.688,-290100000.0,-2.122,1.0,393000000.0,0.07,0.0,128600000.0,4375000000.0,4279450000.0,687700000.0,186500000.0,0.0,186500000.0,3542800000.0,867100000.0,2675700000.0,986861606.0,-160700000.0,-49000000.0,600000.0,239500000.0,0.0,157300000.0,-89800000.0,0.0,-228200000.0,0.0,-123000000.0,-123000000.0,-123000000.0,0.0,62400000.0,-0.022,325700000.0,67300000.0,617400000.0,0.0,-3.007,-8.023,-8.022,1844400000.0,0.0,7.22,0.177,0.177,498900000.0,-2537200000.0,5584100000.0,5584100000.0,0.0,-0.033,0.276,0.0,0.0,0.0,213900000.0,1.0,136684433.0,136684433.0,,40.854,3615400000.0,70400000.0,-5800000.0,0.0,26.451,459200000.0
24,AKS,MRT,2013-12-31,2013-12-31,2013-12-31,2020-03-11,323400000.0,3605700000.0,3762725000.0,1273200000.0,2332500000.0,1.48,-1.621,-63600000.0,45300000.0,45300000.0,5107800000.0,17400000.0,1.531,-15.443,1507000000.0,800000.0,1506200000.0,1507000000.0,0.0,209200000.0,0.0,0.0,0.0,70200000.0,279400000.0,0.05,279400000.0,70200000.0,-57200000.0,-0.34,-0.34,-0.34,-221000000.0,-496100000.0,-221000000.0,2653391649.0,38.0,9.497,-173800000.0,-1.275,1.0,462600000.0,0.083,0.0,127400000.0,4236000000.0,4236000000.0,586600000.0,214100000.0,0.0,214100000.0,3413000000.0,831400000.0,2581600000.0,1117991649.0,-181700000.0,-50000000.0,0.0,91100000.0,0.0,27000000.0,-98500000.0,0.0,-110200000.0,0.0,-46800000.0,-46800000.0,-46800000.0,0.0,64200000.0,-0.008,326800000.0,135800000.0,601800000.0,0.0,-5.059,-23.889,-24.118,1880100000.0,0.0,8.2,0.201,0.201,525200000.0,-2451100000.0,5570400000.0,5570400000.0,0.0,-0.012,0.094,0.017,0.013,0.0,205300000.0,1.0,136340445.0,136340445.0,,40.857,3605700000.0,69600000.0,-10400000.0,0.0,26.446,441800000.0
25,AKS,MRT,2013-09-30,2013-09-30,2013-09-30,2020-03-11,-50900000.0,3766400000.0,3837075000.0,1402500000.0,2363900000.0,1.441,-4.641,-59000000.0,65700000.0,65700000.0,5136600000.0,-256000000.0,1.392,-6.289,1601100000.0,185700000.0,1415400000.0,1601100000.0,0.0,211300000.0,0.0,0.0,0.0,-154700000.0,56600000.0,0.01,56600000.0,-154700000.0,-276100000.0,-2.45,-2.45,-2.45,-632600000.0,-567175000.0,-632600000.0,1908200454.0,-12.0,33.714,-165600000.0,-1.215,1.0,392100000.0,0.071,37100000.0,121400000.0,4257100000.0,4245900000.0,684600000.0,246000000.0,0.0,246000000.0,3978200000.0,1007600000.0,2970600000.0,511200454.0,18600000.0,-76400000.0,98100000.0,230800000.0,0.0,244000000.0,-118800000.0,0.0,-106600000.0,0.0,-312400000.0,-312400000.0,-312400000.0,0.0,56400000.0,-0.057,496200000.0,-104100000.0,563900000.0,0.0,-0.808,-1.636,-1.531,1905700000.0,0.0,3.75,0.092,0.092,536600000.0,-2486300000.0,5528700000.0,5528700000.0,0.0,-0.081,0.551,-0.036,-0.028,0.0,203500000.0,1.0,136320121.0,136320121.0,,40.557,3729300000.0,150400000.0,36300000.0,0.0,27.357,394900000.0
26,AKS,MRT,2013-06-30,2013-06-30,2013-06-30,2020-03-11,-47500000.0,3772700000.0,3875650000.0,1356200000.0,2416500000.0,1.461,-4.396,-58600000.0,58400000.0,58400000.0,5299200000.0,-292800000.0,1.536,-6.598,1455400000.0,40700000.0,1414700000.0,1455400000.0,0.0,209900000.0,0.0,0.0,0.0,-176500000.0,33400000.0,0.006,33400000.0,-176500000.0,-288200000.0,-2.77,-2.77,-2.77,-599200000.0,-517650000.0,-599200000.0,1635183385.0,-9.0,48.958,-123800000.0,-0.908,1.0,361700000.0,0.064,37100000.0,111700000.0,4249700000.0,4249575000.0,677000000.0,249400000.0,0.0,249400000.0,3953700000.0,882900000.0,3070800000.0,414383385.0,21000000.0,-113000000.0,98100000.0,203300000.0,0.0,247600000.0,-161400000.0,0.0,-65200000.0,0.0,-341600000.0,-341600000.0,-341600000.0,0.0,48800000.0,-0.06,503700000.0,-142000000.0,595300000.0,0.0,-0.692,-1.213,-1.097,1938700000.0,0.0,3.04,0.073,0.073,515800000.0,-2454600000.0,5660900000.0,5660900000.0,0.0,-0.088,0.66,-0.042,-0.031,0.0,203900000.0,1.0,136310324.0,136310324.0,,41.53,3735600000.0,155900000.0,53400000.0,0.0,27.405,473300000.0
27,AKS,MRT,2013-03-31,2013-03-31,2013-03-31,2020-03-11,-18600000.0,3906100000.0,3907725000.0,1492600000.0,2413500000.0,1.483,-3.901,-50500000.0,191800000.0,191800000.0,5382400000.0,-984900000.0,1.68,-7.554,1412600000.0,700000.0,1411900000.0,1412600000.0,0.0,208900000.0,0.0,0.015,0.05,-132400000.0,76500000.0,0.013,76500000.0,-132400000.0,-233900000.0,-9.02,-9.02,-9.02,-531600000.0,-459800000.0,-531600000.0,1635969939.0,-12.0,21.385,-178300000.0,-1.308,1.0,412400000.0,0.071,37100000.0,101500000.0,4201200000.0,4148975000.0,664000000.0,200600000.0,0.0,200600000.0,4015800000.0,888600000.0,3127200000.0,451069939.0,149500000.0,-61000000.0,97500000.0,338700000.0,-5500000.0,381700000.0,-104400000.0,0.0,-127800000.0,0.0,-1025400000.0,-1025400000.0,-1025400000.0,0.0,40500000.0,-0.177,511400000.0,-99000000.0,592400000.0,-0.006,-0.849,-0.44,-0.367,1972300000.0,0.0,3.31,0.078,0.078,516400000.0,-2414200000.0,5794800000.0,5794800000.0,0.0,-0.262,2.23,-0.032,-0.023,0.0,204500000.0,1.0,136274906.0,136274906.0,,42.523,3869000000.0,165800000.0,791500000.0,0.0,28.391,604000000.0
28,AKS,MRT,2012-12-31,2012-12-31,2012-12-31,2020-03-11,1100000.0,3903100000.0,4104025000.0,1442700000.0,2460400000.0,1.446,-4.567,-45500000.0,227000000.0,227000000.0,5539100000.0,-998600000.0,1.776,-7.904,1411900000.0,700000.0,1411200000.0,1411900000.0,0.0,209000000.0,0.0,0.022,0.1,-150600000.0,58400000.0,0.01,58400000.0,-150600000.0,-237300000.0,-9.06,-9.06,-9.06,-505300000.0,-235875000.0,-505300000.0,1854001376.0,-12.0,31.747,-316300000.0,-2.859,1.0,394600000.0,0.067,0.0,86700000.0,4275600000.0,4237175000.0,609200000.0,150000000.0,0.0,150000000.0,3994100000.0,812400000.0,3181700000.0,508901376.0,185000000.0,-79200000.0,96400000.0,527000000.0,-11000000.0,574400000.0,-118600000.0,0.0,-270800000.0,0.0,-1027300000.0,-1027300000.0,-1027300000.0,0.0,28700000.0,-0.173,522700000.0,-128100000.0,538300000.0,-0.011,-1.007,-0.495,-0.508,2012300000.0,0.0,4.6,0.086,0.086,473900000.0,-2404300000.0,5933700000.0,5933700000.0,0.0,-0.25,4.355,-0.036,-0.025,0.0,208700000.0,1.0,110630734.0,110630734.0,,53.635,3903100000.0,73200000.0,790000000.0,0.0,35.28,630300000.0
29,AKS,MRT,2012-09-30,2012-09-30,2012-09-30,2020-03-11,-22200000.0,3920700000.0,4240725000.0,1406900000.0,2513800000.0,1.42,-3.928,-44900000.0,47100000.0,47100000.0,5638000000.0,-971900000.0,1.47,-9.976,1392200000.0,42700000.0,1349500000.0,1392200000.0,0.0,207200000.0,0.0,0.031,0.15,-272900000.0,-65700000.0,-0.011,-65700000.0,-272900000.0,-347100000.0,-8.97,-8.97,-8.97,-434500000.0,-12425000.0,-434500000.0,1768947723.0,-6.0,-26.925,-257900000.0,-2.332,1.0,381800000.0,0.063,37100000.0,74200000.0,4271800000.0,4201875000.0,727800000.0,185200000.0,0.0,185200000.0,4334600000.0,956900000.0,3377700000.0,530947723.0,-11600000.0,-212800000.0,-500000.0,436700000.0,-16500000.0,453900000.0,-252500000.0,0.0,-213000000.0,0.0,-990800000.0,-990800000.0,-990800000.0,0.0,18900000.0,-0.165,633700000.0,-251900000.0,603200000.0,-0.017,-1.222,-0.536,-0.535,2042000000.0,0.0,4.8,0.088,0.088,565600000.0,-2173900000.0,6019800000.0,6019800000.0,0.0,-0.234,79.742,-0.065,-0.045,0.0,212300000.0,1.0,110614109.0,110614109.0,,54.422,3883600000.0,179300000.0,643700000.0,0.0,35.109,450000000.0
30,AKS,MRT,2012-06-30,2012-06-30,2012-06-30,2020-03-11,-14000000.0,3901000000.0,4405650000.0,1384200000.0,2516800000.0,1.394,-3.327,-52700000.0,37400000.0,37400000.0,5735600000.0,-925500000.0,1.103,-11.587,1275400000.0,325700000.0,949700000.0,1275400000.0,0.0,205100000.0,0.0,0.034,0.2,-248900000.0,-43800000.0,-0.007,-43800000.0,-248900000.0,-314200000.0,-8.45,-8.45,-8.45,-367800000.0,253350000.0,-367800000.0,1702304329.0,-7.0,-38.865,-182900000.0,-1.654,1.0,406500000.0,0.066,37100000.0,65300000.0,3847300000.0,4161025000.0,723300000.0,156500000.0,0.0,156500000.0,4261600000.0,1254600000.0,3007000000.0,649004329.0,-8200000.0,-207600000.0,-500000.0,339900000.0,-22000000.0,380500000.0,-258500000.0,0.0,-130200000.0,0.0,-933400000.0,-933400000.0,-933400000.0,0.0,7900000.0,-0.152,635000000.0,-228500000.0,631800000.0,-0.024,-1.765,-0.695,-0.695,2069700000.0,0.0,5.87,0.106,0.106,548100000.0,-2113000000.0,6142100000.0,6142100000.0,0.0,-0.212,-3.684,-0.06,-0.041,0.0,215000000.0,1.0,110562918.0,110562918.0,,55.553,3863900000.0,197700000.0,619200000.0,0.0,34.948,129600000.0
31,AKS,MRT,2012-03-31,2012-03-31,2012-03-31,2020-03-11,-9400000.0,4691300000.0,4576100000.0,1550600000.0,3140700000.0,1.398,3.291,-76000000.0,42300000.0,42300000.0,5976700000.0,-175500000.0,1.344,11.894,1095600000.0,145700000.0,949900000.0,1095600000.0,0.0,203900000.0,0.0,0.026,0.2,-225100000.0,-21200000.0,-0.003,-21200000.0,-225100000.0,-280200000.0,-1.6,-1.6,-1.6,364100000.0,507725000.0,364100000.0,1695090470.0,-8.0,-79.957,-209100000.0,-1.89,1.0,418900000.0,0.065,37100000.0,55100000.0,4554000000.0,4231700000.0,621300000.0,156400000.0,0.0,156400000.0,4330700000.0,1153500000.0,3177200000.0,836390470.0,-11800000.0,-267900000.0,-400000.0,351200000.0,-22000000.0,464500000.0,-343200000.0,0.0,-133100000.0,0.0,-176100000.0,-176100000.0,-176100000.0,0.0,600000.0,-0.028,635600000.0,-216700000.0,685100000.0,-0.125,2.297,-4.75,-4.725,2108300000.0,0.0,7.56,0.131,0.131,645200000.0,-1383300000.0,6395600000.0,6395600000.0,0.0,-0.038,-0.347,-0.053,-0.035,0.0,217000000.0,1.0,110633660.0,110633660.0,,57.809,4654200000.0,949900000.0,-104100000.0,0.0,42.069,397100000.0
32,AKS,MRT,2011-12-31,2011-12-31,2011-12-31,2020-03-11,2700000.0,4449900000.0,4524400000.0,1274400000.0,3175500000.0,1.43,3.523,-101100000.0,42000000.0,42000000.0,6036800000.0,-160100000.0,1.121,10.483,900700000.0,250700000.0,650000000.0,900700000.0,0.0,200500000.0,0.0,0.024,0.2,-202100000.0,-1600000.0,0.0,-1600000.0,-202100000.0,-249600000.0,-1.41,-1.41,-1.41,388500000.0,573650000.0,388500000.0,1798065850.0,-9.0,-1123.791,-281600000.0,-2.554,1.0,431200000.0,0.067,37100000.0,47500000.0,4134400000.0,4091575000.0,418700000.0,156800000.0,0.0,156800000.0,4072700000.0,1137100000.0,2935600000.0,910865850.0,-174800000.0,-320400000.0,0.0,239200000.0,-22000000.0,425900000.0,-420200000.0,0.0,-180500000.0,0.0,-155600000.0,-155600000.0,-155600000.0,0.0,-4500000.0,-0.024,632500000.0,-201300000.0,583600000.0,-0.142,2.345,-5.854,-5.858,2170200000.0,0.0,8.26,0.141,0.141,564200000.0,-1366000000.0,6468000000.0,6468000000.0,0.0,-0.034,-0.271,-0.049,-0.031,0.0,215400000.0,1.0,110274316.0,110274316.0,,58.654,4412800000.0,933000000.0,-94000000.0,0.0,40.017,137300000.0
33,AKS,MRT,2011-09-30,2011-09-30,2011-09-30,2020-03-11,44500000.0,4580400000.0,4459075000.0,1688400000.0,2892000000.0,1.424,5.701,-132800000.0,58700000.0,58700000.0,5980700000.0,-63700000.0,1.277,6.301,945900000.0,295700000.0,650200000.0,945900000.0,0.0,200300000.0,0.0,0.031,0.2,-54600000.0,145700000.0,0.023,145700000.0,-54600000.0,-95400000.0,-0.54,-0.54,-0.54,628600000.0,637700000.0,628600000.0,1601530098.0,-29.0,10.992,-444100000.0,-4.028,1.0,368700000.0,0.058,37100000.0,40800000.0,4108400000.0,3993350000.0,783200000.0,55600000.0,0.0,55600000.0,3961000000.0,1322100000.0,2638900000.0,721130098.0,-21800000.0,-226000000.0,-1400000.0,431900000.0,-22000000.0,648400000.0,-358900000.0,0.0,-311300000.0,0.0,-60000000.0,-60000000.0,-60000000.0,0.0,-3700000.0,-0.009,423900000.0,-55200000.0,732500000.0,-0.37,1.147,-12.019,-12.111,2125100000.0,0.0,6.54,0.114,0.114,590400000.0,-1166600000.0,6349400000.0,6349400000.0,0.0,-0.013,-0.094,-0.014,-0.009,0.0,206800000.0,1.0,110264541.0,110264541.0,,57.583,4543300000.0,807800000.0,-35400000.0,0.0,41.204,366300000.0
34,AKS,MRT,2011-06-30,2011-06-30,2011-06-30,2020-03-11,59400000.0,4582800000.0,4391100000.0,1704800000.0,2878000000.0,1.444,5.893,-148400000.0,45600000.0,45600000.0,6074200000.0,-117600000.0,1.315,6.061,926000000.0,275700000.0,650300000.0,926000000.0,0.0,204400000.0,0.0,0.013,0.2,-157600000.0,46800000.0,0.007,46800000.0,-157600000.0,-190800000.0,-1.05,-1.05,-1.05,649700000.0,681500000.0,649700000.0,2409749579.0,-15.0,51.49,-486900000.0,-4.416,1.0,265300000.0,0.042,37100000.0,33200000.0,4130000000.0,3871225000.0,765500000.0,55600000.0,0.0,55600000.0,3938100000.0,1296100000.0,2642000000.0,1737649579.0,-83900000.0,-230700000.0,-1600000.0,411600000.0,-22000000.0,634500000.0,-379900000.0,0.0,-338500000.0,0.0,-115700000.0,-115700000.0,-115700000.0,0.0,-1900000.0,-0.018,434400000.0,-169100000.0,750500000.0,-0.19,2.675,-15.019,-15.01,2117700000.0,0.0,15.76,0.274,0.274,648800000.0,-1157500000.0,6339500000.0,6339500000.0,0.0,-0.026,-0.17,-0.041,-0.025,0.0,204200000.0,1.0,110256953.0,110256953.0,,57.498,4545700000.0,800100000.0,-75100000.0,0.0,41.228,408700000.0
35,AKS,MRT,2011-03-31,2011-03-31,2011-03-31,2020-03-11,68700000.0,4484500000.0,4335400000.0,1637900000.0,2846600000.0,1.417,5.694,-137800000.0,54100000.0,54100000.0,5868700000.0,-123600000.0,1.455,6.149,726200000.0,75700000.0,650500000.0,726200000.0,0.0,208900000.0,0.0,0.013,0.2,-170100000.0,38800000.0,0.006,38800000.0,-170100000.0,-202800000.0,-1.11,-1.11,-1.11,627800000.0,736875000.0,627800000.0,2174259028.0,-13.0,56.038,-360400000.0,-3.269,1.0,275000000.0,0.045,37100000.0,32700000.0,3993500000.0,3737500000.0,689700000.0,55600000.0,0.0,55600000.0,3860600000.0,1126000000.0,2734600000.0,1739759028.0,-276100000.0,-218900000.0,-1700000.0,106300000.0,-22000000.0,302800000.0,-356300000.0,0.0,-222600000.0,0.0,-122100000.0,-122100000.0,-122100000.0,0.0,-1500000.0,-0.02,447000000.0,-172000000.0,762900000.0,-0.18,2.771,-14.249,-14.216,2083400000.0,0.0,15.78,0.283,0.283,641700000.0,-1185100000.0,6143700000.0,6143700000.0,0.0,-0.028,-0.166,-0.046,-0.028,0.0,204000000.0,1.0,110250889.0,110250889.0,,55.725,4447400000.0,817800000.0,-80700000.0,0.0,40.339,511900000.0
36,AKS,MRT,2010-12-31,2010-12-31,2010-12-31,2020-03-11,92600000.0,4188600000.0,4293400000.0,1404100000.0,2784500000.0,1.39,5.861,-117100000.0,216800000.0,216800000.0,5643200000.0,-130700000.0,1.663,5.503,651300000.0,700000.0,650600000.0,651300000.0,0.0,213900000.0,0.0,0.012,0.2,-139700000.0,74200000.0,0.012,74200000.0,-139700000.0,-172700000.0,-1.17,-1.17,-1.17,644700000.0,793050000.0,644700000.0,2222582398.0,-16.0,29.954,-249500000.0,-2.268,1.0,325100000.0,0.054,37100000.0,33000000.0,3741500000.0,3637700000.0,448700000.0,55600000.0,0.0,55600000.0,3547500000.0,844500000.0,2703000000.0,1800582398.0,-244900000.0,-149200000.0,-6600000.0,31500000.0,-22000000.0,153800000.0,-266300000.0,0.0,-132400000.0,0.0,-128900000.0,-128900000.0,-128900000.0,0.0,-1800000.0,-0.022,459000000.0,-133900000.0,553100000.0,-0.171,2.793,-13.969,-13.991,2033200000.0,0.0,16.37,0.302,0.302,482800000.0,-1188400000.0,5968300000.0,5968300000.0,0.0,-0.03,-0.163,-0.038,-0.023,0.0,204000000.0,1.0,109992816.0,109992816.0,,54.261,4151500000.0,807200000.0,-43800000.0,0.0,37.743,559600000.0
37,AKS,MRT,2010-09-30,2010-09-30,2010-09-30,2020-03-11,127800000.0,4308500000.0,4314925000.0,1631200000.0,2677300000.0,1.367,7.341,-90600000.0,80500000.0,80500000.0,5354500000.0,5700000.0,1.52,4.364,502500000.0,700000.0,501800000.0,502500000.0,0.0,217700000.0,0.0,0.014,0.2,105900000.0,323600000.0,0.055,323600000.0,105900000.0,71400000.0,0.09,0.09,0.09,803800000.0,852075000.0,803800000.0,1891987630.0,18.0,5.847,-120900000.0,-1.104,1.0,543100000.0,0.092,37300000.0,34500000.0,3619900000.0,3612700000.0,674000000.0,110200000.0,0.0,110200000.0,3507900000.0,1073300000.0,2434600000.0,1518887630.0,-259000000.0,-87900000.0,-5900000.0,-115300000.0,-22000000.0,-48800000.0,-179900000.0,0.0,-30300000.0,0.0,9200000.0,9200000.0,9200000.0,0.0,-3500000.0,0.002,435400000.0,107700000.0,766500000.0,2.222,1.89,165.096,153.444,2015800000.0,0.0,13.81,0.258,0.256,601400000.0,-1084500000.0,5897600000.0,5897600000.0,0.0,0.002,0.011,0.029,0.018,0.0,205800000.0,1.0,109984622.0,109500000.0,,53.859,4271200000.0,741200000.0,62200000.0,0.0,39.006,557900000.0
38,AKS,MRT,2010-06-30,2010-06-30,2010-06-30,2020-03-11,133700000.0,4360000000.0,4339675000.0,1769500000.0,2590500000.0,1.236,7.956,-67700000.0,129500000.0,129500000.0,4707600000.0,71400000.0,1.608,4.007,502600000.0,700000.0,501900000.0,502600000.0,0.0,218400000.0,0.0,0.017,0.2,218300000.0,436700000.0,0.081,436700000.0,218300000.0,180700000.0,0.69,0.69,0.69,871200000.0,855775000.0,871200000.0,1586300893.0,7.0,3.632,-110600000.0,-1.01,1.0,655200000.0,0.122,37300000.0,37600000.0,3595100000.0,3644475000.0,724500000.0,107100000.0,0.0,107100000.0,3490800000.0,1100700000.0,2390100000.0,1310100893.0,-256300000.0,-54100000.0,-5700000.0,-115000000.0,-22000000.0,-92400000.0,-121000000.0,0.0,-42900000.0,0.0,74600000.0,74600000.0,74600000.0,0.0,-3200000.0,0.014,429700000.0,225500000.0,792000000.0,0.29,1.504,17.562,17.275,1970600000.0,0.0,11.92,0.244,0.243,649500000.0,-1019900000.0,5362800000.0,5362800000.0,0.0,0.017,0.087,0.06,0.041,0.0,199400000.0,1.0,109907793.0,109500000.0,,48.975,4322700000.0,697200000.0,106100000.0,0.0,39.477,668800000.0
39,AKS,MRT,2010-03-31,2010-03-31,2010-03-31,2020-03-11,139400000.0,4316500000.0,4324525000.0,1732200000.0,2584300000.0,1.055,7.785,-91500000.0,330200000.0,330200000.0,4046200000.0,-3000000.0,1.802,4.065,606400000.0,700000.0,605700000.0,606400000.0,0.0,218300000.0,0.0,0.009,0.2,93300000.0,311600000.0,0.068,311600000.0,93300000.0,57600000.0,0.02,0.02,0.02,852500000.0,839425000.0,852500000.0,2656346247.0,28.0,8.525,-110900000.0,-1.013,1.0,514100000.0,0.113,37300000.0,35700000.0,3594300000.0,3693950000.0,522700000.0,109500000.0,0.0,109500000.0,3465600000.0,961100000.0,2504500000.0,2511546247.0,-131800000.0,-13800000.0,-5700000.0,-3800000.0,-22000000.0,-6800000.0,-105600000.0,0.0,-19400000.0,0.0,700000.0,700000.0,700000.0,0.0,-3700000.0,0.0,426700000.0,87400000.0,623900000.0,10.0,2.946,3587.923,1143.0,1942700000.0,0.0,22.86,0.551,0.549,598300000.0,-1041100000.0,4560300000.0,4560300000.0,0.0,0.0,0.001,0.025,0.02,0.0,194700000.0,1.0,109866415.0,109500000.0,,41.647,4279200000.0,709100000.0,56900000.0,0.0,39.079,771100000.0
40,AKS,MRT,2009-12-31,2009-12-31,2009-12-31,2020-03-11,167900000.0,4274700000.0,4358800000.0,1630100000.0,2644600000.0,0.935,8.054,-109500000.0,461700000.0,461700000.0,3725600000.0,-78000000.0,2.201,3.854,606500000.0,700000.0,605800000.0,606500000.0,0.0,216700000.0,0.0,0.009,0.2,-57600000.0,159100000.0,0.039,159100000.0,-57600000.0,-94600000.0,-0.68,-0.68,-0.68,880800000.0,839075000.0,880800000.0,2602064100.0,-45.0,16.355,-50700000.0,-0.464,1.0,351200000.0,0.086,37300000.0,37000000.0,3641500000.0,3749750000.0,416700000.0,107700000.0,0.0,107700000.0,3394600000.0,740700000.0,2653900000.0,2334964100.0,-101000000.0,-24000000.0,-10900000.0,-23500000.0,-22000000.0,-26400000.0,-133400000.0,0.0,58800000.0,0.0,-74600000.0,-74600000.0,-74600000.0,0.0,-3400000.0,-0.018,421300000.0,-70100000.0,438900000.0,-0.294,2.651,-31.3,-31.397,1976000000.0,0.0,21.35,0.573,0.573,463100000.0,-1037500000.0,4076800000.0,4076800000.0,0.0,-0.017,-0.089,-0.015,-0.014,0.0,188300000.0,1.0,109366000.0,109366000.0,,37.277,4237400000.0,738600000.0,-20000000.0,0.0,38.745,889400000.0
41,AKS,MRT,2009-09-30,2009-09-30,2009-09-30,2020-03-11,143500000.0,4407500000.0,4460625000.0,1763700000.0,2643800000.0,0.945,7.531,-136800000.0,339500000.0,339500000.0,3963500000.0,-546400000.0,1.981,4.383,606600000.0,700000.0,605900000.0,606600000.0,0.0,214900000.0,0.0,0.01,0.2,-834300000.0,-619400000.0,-0.147,-619400000.0,-834300000.0,-874300000.0,-4.88,-4.85,-4.88,818600000.0,860875000.0,818600000.0,2379310987.0,-3.0,-3.841,-2000000.0,-0.018,1.0,252100000.0,0.06,37300000.0,40000000.0,3747000000.0,3834625000.0,613300000.0,104500000.0,0.0,104500000.0,3587700000.0,890300000.0,2697400000.0,2158310987.0,-101900000.0,-70200000.0,-25700000.0,-49700000.0,-22100000.0,-28200000.0,-208500000.0,-3900000.0,134800000.0,0.0,-545000000.0,-545000000.0,-545000000.0,0.0,-1400000.0,-0.129,1098400000.0,-846300000.0,541400000.0,-0.041,2.637,-3.96,-4.043,2006800000.0,0.0,19.73,0.512,0.509,403700000.0,-1071800000.0,4215600000.0,4215600000.0,0.0,-0.122,-0.633,-0.218,-0.198,200000.0,196800000.0,1.0,109392346.0,108700000.0,,38.782,4370200000.0,841000000.0,-329300000.0,0.0,40.204,873400000.0
42,AKS,MRT,2009-06-30,2009-06-30,2009-06-30,2020-03-11,134400000.0,4299400000.0,4582150000.0,1607200000.0,2692200000.0,1.164,7.413,-149000000.0,385800000.0,385800000.0,4775200000.0,-363600000.0,2.329,4.333,606800000.0,700000.0,606100000.0,606800000.0,0.0,214200000.0,0.0,0.01,0.2,-542700000.0,-328500000.0,-0.062,-328500000.0,-542700000.0,-585300000.0,-3.26,-3.24,-3.26,805800000.0,1014925000.0,805800000.0,2245112696.0,-4.0,-6.834,120500000.0,1.109,1.0,556900000.0,0.104,37300000.0,42600000.0,3793000000.0,3881525000.0,531400000.0,103600000.0,0.0,103600000.0,3491900000.0,690100000.0,2801800000.0,2097012696.0,5000000.0,-66500000.0,-25800000.0,-49700000.0,-22200000.0,-41100000.0,-223400000.0,-7900000.0,269500000.0,0.0,-362900000.0,-362900000.0,-362900000.0,0.0,-700000.0,-0.068,1108900000.0,-552000000.0,312400000.0,-0.061,2.602,-5.778,-5.887,2037600000.0,0.0,19.19,0.393,0.391,279100000.0,-1072500000.0,5332100000.0,5332100000.0,0.0,-0.079,-0.358,-0.14,-0.102,100000.0,207800000.0,1.0,109276326.0,108700000.0,,49.053,4262100000.0,844900000.0,-222400000.0,0.0,39.21,917100000.0
43,AKS,MRT,2009-03-31,2009-03-31,2009-03-31,2020-03-11,130400000.0,4453600000.0,4732725000.0,1892400000.0,2561200000.0,1.432,7.751,-154700000.0,462000000.0,462000000.0,5900900000.0,-170100000.0,2.534,4.23,610100000.0,700000.0,609400000.0,610100000.0,0.0,213600000.0,0.0,0.028,0.2,-233000000.0,-19400000.0,-0.003,-19400000.0,-233000000.0,-278000000.0,-1.53,-1.52,-1.53,851100000.0,1139275000.0,851100000.0,860287360.0,-4.0,-44.345,299600000.0,2.729,1.0,874200000.0,0.129,37400000.0,45000000.0,3817500000.0,3916775000.0,526400000.0,102100000.0,0.0,102100000.0,3600000000.0,746800000.0,2853200000.0,789687360.0,189700000.0,-59900000.0,-25200000.0,-46700000.0,-22300000.0,-38600000.0,-226000000.0,-12100000.0,454300000.0,0.0,-170500000.0,-170500000.0,-170500000.0,0.0,400000.0,-0.025,1115800000.0,-241600000.0,361000000.0,-0.131,0.928,-4.632,-4.654,2056500000.0,0.0,7.12,0.117,0.115,369700000.0,-1019800000.0,6775100000.0,6775100000.0,0.0,-0.036,-0.15,-0.059,-0.034,-12200000.0,214900000.0,1.0,110911146.0,109800000.0,,61.704,4416200000.0,821500000.0,-107500000.0,0.0,40.22,1145600000.0
44,AKS,MRT,2008-12-31,2008-12-31,2008-12-31,2020-03-11,159600000.0,4682000000.0,4810250000.0,2002800000.0,2679200000.0,1.589,8.642,-158400000.0,562700000.0,562700000.0,6491100000.0,4500000.0,2.728,3.834,633300000.0,700000.0,632600000.0,633300000.0,0.0,213900000.0,0.0,0.021,0.2,39600000.0,253500000.0,0.033,253500000.0,39600000.0,-6900000.0,0.04,0.04,0.04,968000000.0,1215050000.0,968000000.0,1267690406.0,32.0,5.001,-75300000.0,-0.672,1.0,1153200000.0,0.151,37400000.0,46500000.0,3981000000.0,3958975000.0,566800000.0,106000000.0,0.0,106000000.0,3711300000.0,734200000.0,2977100000.0,1043990406.0,-150900000.0,-47700000.0,-20600000.0,-26900000.0,-22400000.0,-16200000.0,-217800000.0,-12100000.0,83100000.0,0.0,4000000.0,4000000.0,4000000.0,0.0,500000.0,0.001,1125200000.0,28000000.0,348100000.0,5.0,1.079,260.998,233.0,2061300000.0,0.0,9.32,0.137,0.137,469900000.0,-940900000.0,7644300000.0,7644300000.0,0.0,0.001,0.003,0.01,0.005,-12200000.0,223600000.0,1.0,112016138.0,112016138.0,,68.243,4644600000.0,792100000.0,-10900000.0,0.0,41.464,1268600000.0
45,AKS,MRT,2008-09-30,2008-09-30,2008-09-30,2020-03-11,182200000.0,4893600000.0,4939100000.0,2477900000.0,2415700000.0,1.595,12.845,-153500000.0,441400000.0,441400000.0,6578900000.0,542400000.0,2.164,2.411,665100000.0,12800000.0,652300000.0,665100000.0,0.0,212100000.0,0.0,0.006,0.15,902900000.0,1115000000.0,0.142,1115000000.0,902900000.0,856100000.0,4.84,4.81,4.84,1434800000.0,1191725000.0,1434800000.0,3192752200.0,4.0,2.863,10000000.0,0.09,1.0,1298600000.0,0.165,37400000.0,46800000.0,3934600000.0,3998450000.0,819600000.0,106400000.0,0.0,106400000.0,3458800000.0,1145300000.0,2313500000.0,2908352200.0,15800000.0,0.0,-6800000.0,-500000.0,-16800000.0,-9800000.0,-137900000.0,15200000.0,163500000.0,0.0,541300000.0,541300000.0,541300000.0,0.0,1100000.0,0.069,427900000.0,870700000.0,729500000.0,0.031,2.027,5.373,5.355,2022300000.0,0.0,25.92,0.369,0.368,857800000.0,-504700000.0,7877500000.0,7877500000.0,0.0,0.11,0.454,0.226,0.115,-12800000.0,226700000.0,1.0,112204946.0,111700000.0,,70.524,4856200000.0,546900000.0,314800000.0,0.0,43.475,1332600000.0
46,AKS,MRT,2008-06-30,2008-06-30,2008-06-30,2020-03-11,236200000.0,4901700000.0,5011425000.0,2391800000.0,2509900000.0,1.485,11.677,-155200000.0,380800000.0,380800000.0,6291500000.0,462300000.0,1.969,2.761,665200000.0,12800000.0,652400000.0,665200000.0,0.0,211000000.0,0.0,0.001,0.1,760600000.0,971600000.0,0.131,971600000.0,760600000.0,710500000.0,4.14,4.11,4.14,1303200000.0,1007900000.0,1303200000.0,8121849045.0,11.0,8.359,58600000.0,0.525,1.0,1150100000.0,0.155,37400000.0,50100000.0,3934000000.0,4112950000.0,708400000.0,103000000.0,0.0,103000000.0,3598500000.0,1214700000.0,2383800000.0,7728849045.0,-75100000.0,0.0,-6400000.0,-150300000.0,-11200000.0,-149500000.0,-139400000.0,14900000.0,213800000.0,0.0,461400000.0,461400000.0,461400000.0,0.0,900000.0,0.062,425500000.0,724600000.0,788400000.0,0.024,5.931,16.751,16.667,2038300000.0,0.0,69.0,1.039,1.035,905600000.0,-687400000.0,7441600000.0,7441600000.0,0.0,0.092,0.458,0.185,0.102,-13300000.0,225500000.0,1.0,112012305.0,111600000.0,,66.681,4864300000.0,650200000.0,249100000.0,0.0,43.587,1177100000.0
47,AKS,MRT,2008-03-31,2008-03-31,2008-03-31,2020-03-11,235400000.0,4763700000.0,5115100000.0,2211200000.0,2552500000.0,1.383,10.361,-125300000.0,272300000.0,272300000.0,5951300000.0,426700000.0,1.952,3.127,665300000.0,12800000.0,652500000.0,665300000.0,0.0,209300000.0,0.0,0.001,0.05,710700000.0,920000000.0,0.13,920000000.0,710700000.0,655300000.0,3.83,3.8,3.83,1154200000.0,831175000.0,1154200000.0,6042059856.0,9.0,6.567,182000000.0,1.634,1.0,1123200000.0,0.159,37400000.0,55400000.0,3986300000.0,4291275000.0,781700000.0,97900000.0,0.0,97900000.0,3609500000.0,1133000000.0,2476500000.0,6090259856.0,-17800000.0,0.0,-2100000.0,-225100000.0,-5600000.0,-217500000.0,-107600000.0,15100000.0,307300000.0,0.0,426100000.0,426100000.0,426100000.0,0.0,600000.0,0.06,449100000.0,674100000.0,756100000.0,0.013,5.277,14.293,14.209,2042700000.0,0.0,54.42,0.861,0.857,755800000.0,-827000000.0,7074500000.0,7074500000.0,0.0,0.083,0.513,0.166,0.1,-6500000.0,225900000.0,1.0,111912162.0,111400000.0,,63.505,4726300000.0,714800000.0,229200000.0,0.0,42.426,1078200000.0
48,AKS,MRT,2007-12-31,2007-12-31,2007-12-31,2020-03-11,47800000.0,5197400000.0,5227300000.0,2426800000.0,2770600000.0,1.34,7.845,-104100000.0,713600000.0,713600000.0,5919000000.0,388400000.0,2.494,4.942,665400000.0,12700000.0,652700000.0,665400000.0,0.0,211100000.0,0.0,0.0,0.0,659600000.0,870700000.0,0.124,870700000.0,659600000.0,591300000.0,3.5,3.46,3.5,874700000.0,662350000.0,874700000.0,5395621516.0,8.0,6.197,598800000.0,5.37,1.0,1084000000.0,0.155,37400000.0,68300000.0,4138900000.0,4531025000.0,646800000.0,98500000.0,0.0,98500000.0,4322700000.0,972900000.0,3349800000.0,5155921516.0,194200000.0,0.0,6800000.0,-450000000.0,0.0,-435700000.0,-73000000.0,27700000.0,702900000.0,0.0,387700000.0,387700000.0,387700000.0,0.0,700000.0,0.055,459600000.0,624400000.0,588200000.0,0.0,5.895,13.299,13.211,2065900000.0,0.0,46.24,0.736,0.736,675000000.0,-915100000.0,7003000000.0,7003000000.0,0.0,0.074,0.585,0.146,0.094,-6500000.0,223500000.0,1.0,111503493.0,111503493.0,,62.805,5160000000.0,907100000.0,203600000.0,0.0,46.277,1453900000.0
49,AKS,MRT,2007-09-30,2007-09-30,2007-09-30,2020-03-11,-18600000.0,5182900000.0,5307350000.0,2338100000.0,2844800000.0,1.299,6.302,-91300000.0,425600000.0,425600000.0,5913600000.0,231700000.0,2.356,6.409,665300000.0,400000.0,664900000.0,665300000.0,0.0,210800000.0,0.0,0.0,0.0,407500000.0,618300000.0,0.09,618300000.0,407500000.0,328500000.0,2.09,2.07,2.09,699500000.0,547925000.0,699500000.0,5258214980.0,13.0,8.504,381700000.0,3.439,1.0,979700000.0,0.142,37400000.0,79000000.0,4392600000.0,4782425000.0,730300000.0,122600000.0,0.0,122600000.0,4483400000.0,992600000.0,3490800000.0,4898814980.0,-41200000.0,0.0,7900000.0,-450000000.0,0.0,-437100000.0,-77100000.0,4000000.0,473000000.0,0.0,231700000.0,231700000.0,231700000.0,0.0,0.0,0.034,590700000.0,389000000.0,577400000.0,0.0,7.003,21.143,21.029,2049300000.0,0.0,43.95,0.711,0.708,741300000.0,-1021800000.0,6893300000.0,6893300000.0,0.0,0.044,0.423,0.085,0.059,-6100000.0,217300000.0,1.0,111463367.0,111000000.0,,62.102,5145500000.0,1017500000.0,96800000.0,0.0,46.356,1345500000.0
50,AKS,MRT,2007-06-30,2007-06-30,2007-06-30,2020-03-11,-10200000.0,5316400000.0,5409650000.0,2446900000.0,2869500000.0,1.243,5.382,-73700000.0,455900000.0,455900000.0,5848400000.0,149300000.0,2.469,7.916,815300000.0,200000.0,815100000.0,815300000.0,0.0,209500000.0,0.0,0.0,0.0,299600000.0,509100000.0,0.076,509100000.0,299600000.0,213100000.0,1.35,1.33,1.35,596300000.0,441500000.0,596300000.0,4760139422.0,16.0,9.35,239000000.0,2.157,1.0,876800000.0,0.13,37400000.0,86500000.0,4647300000.0,4932775000.0,800700000.0,118200000.0,0.0,118200000.0,4720100000.0,991100000.0,3729000000.0,4159939422.0,-29500000.0,0.0,9500000.0,-300000000.0,0.0,-286800000.0,-55400000.0,6900000.0,312700000.0,0.0,149300000.0,149300000.0,149300000.0,0.0,0.0,0.022,596200000.0,280600000.0,590600000.0,0.0,6.976,27.863,27.681,2070500000.0,0.0,37.37,0.619,0.616,727500000.0,-1130200000.0,6725200000.0,6725200000.0,0.0,0.028,0.338,0.061,0.045,-5500000.0,212600000.0,1.0,111317619.0,110800000.0,,60.697,5279000000.0,1060100000.0,63800000.0,0.0,47.644,1455800000.0
51,AKS,MRT,2007-03-31,2007-03-31,2007-03-31,2020-03-11,-7200000.0,5212500000.0,5461750000.0,2288100000.0,2924400000.0,1.163,4.338,-71900000.0,290100000.0,290100000.0,5629300000.0,68500000.0,2.757,9.884,890300000.0,100000.0,890200000.0,890300000.0,0.0,208000000.0,0.0,0.0,0.0,176700000.0,384700000.0,0.061,384700000.0,176700000.0,85000000.0,0.63,0.61,0.63,478900000.0,353000000.0,478900000.0,3192907785.0,18.0,8.3,7700000.0,0.07,1.0,723700000.0,0.114,37400000.0,91700000.0,4945300000.0,5049050000.0,816400000.0,113600000.0,0.0,113600000.0,4733600000.0,830000000.0,3903600000.0,2597107785.0,-185100000.0,0.0,4900000.0,-225000000.0,0.0,-217700000.0,-47000000.0,12300000.0,79600000.0,0.0,68500000.0,68500000.0,68500000.0,0.0,0.0,0.011,567500000.0,156200000.0,485700000.0,0.0,5.423,37.914,37.127,2098300000.0,0.0,23.39,0.409,0.406,720500000.0,-1240100000.0,6353000000.0,6353000000.0,0.0,0.013,0.194,0.035,0.028,0.0,209700000.0,1.0,111034963.0,110400000.0,,57.545,5175100000.0,1084200000.0,16500000.0,0.0,46.876,1458100000.0
52,AKS,MRT,2006-12-31,2006-12-31,2006-12-31,2020-03-11,-5100000.0,5517600000.0,5519850000.0,2547500000.0,2970100000.0,1.099,3.782,-76200000.0,519400000.0,519400000.0,5452700000.0,12000000.0,2.735,12.232,1115200000.0,0.0,1115200000.0,1115200000.0,0.0,203700000.0,0.0,0.0,0.0,86000000.0,289700000.0,0.048,289700000.0,86000000.0,-3100000.0,0.11,0.11,0.11,417000000.0,284600000.0,417000000.0,2511782995.0,29.0,8.67,-8000000.0,-0.073,1.0,616300000.0,0.102,37400000.0,89100000.0,5144500000.0,5070500000.0,857600000.0,126000000.0,0.0,126000000.0,5100600000.0,931500000.0,4169100000.0,1863482995.0,-200000.0,0.0,2400000.0,0.0,0.0,5200000.0,-73600000.0,-12600000.0,68200000.0,0.0,12000000.0,12000000.0,12000000.0,0.0,0.0,0.002,550700000.0,65600000.0,567100000.0,0.0,4.469,155.29,153.636,2133400000.0,0.0,16.9,0.307,0.307,696800000.0,-1296100000.0,6069000000.0,6069000000.0,0.0,0.002,0.042,0.017,0.014,0.0,207700000.0,1.0,110265266.0,110265266.0,,55.04,5480200000.0,1084500000.0,-15100000.0,0.0,49.7,1616000000.0
53,AKS,MRT,2006-09-30,2006-09-30,2006-09-30,2020-03-11,-194700000.0,5592100000.0,5512425000.0,2492200000.0,3099900000.0,1.064,2.491,-89200000.0,466800000.0,466800000.0,5219700000.0,19800000.0,2.131,19.424,1115100000.0,0.0,1115100000.0,1115100000.0,0.0,203900000.0,0.0,0.0,0.0,114800000.0,318700000.0,0.054,318700000.0,114800000.0,26500000.0,0.19,0.18,0.19,273800000.0,235475000.0,273800000.0,1965766835.0,17.0,6.168,113500000.0,1.033,1.0,644100000.0,0.11,77100000.0,88300000.0,4994000000.0,5060000000.0,936400000.0,124600000.0,0.0,124600000.0,5318300000.0,1169300000.0,4149000000.0,1336166835.0,118100000.0,0.0,1800000.0,0.0,0.0,3200000.0,-87800000.0,-12300000.0,202700000.0,0.0,19800000.0,19800000.0,19800000.0,0.0,0.0,0.003,511900000.0,132200000.0,582600000.0,0.0,4.88,67.483,63.895,2159000000.0,0.0,12.14,0.228,0.228,711000000.0,-1246900000.0,5863800000.0,5863800000.0,0.0,0.004,0.084,0.023,0.02,0.0,207400000.0,1.0,110063166.0,109900000.0,,53.356,5515000000.0,1053300000.0,6700000.0,0.0,50.182,1322900000.0
54,AKS,MRT,2006-06-30,2006-06-30,2006-06-30,2020-03-11,-197000000.0,5524800000.0,5473900000.0,2365800000.0,3159000000.0,1.042,2.207,-133000000.0,485400000.0,485400000.0,5149100000.0,-35200000.0,2.452,21.801,1115000000.0,0.0,1115000000.0,1115000000.0,0.0,204300000.0,0.0,0.0,0.0,30700000.0,235000000.0,0.041,235000000.0,30700000.0,-56100000.0,-0.31,-0.31,-0.31,242300000.0,232500000.0,242300000.0,2161287798.0,70.0,9.197,209300000.0,1.906,1.0,554400000.0,0.097,77200000.0,86800000.0,5112400000.0,5144900000.0,841400000.0,124700000.0,0.0,124700000.0,5282500000.0,964800000.0,4317700000.0,1521487798.0,220800000.0,0.0,-100000.0,0.0,0.0,400000.0,-121900000.0,-10900000.0,342300000.0,0.0,-35200000.0,-35200000.0,-35200000.0,0.0,0.0,-0.006,502800000.0,51600000.0,479300000.0,0.0,6.279,-43.224,-44.613,2192000000.0,0.0,13.83,0.267,0.266,663700000.0,-1272800000.0,5703500000.0,5703500000.0,0.0,-0.006,-0.151,0.006,0.005,0.0,208600000.0,1.0,110013579.0,109800000.0,,51.944,5447600000.0,1071600000.0,-20900000.0,0.0,49.614,1401000000.0
55,AKS,MRT,2006-03-31,2006-03-31,2006-03-31,2020-03-11,-203200000.0,5444900000.0,5451625000.0,2238000000.0,3206900000.0,1.038,1.87,-158100000.0,475200000.0,475200000.0,5094800000.0,-55300000.0,2.292,25.522,1115000000.0,0.0,1115000000.0,1115000000.0,0.0,204800000.0,0.0,0.0,0.0,37700000.0,242500000.0,0.043,242500000.0,37700000.0,-48700000.0,-0.5,-0.49,-0.5,205300000.0,239900000.0,205300000.0,2245408285.0,60.0,9.259,200300000.0,1.824,1.0,566000000.0,0.1,77300000.0,86400000.0,5031100000.0,5221425000.0,817200000.0,127400000.0,0.0,127400000.0,5239600000.0,976300000.0,4263300000.0,1650108285.0,216200000.0,0.0,-500000.0,0.0,0.0,-2500000.0,-139700000.0,-12300000.0,358400000.0,0.0,-55300000.0,-55300000.0,-55300000.0,0.0,0.0,-0.01,503200000.0,62800000.0,385400000.0,0.0,8.038,-29.839,-30.0,2223500000.0,0.0,15.0,0.291,0.291,578900000.0,-1302000000.0,5660800000.0,5660800000.0,0.0,-0.01,-0.231,0.007,0.007,0.0,208200000.0,1.0,110007219.0,109800000.0,,51.556,5367600000.0,1090500000.0,6600000.0,0.0,48.885,1261700000.0
56,AKS,MRT,2005-12-31,2005-12-31,2005-12-31,2020-03-11,-181100000.0,5487900000.0,5445850000.0,2246400000.0,3241500000.0,1.037,2.008,-173800000.0,519600000.0,519600000.0,4996800000.0,-2300000.0,2.487,23.888,1114900000.0,0.0,1114900000.0,1114900000.0,0.0,204900000.0,0.0,0.0,0.0,123300000.0,328200000.0,0.058,328200000.0,123300000.0,36500000.0,-0.02,-0.02,-0.02,220500000.0,254925000.0,220500000.0,1639169076.0,13.0,4.994,106200000.0,0.967,1.0,650600000.0,0.115,77300000.0,86800000.0,5102500000.0,5313900000.0,808400000.0,118000000.0,0.0,118000000.0,5267400000.0,903400000.0,4364000000.0,872969076.0,142500000.0,0.0,2500000.0,0.0,0.0,300000.0,-137800000.0,0.0,280000000.0,0.0,-2300000.0,-2300000.0,-2300000.0,0.0,0.0,0.0,503600000.0,147000000.0,450000000.0,0.0,3.959,-379.552,-397.5,2257500000.0,0.0,7.95,0.155,0.155,570000000.0,-1308100000.0,5647400000.0,5647400000.0,0.0,0.0,-0.009,0.023,0.022,0.0,208400000.0,1.0,109807431.0,109807431.0,,51.43,5410600000.0,1075700000.0,38800000.0,0.0,49.274,1343000000.0
57,AKS,MRT,2005-09-30,2005-09-30,2005-09-30,2020-03-11,-180400000.0,5438000000.0,5437050000.0,2195000000.0,3243000000.0,1.049,2.385,-172900000.0,348700000.0,348700000.0,5040400000.0,-63600000.0,2.837,19.764,1114900000.0,0.0,1114900000.0,1114900000.0,0.0,205000000.0,0.0,0.0,0.0,-76600000.0,128400000.0,0.023,128400000.0,-76600000.0,-167800000.0,-0.59,-0.59,-0.59,261900000.0,249150000.0,261900000.0,1791109316.0,-23.0,13.949,142700000.0,1.3,1.0,663800000.0,0.116,96800000.0,91200000.0,5333600000.0,5373650000.0,731700000.0,139500000.0,0.0,139500000.0,5176100000.0,773800000.0,4402300000.0,940909316.0,34800000.0,200000.0,2500000.0,-155900000.0,0.0,-148000000.0,-132000000.0,-800000.0,315600000.0,0.0,-63600000.0,-63600000.0,-63600000.0,10900000.0,0.0,-0.011,733600000.0,-69800000.0,414600000.0,0.0,3.593,-14.794,-14.525,2307900000.0,0.0,8.57,0.165,0.165,683000000.0,-1266700000.0,5704200000.0,5704200000.0,0.0,-0.012,-0.255,-0.014,-0.013,0.0,206500000.0,1.0,109791052.0,109800000.0,,51.951,5341200000.0,1036300000.0,-104200000.0,0.0,48.645,1421200000.0
58,AKS,MRT,2005-06-30,2005-06-30,2005-06-30,2020-03-11,-198700000.0,5435700000.0,5415825000.0,2196500000.0,3239200000.0,1.043,2.476,-139200000.0,264600000.0,264600000.0,4865000000.0,48500000.0,2.851,18.992,1114800000.0,0.0,1114800000.0,1114800000.0,0.0,207000000.0,0.0,0.0,0.0,6900000.0,213900000.0,0.038,213900000.0,6900000.0,-90000000.0,0.43,0.43,0.43,271900000.0,260050000.0,271900000.0,1559342526.0,226.0,7.29,115900000.0,1.056,1.0,783200000.0,0.139,96900000.0,96900000.0,5418500000.0,5408425000.0,844200000.0,149600000.0,0.0,149600000.0,5163800000.0,770500000.0,4393300000.0,703642526.0,-2200000.0,-3700000.0,2500000.0,-155900000.0,0.0,-147900000.0,-108600000.0,-1800000.0,255100000.0,0.0,48500000.0,48500000.0,48500000.0,46400000.0,0.0,0.009,733000000.0,50200000.0,427100000.0,0.0,2.588,14.508,14.907,2305200000.0,0.0,6.41,0.125,0.125,675700000.0,-1237600000.0,5648200000.0,5648200000.0,0.0,0.009,0.187,0.001,0.001,0.0,203900000.0,1.0,109772625.0,109800000.0,,51.441,5338800000.0,1035000000.0,-138500000.0,0.0,48.623,1426000000.0
59,AKS,MRT,2005-03-31,2005-03-31,2005-03-31,2020-03-11,-195500000.0,5421800000.0,5362625000.0,2138800000.0,3283000000.0,1.027,2.424,-113900000.0,259000000.0,259000000.0,4733500000.0,132200000.0,2.744,19.429,1114700000.0,0.0,1114700000.0,1114700000.0,0.0,213800000.0,0.0,0.0,0.0,58800000.0,272600000.0,0.05,272600000.0,58800000.0,-44000000.0,1.2,1.2,1.2,265400000.0,247600000.0,265400000.0,1946508261.0,33.0,7.141,138600000.0,1.266,1.0,771900000.0,0.14,97000000.0,102800000.0,5401000000.0,5409400000.0,811000000.0,158300000.0,0.0,158300000.0,5156400000.0,779500000.0,4376900000.0,1213908261.0,-40900000.0,69900000.0,2600000.0,-298400000.0,0.0,-294100000.0,13500000.0,-2500000.0,252500000.0,0.0,132200000.0,132200000.0,132200000.0,-26100000.0,0.0,0.024,739500000.0,32400000.0,421900000.0,0.0,4.574,9.182,9.217,2306600000.0,0.0,11.06,0.22,0.22,639400000.0,-1246600000.0,5505400000.0,5505400000.0,0.0,0.025,0.534,0.011,0.011,0.0,206200000.0,1.0,109756624.0,109500000.0,,50.278,5324800000.0,1080000000.0,-176200000.0,0.0,48.628,1359300000.0
60,AKS,MRT,2004-12-31,2004-12-31,2004-12-31,2020-03-11,-199700000.0,5452700000.0,5315200000.0,2106800000.0,3345900000.0,0.982,1.815,-89300000.0,377100000.0,377100000.0,4553600000.0,238400000.0,2.821,26.623,1109700000.0,0.0,1109700000.0,1109700000.0,0.0,219100000.0,0.0,0.0,0.0,124700000.0,343800000.0,0.066,343800000.0,124700000.0,14600000.0,2.19,2.18,2.19,197400000.0,210350000.0,197400000.0,2519764026.0,20.0,7.329,138500000.0,1.274,1.0,663700000.0,0.127,97100000.0,110100000.0,5341500000.0,5394100000.0,682200000.0,162500000.0,0.0,162500000.0,5255300000.0,746700000.0,4508600000.0,1573564026.0,322400000.0,333800000.0,-200000.0,-218400000.0,0.0,-217300000.0,311900000.0,-2500000.0,227800000.0,0.0,238400000.0,238400000.0,238400000.0,-207900000.0,0.0,0.046,743400000.0,-79700000.0,387300000.0,0.0,7.971,6.601,6.607,2324500000.0,0.0,14.47,0.302,0.302,632600000.0,-1305800000.0,5217300000.0,5217300000.0,0.0,0.045,1.133,0.023,0.024,0.0,206400000.0,1.0,108746650.0,108746650.0,,47.977,5355600000.0,1111800000.0,-223800000.0,0.0,49.248,1360100000.0
61,AKS,MRT,2004-09-30,2004-09-30,2004-09-30,2020-03-11,-189700000.0,5353100000.0,5208425000.0,1925000000.0,3428100000.0,0.929,2.808,-74500000.0,313900000.0,313900000.0,4290400000.0,177300000.0,2.7,16.522,1260100000.0,0.0,1260100000.0,1260100000.0,0.0,223300000.0,0.0,0.0,0.0,112400000.0,335700000.0,0.069,335700000.0,112400000.0,-1900000.0,1.62,1.62,1.62,305500000.0,147800000.0,305500000.0,1880705705.0,17.0,5.602,33700000.0,0.31,1.0,547100000.0,0.113,113700000.0,114300000.0,5472700000.0,5392450000.0,734500000.0,120700000.0,0.0,120700000.0,5047600000.0,712900000.0,4334700000.0,887505705.0,254900000.0,334700000.0,-300000.0,-175000000.0,0.0,-179600000.0,323300000.0,-2800000.0,108200000.0,0.0,177300000.0,177300000.0,177300000.0,-234300000.0,0.0,0.037,663200000.0,-116100000.0,349000000.0,0.0,2.905,5.006,5.037,2324100000.0,0.0,8.16,0.183,0.184,674700000.0,-1203000000.0,4837500000.0,4837500000.0,0.0,0.034,1.2,0.021,0.023,0.0,213600000.0,1.0,108762954.0,108800000.0,,44.462,5239400000.0,941300000.0,-179200000.0,0.0,48.156,1212100000.0
62,AKS,MRT,2004-06-30,2004-06-30,2004-06-30,2020-03-11,-189300000.0,5222900000.0,5132775000.0,1714800000.0,3508100000.0,0.881,2.043,-74000000.0,266800000.0,266800000.0,4174300000.0,-183300000.0,2.522,22.516,1260000000.0,0.0,1260000000.0,1260000000.0,0.0,230300000.0,0.0,0.0,0.0,-162800000.0,67500000.0,0.015,67500000.0,-162800000.0,-280800000.0,-1.7,-1.7,-1.7,222100000.0,105100000.0,222100000.0,1613372193.0,-10.0,23.902,-124500000.0,-1.145,1.0,347000000.0,0.077,113800000.0,118000000.0,5422400000.0,5366500000.0,723900000.0,118400000.0,0.0,118400000.0,5000800000.0,679900000.0,4320900000.0,572872193.0,73900000.0,270300000.0,-300000.0,-125000000.0,0.0,-139300000.0,259600000.0,-700000.0,-50500000.0,0.0,-183300000.0,-183300000.0,-183300000.0,-278300000.0,0.0,-0.041,782600000.0,-435600000.0,307100000.0,0.0,2.579,-3.125,-3.1,2357600000.0,0.0,5.27,0.127,0.127,592500000.0,-1286100000.0,4521300000.0,4521300000.0,0.0,-0.036,-1.744,-0.03,-0.036,0.0,225600000.0,1.0,108704401.0,108700000.0,,41.594,5109100000.0,916000000.0,-97500000.0,0.0,47.002,1034900000.0
63,AKS,MRT,2004-03-31,2004-03-31,2004-03-31,2020-03-11,-200300000.0,5232100000.0,5172725000.0,1699400000.0,3532700000.0,0.81,1.071,-82600000.0,299900000.0,299900000.0,4001300000.0,-354200000.0,2.084,43.949,1340400000.0,142500000.0,1197900000.0,1340400000.0,0.0,231300000.0,0.0,0.0,0.0,-396000000.0,-164700000.0,-0.039,-164700000.0,-396000000.0,-514900000.0,-3.27,-3.27,-3.27,116400000.0,153175000.0,116400000.0,1843376850.0,-5.0,-11.192,-190300000.0,-1.751,1.0,189500000.0,0.045,117300000.0,118900000.0,5339800000.0,5355350000.0,782000000.0,148400000.0,0.0,148400000.0,5115700000.0,815500000.0,4300200000.0,637776850.0,50700000.0,196700000.0,-400000.0,17500000.0,0.0,8700000.0,143100000.0,-1500000.0,-107700000.0,0.0,-354200000.0,-354200000.0,-354200000.0,-214200000.0,0.0,-0.085,796700000.0,-607200000.0,327500000.0,0.0,5.479,-1.801,-1.795,2390700000.0,0.0,5.87,0.152,0.152,478200000.0,-1378800000.0,4190800000.0,4190800000.0,0.0,-0.068,-2.312,-0.074,-0.094,0.0,236600000.0,1.0,108650230.0,108700000.0,,38.554,5114800000.0,902600000.0,-160700000.0,0.0,47.054,883900000.0
64,AKS,MRT,2003-12-31,2003-12-31,2003-12-31,2020-03-11,-203000000.0,5025600000.0,5208900000.0,1358000000.0,3667600000.0,0.776,-0.486,-86800000.0,54700000.0,54700000.0,3886900000.0,-560400000.0,1.743,-96.182,1260300000.0,62500000.0,1197800000.0,1260300000.0,0.0,232800000.0,0.0,0.0,0.0,-621200000.0,-388400000.0,-0.096,-388400000.0,-621200000.0,-739000000.0,-5.17,-5.17,-5.17,-52800000.0,246525000.0,-52800000.0,1867253124.0,-3.0,-4.808,-97200000.0,-0.895,1.0,154800000.0,0.038,117400000.0,117800000.0,5334900000.0,5368750000.0,730900000.0,165600000.0,0.0,165600000.0,5078400000.0,778900000.0,4299500000.0,553653124.0,-227800000.0,-67200000.0,-700000.0,-62500000.0,0.0,-70600000.0,-143600000.0,-1100000.0,-10400000.0,0.0,-560400000.0,-560400000.0,-560400000.0,-34000000.0,0.0,-0.139,806600000.0,-651800000.0,376300000.0,0.0,-10.486,-0.988,-0.986,2433900000.0,0.0,5.1,0.137,0.137,399300000.0,-1544200000.0,4041700000.0,4041700000.0,0.0,-0.108,-2.273,-0.116,-0.154,0.0,243600000.0,1.0,108559436.0,108559436.0,,37.23,4908200000.0,926500000.0,-178600000.0,0.0,45.212,579100000.0
65,AKS,MRT,2003-09-30,2003-09-30,2003-09-30,2020-03-11,-178300000.0,5050500000.0,5302425000.0,1476900000.0,3573600000.0,0.739,1.241,-80200000.0,59100000.0,59100000.0,3752900000.0,-886200000.0,1.716,36.494,1372700000.0,112500000.0,1260200000.0,1372700000.0,0.0,231700000.0,0.0,0.0,0.0,-1171000000.0,-939300000.0,-0.24,-939300000.0,-1171000000.0,-1288500000.0,-8.21,-8.38,-8.21,134700000.0,392050000.0,134700000.0,1346644126.0,-1.0,-1.434,-93300000.0,-0.86,1.0,166800000.0,0.043,134300000.0,117500000.0,5368900000.0,5380350000.0,794800000.0,176000000.0,0.0,176000000.0,4915800000.0,860900000.0,4054900000.0,216944126.0,-184100000.0,-19400000.0,-600000.0,-27400000.0,0.0,-37000000.0,-149400000.0,-136400000.0,-13100000.0,0.0,-886200000.0,-886200000.0,-886200000.0,-12600000.0,0.0,-0.226,1369300000.0,-1202500000.0,393200000.0,0.0,1.611,-0.245,-0.244,2528800000.0,0.0,2.0,0.055,0.055,482800000.0,-1380300000.0,3919700000.0,3919700000.0,0.0,-0.167,-2.26,-0.218,-0.299,0.0,229300000.0,1.0,108472063.0,108500000.0,,36.126,4916200000.0,794300000.0,-402300000.0,0.0,45.311,616000000.0
66,AKS,MRT,2003-06-30,2003-06-30,2003-06-30,2020-03-11,-174900000.0,5382700000.0,5333150000.0,1672600000.0,3710100000.0,0.753,3.819,-71700000.0,192900000.0,192900000.0,3660200000.0,-612000000.0,1.796,11.989,1322600000.0,62500000.0,1260100000.0,1322600000.0,0.0,231100000.0,0.0,0.0,0.0,-928800000.0,-697700000.0,-0.174,-697700000.0,-928800000.0,-1047700000.0,-5.68,-5.85,-5.68,414400000.0,614225000.0,414400000.0,1465924696.0,-2.0,-2.101,42600000.0,0.393,1.0,356000000.0,0.089,203200000.0,118900000.0,5377800000.0,5345800000.0,913000000.0,176500000.0,0.0,176500000.0,4968300000.0,931400000.0,4036900000.0,392724696.0,-650800000.0,4700000.0,-800000.0,-652700000.0,0.0,-669100000.0,-110300000.0,-127500000.0,114300000.0,0.0,-612000000.0,-612000000.0,-612000000.0,-4100000.0,0.0,-0.152,1276700000.0,-920700000.0,502900000.0,0.0,0.948,-0.642,-0.637,2554300000.0,0.0,3.62,0.098,0.098,420400000.0,-1102800000.0,4016200000.0,4016200000.0,0.0,-0.115,-0.996,-0.174,-0.231,0.0,237900000.0,1.0,108487485.0,108500000.0,,37.016,5179500000.0,834400000.0,-435700000.0,0.0,47.737,741200000.0
67,AKS,MRT,2003-03-31,2003-03-31,2003-03-31,2020-03-11,-177200000.0,5376800000.0,5429625000.0,1671500000.0,3705300000.0,0.769,4.518,-73100000.0,249300000.0,249300000.0,3661600000.0,-517600000.0,1.959,9.978,1322500000.0,62500000.0,1260000000.0,1322500000.0,0.0,229800000.0,0.0,0.0,0.0,-758400000.0,-528600000.0,-0.127,-528600000.0,-758400000.0,-883500000.0,-4.81,-4.98,-4.81,489800000.0,770200000.0,489800000.0,1392508935.0,-2.0,-2.634,236800000.0,2.185,1.0,514800000.0,0.123,203400000.0,125100000.0,5393400000.0,5302325000.0,880700000.0,172400000.0,0.0,172400000.0,4887000000.0,853200000.0,4033800000.0,352608935.0,150800000.0,67500000.0,-1300000.0,-114800000.0,0.0,-131400000.0,-51900000.0,-127700000.0,309900000.0,0.0,-517600000.0,-517600000.0,-517600000.0,5300000.0,0.0,-0.124,1250400000.0,-735600000.0,451300000.0,0.0,0.72,-0.681,-0.676,2589100000.0,0.0,3.25,0.084,0.084,404000000.0,-1024600000.0,4176400000.0,4176400000.0,0.0,-0.095,-0.672,-0.143,-0.182,0.0,236800000.0,1.0,108495057.0,108400000.0,,38.528,5173400000.0,783900000.0,-365900000.0,0.0,47.725,818300000.0
68,AKS,MRT,2002-12-31,2002-12-31,2002-12-31,2020-03-11,-178200000.0,5399700000.0,5369775000.0,1699700000.0,3700000000.0,0.774,4.906,-83500000.0,282500000.0,282500000.0,3628700000.0,-502400000.0,1.976,9.202,1322400000.0,62500000.0,1259900000.0,1322400000.0,0.0,230400000.0,0.0,0.0,0.0,-727300000.0,-496900000.0,-0.119,-496900000.0,-727300000.0,-855600000.0,-4.67,-4.84,-4.67,529300000.0,902300000.0,529300000.0,2019572160.0,-3.0,-4.064,196100000.0,1.817,1.0,530100000.0,0.127,198000000.0,128300000.0,5381300000.0,5293075000.0,848500000.0,175200000.0,0.0,175200000.0,4870400000.0,860300000.0,4010100000.0,863172160.0,181700000.0,67500000.0,-1600000.0,-115000000.0,0.0,-133100000.0,11300000.0,-54400000.0,279600000.0,0.0,-502400000.0,-502400000.0,-502400000.0,6400000.0,0.0,-0.121,1256900000.0,-726800000.0,452100000.0,0.0,1.631,-1.718,-1.713,2573700000.0,0.0,8.0,0.208,0.208,387200000.0,-983800000.0,4158800000.0,4158800000.0,0.0,-0.094,-0.557,-0.137,-0.175,0.0,242800000.0,1.0,107896520.0,107896520.0,,38.544,5201700000.0,756700000.0,-353200000.0,0.0,48.21,839400000.0
69,AKS,MRT,2002-09-30,2002-09-30,2002-09-30,2020-03-11,-172600000.0,5173400000.0,5326300000.0,1700100000.0,3473300000.0,0.752,9.485,-100900000.0,243300000.0,243300000.0,3470400000.0,-89100000.0,1.936,4.055,1399700000.0,77400000.0,1322300000.0,1399700000.0,0.0,228700000.0,0.0,0.0,0.0,-25900000.0,202800000.0,0.051,202800000.0,-25900000.0,-156700000.0,-0.83,-1.1,-0.83,1023400000.0,1028300000.0,1023400000.0,1894609453.0,-73.0,9.342,144500000.0,1.339,1.0,537400000.0,0.134,221100000.0,130800000.0,5230700000.0,5285575000.0,848400000.0,174500000.0,0.0,174500000.0,4150000000.0,878000000.0,3272000000.0,788709453.0,179900000.0,18600000.0,-2600000.0,-100300000.0,0.0,-118300000.0,23000000.0,100200000.0,245400000.0,0.0,-89100000.0,-89100000.0,-89100000.0,-700000.0,0.0,-0.022,583500000.0,-46100000.0,473200000.0,0.0,0.771,-8.852,-8.807,2662900000.0,0.0,7.31,0.197,0.197,522800000.0,-494100000.0,4007800000.0,4007800000.0,0.0,-0.017,-0.087,-0.005,-0.006,0.0,245300000.0,1.0,107894590.0,107900000.0,,37.144,4952300000.0,417000000.0,-67600000.0,0.0,45.897,822100000.0
70,AKS,MRT,2002-06-30,2002-06-30,2002-06-30,2020-03-11,-173800000.0,5768600000.0,5339475000.0,2271900000.0,3496700000.0,0.721,9.623,-109400000.0,843900000.0,843900000.0,3355500000.0,-91700000.0,1.568,4.556,1949800000.0,627600000.0,1322200000.0,1949800000.0,0.0,229100000.0,0.0,0.0,0.0,-28300000.0,200800000.0,0.052,200800000.0,-28300000.0,-160400000.0,-0.86,-1.13,-0.86,1038300000.0,1084725000.0,1038300000.0,2686227051.0,-95.0,13.378,91100000.0,0.844,1.0,495400000.0,0.129,221300000.0,132100000.0,5203900000.0,5370000000.0,824700000.0,142000000.0,0.0,142000000.0,4730300000.0,1449300000.0,3281000000.0,1382527051.0,739700000.0,33500000.0,-2400000.0,474800000.0,0.0,474100000.0,31800000.0,58600000.0,200500000.0,0.0,-91700000.0,-91700000.0,-91700000.0,100000.0,0.0,-0.024,574900000.0,-79500000.0,492600000.0,0.0,1.332,-15.077,-14.895,2708500000.0,0.0,12.81,0.359,0.359,514200000.0,-489300000.0,3850900000.0,3850900000.0,0.0,-0.017,-0.085,-0.005,-0.007,0.0,237300000.0,1.0,107925609.0,107900000.0,,35.69,5547300000.0,420600000.0,-68700000.0,0.0,51.411,822600000.0
71,AKS,MRT,2002-03-31,2002-03-31,2002-03-31,2020-03-11,-177100000.0,5137400000.0,5187500000.0,1587400000.0,3550000000.0,0.712,9.437,-105900000.0,98600000.0,98600000.0,3207000000.0,-105200000.0,1.839,4.046,1402300000.0,77800000.0,1324500000.0,1402300000.0,0.0,231800000.0,0.0,0.004,0.063,-55300000.0,176500000.0,0.048,176500000.0,-55300000.0,-185800000.0,-0.99,-1.26,-0.99,1018200000.0,1142375000.0,1018200000.0,2844860404.0,-51.0,16.118,-26000000.0,-0.241,1.0,486600000.0,0.132,221500000.0,130500000.0,5356400000.0,5447450000.0,905900000.0,133300000.0,0.0,133300000.0,4119200000.0,863200000.0,3256000000.0,1543360404.0,55900000.0,-29300000.0,-1800000.0,-63200000.0,-6700000.0,-72500000.0,-200000.0,90600000.0,79900000.0,0.0,-105200000.0,-105200000.0,-105200000.0,-300000.0,0.0,-0.028,599600000.0,-113000000.0,475400000.0,-0.064,1.516,-14.671,-14.444,2759900000.0,0.0,14.3,0.418,0.418,490300000.0,-505500000.0,3693600000.0,3693600000.0,0.0,-0.02,-0.092,-0.01,-0.015,0.0,235700000.0,1.0,107927301.0,107900000.0,,34.232,4915900000.0,442900000.0,-80600000.0,0.0,45.56,724200000.0
72,AKS,MRT,2001-12-31,2001-12-31,2001-12-31,2020-03-11,-187300000.0,5225800000.0,5175200000.0,1547800000.0,3678000000.0,0.711,9.592,-101900000.0,101000000.0,101000000.0,3152200000.0,-92400000.0,1.622,4.057,1402500000.0,78000000.0,1324500000.0,1402500000.0,0.0,235200000.0,0.0,0.011,0.126,-32100000.0,203100000.0,0.055,203100000.0,-32100000.0,-165200000.0,-0.87,-1.14,-0.87,1033300000.0,1213500000.0,1033300000.0,2626312617.0,-82.0,12.931,14700000.0,0.136,1.0,529500000.0,0.144,221600000.0,133100000.0,5351300000.0,5517275000.0,904600000.0,209900000.0,0.0,209900000.0,4192500000.0,954400000.0,3238100000.0,1225912617.0,15500000.0,-29300000.0,-1000000.0,-63200000.0,-13500000.0,-78000000.0,-69100000.0,18200000.0,116600000.0,0.0,-92400000.0,-92400000.0,-92400000.0,0.0,0.0,-0.025,596200000.0,-66700000.0,537600000.0,-0.145,1.186,-13.267,-13.08,2768300000.0,0.0,11.38,0.333,0.333,388000000.0,-479900000.0,3681700000.0,3681700000.0,0.0,-0.018,-0.076,-0.006,-0.009,0.0,231700000.0,1.0,107725186.0,107725186.0,,34.177,5004200000.0,470100000.0,-72800000.0,0.0,46.453,593400000.0
73,AKS,MRT,2001-09-30,2001-09-30,2001-09-30,2020-03-11,-46600000.0,5226100000.0,5178700000.0,1566900000.0,3659200000.0,0.733,11.598,-113200000.0,64700000.0,64700000.0,3203700000.0,-500000.0,1.664,3.184,1465100000.0,63300000.0,1401800000.0,1465100000.0,0.0,427600000.0,0.0,0.03,0.251,127600000.0,555200000.0,0.146,555200000.0,127600000.0,-6800000.0,-0.01,-0.01,-0.01,1249100000.0,1285000000.0,1249100000.0,2255354576.0,18.0,4.062,-16800000.0,-0.156,1.0,592000000.0,0.156,116500000.0,134400000.0,5568400000.0,5578050000.0,868300000.0,158400000.0,0.0,158400000.0,3977000000.0,941600000.0,3035400000.0,910254576.0,-82600000.0,-29300000.0,-100000.0,-3300000.0,-26900000.0,-32200000.0,-148900000.0,-46800000.0,96400000.0,0.0,-500000.0,-500000.0,-500000.0,3000000.0,0.0,0.0,471100000.0,120900000.0,507400000.0,-25.1,0.729,-1820.509,-845.0,2812400000.0,0.0,8.45,0.24,0.24,530600000.0,-403500000.0,3795700000.0,3795700000.0,0.0,0.0,0.0,0.023,0.034,0.0,247800000.0,1.0,107722435.0,107700000.0,,35.243,5109600000.0,333500000.0,-6300000.0,0.0,47.443,625300000.0
74,AKS,MRT,2001-06-30,2001-06-30,2001-06-30,2020-03-11,-31900000.0,5160700000.0,5200500000.0,1515700000.0,3645000000.0,0.764,11.771,-116100000.0,105500000.0,105500000.0,3303800000.0,46700000.0,1.73,3.067,1450600000.0,63300000.0,1387300000.0,1450600000.0,0.0,367400000.0,0.0,0.03,0.376,203600000.0,571000000.0,0.144,571000000.0,203600000.0,68200000.0,0.43,0.43,0.43,1268900000.0,1302450000.0,1268900000.0,2758214664.0,14.0,4.83,66000000.0,0.612,1.0,671200000.0,0.169,116100000.0,135400000.0,5513700000.0,5582275000.0,803600000.0,169300000.0,0.0,169300000.0,3891800000.0,876000000.0,3015800000.0,1351514664.0,-36000000.0,0.0,-21200000.0,-3400000.0,-40600000.0,-67900000.0,-148800000.0,-30200000.0,182100000.0,0.0,46700000.0,46700000.0,46700000.0,2200000.0,0.0,0.012,475600000.0,195600000.0,483700000.0,0.874,1.065,28.94,29.163,2813400000.0,0.0,12.54,0.34,0.34,517800000.0,-397300000.0,3975000000.0,3975000000.0,0.0,0.009,0.036,0.036,0.051,0.0,251500000.0,1.0,107776289.0,107800000.0,,36.874,5044600000.0,319600000.0,21500000.0,0.0,46.796,639700000.0
75,AKS,MRT,2001-03-31,2001-03-31,2001-03-31,2020-03-11,-1900000.0,5088200000.0,5225250000.0,1396400000.0,3691800000.0,0.812,12.084,-123800000.0,44000000.0,44000000.0,3482700000.0,93100000.0,1.883,2.906,1450700000.0,63200000.0,1387500000.0,1450700000.0,0.0,306600000.0,0.0,0.044,0.438,282600000.0,589200000.0,0.139,589200000.0,282600000.0,146000000.0,0.85,0.85,0.85,1302700000.0,1312925000.0,1302700000.0,2448350669.0,9.0,4.155,157200000.0,1.458,1.0,757800000.0,0.179,117500000.0,136600000.0,5635700000.0,5596550000.0,789500000.0,196200000.0,0.0,196200000.0,3785500000.0,741700000.0,3043800000.0,1084350669.0,-12900000.0,0.0,-39200000.0,-6000000.0,-47800000.0,-97000000.0,-179700000.0,-61900000.0,281000000.0,0.0,93100000.0,93100000.0,93100000.0,1600000.0,0.0,0.022,483000000.0,274800000.0,383600000.0,0.515,0.832,11.647,11.824,2847900000.0,0.0,10.05,0.256,0.255,486300000.0,-393100000.0,4240500000.0,4240500000.0,0.0,0.018,0.071,0.05,0.067,0.0,256700000.0,1.0,107895589.0,107800000.0,,39.337,4970700000.0,302500000.0,52900000.0,0.0,46.11,654700000.0
76,AKS,MRT,2000-12-31,2000-12-31,2000-12-31,2020-03-11,-4900000.0,5239800000.0,5248700000.0,1521800000.0,3718000000.0,0.839,12.256,-135800000.0,86800000.0,86800000.0,3577700000.0,132400000.0,1.709,2.972,1450800000.0,63200000.0,1387600000.0,1450800000.0,0.0,243300000.0,0.0,0.057,0.5,347100000.0,590400000.0,0.134,590400000.0,347100000.0,211000000.0,1.2,1.2,1.2,1319300000.0,1311075000.0,1319300000.0,2248183880.0,6.0,3.808,209400000.0,1.945,1.0,826000000.0,0.188,119100000.0,136100000.0,5594400000.0,5597400000.0,848400000.0,199600000.0,0.0,199600000.0,3920500000.0,890300000.0,3030200000.0,941883880.0,32400000.0,0.0,-37600000.0,-6000000.0,-54900000.0,-103700000.0,-191900000.0,-63200000.0,345200000.0,0.0,132400000.0,132400000.0,132400000.0,1600000.0,0.0,0.03,485200000.0,340800000.0,498300000.0,0.417,0.714,7.114,7.292,2885700000.0,0.0,8.75,0.214,0.214,517700000.0,-373300000.0,4403700000.0,4403700000.0,0.0,0.025,0.101,0.062,0.079,0.0,257900000.0,1.0,107643872.0,107643872.0,,40.91,5120700000.0,296900000.0,78600000.0,0.0,47.571,631500000.0
77,AKS,MRT,2000-09-30,2000-09-30,2000-09-30,2020-03-11,-1800000.0,5313300000.0,5245525000.0,1689100000.0,3624200000.0,0.901,12.133,-170200000.0,147300000.0,147300000.0,3827700000.0,110600000.0,1.841,3.029,1453600000.0,3300000.0,1450300000.0,1453600000.0,0.0,227100000.0,0.0,0.053,0.5,334200000.0,561300000.0,0.119,561300000.0,334200000.0,197500000.0,0.98,0.99,0.98,1318900000.0,1300700000.0,1318900000.0,2340391634.0,7.0,4.17,158800000.0,1.461,1.0,899000000.0,0.19,116600000.0,136700000.0,5585300000.0,5608875000.0,855200000.0,152100000.0,0.0,152100000.0,3994400000.0,917700000.0,3076700000.0,1027991634.0,18000000.0,0.0,-26400000.0,-130900000.0,-54300000.0,-201200000.0,-109800000.0,61700000.0,329000000.0,0.0,110600000.0,110600000.0,110600000.0,0.0,0.0,0.023,570600000.0,328400000.0,536300000.0,0.51,0.779,9.295,9.566,2897100000.0,0.0,9.375,0.217,0.216,590700000.0,-375200000.0,4726700000.0,4726700000.0,0.0,0.021,0.085,0.06,0.071,0.0,279500000.0,1.0,109652441.0,108700000.0,,43.484,5196700000.0,320200000.0,86900000.0,0.0,47.808,771400000.0
78,AKS,MRT,2000-06-30,2000-06-30,2000-06-30,2020-03-11,-2500000.0,5259700000.0,5240550000.0,1585000000.0,3674700000.0,0.886,11.841,-230300000.0,141500000.0,141500000.0,3750000000.0,71700000.0,1.795,3.013,1453900000.0,3300000.0,1450600000.0,1453900000.0,0.0,227100000.0,0.0,0.063,0.5,280700000.0,507800000.0,0.109,507800000.0,280700000.0,148800000.0,0.6,0.61,0.6,1310800000.0,1287400000.0,1310800000.0,2288727616.0,8.0,4.507,71000000.0,0.641,1.0,892200000.0,0.192,118100000.0,131900000.0,5570800000.0,5587525000.0,776000000.0,136500000.0,0.0,136500000.0,3948900000.0,883200000.0,3065700000.0,888927616.0,-151000000.0,0.0,2800000.0,-92800000.0,-48100000.0,-248400000.0,-203900000.0,27900000.0,301300000.0,0.0,71700000.0,71700000.0,71700000.0,0.0,0.0,0.015,621500000.0,270700000.0,502400000.0,0.833,0.678,12.398,13.333,2931400000.0,0.0,8.0,0.191,0.191,591800000.0,-402500000.0,4642200000.0,4642200000.0,0.0,0.014,0.056,0.05,0.06,0.0,291100000.0,1.0,111115952.0,110700000.0,,41.935,5141600000.0,346100000.0,77100000.0,0.0,46.446,701800000.0
79,AKS,MRT,2000-03-31,2000-03-31,2000-03-31,2020-03-11,-1700000.0,5182000000.0,4787875000.0,1447000000.0,3735000000.0,0.941,11.648,-278300000.0,56900000.0,56900000.0,3640000000.0,52300000.0,1.758,3.001,1456700000.0,5900000.0,1450800000.0,1456700000.0,0.0,227100000.0,0.0,0.048,0.5,252000000.0,479100000.0,0.106,479100000.0,252000000.0,124900000.0,0.43,0.44,0.43,1295300000.0,1199050000.0,1295300000.0,2556012254.0,10.0,5.335,-38300000.0,-0.344,1.0,866000000.0,0.192,119600000.0,127100000.0,5639100000.0,5217700000.0,798600000.0,137100000.0,0.0,137100000.0,3886700000.0,823100000.0,3063600000.0,1153512254.0,-586700000.0,0.0,25300000.0,-417800000.0,-41600000.0,-560800000.0,-265900000.0,14900000.0,240000000.0,0.0,52300000.0,52300000.0,52300000.0,-7500000.0,0.0,0.012,621600000.0,244400000.0,479100000.0,1.163,0.891,22.056,24.128,2961000000.0,0.0,10.375,0.256,0.256,519000000.0,-437700000.0,4506000000.0,4506000000.0,0.0,0.011,0.044,0.048,0.056,0.0,301100000.0,1.0,111181904.0,111200000.0,,40.522,5062400000.0,375900000.0,72600000.0,0.0,45.525,623900000.0
80,AKS,MRT,1999-12-31,1999-12-31,1999-12-31,2020-03-11,-1700000.0,5227100000.0,4435225000.0,1432500000.0,3794600000.0,0.985,12.399,-335100000.0,54400000.0,54400000.0,3503300000.0,65400000.0,1.65,3.091,1456900000.0,5900000.0,1451000000.0,1456900000.0,0.0,227100000.0,0.0,0.026,0.5,253000000.0,480100000.0,0.11,480100000.0,253000000.0,129300000.0,0.56,0.56,0.56,1277800000.0,1113450000.0,1277800000.0,3387397798.0,13.0,7.056,-85800000.0,-0.833,1.0,865000000.0,0.198,121300000.0,123700000.0,5640300000.0,4819075000.0,797600000.0,137300000.0,0.0,137300000.0,3949300000.0,868000000.0,3081300000.0,1945197798.0,-292300000.0,0.0,23200000.0,-70800000.0,-35100000.0,-218500000.0,-323100000.0,11200000.0,249300000.0,0.0,65400000.0,65400000.0,65400000.0,-7500000.0,0.0,0.015,620200000.0,244800000.0,496000000.0,0.893,1.522,29.743,33.705,2987800000.0,0.0,18.875,0.445,0.445,507200000.0,-450000000.0,4368300000.0,4368300000.0,0.0,0.015,0.059,0.052,0.058,0.0,309800000.0,1.0,103056837.0,103056837.0,,42.387,5105800000.0,392500000.0,63900000.0,0.0,49.544,564500000.0
81,AKS,MRT,1999-09-30,1999-09-30,1999-09-30,2020-03-11,-3200000.0,5293400000.0,4440575000.0,1567700000.0,3725700000.0,0.964,12.507,-400500000.0,129300000.0,129300000.0,3420200000.0,135300000.0,1.41,3.182,1571500000.0,267700000.0,1303800000.0,1571500000.0,0.0,177300000.0,0.0,0.027,0.5,334400000.0,511700000.0,0.12,511700000.0,334400000.0,222500000.0,1.26,1.23,1.26,1265700000.0,1109675000.0,1265700000.0,2226261373.0,7.0,4.351,-71600000.0,-0.708,1.0,861700000.0,0.201,124000000.0,111900000.0,5499900000.0,4750200000.0,704200000.0,124600000.0,73600000.0,51000000.0,4027700000.0,1111700000.0,2916000000.0,1087561373.0,-105700000.0,-6100000.0,13100000.0,114500000.0,-29600000.0,-54900000.0,-379700000.0,48700000.0,328900000.0,0.0,135300000.0,135300000.0,135300000.0,-7500000.0,0.0,0.032,542300000.0,319400000.0,437400000.0,0.397,0.859,8.038,14.484,2969700000.0,0.0,18.25,0.254,0.431,572200000.0,-424600000.0,4281900000.0,4281900000.0,0.0,0.03,0.122,0.07,0.078,0.0,300600000.0,1.0,59592404.0,101200000.0,,42.311,5169400000.0,409900000.0,87200000.0,0.0,51.081,456000000.0
82,AKS,MRT,1999-06-30,1999-06-30,1999-06-30,2020-03-11,1500000.0,3449000000.0,3937350000.0,882500000.0,2566500000.0,1.063,9.47,-551100000.0,141300000.0,141300000.0,3360100000.0,163000000.0,1.779,2.602,1280000000.0,0.0,1280000000.0,1280000000.0,0.0,177300000.0,0.0,0.022,0.5,354800000.0,532100000.0,0.127,532100000.0,354800000.0,251900000.0,1.54,1.51,1.54,957400000.0,1015775000.0,957400000.0,2443471608.0,7.0,4.592,-310700000.0,-3.073,1.0,826000000.0,0.197,0.0,102900000.0,4091500000.0,4311675000.0,408600000.0,0.0,0.0,0.0,2491600000.0,496200000.0,1995400000.0,1336671608.0,-236000000.0,-6100000.0,1300000.0,42300000.0,-29600000.0,-25400000.0,-451000000.0,105000000.0,240400000.0,0.0,163000000.0,163000000.0,163000000.0,-7500000.0,0.0,0.039,482700000.0,343300000.0,289200000.0,0.325,1.396,8.2,14.61,2329700000.0,0.0,22.5,0.319,0.543,321000000.0,313800000.0,4186100000.0,4186100000.0,0.0,0.041,0.16,0.082,0.085,0.0,295800000.0,1.0,59407627.0,101100000.0,,41.406,3449000000.0,0.0,88900000.0,87900000.0,34.115,386300000.0
83,AKS,MRT,1999-03-31,1999-03-31,1999-03-31,2020-03-11,1300000.0,3771400000.0,3893050000.0,1220300000.0,2551100000.0,0.946,9.463,-688000000.0,498200000.0,498200000.0,2967100000.0,166700000.0,1.464,2.958,1605000000.0,325000000.0,1280000000.0,1605000000.0,0.0,177300000.0,0.0,0.022,0.5,331100000.0,508400000.0,0.138,508400000.0,331100000.0,246100000.0,1.83,1.8,1.83,952900000.0,999875000.0,952900000.0,2394262028.0,7.0,4.709,-456300000.0,-4.531,1.0,717500000.0,0.195,0.0,85000000.0,4044600000.0,4168675000.0,390600000.0,0.0,0.0,0.0,2818500000.0,833600000.0,1984900000.0,1332262028.0,58700000.0,-6100000.0,-8600000.0,370000000.0,-29600000.0,311700000.0,-484700000.0,205700000.0,231700000.0,0.0,166700000.0,166700000.0,166700000.0,0.0,0.0,0.045,405200000.0,312300000.0,279400000.0,0.273,1.398,7.992,12.33,2301800000.0,0.0,22.563,0.362,0.617,314500000.0,313300000.0,3684600000.0,3684600000.0,0.0,0.043,0.167,0.079,0.09,0.0,247400000.0,1.0,59046316.0,100700000.0,,36.59,3771400000.0,0.0,79400000.0,85500000.0,37.452,386700000.0
84,AKS,MRT,1998-12-31,1998-12-31,1998-12-31,2020-03-11,-300000.0,5248500000.0,3753150000.0,1497100000.0,3751400000.0,1.093,21.416,-795100000.0,346700000.0,346700000.0,3297800000.0,329700000.0,1.626,3.157,1512600000.0,116900000.0,1395700000.0,1512600000.0,0.0,177300000.0,0.0,0.021,0.5,520100000.0,697400000.0,0.17,697400000.0,520100000.0,435200000.0,3.19,3.06,3.19,1262700000.0,979725000.0,1262700000.0,2406658167.0,5.0,3.451,-564800000.0,-9.579,1.0,803200000.0,0.196,128600000.0,84900000.0,5364800000.0,4014400000.0,680900000.0,146200000.0,7000000.0,139200000.0,3985800000.0,921000000.0,3064800000.0,1385558167.0,-191400000.0,-6100000.0,-37600000.0,170700000.0,-29700000.0,93100000.0,-514800000.0,286100000.0,230300000.0,0.0,329700000.0,329700000.0,329700000.0,0.0,0.0,0.08,439200000.0,364000000.0,441100000.0,0.157,1.097,4.202,7.367,2873000000.0,0.0,23.5,0.338,0.338,441100000.0,-472700000.0,4101000000.0,4101000000.0,0.0,0.088,0.337,0.13,0.127,0.0,278000000.0,1.0,58959922.0,58959922.0,,69.556,5119900000.0,442500000.0,105500000.0,0.0,86.837,576100000.0
85,AKS,MRT,1998-09-30,1998-09-30,1998-09-30,2020-03-11,100000.0,3280500000.0,3212100000.0,887800000.0,2392700000.0,1.406,8.866,-952100000.0,123900000.0,123900000.0,3666900000.0,166500000.0,1.597,2.686,1145000000.0,0.0,1145000000.0,1145000000.0,0.0,156800000.0,0.0,0.025,0.406,377900000.0,534700000.0,0.118,534700000.0,377900000.0,278500000.0,1.14,1.2,1.14,890100000.0,883950000.0,890100000.0,1779655696.0,5.0,3.328,-663000000.0,-6.604,1.0,849600000.0,0.188,0.0,99400000.0,3745800000.0,3465750000.0,423700000.0,79800000.0,79800000.0,0.0,2390400000.0,555800000.0,1834600000.0,973255696.0,-445900000.0,-3000000.0,-55500000.0,86500000.0,-30200000.0,-21000000.0,-714000000.0,194400000.0,289100000.0,0.0,166500000.0,166500000.0,166500000.0,-1600000.0,0.0,0.037,500100000.0,349500000.0,320000000.0,0.356,1.093,5.845,14.419,2153000000.0,0.0,16.438,0.215,0.365,251200000.0,257200000.0,4516500000.0,4516500000.0,0.0,0.052,0.188,0.109,0.084,0.0,334300000.0,1.0,59207671.0,100400000.0,,44.985,3280500000.0,0.0,112000000.0,76000000.0,32.674,332000000.0
86,AKS,MRT,1998-06-30,1998-06-30,1998-06-30,2020-03-11,2700000.0,3271800000.0,,1042400000.0,2229400000.0,,15.098,-893400000.0,338600000.0,338600000.0,3368300000.0,173400000.0,1.866,2.661,1145000000.0,0.0,1145000000.0,1145000000.0,0.0,156800000.0,0.0,0.019,0.331,389200000.0,546000000.0,0.131,546000000.0,389200000.0,291300000.0,1.5,1.51,1.5,893800000.0,,893800000.0,1810274716.0,5.0,3.316,-408100000.0,-6.894,1.0,787100000.0,0.189,0.0,97900000.0,3519500000.0,,386800000.0,94800000.0,94800000.0,0.0,2378000000.0,558700000.0,1819300000.0,1060274716.0,-152200000.0,-3000000.0,-53100000.0,140900000.0,-28000000.0,37000000.0,-674500000.0,198800000.0,485300000.0,0.0,173400000.0,173400000.0,173400000.0,-1600000.0,0.0,0.042,433500000.0,353600000.0,341400000.0,0.221,1.186,6.115,11.917,1964400000.0,0.0,17.875,0.255,0.255,213500000.0,255300000.0,4155400000.0,4155400000.0,0.0,,,,0.094,0.0,290000000.0,1.0,59316068.0,59200000.0,,70.193,3271800000.0,0.0,117900000.0,75300000.0,55.267,483700000.0
87,AKS,MRT,1998-03-31,1998-03-31,1998-03-31,2020-03-11,2800000.0,3211800000.0,,1177500000.0,2034300000.0,,14.563,,395000000.0,395000000.0,3366000000.0,179000000.0,2.204,2.682,1145000000.0,0.0,1145000000.0,1145000000.0,0.0,,0.0,0.012,0.256,407600000.0,,,,407600000.0,301900000.0,1.62,1.58,1.62,872300000.0,,872300000.0,1932899996.0,5.0,,,,1.0,800000000.0,0.192,0.0,105700000.0,3427500000.0,,350000000.0,181200000.0,181200000.0,0.0,2339500000.0,534300000.0,1805200000.0,1283599996.0,,,,,,,,,,,179000000.0,179000000.0,179000000.0,-1600000.0,0.0,0.043,431000000.0,369000000.0,314300000.0,0.158,1.472,7.171,13.04,1768800000.0,0.0,21.125,0.308,0.304,233700000.0,229200000.0,4166000000.0,4166000000.0,0.0,,,,0.098,,288800000.0,1.0,60762130.0,59900000.0,,69.549,3211800000.0,0.0,122900000.0,68100000.0,53.619,643200000.0
88,AKS,MRT,1997-12-31,1997-12-31,1997-12-31,2020-03-11,2100000.0,3084300000.0,2867550000.0,1221600000.0,1862700000.0,1.457,14.476,-669900000.0,348200000.0,348200000.0,3363300000.0,185100000.0,2.168,2.506,997500000.0,0.0,997500000.0,997500000.0,0.0,156800000.0,0.0,0.01,0.181,424300000.0,581100000.0,0.139,581100000.0,424300000.0,312600000.0,1.75,1.67,1.75,879600000.0,828300000.0,879600000.0,,,,-115200000.0,-1.896,1.0,813300000.0,0.195,0.0,111700000.0,3170200000.0,2906150000.0,365200000.0,257900000.0,257900000.0,0.0,2204700000.0,563400000.0,1641300000.0,1074760555.0,-153900000.0,-3000000.0,-19600000.0,95900000.0,-23800000.0,21700000.0,-730300000.0,-57400000.0,554700000.0,0.0,185100000.0,185100000.0,185100000.0,-1600000.0,0.0,0.044,429000000.0,384300000.0,375600000.0,0.103,1.222,5.806,10.107,1592700000.0,0.0,17.688,0.257,0.257,241500000.0,208300000.0,4176600000.0,4176600000.0,0.0,0.065,0.223,0.146,0.102,0.0,288000000.0,1.0,60762130.0,60762130.0,,68.737,3084300000.0,0.0,127500000.0,60000000.0,50.76,658200000.0
89,AKS,MRT,1997-09-30,1997-09-30,1997-09-30,2020-03-11,,,,,,,,,,,,,,,,,,,,,,0.019,0.2,,,,,,,,,,,,,,,,,,1.0,,,,,,,,,,,,,,,,,,,,,,,,,,,,,,,,,,,,,,,,10.656,,,,,,,,,,,,,,1.0,,,,,,,,,,
90,AKS,MRT,1997-06-30,1997-06-30,1997-06-30,2020-03-11,,,,,,,,,,,,,,,,,,,,,,0.017,0.188,,,,,,,,,,,,,,,,,,1.0,,,,,,,,,,,,,,,,,,,,,,,,,,,,,,,,,,,,,,,,11.031,,,,,,,,,,,,,,1.0,,,,,,,,,,
91,AKS,MRT,1997-03-31,1997-03-31,1997-03-31,2020-03-11,,,,,,,,,,,,,,,,,,,,,,0.019,0.175,,,,,,,,,,,,,,,,,,1.0,,,,,,,,,,,,,,,,,,,,,,,,,,,,,,,,,,,,,,,,9.0,,,,,,,,,,,,,,1.0,,53500000.0,,,,,,,,
92,AKS,MRT,1996-12-31,1996-12-31,1996-12-31,2020-03-11,0.0,2650800000.0,,1365700000.0,1285100000.0,,,-141300000.0,523100000.0,523100000.0,1846500000.0,145900000.0,3.787,2.412,875000000.0,0.0,875000000.0,875000000.0,0.0,76100000.0,0.0,0.016,0.163,276800000.0,352900000.0,0.153,352900000.0,276800000.0,237000000.0,2.57,2.35,2.57,777000000.0,,777000000.0,,,,-55000000.0,,1.0,455300000.0,0.198,0.0,39800000.0,2642100000.0,,360900000.0,216200000.0,216200000.0,0.0,1873800000.0,360600000.0,1513200000.0,,386100000.0,-3400000.0,16600000.0,550000000.0,-17000000.0,484900000.0,-185100000.0,-40400000.0,86300000.0,0.0,145900000.0,145900000.0,145900000.0,0.0,0.0,0.063,190800000.0,264500000.0,239800000.0,0.063,,,3.855,1038600000.0,0.0,9.906,,,260300000.0,89200000.0,2301800000.0,2301800000.0,0.0,,,,0.12,0.0,114700000.0,1.0,,,,,2650800000.0,0.0,91100000.0,15700000.0,,1005100000.0
93,AKS,MRT,1995-12-31,1995-12-31,1995-12-31,2020-03-11,,,,,,,,-169900000.0,,,1768100000.0,268600000.0,,,,,,,,74600000.0,,0.036,0.306,317100000.0,391700000.0,0.174,391700000.0,317100000.0,281500000.0,4.82,4.09,4.82,,,,,,,130200000.0,,1.0,489200000.0,0.217,,35600000.0,,,,,,,,,,,-124800000.0,12700000.0,-13400000.0,-5000000.0,-3900000.0,-90700000.0,-334200000.0,-177000000.0,300100000.0,0.0,268600000.0,253300000.0,253300000.0,0.0,0.0,0.112,191100000.0,298100000.0,,0.063,,,1.776,,15300000.0,8.563,,,,,2257300000.0,2257300000.0,0.0,,,,0.14,0.0,116500000.0,1.0,,,,,,,12900000.0,,,
