None,ticker,dimension,calendardate,datekey,reportperiod,lastupdated,accoci,assets,assetsavg,assetsc,assetsnc,assetturnover,bvps,capex,cashneq,cashnequsd,cor,consolinc,currentratio,de,debt,debtc,debtnc,debtusd,deferredrev,depamor,deposits,divyield,dps,ebit,ebitda,ebitdamargin,ebitdausd,ebitusd,ebt,eps,epsdil,epsusd,equity,equityavg,equityusd,ev,evebit,evebitda,fcf,fcfps,fxusd,gp,grossmargin,intangibles,intexp,invcap,invcapavg,inventory,investments,investmentsc,investmentsnc,liabilities,liabilitiesc,liabilitiesnc,marketcap,ncf,ncfbus,ncfcommon,ncfdebt,ncfdiv,ncff,ncfi,ncfinv,ncfo,ncfx,netinc,netinccmn,netinccmnusd,netincdis,netincnci,netmargin,opex,opinc,payables,payoutratio,pb,pe,pe1,ppnenet,prefdivis,price,ps,ps1,receivables,retearn,revenue,revenueusd,rnd,roa,roe,roic,ros,sbcomp,sgna,sharefactor,sharesbas,shareswa,shareswadil,sps,tangibles,taxassets,taxexp,taxliabilities,tbvps,workingcapital
0,YHOO,MRY,2016-12-31,2016-12-31,2016-12-31,2021-08-25,18477893000.0,48083079000.0,47781807250.0,8126160000.0,39956919000.0,0.108,32.689,10678000.0,1119469000.0,1119469000.0,2718894000.0,-209463000.0,6.312,0.547,1299945000.0,0.0,1299945000.0,1299945000.0,148811000.0,507555000.0,0.0,0.0,0.0,-340549000.0,167006000.0,0.032,167006000.0,-340549000.0,-340549000.0,-0.23,-0.23,-0.23,31049283000.0,30681949000.0,31049283000.0,36767687719.0,-108.0,220.158,1259541000.0,1.326,1.0,2450241000.0,0.474,577453000.0,0.0,46398678000.0,45734323000.0,0.0,43664395000.0,5700925000.0,37963470000.0,16999003000.0,1287424000.0,15711579000.0,36895993719.0,-512442000.0,0.0,17517000.0,0.0,0.0,-193682000.0,-1574265000.0,-1584237000.0,1248863000.0,6642000.0,-214321000.0,-214321000.0,-214321000.0,0.0,4858000.0,-0.041,3095299000.0,-645058000.0,171520000.0,0.0,1.188,-172.153,-168.13,1209937000.0,0.0,38.67,7.138,7.106,1084267000.0,4353958000.0,5169135000.0,5169135000.0,1055462000.0,-0.004,-0.007,-0.007,-0.066,487525000.0,1532229000.0,1.0,954124482.0,949843000,949843000.0,5.442,47505626000.0,0.0,-126228000.0,14276454000.0,50.014,6838736000.0
1,YHOO,MRY,2015-12-31,2015-12-31,2015-12-31,2021-08-25,16576031000.0,45203966000.0,46755621750.0,7507319000.0,37696647000.0,0.106,30.926,-542987000.0,1631911000.0,1631911000.0,2077748000.0,-4351107000.0,5.877,0.555,1233485000.0,0.0,1233485000.0,1233485000.0,161832000.0,609613000.0,0.0,0.0,0.0,-4448680000.0,-3839067000.0,-0.773,-3839067000.0,-4448680000.0,-4448680000.0,-4.64,-4.64,-4.64,29043537000.0,31120246250.0,29043537000.0,31345500089.0,-7.0,-8.165,-2926409000.0,-3.116,1.0,2890553000.0,0.582,1155383000.0,0.0,42372777000.0,40798374000.0,0.0,38876663000.0,4225112000.0,34651551000.0,16124546000.0,1277380000.0,14847166000.0,31409252089.0,-1032187000.0,-175693000.0,-144641000.0,0.0,0.0,-377258000.0,1752112000.0,2446759000.0,-2383422000.0,-23619000.0,-4359082000.0,-4359082000.0,-4359082000.0,0.0,7975000.0,-0.877,7639047000.0,-4748494000.0,208691000.0,0.0,1.081,-7.205,-7.168,1547323000.0,0.0,33.26,6.322,6.287,1047504000.0,4570807000.0,4968301000.0,4968301000.0,1177923000.0,-0.093,-0.14,-0.109,-0.895,443305000.0,1768522000.0,1.0,944355144.0,939141000,939141000.0,5.29,44048583000.0,0.0,-89598000.0,13467191000.0,46.903,6229939000.0
2,YHOO,MRY,2014-12-31,2014-12-31,2014-12-31,2021-08-25,22019628000.0,61707336000.0,38013665750.0,9444421000.0,52262915000.0,0.121,39.22,-395615000.0,2664098000.0,2664098000.0,1387375000.0,7532142000.0,2.092,0.592,1170423000.0,0.0,1170423000.0,1170423000.0,357737000.0,606568000.0,0.0,0.0,0.0,11559833000.0,12166401000.0,2.634,12166401000.0,11559833000.0,11559833000.0,7.61,7.45,7.61,38741837000.0,25263143750.0,38741837000.0,38806678507.0,3.0,3.19,520735000.0,0.527,1.0,3230758000.0,0.7,5623412000.0,0.0,50075266000.0,27354988250.0,0.0,49915671000.0,5327412000.0,44588259000.0,22921744000.0,4514983000.0,18406761000.0,47850723507.0,586508000.0,8545938000.0,-3855198000.0,0.0,0.0,-4022466000.0,3738501000.0,-4500094000.0,916350000.0,-45877000.0,7521731000.0,7521731000.0,7521731000.0,0.0,10411000.0,1.629,3087816000.0,142942000.0,238018000.0,0.0,1.235,6.362,6.637,1487684000.0,0.0,50.51,10.361,10.804,1032704000.0,8934244000.0,4618133000.0,4618133000.0,1156386000.0,0.198,0.298,0.423,2.503,416303000.0,1770710000.0,1.0,947351485.0,987819000,1004108000.0,4.675,56083924000.0,0.0,4038102000.0,20354762000.0,56.776,4929438000.0
3,YHOO,MRY,2013-12-31,2013-12-31,2013-12-31,2021-08-25,318389000.0,16804959000.0,16107027500.0,5025857000.0,11779102000.0,0.291,12.42,-338131000.0,2077590000.0,2077590000.0,1349380000.0,1376566000.0,3.75,0.281,1110585000.0,0.0,1110585000.0,1110585000.0,553403000.0,629003000.0,0.0,0.0,0.0,1519673000.0,2148676000.0,0.459,2148676000.0,1519673000.0,1519673000.0,1.3,1.26,1.3,13074909000.0,13379450000.0,13074909000.0,40302788340.0,27.0,18.757,857116000.0,0.814,1.0,3331000000.0,0.712,5097456000.0,0.0,9400186000.0,9167218500.0,0.0,6346151000.0,1330304000.0,5015847000.0,3674362000.0,1340312000.0,2334050000.0,41024047340.0,-590188000.0,-447544000.0,-2866354000.0,1412344000.0,0.0,-1743884000.0,-23221000.0,682891000.0,1195247000.0,-18330000.0,1366281000.0,1366281000.0,1366281000.0,0.0,10285000.0,0.292,2741074000.0,589926000.0,138031000.0,0.0,3.138,30.026,31.108,1488518000.0,0.0,40.44,8.765,9.096,979559000.0,4267429000.0,4680380000.0,4680380000.0,957587000.0,0.085,0.102,0.166,0.325,262874000.0,1751275000.0,1.0,1014442318.0,1052705000,1070811000.0,4.446,11707503000.0,0.0,153392000.0,847956000.0,11.121,3685545000.0
4,YHOO,MRY,2012-12-31,2012-12-31,2012-12-31,2021-08-25,571249000.0,17103253000.0,16784712250.0,5652713000.0,11450540000.0,0.297,12.207,-505507000.0,2667778000.0,2667778000.0,1620566000.0,3950602000.0,4.381,0.172,124587000.0,0.0,124587000.0,124587000.0,704486000.0,654601000.0,0.0,0.0,0.0,5885522000.0,6540123000.0,1.312,6540123000.0,5885522000.0,5885522000.0,3.31,3.28,3.31,14560200000.0,13853319500.0,14560200000.0,16102627334.0,3.0,2.462,-787061000.0,-0.66,1.0,3366000000.0,0.675,3980722000.0,0.0,9289108000.0,7734032000.0,0.0,7011018000.0,1516175000.0,5494843000.0,2497650000.0,1290232000.0,1207418000.0,23535496334.0,1105388000.0,6242012000.0,-1949470000.0,0.0,0.0,-1979457000.0,3362044000.0,-2371887000.0,-281554000.0,4355000.0,3945479000.0,3945479000.0,3945479000.0,0.0,5123000.0,0.791,2799632000.0,566368000.0,184831000.0,0.0,1.616,5.965,6.012,1685845000.0,0.0,19.9,4.72,4.76,1008448000.0,5792459000.0,4986566000.0,4986566000.0,885824000.0,0.235,0.285,0.761,1.18,153652000.0,1641819000.0,1.0,1182688258.0,1192775000,1202906000.0,4.181,13122531000.0,0.0,1940043000.0,675271000.0,11.002,4362481000.0
5,YHOO,MRY,2011-12-31,2011-12-31,2011-12-31,2021-08-25,697869000.0,14782786000.0,14761544000.0,3452536000.0,11330250000.0,0.338,9.842,-593294000.0,1562390000.0,1562390000.0,1586997000.0,1062669000.0,2.86,0.176,134905000.0,0.0,134905000.0,134905000.0,238361000.0,648239000.0,0.0,0.0,0.0,1290594000.0,1938833000.0,0.389,1938833000.0,1290594000.0,1290594000.0,0.82,0.82,0.82,12541067000.0,12646117000.0,12541067000.0,18676113709.0,14.0,9.633,730512000.0,0.573,1.0,3397202000.0,0.682,4155352000.0,0.0,7992588000.0,8065462500.0,0.0,5716571000.0,493189000.0,5223382000.0,2201439000.0,1207361000.0,994078000.0,20006022709.0,35963000.0,-323830000.0,-1462515000.0,0.0,0.0,-1455958000.0,202362000.0,1137886000.0,1323806000.0,-34247000.0,1048827000.0,1048827000.0,1048827000.0,0.0,13842000.0,0.21,2596861000.0,800341000.0,166595000.0,0.0,1.595,19.075,19.671,1730888000.0,0.0,16.13,4.014,4.124,1037474000.0,2432294000.0,4984199000.0,4984199000.0,919368000.0,0.071,0.083,0.16,0.259,166989000.0,1619481000.0,1.0,1240298990.0,1274240000,1282282000.0,3.912,10627434000.0,0.0,241767000.0,815534000.0,8.34,2245175000.0
6,YHOO,MRY,2010-12-31,2010-12-31,2010-12-31,2021-08-25,504254000.0,14928104000.0,14536324250.0,4345548000.0,10582556000.0,0.435,9.274,-714078000.0,1526427000.0,1526427000.0,2682074000.0,1244628000.0,2.673,0.186,142799000.0,0.0,142799000.0,142799000.0,311021000.0,682509000.0,0.0,0.0,0.0,1453186000.0,2135695000.0,0.338,2135695000.0,1453186000.0,1453186000.0,0.91,0.9,0.91,12558129000.0,12297499000.0,12558129000.0,20201027603.0,14.0,9.459,526112000.0,0.389,1.0,3642577000.0,0.576,3937515000.0,0.0,7981089000.0,7859583750.0,0.0,6114144000.0,1357661000.0,4756483000.0,2331694000.0,1625872000.0,705822000.0,21677203603.0,250997000.0,167558000.0,-1581923000.0,0.0,0.0,-1501706000.0,509915000.0,1097270000.0,1240190000.0,2598000.0,1231663000.0,1231663000.0,1231663000.0,0.0,12965000.0,0.195,2870053000.0,772524000.0,162424000.0,0.0,1.726,17.6,18.275,1653422000.0,0.0,16.63,3.427,3.561,1028900000.0,1942656000.0,6324651000.0,6324651000.0,1028716000.0,0.085,0.1,0.185,0.23,131325000.0,1751754000.0,1.0,1303499916.0,1354118000,1364612000.0,4.671,10990589000.0,0.0,221523000.0,506658000.0,8.116,2719676000.0
7,YHOO,MRY,2009-12-31,2009-12-31,2009-12-31,2021-08-25,369236000.0,14936030000.0,14292043500.0,4594772000.0,10341258000.0,0.452,8.939,-433795000.0,1275430000.0,1275430000.0,2871746000.0,605289000.0,2.675,0.193,83021000.0,0.0,83021000.0,83021000.0,533694000.0,738855000.0,0.0,0.0,0.0,817313000.0,1556168000.0,0.241,1556168000.0,817313000.0,817313000.0,0.43,0.42,0.43,12493320000.0,12031185000.0,12493320000.0,21659246513.0,27.0,13.918,876551000.0,0.627,1.0,3588569000.0,0.555,3996256000.0,0.0,8029637000.0,6987917500.0,0.0,6738862000.0,2015655000.0,4723207000.0,2417394000.0,1717728000.0,699666000.0,23509724513.0,-1016866000.0,-195106000.0,-771000.0,0.0,0.0,34597000.0,-2419238000.0,-1761804000.0,1310346000.0,57429000.0,597992000.0,597992000.0,597992000.0,0.0,7297000.0,0.093,3201877000.0,386692000.0,136769000.0,0.0,1.882,39.314,39.023,1426862000.0,0.0,16.78,3.639,3.63,1003362000.0,1599638000.0,6460315000.0,6460315000.0,1210168000.0,0.042,0.05,0.117,0.127,347522000.0,1825702000.0,1.0,1401056288.0,1397652000,1415658000.0,4.622,10939774000.0,0.0,219321000.0,494095000.0,7.827,2877044000.0
8,YHOO,MRY,2008-12-31,2008-12-31,2008-12-31,2021-08-25,120276000.0,13689848000.0,13753444500.0,4745498000.0,8944350000.0,0.524,8.216,-674829000.0,2292296000.0,2292296000.0,3023362000.0,424686000.0,2.783,0.215,77062000.0,0.0,77062000.0,77062000.0,631662000.0,790033000.0,0.0,0.0,0.0,677927000.0,1467960000.0,0.204,1467960000.0,677927000.0,677927000.0,0.31,0.29,0.31,11250942000.0,11254858500.0,11250942000.0,14849410487.0,22.0,10.116,1205412000.0,0.88,1.0,4185140000.0,0.581,3926749000.0,0.0,5842850000.0,5517649500.0,0.0,4407122000.0,1159691000.0,3247431000.0,2420887000.0,1705015000.0,715872000.0,16930152487.0,778366000.0,-208958000.0,284118000.0,0.0,0.0,332406000.0,-1311783000.0,-367682000.0,1880241000.0,-122498000.0,418921000.0,418921000.0,418921000.0,0.0,5765000.0,0.058,4172177000.0,12963000.0,151897000.0,0.0,1.505,40.414,39.355,1536181000.0,0.0,12.2,2.349,2.318,1060450000.0,4752920000.0,7208502000.0,7208502000.0,1221787000.0,0.03,0.037,0.123,0.094,400209000.0,2268449000.0,1.0,1387717417.0,1369476000,1391230000.0,5.264,9763099000.0,0.0,259006000.0,420372000.0,7.129,3040483000.0
9,YHOO,MRY,2007-12-31,2007-12-31,2007-12-31,2021-08-25,331202000.0,12229741000.0,11719390500.0,3237722000.0,8992019000.0,0.595,7.119,-602276000.0,1513930000.0,1513930000.0,2838758000.0,642005000.0,1.407,0.283,777714000.0,749628000.0,28086000.0,777714000.0,463599000.0,659195000.0,0.0,0.0,0.0,962023000.0,1621218000.0,0.233,1621218000.0,962023000.0,962023000.0,0.48,0.47,0.48,9532831000.0,9154783500.0,9532831000.0,30307366231.0,32.0,18.694,1316623000.0,0.983,1.0,4130516000.0,0.593,4613527000.0,0.0,4579550000.0,5133925250.0,0.0,3030459000.0,487544000.0,2542915000.0,2696910000.0,2300448000.0,396462000.0,31085688231.0,-55941000.0,-973577000.0,-1458853000.0,0.0,0.0,-1442008000.0,-572502000.0,1138677000.0,1918899000.0,39670000.0,639155000.0,639155000.0,639155000.0,0.0,2850000.0,0.092,3435103000.0,695413000.0,176162000.0,0.0,3.261,48.636,48.458,1331632000.0,0.0,23.26,4.46,4.469,1055532000.0,4423864000.0,6969274000.0,6969274000.0,1084238000.0,0.055,0.07,0.187,0.138,613138000.0,2243788000.0,1.0,1336444034.0,1338987000,1366264000.0,5.205,7616214000.0,0.0,322868000.0,260993000.0,5.688,937274000.0
10,YHOO,MRY,2006-12-31,2006-12-31,2006-12-31,2021-08-25,150505000.0,11513608000.0,11036661250.0,3750142000.0,7763466000.0,0.582,6.596,-689136000.0,1569871000.0,1569871000.0,2675723000.0,751391000.0,2.544,0.257,749915000.0,0.0,749915000.0,749915000.0,382921000.0,540021000.0,0.0,0.0,0.0,1209402000.0,1749423000.0,0.272,1749423000.0,1209402000.0,1209402000.0,0.54,0.52,0.54,9160610000.0,8592653250.0,9160610000.0,34304675692.0,28.0,19.609,682440000.0,0.491,1.0,3749956000.0,0.584,3374379000.0,0.0,5845279000.0,5539408000.0,0.0,3859248000.0,1031528000.0,2827720000.0,2352998000.0,1473994000.0,879004000.0,34739974692.0,140178000.0,-142272000.0,-1691742000.0,0.0,0.0,-1094624000.0,-193681000.0,622808000.0,1371576000.0,56907000.0,751391000.0,751391000.0,751391000.0,0.0,0.0,0.117,2808990000.0,940966000.0,109130000.0,0.0,3.792,46.234,47.296,1101379000.0,0.0,25.54,5.406,5.52,930964000.0,3717560000.0,6425679000.0,6425679000.0,833147000.0,0.068,0.087,0.218,0.188,453821000.0,1851057000.0,1.0,1360218273.0,1388741000,1457686000.0,4.627,8139229000.0,0.0,458011000.0,19204000.0,5.861,2276148000.0
11,YHOO,MRY,2005-12-31,2005-12-31,2005-12-31,2021-08-25,-35965000.0,10831834000.0,9838197000.0,3449533000.0,7382301000.0,0.534,6.117,-408934000.0,1429693000.0,1429693000.0,2096201000.0,1896230000.0,2.865,0.264,749995000.0,0.0,749995000.0,749995000.0,373964000.0,397142000.0,0.0,0.0,0.0,2664046000.0,3061188000.0,0.582,3061188000.0,2664046000.0,2664046000.0,1.35,1.28,1.35,8566415000.0,7736906250.0,8566415000.0,54309076081.0,20.0,17.741,1302449000.0,0.93,1.0,3161467000.0,0.601,3430172000.0,0.0,5517912000.0,4691386250.0,0.0,4328556000.0,1131141000.0,3197415000.0,2265419000.0,1204052000.0,1061367000.0,55586084081.0,605970000.0,-1698164000.0,-252349000.0,0.0,0.0,-250600000.0,-821930000.0,1324314000.0,1711383000.0,-32883000.0,1896230000.0,1896230000.0,1896230000.0,0.0,0.0,0.361,2053742000.0,1107725000.0,70291000.0,0.0,6.489,29.314,29.022,697522000.0,0.0,39.18,10.572,10.436,721723000.0,2966169000.0,5257668000.0,5257668000.0,569527000.0,0.193,0.245,0.568,0.507,812001000.0,1375020000.0,1.0,1418736194.0,1400421000,1485591000.0,3.754,7401662000.0,0.0,767816000.0,0.0,5.285,2245481000.0
12,YHOO,MRY,2004-12-31,2004-12-31,2004-12-31,2021-08-25,535736000.0,9178201000.0,7494237500.0,4090475000.0,5087726000.0,0.477,5.247,-245501000.0,823723000.0,823723000.0,1342338000.0,839553000.0,3.464,0.292,750000000.0,0.0,750000000.0,750000000.0,345262000.0,311041000.0,0.0,0.0,0.0,1277519000.0,1588560000.0,0.444,1588560000.0,1277519000.0,1277519000.0,0.62,0.58,0.62,7101446000.0,5692710250.0,7101446000.0,51589663488.0,40.0,32.476,844320000.0,0.624,1.0,2232179000.0,0.624,3031623000.0,0.0,4892148000.0,3803077250.0,0.0,3970630000.0,2688252000.0,1282378000.0,2076755000.0,1180707000.0,896048000.0,51803191488.0,407831000.0,-761605000.0,580967000.0,0.0,0.0,580967000.0,-1292849000.0,-303728000.0,1089821000.0,29892000.0,839553000.0,839553000.0,839553000.0,0.0,0.0,0.235,1543598000.0,688581000.0,48205000.0,0.0,7.295,61.703,60.774,531696000.0,0.0,37.68,14.492,14.267,479993000.0,1069939000.0,3574517000.0,3574517000.0,380770000.0,0.112,0.147,0.336,0.357,441266000.0,1060911000.0,1.0,1374819307.0,1353439000,1452499000.0,2.641,6146578000.0,0.0,437966000.0,0.0,4.541,2909768000.0
13,YHOO,MRY,2003-12-31,2003-12-31,2003-12-31,2021-08-25,3598000.0,5931654000.0,4228953000.0,1721709000.0,4209945000.0,0.384,3.538,-117329000.0,415892000.0,415892000.0,370092000.0,237879000.0,2.432,0.359,750000000.0,0.0,750000000.0,750000000.0,192278000.0,159688000.0,0.0,0.0,0.0,384903000.0,544591000.0,0.335,544591000.0,384903000.0,384903000.0,0.19,0.18,0.19,4363490000.0,3001576500.0,4363490000.0,29668230534.0,77.0,54.478,310815000.0,0.252,1.0,1255005000.0,0.772,2251201000.0,0.0,3306765000.0,2452269500.0,0.0,2150323000.0,893625000.0,1256698000.0,1568164000.0,707796000.0,860368000.0,29599748534.0,181819000.0,-377986000.0,353201000.0,733125000.0,0.0,1086326000.0,-1342337000.0,-846418000.0,428144000.0,9686000.0,237879000.0,237879000.0,237879000.0,0.0,0.0,0.146,959339000.0,295666000.0,31890000.0,0.0,6.784,124.432,118.5,449512000.0,0.0,22.515,18.214,17.089,282415000.0,230386000.0,1625097000.0,1625097000.0,207285000.0,0.056,0.079,0.157,0.237,146881000.0,687640000.0,1.0,1314667934.0,1233480000,1310796000.0,1.317,3680453000.0,0.0,147024000.0,0.0,2.984,1013913000.0
14,YHOO,MRY,2002-12-31,2002-12-31,2002-12-31,2021-08-25,-1082000.0,2790181000.0,2708761500.0,970004000.0,1820177000.0,0.352,1.905,-51553000.0,310972000.0,310972000.0,162881000.0,42815000.0,2.355,0.233,0.0,0.0,0.0,0.0,135501000.0,109389000.0,0.0,0.0,0.0,114105000.0,223494000.0,0.234,223494000.0,114105000.0,114105000.0,0.04,0.04,0.04,2262270000.0,2189150500.0,2262270000.0,9341814250.0,82.0,41.799,250895000.0,0.211,1.0,790186000.0,0.829,511477000.0,0.0,1555918000.0,1441157250.0,0.0,1226612000.0,463204000.0,763408000.0,527911000.0,411814000.0,116097000.0,9661133250.0,-99813000.0,-189168000.0,-21810000.0,0.0,0.0,-21810000.0,-384007000.0,-136324000.0,302448000.0,3556000.0,42815000.0,42815000.0,42815000.0,0.0,0.0,0.045,701998000.0,88188000.0,18738000.0,0.0,4.271,225.648,204.375,371272000.0,0.0,8.175,10.137,10.187,113612000.0,-7493000.0,953067000.0,953067000.0,141766000.0,0.016,0.02,0.079,0.12,68808000.0,530644000.0,1.0,1181790000.0,1187677000,1220120000.0,0.802,2278704000.0,0.0,71290000.0,0.0,1.919,558190000.0
15,YHOO,MRY,2001-12-31,2001-12-31,2001-12-31,2021-08-25,9322000.0,2379346000.0,2391202250.0,1051533000.0,1327813000.0,0.3,1.726,-86211000.0,372632000.0,372632000.0,157001000.0,-92788000.0,2.933,0.21,0.0,0.0,0.0,0.0,109402000.0,130575000.0,0.0,0.0,0.0,-81825000.0,48750000.0,0.068,48750000.0,-81825000.0,-81825000.0,-0.08,-0.08,-0.08,1967017000.0,1984527500.0,1967017000.0,9758853880.0,-119.0,200.182,20639000.0,0.018,1.0,560421000.0,0.781,212444000.0,0.0,1435753000.0,1615613250.0,0.0,1392875000.0,553795000.0,839080000.0,412329000.0,358517000.0,53812000.0,10104916880.0,-84245000.0,-19188000.0,23887000.0,0.0,0.0,18290000.0,-207173000.0,-101774000.0,106850000.0,-2212000.0,-92788000.0,-92788000.0,-92788000.0,0.0,0.0,-0.129,718691000.0,-158270000.0,13218000.0,0.0,5.137,-108.903,-110.875,131648000.0,0.0,8.87,14.085,14.088,68648000.0,-50308000.0,717422000.0,717422000.0,121475000.0,-0.039,-0.047,-0.051,-0.114,11099000.0,461814000.0,1.0,1139224000.0,1139448000,1139448000.0,0.63,2166902000.0,0.0,10963000.0,0.0,1.902,693016000.0
16,YHOO,MRY,2000-12-31,2000-12-31,2000-12-31,2021-08-25,23346000.0,2269576000.0,2127606500.0,1290869000.0,978707000.0,0.522,1.722,-94413000.0,486877000.0,486877000.0,149744000.0,70776000.0,4.148,0.196,0.0,0.0,0.0,0.0,117165000.0,69102000.0,0.0,0.0,0.0,258821000.0,327923000.0,0.295,327923000.0,258821000.0,258821000.0,0.065,0.06,0.065,1896914000.0,1790177750.0,1896914000.0,16264001332.0,63.0,49.597,415294000.0,0.377,1.0,960434000.0,0.865,0.0,0.0,1471465000.0,1387740500.0,0.0,1289334000.0,663353000.0,625981000.0,372662000.0,311234000.0,61428000.0,16786186332.0,179741000.0,0.0,352279000.0,0.0,0.0,355279000.0,-679144000.0,-584731000.0,509707000.0,-6101000.0,70776000.0,70776000.0,70776000.0,0.0,0.0,0.064,662614000.0,297820000.0,26040000.0,0.0,8.849,237.173,231.231,109781000.0,0.0,15.03,15.12,14.91,90561000.0,42480000.0,1110178000.0,1110178000.0,117268000.0,0.033,0.04,0.187,0.233,172525000.0,494233000.0,1.0,1116845398.0,1101314000,1221356000.0,1.008,2269576000.0,0.0,188045000.0,0.0,2.061,979635000.0
17,YHOO,MRY,1999-12-31,1999-12-31,1999-12-31,2021-08-25,128671000.0,1520129000.0,1079506250.0,991466000.0,528663000.0,0.548,1.212,-52426000.0,277136000.0,277136000.0,93181000.0,47811000.0,5.089,0.214,0.0,0.0,0.0,0.0,90790000.0,42661000.0,0.0,0.0,0.0,83623000.0,126284000.0,0.213,126284000.0,83623000.0,83623000.0,0.045,0.04,0.045,1251732000.0,908820000.0,1251732000.0,113762530185.0,1360.0,900.847,152070000.0,0.147,1.0,498605000.0,0.843,0.0,0.0,1048180000.0,739170500.0,0.0,978131000.0,638508000.0,339623000.0,268397000.0,194813000.0,73584000.0,113904072185.0,36900000.0,-44817000.0,281055000.0,0.0,0.0,284147000.0,-451495000.0,-354252000.0,204496000.0,-248000.0,47811000.0,47811000.0,47811000.0,0.0,0.0,0.081,450112000.0,48493000.0,14341000.0,0.0,90.997,2382.382,2403.889,60798000.0,0.0,108.175,192.475,188.73,56454000.0,-25842000.0,591786000.0,591786000.0,72368000.0,0.044,0.053,0.113,0.141,32202000.0,266421000.0,1.0,1052961148.0,1032474000,1199116000.0,0.573,1520129000.0,0.0,35812000.0,0.0,1.472,796653000.0
18,YHOO,MRY,1998-12-31,1998-12-31,1998-12-31,2021-08-25,858000.0,781019000.0,424419750.0,617732000.0,163287000.0,0.578,0.769,-23015000.0,230961000.0,230961000.0,52200000.0,-13641000.0,6.439,0.154,0.0,0.0,0.0,0.0,39796000.0,16484000.0,0.0,0.0,0.0,4186000.0,20670000.0,0.084,20670000.0,4186000.0,4186000.0,-0.015,-0.015,-0.015,677012000.0,360967500.0,677012000.0,23217980677.0,5547.0,1123.27,58367000.0,0.066,1.0,192932000.0,0.787,0.0,0.0,454129000.0,234812500.0,0.0,397753000.0,341822000.0,55931000.0,104007000.0,95929000.0,8078000.0,23379847677.0,148129000.0,-9008000.0,452337000.0,0.0,0.0,450161000.0,-383699000.0,-351676000.0,81382000.0,285000.0,-13641000.0,-13641000.0,-13641000.0,0.0,0.0,-0.056,207645000.0,-14713000.0,9986000.0,0.0,34.534,-1713.939,-1974.167,31007000.0,0.0,29.613,95.377,106.338,34089000.0,-71861000.0,245132000.0,245132000.0,34104000.0,-0.032,-0.038,0.018,0.017,17827000.0,149679000.0,1.0,789526304.0,880262000,880262000.0,0.278,781019000.0,0.0,17827000.0,0.0,0.887,521803000.0
19,YHOO,MRY,1997-12-31,1997-12-31,1997-12-31,2021-08-25,-443000.0,143512000.0,123925250.0,108488000.0,35024000.0,0.679,0.151,-10824000.0,63571000.0,63571000.0,19882000.0,-43376000.0,4.439,0.213,0.0,0.0,0.0,0.0,5085000.0,4644000.0,0.0,0.0,0.0,-43376000.0,-38732000.0,-0.461,-38732000.0,-43376000.0,-43376000.0,-0.055,-0.055,-0.055,118358000.0,109087000.0,118358000.0,2928906596.0,-68.0,-75.62,-25563000.0,-0.033,1.0,64226000.0,0.764,0.0,0.0,55503000.0,56191250.0,0.0,44474000.0,27772000.0,16702000.0,25154000.0,24438000.0,716000.0,2984660596.0,53195000.0,-2294000.0,52009000.0,0.0,0.0,53507000.0,14807000.0,27925000.0,-14739000.0,-380000.0,-43376000.0,-43376000.0,-43376000.0,0.0,0.0,-0.516,113138000.0,-48912000.0,6668000.0,0.0,25.217,-68.809,-78.693,7364000.0,0.0,4.328,35.486,40.297,11163000.0,-32963000.0,84108000.0,84108000.0,16699000.0,-0.35,-0.398,-0.772,-0.516,0.0,71344000.0,1.0,689596672.0,783084000,783084000.0,0.107,143512000.0,0.0,0.0,0.0,0.183,84050000.0
20,YHOO,MRY,1996-12-31,1996-12-31,1996-12-31,2021-08-25,-63000.0,112968000.0,59633000.0,99702000.0,13266000.0,0.36,0.166,-3442000.0,33547000.0,33547000.0,4722000.0,-6427000.0,12.081,0.084,0.0,0.0,0.0,0.0,1347000.0,639000.0,0.0,0.0,0.0,-6427000.0,-5788000.0,-0.269,-5788000.0,-6427000.0,-6427000.0,-0.01,-0.01,-0.01,104205000.0,54827500.0,104205000.0,423118077.0,-66.0,-73.103,-5836000.0,-0.009,1.0,16768000.0,0.78,0.0,0.0,71168000.0,35660500.0,0.0,71166000.0,60689000.0,10477000.0,8763000.0,8253000.0,510000.0,450826077.0,28521000.0,0.0,42484000.0,0.0,0.0,107156000.0,-76178000.0,-72736000.0,-2394000.0,-63000.0,-6427000.0,-6427000.0,-6427000.0,0.0,0.0,-0.299,27702000.0,-10934000.0,2188000.0,0.0,4.326,-70.146,-70.833,2789000.0,0.0,0.708,20.978,20.739,5082000.0,-5084000.0,21490000.0,21490000.0,5700000.0,-0.108,-0.117,-0.18,-0.299,197000.0,22002000.0,1.0,636460344.0,629200000,629200000.0,0.034,112968000.0,0.0,0.0,0.0,0.18,91449000.0
21,YHOO,MRY,1995-12-31,1995-12-31,1995-12-31,2021-08-25,0.0,6298000.0,,6112000.0,186000.0,,0.012,-192000.0,5297000.0,5297000.0,198000.0,-799000.0,7.208,0.156,0.0,0.0,0.0,0.0,174000.0,145000.0,0.0,,0.0,-799000.0,-654000.0,-0.464,-654000.0,-799000.0,-799000.0,-0.002,-0.002,-0.002,5450000.0,,5450000.0,,,,-888000.0,-0.002,1.0,1212000.0,0.86,0.0,0.0,153000.0,,0.0,0.0,0.0,0.0,848000.0,848000.0,0.0,,5535000.0,0.0,820000.0,0.0,0.0,6815000.0,-584000.0,-392000.0,-696000.0,0.0,-799000.0,-799000.0,-799000.0,0.0,0.0,-0.567,2090000.0,-878000.0,154000.0,0.0,,,,186000.0,0.0,,,,815000.0,-634000.0,1410000.0,1410000.0,303000.0,,,,-0.567,0.0,1787000.0,1.0,,436912000,436912000.0,0.003,6298000.0,0.0,0.0,0.0,0.014,5264000.0
0,YHOO,MRQ,2017-03-31,2017-03-31,2017-03-31,2021-08-25,22612258000.0,55368726000.0,,8027724000.0,47341002000.0,,37.072,-60210000.0,1328913000.0,1328913000.0,750276000.0,99940000.0,6.874,0.562,1317112000.0,0.0,1317112000.0,1317112000.0,146212000.0,115099000.0,0.0,0.0,0.0,73257000.0,188356000.0,0.142,188356000.0,73257000.0,73257000.0,0.1,0.1,0.1,35435717000.0,,35435717000.0,44571047741.0,-334.0,127.457,154245000.0,0.161,1.0,576994000.0,0.435,572887000.0,0.0,53616127000.0,,0.0,50893274000.0,5582149000.0,45311125000.0,19901533000.0,1167911000.0,18733622000.0,44390571741.0,209444000.0,0.0,3095000.0,0.0,0.0,-71755000.0,46001000.0,106107000.0,214455000.0,20743000.0,99434000.0,99434000.0,99434000.0,0.0,506000.0,0.075,635741000.0,-58747000.0,180368000.0,0.0,1.253,-2835.552,-2320.5,1177723000.0,0.0,46.41,8.206,8.201,940311000.0,4560905000.0,1327270000.0,1327270000.0,252220000.0,,,,,108776000.0,366203000.0,1.0,956487217.0,955859000,963169000.0,1.389,54795839000.0,0.0,-26177000.0,17282815000.0,57.326,6859813000.0
1,YHOO,MRQ,2016-12-31,2016-12-31,2016-12-31,2021-08-25,18477893000.0,48083079000.0,,8126160000.0,39956919000.0,,32.553,-40903000.0,1119469000.0,1119469000.0,770617000.0,163907000.0,6.312,0.547,1299945000.0,0.0,1299945000.0,1299945000.0,148811000.0,119195000.0,0.0,0.0,0.0,160506000.0,279701000.0,0.19,279701000.0,160506000.0,160506000.0,0.17,0.17,0.17,31049283000.0,,31049283000.0,36767687719.0,-108.0,220.158,214356000.0,0.225,1.0,698523000.0,0.475,577453000.0,0.0,46398678000.0,,0.0,43664395000.0,5700925000.0,37963470000.0,16999003000.0,1287424000.0,15711579000.0,36895993719.0,-291839000.0,0.0,2005000.0,0.0,0.0,-37133000.0,-482048000.0,-441067000.0,255259000.0,-27917000.0,161998000.0,161998000.0,161998000.0,0.0,1909000.0,0.11,634372000.0,64151000.0,171520000.0,0.0,1.188,-172.153,-168.13,1209937000.0,0.0,38.67,7.138,7.106,1084267000.0,4353958000.0,1469140000.0,1469140000.0,253754000.0,,,,,121229000.0,366999000.0,1.0,954124482.0,953800000,953800000.0,1.54,47505626000.0,0.0,-1492000.0,14276454000.0,49.807,6838736000.0
2,YHOO,MRQ,2016-09-30,2016-09-30,2016-09-30,2021-08-25,22515470000.0,54671626000.0,,7790956000.0,46880670000.0,,36.615,-41970000.0,1411308000.0,1411308000.0,702958000.0,163300000.0,6.142,0.568,1283002000.0,0.0,1283002000.0,1283002000.0,152600000.0,115468000.0,0.0,0.0,0.0,57313000.0,172781000.0,0.132,172781000.0,57313000.0,57313000.0,0.17,0.17,0.17,34836272000.0,,34836272000.0,40962704500.0,-8.0,-9.289,175936000.0,0.185,1.0,602248000.0,0.461,619607000.0,0.0,52655273000.0,,0.0,49958358000.0,5189207000.0,44769151000.0,19802470000.0,1268440000.0,18534030000.0,41021829500.0,85904000.0,0.0,4588000.0,0.0,0.0,-73093000.0,-71478000.0,-29438000.0,217906000.0,12569000.0,162826000.0,162826000.0,162826000.0,0.0,474000.0,0.125,654567000.0,-52319000.0,168148000.0,0.0,1.178,-8.526,-8.434,1273327000.0,0.0,43.1,8.248,8.245,945659000.0,4192467000.0,1305206000.0,1305206000.0,243644000.0,,,,,127295000.0,389367000.0,1.0,951782587.0,951421000,957304000.0,1.372,54052019000.0,0.0,-105513000.0,17112136000.0,56.812,6522516000.0
3,YHOO,MRQ,2016-06-30,2016-06-30,2016-06-30,2021-08-25,16263996000.0,44214295000.0,,7597001000.0,36617294000.0,,29.906,169650000.0,1325404000.0,1325404000.0,734969000.0,-438380000.0,5.951,0.558,1266279000.0,0.0,1266279000.0,1266279000.0,155583000.0,133227000.0,0.0,0.0,0.0,-424370000.0,-291143000.0,-0.223,-291143000.0,-424370000.0,-424370000.0,-0.46,-0.46,-0.46,28363894000.0,,28363894000.0,35417186452.0,-7.0,-7.964,579580000.0,0.611,1.0,572668000.0,0.438,633482000.0,0.0,42245181000.0,,0.0,39468130000.0,5055683000.0,34412447000.0,15817991000.0,1276507000.0,14541484000.0,35647015452.0,-154200000.0,0.0,6170000.0,0.0,0.0,-49960000.0,-523803000.0,-692630000.0,409930000.0,9633000.0,-439913000.0,-439913000.0,-439913000.0,0.0,1533000.0,-0.336,1062344000.0,-489676000.0,171621000.0,0.0,1.257,-7.278,-7.223,1326242000.0,0.0,37.56,7.284,7.279,991185000.0,4030249000.0,1307637000.0,1307637000.0,280035000.0,,,,,129554000.0,384379000.0,1.0,949068569.0,948432000,948432000.0,1.379,43580813000.0,0.0,15543000.0,13115822000.0,45.95,6320494000.0
4,YHOO,MRQ,2016-03-31,2016-03-31,2016-03-31,2021-08-25,16029245000.0,44158229000.0,,7224224000.0,36934005000.0,,30.113,-76099000.0,1479604000.0,1479604000.0,510350000.0,-98290000.0,6.238,0.549,1249775000.0,0.0,1249775000.0,1249775000.0,170339000.0,139665000.0,0.0,0.0,0.0,-133998000.0,5667000.0,0.005,5667000.0,-133998000.0,-133998000.0,-0.1,-0.1,-0.1,28478347000.0,,28478347000.0,34453707045.0,-8.0,-8.689,289669000.0,0.306,1.0,576802000.0,0.531,1132230000.0,0.0,41638160000.0,,0.0,38541204000.0,4497046000.0,34044158000.0,15643057000.0,1158010000.0,14485047000.0,34852133045.0,-152307000.0,0.0,4754000.0,0.0,0.0,-33496000.0,-496936000.0,-421102000.0,365768000.0,12357000.0,-99232000.0,-99232000.0,-99232000.0,0.0,942000.0,-0.091,744016000.0,-167214000.0,187862000.0,0.0,1.224,-7.78,-7.733,1496510000.0,0.0,36.81,7.217,7.208,878135000.0,4470747000.0,1087152000.0,1087152000.0,278029000.0,,,,,109447000.0,391484000.0,1.0,946811547.0,945719000,945719000.0,1.15,43025999000.0,0.0,-34766000.0,13080233000.0,45.496,6066214000.0
5,YHOO,MRQ,2015-12-31,2015-12-31,2015-12-31,2021-08-25,16576031000.0,45203966000.0,,7507319000.0,37696647000.0,,30.785,-125711000.0,1631911000.0,1631911000.0,587109000.0,-4432227000.0,5.877,0.555,1233485000.0,0.0,1233485000.0,1233485000.0,161832000.0,151983000.0,0.0,0.0,0.0,-4448972000.0,-4296989000.0,-3.374,-4296989000.0,-4448972000.0,-4448972000.0,-4.72,-4.72,-4.72,29043537000.0,,29043537000.0,31345500089.0,-7.0,-8.165,6579000.0,0.007,1.0,686284000.0,0.539,1155383000.0,0.0,42372777000.0,,0.0,38876663000.0,4225112000.0,34651551000.0,16124546000.0,1277380000.0,14847166000.0,31409252089.0,350751000.0,-1063000.0,6833000.0,0.0,0.0,-13681000.0,222595000.0,349500000.0,132290000.0,9547000.0,-4434987000.0,-4434987000.0,-4434987000.0,0.0,2760000.0,-3.483,5216318000.0,-4530034000.0,208691000.0,0.0,1.081,-7.205,-7.168,1547323000.0,0.0,33.26,6.322,6.287,1047504000.0,4570807000.0,1273393000.0,1273393000.0,272463000.0,,,,,99717000.0,438461000.0,1.0,944355144.0,943425000,924084000.0,1.35,44048583000.0,0.0,-13985000.0,13467191000.0,46.69,6229939000.0
6,YHOO,MRQ,2015-09-30,2015-09-30,2015-09-30,2021-08-25,11434453000.0,41134999000.0,,7596073000.0,33538926000.0,,30.023,-150381000.0,1281160000.0,1281160000.0,526075000.0,78136000.0,5.632,0.455,1217408000.0,0.0,1217408000.0,1217408000.0,165174000.0,152412000.0,0.0,0.0,0.0,-16947000.0,135465000.0,0.111,135465000.0,-16947000.0,-16947000.0,0.08,0.08,0.08,28245950000.0,,28245950000.0,27228980242.0,124.0,32.82,-13106000.0,-0.014,1.0,699598000.0,0.571,5663775000.0,0.0,34058639000.0,,0.0,30492857000.0,4600889000.0,25891968000.0,12855926000.0,1348833000.0,11507093000.0,27215609242.0,92991000.0,-153339000.0,5520000.0,0.0,0.0,-33611000.0,10097000.0,304889000.0,137275000.0,-20770000.0,76261000.0,76261000.0,76261000.0,0.0,1875000.0,0.062,785910000.0,-86312000.0,262588000.0,0.0,0.964,112.346,85.029,1590439000.0,0.0,28.91,5.5,5.497,980301000.0,9006514000.0,1225673000.0,1225673000.0,272285000.0,,,,,105524000.0,426292000.0,1.0,941390842.0,940822000,946934000.0,1.303,35471224000.0,0.0,-93208000.0,10138583000.0,37.702,6247240000.0
7,YHOO,MRQ,2015-06-30,2015-06-30,2015-06-30,2021-08-25,16875339000.0,50191816000.0,,7580932000.0,42610884000.0,,35.765,-155442000.0,1188169000.0,1188169000.0,496162000.0,-19189000.0,5.389,0.496,1201540000.0,0.0,1201540000.0,1201540000.0,225688000.0,153679000.0,0.0,0.0,0.0,36941000.0,190620000.0,0.153,190620000.0,36941000.0,36941000.0,-0.02,-0.02,-0.02,33532602000.0,,33532602000.0,36882635426.0,3.0,3.182,152510000.0,0.163,1.0,747103000.0,0.601,5558814000.0,0.0,43239689000.0,,0.0,39688186000.0,4636152000.0,35052034000.0,16627966000.0,1406684000.0,15221282000.0,36871412426.0,13512000.0,1782000.0,10588000.0,0.0,0.0,-97855000.0,-201633000.0,-44407000.0,307952000.0,5048000.0,-21554000.0,-21554000.0,-21554000.0,0.0,2365000.0,-0.017,791897000.0,-44794000.0,301433000.0,0.0,1.1,5.313,5.549,1524539000.0,0.0,39.29,7.57,7.563,985105000.0,8936682000.0,1243265000.0,1243265000.0,306428000.0,,,,,124311000.0,454899000.0,1.0,938442668.0,937569000,937569000.0,1.326,44633002000.0,0.0,58495000.0,13870162000.0,47.605,6174248000.0
8,YHOO,MRQ,2015-03-31,2015-03-31,2015-03-31,2021-08-25,17027988000.0,50491706000.0,,7022647000.0,43469059000.0,,36.009,-111453000.0,1174657000.0,1174657000.0,468402000.0,22173000.0,5.022,0.499,1185880000.0,0.0,1185880000.0,1185880000.0,293114000.0,151539000.0,0.0,0.0,0.0,-19702000.0,131837000.0,0.108,131837000.0,-19702000.0,-19702000.0,0.02,0.02,0.02,33658896000.0,,33658896000.0,40099041591.0,4.0,3.391,-3072392000.0,-3.287,1.0,757568000.0,0.618,5582139000.0,0.0,43522391000.0,,0.0,40002519000.0,4109789000.0,35892730000.0,16788080000.0,1398399000.0,15389681000.0,41596534591.0,-1489441000.0,-23073000.0,-167582000.0,0.0,0.0,-232111000.0,1721053000.0,1836777000.0,-2960939000.0,-17444000.0,21198000.0,21198000.0,21198000.0,0.0,975000.0,0.017,844922000.0,-87354000.0,269160000.0,0.0,1.236,5.752,6.029,1483772000.0,0.0,44.435,8.829,8.816,924411000.0,8958235000.0,1225970000.0,1225970000.0,326747000.0,,,,,113753000.0,448870000.0,1.0,936120954.0,934748000,947976000.0,1.312,44909567000.0,0.0,-40900000.0,14050747000.0,48.045,5624248000.0
9,YHOO,MRQ,2014-12-31,2014-12-31,2014-12-31,2021-08-25,22019628000.0,61707336000.0,,9444421000.0,52262915000.0,,40.864,-91348000.0,2664098000.0,2664098000.0,361424000.0,169281000.0,2.092,0.592,1170423000.0,0.0,1170423000.0,1170423000.0,357737000.0,153030000.0,0.0,0.0,0.0,218684000.0,371714000.0,0.297,371714000.0,218684000.0,218684000.0,0.26,0.27,0.26,38741837000.0,,38741837000.0,38806678507.0,3.0,3.19,39335000.0,0.041,1.0,891648000.0,0.712,5623412000.0,0.0,50075266000.0,,0.0,49915671000.0,5327412000.0,44588259000.0,22921744000.0,4514983000.0,18406761000.0,47850723507.0,-7681187000.0,-545199000.0,-1552534000.0,0.0,0.0,-1576185000.0,-6218493000.0,-5608659000.0,130683000.0,-17192000.0,166344000.0,166344000.0,166344000.0,0.0,2937000.0,0.133,859494000.0,32154000.0,238018000.0,0.0,1.235,6.362,6.637,1487684000.0,0.0,50.51,10.361,10.804,1032704000.0,8934244000.0,1253072000.0,1253072000.0,304287000.0,,,,,102211000.0,451091000.0,1.0,947351485.0,948078000,962627000.0,1.322,56083924000.0,0.0,52340000.0,20354762000.0,59.155,4929438000.0
10,YHOO,MRQ,2014-09-30,2014-09-30,2014-09-30,2021-08-25,18692395000.0,57297599000.0,,12579507000.0,44718092000.0,,36.952,-112254000.0,10345285000.0,10345285000.0,346827000.0,6776393000.0,2.873,0.56,1301240000.0,0.0,1301240000.0,1301240000.0,434673000.0,149144000.0,0.0,0.0,0.0,10747504000.0,10896648000.0,9.491,10896648000.0,10747504000.0,10747504000.0,6.82,6.7,6.82,36713567000.0,,36713567000.0,40709141361.0,3.0,3.301,176938000.0,0.178,1.0,801313000.0,0.698,5256430000.0,0.0,38619163000.0,,0.0,38560611000.0,848558000.0,37712053000.0,20543214000.0,4377961000.0,16165253000.0,40530104361.0,9230699000.0,9112798000.0,-1298195000.0,0.0,0.0,-1332857000.0,10306603000.0,1243186000.0,289192000.0,-32239000.0,6774102000.0,6774102000.0,6774102000.0,0.0,2291000.0,5.9,759141000.0,42172000.0,165890000.0,0.0,1.104,5.261,5.265,1483797000.0,0.0,40.75,8.752,8.743,831393000.0,11622814000.0,1148140000.0,1148140000.0,292057000.0,,,,,104738000.0,444592000.0,1.0,994603788.0,993543000,1007693000.0,1.156,52041169000.0,0.0,3973402000.0,18127110000.0,52.379,8201546000.0
11,YHOO,MRQ,2014-06-30,2014-06-30,2014-06-30,2021-08-25,223327000.0,16456813000.0,,4157749000.0,12299064000.0,,12.695,-107358000.0,1114586000.0,1114586000.0,339612000.0,272557000.0,3.483,0.294,1293623000.0,0.0,1293623000.0,1293623000.0,473856000.0,146860000.0,0.0,0.0,0.0,277850000.0,424710000.0,0.392,424710000.0,277850000.0,277850000.0,0.27,0.26,0.27,12691988000.0,,12691988000.0,35405251747.0,27.0,18.416,250056000.0,0.25,1.0,744579000.0,0.687,5057988000.0,0.0,10384076000.0,,0.0,7224801000.0,1629869000.0,5594932000.0,3726298000.0,1193786000.0,2532512000.0,35369169747.0,-83430000.0,0.0,-633868000.0,0.0,0.0,-673883000.0,228170000.0,335086000.0,357414000.0,4869000.0,269707000.0,269707000.0,269707000.0,0.0,2850000.0,0.249,706142000.0,38437000.0,121933000.0,0.0,2.787,28.846,29.033,1470272000.0,0.0,35.13,7.653,7.599,824472000.0,4848714000.0,1084191000.0,1084191000.0,291778000.0,,,,,102062000.0,408079000.0,1.0,1006808134.0,999765000,1014692000.0,1.084,11398825000.0,0.0,8143000.0,1052541000.0,11.402,2963963000.0
12,YHOO,MRQ,2014-03-31,2014-03-31,2014-03-31,2021-08-25,163239000.0,16592915000.0,,4481874000.0,12111041000.0,,12.779,-84655000.0,1198016000.0,1198016000.0,339512000.0,313911000.0,3.751,0.281,1234098000.0,0.0,1234098000.0,1234098000.0,513631000.0,157534000.0,0.0,0.0,0.0,315795000.0,473329000.0,0.418,473329000.0,315795000.0,315795000.0,0.31,0.29,0.31,12905183000.0,,12905183000.0,35386784970.0,25.0,17.349,54406000.0,0.054,1.0,793218000.0,0.7,5092674000.0,0.0,10341448000.0,,0.0,7102136000.0,1741494000.0,5360642000.0,3629711000.0,1194875000.0,2434836000.0,36237184970.0,-879574000.0,-21661000.0,-370601000.0,0.0,0.0,-439541000.0,-577779000.0,-469707000.0,139061000.0,-1315000.0,311578000.0,311578000.0,311578000.0,0.0,2333000.0,0.275,763039000.0,30179000.0,156782000.0,0.0,2.808,28.144,28.72,1479406000.0,0.0,35.9,7.755,7.759,879992000.0,4579007000.0,1132730000.0,1132730000.0,268264000.0,,,,,107292000.0,466948000.0,1.0,1009392339.0,1009890000,1031420000.0,1.122,11500241000.0,0.0,4217000.0,978372000.0,11.388,3286999000.0
13,YHOO,MRQ,2013-12-31,2013-12-31,2013-12-31,2021-08-25,318389000.0,16804959000.0,,5025857000.0,11779102000.0,,12.907,-108821000.0,2077590000.0,2077590000.0,339500000.0,351670000.0,3.75,0.281,1110585000.0,0.0,1110585000.0,1110585000.0,553403000.0,147992000.0,0.0,0.0,0.0,389688000.0,537680000.0,0.425,537680000.0,389688000.0,389688000.0,0.34,0.33,0.34,13074909000.0,,13074909000.0,40302788340.0,27.0,18.757,248856000.0,0.246,1.0,926295000.0,0.732,5097456000.0,0.0,9400186000.0,,0.0,6346151000.0,1330304000.0,5015847000.0,3674362000.0,1340312000.0,2334050000.0,41024047340.0,1235162000.0,-60315000.0,43347000.0,1412344000.0,0.0,1230664000.0,-356108000.0,-260096000.0,357677000.0,2929000.0,348190000.0,348190000.0,348190000.0,0.0,3480000.0,0.275,752077000.0,174218000.0,138031000.0,0.0,3.138,30.026,31.108,1488518000.0,0.0,40.44,8.765,9.096,979559000.0,4267429000.0,1265795000.0,1265795000.0,224365000.0,,,,,82706000.0,512192000.0,1.0,1014442318.0,1012973000,1038759000.0,1.25,11707503000.0,0.0,41498000.0,847956000.0,11.558,3685545000.0
14,YHOO,MRQ,2013-09-30,2013-09-30,2013-09-30,2021-08-25,260770000.0,14905749000.0,,3566223000.0,11339526000.0,,12.198,-77653000.0,842428000.0,842428000.0,330227000.0,298994000.0,2.989,0.189,121169000.0,0.0,121169000.0,121169000.0,589585000.0,158244000.0,0.0,0.0,0.0,328547000.0,486791000.0,0.427,486791000.0,328547000.0,328547000.0,0.29,0.28,0.29,12494111000.0,,12494111000.0,32827469706.0,22.0,15.37,210407000.0,0.205,1.0,808746000.0,0.71,5132210000.0,0.0,7859157000.0,,0.0,5492958000.0,987870000.0,4505088000.0,2359430000.0,1193123000.0,1166307000.0,33844053706.0,-299795000.0,-163072000.0,-1604968000.0,0.0,0.0,-1634413000.0,1037195000.0,1268499000.0,288060000.0,9363000.0,296656000.0,296656000.0,296656000.0,0.0,2338000.0,0.26,715987000.0,92759000.0,123042000.0,0.0,2.709,26.228,27.189,1536362000.0,0.0,33.17,7.11,7.137,844118000.0,6810550000.0,1138973000.0,1138973000.0,267444000.0,,,,,76215000.0,433866000.0,1.0,1020321185.0,1024289000,1041698000.0,1.112,9773539000.0,0.0,31891000.0,749168000.0,9.542,2373100000.0
15,YHOO,MRQ,2013-06-30,2013-06-30,2013-06-30,2021-08-25,319440000.0,16226423000.0,,4458302000.0,11768121000.0,,12.793,-82076000.0,1142223000.0,1142223000.0,335578000.0,335008000.0,3.784,0.171,125639000.0,0.0,125639000.0,125639000.0,628197000.0,160493000.0,0.0,0.0,0.0,381417000.0,541910000.0,0.477,541910000.0,381417000.0,381417000.0,0.31,0.3,0.31,13808864000.0,,13808864000.0,26153453368.0,4.0,3.872,248752000.0,0.23,1.0,799666000.0,0.704,4980888000.0,0.0,9050838000.0,,0.0,6522792000.0,1486591000.0,5036201000.0,2367689000.0,1178113000.0,1189576000.0,27206611368.0,-32410000.0,-214010000.0,-590766000.0,0.0,0.0,-593881000.0,246572000.0,544234000.0,330828000.0,-15929000.0,331150000.0,331150000.0,331150000.0,0.0,3858000.0,0.292,662687000.0,136979000.0,120028000.0,0.0,1.97,6.55,7.0,1579822000.0,0.0,25.13,5.641,5.624,941811000.0,6513894000.0,1135244000.0,1135244000.0,246198000.0,,,,,62618000.0,414777000.0,1.0,1082634754.0,1079389000,1094694000.0,1.052,11245535000.0,0.0,50267000.0,730708000.0,10.418,3280189000.0
16,YHOO,MRQ,2013-03-31,2013-03-31,2013-03-31,2021-08-25,459457000.0,16490979000.0,,4601022000.0,11889957000.0,,12.923,-69581000.0,1174633000.0,1174633000.0,344075000.0,390894000.0,4.039,0.163,121475000.0,0.0,121475000.0,121475000.0,678876000.0,162274000.0,0.0,0.0,0.0,420021000.0,582295000.0,0.511,582295000.0,420021000.0,420021000.0,0.36,0.35,0.36,14139916000.0,,14139916000.0,23369188208.0,4.0,3.527,149101000.0,0.136,1.0,796293000.0,0.698,3940043000.0,0.0,10358693000.0,,0.0,7936324000.0,1838527000.0,6097797000.0,2305051000.0,1139085000.0,1165966000.0,25912379208.0,-1493145000.0,-10147000.0,-713967000.0,0.0,0.0,-746254000.0,-950880000.0,-869746000.0,218682000.0,-14693000.0,390285000.0,390285000.0,390285000.0,0.0,609000.0,0.342,610323000.0,185970000.0,110162000.0,0.0,1.833,6.399,6.781,1612690000.0,0.0,23.529,5.282,5.248,943658000.0,6182744000.0,1140368000.0,1140368000.0,219580000.0,,,,,41335000.0,390440000.0,1.0,1101295389.0,1094170000,1108095000.0,1.042,12550936000.0,0.0,29736000.0,674077000.0,11.471,3461937000.0
17,YHOO,MRQ,2012-12-31,2012-12-31,2012-12-31,2021-08-25,571249000.0,17103253000.0,,5652713000.0,11450540000.0,,12.596,-149720000.0,2667778000.0,2667778000.0,412108000.0,273652000.0,4.381,0.172,124587000.0,0.0,124587000.0,124587000.0,704486000.0,169492000.0,0.0,0.0,0.0,355274000.0,524766000.0,0.39,524766000.0,355274000.0,355274000.0,0.26,0.26,0.26,14560200000.0,,14560200000.0,16102627334.0,3.0,2.462,-2049595000.0,-1.773,1.0,933699000.0,0.694,3980722000.0,0.0,9289108000.0,,0.0,7011018000.0,1516175000.0,5494843000.0,2497650000.0,1290232000.0,1207418000.0,23535496334.0,-4892622000.0,-5716000.0,-1349511000.0,0.0,0.0,-1358633000.0,-1640292000.0,-1494791000.0,-1899875000.0,6178000.0,272267000.0,272267000.0,272267000.0,0.0,1385000.0,0.202,743709000.0,189990000.0,184831000.0,0.0,1.616,5.965,6.012,1685845000.0,0.0,19.9,4.72,4.76,1008448000.0,5792459000.0,1345807000.0,1345807000.0,240417000.0,,,,,30400000.0,418732000.0,1.0,1182688258.0,1155950000,1168334000.0,1.164,13122531000.0,0.0,83007000.0,675271000.0,11.352,4362481000.0
18,YHOO,MRQ,2012-09-30,2012-09-30,2012-09-30,2021-08-25,520144000.0,20414127000.0,,9685779000.0,10728348000.0,,13.12,-139865000.0,7560400000.0,7560400000.0,394910000.0,3161016000.0,2.762,0.309,127531000.0,0.0,127531000.0,127531000.0,753680000.0,170361000.0,0.0,0.0,0.0,4934332000.0,5104693000.0,4.248,5104693000.0,4934332000.0,4934332000.0,2.66,2.64,2.66,15561503000.0,,15561503000.0,17515149786.0,3.0,2.676,906443000.0,0.764,1.0,806822000.0,0.671,4084163000.0,0.0,5390813000.0,,0.0,5277585000.0,852816000.0,4424769000.0,4808606000.0,3506282000.0,1302324000.0,18924269786.0,6021131000.0,6247728000.0,-151823000.0,0.0,0.0,-148742000.0,5102964000.0,-1004899000.0,1046308000.0,20601000.0,3160238000.0,3160238000.0,3160238000.0,0.0,778000.0,2.63,654633000.0,152189000.0,147943000.0,0.0,1.216,4.768,4.812,1671234000.0,0.0,15.975,3.812,3.816,953671000.0,6105506000.0,1201732000.0,1201732000.0,217301000.0,,,,,41849000.0,404521000.0,1.0,1184617827.0,1186046000,1195085000.0,1.013,16329964000.0,0.0,1774094000.0,730378000.0,13.768,6179497000.0
19,YHOO,MRQ,2012-06-30,2012-06-30,2012-06-30,2021-08-25,491770000.0,14658229000.0,,3270298000.0,11387931000.0,,10.28,-106131000.0,1539269000.0,1539269000.0,415478000.0,228456000.0,3.036,0.172,130149000.0,0.0,130149000.0,130149000.0,215717000.0,160653000.0,0.0,0.0,0.0,253154000.0,413807000.0,0.34,413807000.0,253154000.0,253154000.0,0.19,0.18,0.19,12472997000.0,,12472997000.0,17704555101.0,13.0,9.094,168429000.0,0.139,1.0,802316000.0,0.659,4084089000.0,0.0,8087875000.0,,0.0,5801712000.0,371204000.0,5430508000.0,2141992000.0,1077145000.0,1064847000.0,19291972101.0,-180699000.0,0.0,-389259000.0,0.0,0.0,-388849000.0,-17196000.0,92362000.0,274560000.0,-49214000.0,226631000.0,226631000.0,226631000.0,0.0,1825000.0,0.186,747503000.0,54813000.0,132105000.0,0.0,1.547,17.509,17.787,1663665000.0,0.0,15.83,3.874,3.857,1040893000.0,2945269000.0,1217794000.0,1217794000.0,199628000.0,,,,,32584000.0,409027000.0,1.0,1218696911.0,1213320000,1221719000.0,1.004,10574140000.0,0.0,26523000.0,895941000.0,8.715,2193153000.0
20,YHOO,MRQ,2012-03-31,2012-03-31,2012-03-31,2021-08-25,715368000.0,14963240000.0,,3482797000.0,11480443000.0,,10.543,-109791000.0,1719968000.0,1719968000.0,398071000.0,287478000.0,3.254,0.164,132551000.0,0.0,132551000.0,132551000.0,220096000.0,154095000.0,0.0,0.0,0.0,342762000.0,496857000.0,0.407,496857000.0,342762000.0,342762000.0,0.24,0.23,0.24,12818578000.0,,12818578000.0,17045781964.0,13.0,8.558,187662000.0,0.154,1.0,823162000.0,0.674,4137134000.0,0.0,8168332000.0,,0.0,5882407000.0,489912000.0,5392495000.0,2103247000.0,1070357000.0,1032890000.0,18473266964.0,157578000.0,0.0,-58877000.0,0.0,0.0,-83233000.0,-83432000.0,35441000.0,297453000.0,26790000.0,286343000.0,286343000.0,286343000.0,0.0,1135000.0,0.234,653786000.0,169376000.0,129042000.0,0.0,1.441,16.61,17.295,1726858000.0,0.0,15.22,3.701,3.707,941590000.0,2718638000.0,1221233000.0,1221233000.0,228478000.0,,,,,48819000.0,409538000.0,1.0,1213749472.0,1215783000,1226486000.0,1.004,10826106000.0,0.0,56419000.0,859167000.0,8.905,2412440000.0
21,YHOO,MRQ,2011-12-31,2011-12-31,2011-12-31,2021-08-25,697869000.0,14782786000.0,,3452536000.0,11330250000.0,,10.155,-130288000.0,1562390000.0,1562390000.0,419062000.0,300991000.0,2.86,0.176,134905000.0,0.0,134905000.0,134905000.0,238361000.0,155632000.0,0.0,0.0,0.0,373859000.0,529491000.0,0.4,529491000.0,373859000.0,373859000.0,0.23,0.24,0.23,12541067000.0,,12541067000.0,18676113709.0,14.0,9.633,301046000.0,0.244,1.0,905091000.0,0.684,4155352000.0,0.0,7992588000.0,,0.0,5716571000.0,493189000.0,5223382000.0,2201439000.0,1207361000.0,994078000.0,20006022709.0,98171000.0,-255018000.0,-366708000.0,0.0,0.0,-360484000.0,48869000.0,435792000.0,431334000.0,-21548000.0,295572000.0,295572000.0,295572000.0,0.0,5419000.0,0.223,662644000.0,242447000.0,166595000.0,0.0,1.595,19.075,19.671,1730888000.0,0.0,16.13,4.014,4.124,1037474000.0,2432294000.0,1324153000.0,1324153000.0,235810000.0,,,,,57897000.0,401980000.0,1.0,1240298990.0,1234904000,1241008000.0,1.072,10627434000.0,0.0,78287000.0,815534000.0,8.606,2245175000.0
22,YHOO,MRQ,2011-09-30,2011-09-30,2011-09-30,2021-08-25,625001000.0,14527556000.0,,3404349000.0,11123207000.0,,9.944,-123942000.0,1464219000.0,1464219000.0,383993000.0,298344000.0,2.833,0.162,134310000.0,0.0,134310000.0,134310000.0,245032000.0,157713000.0,0.0,0.0,0.0,349022000.0,506735000.0,0.416,506735000.0,349022000.0,349022000.0,0.23,0.23,0.23,12460109000.0,,12460109000.0,15183881765.0,12.0,7.844,232224000.0,0.185,1.0,832672000.0,0.684,3954967000.0,0.0,8041090000.0,,0.0,5875062000.0,650593000.0,5224469000.0,2022437000.0,1201590000.0,820847000.0,16628601765.0,-116618000.0,0.0,-585335000.0,0.0,0.0,-574037000.0,156631000.0,286545000.0,356166000.0,-55378000.0,293291000.0,293291000.0,293291000.0,0.0,5053000.0,0.241,655418000.0,177254000.0,131473000.0,0.0,1.335,15.61,16.061,1725556000.0,0.0,13.17,3.207,3.183,872728000.0,2695911000.0,1216665000.0,1216665000.0,229230000.0,,,,,33948000.0,420474000.0,1.0,1262612131.0,1253044000,1259576000.0,0.971,10572589000.0,0.0,55731000.0,647483000.0,8.438,2202759000.0
23,YHOO,MRQ,2011-06-30,2011-06-30,2011-06-30,2021-08-25,675875000.0,14807481000.0,,3889920000.0,10917561000.0,,9.815,-171515000.0,1580837000.0,1580837000.0,384284000.0,238502000.0,3.132,0.157,136117000.0,0.0,136117000.0,136117000.0,280552000.0,166216000.0,0.0,0.0,0.0,292601000.0,458817000.0,0.373,458817000.0,292601000.0,292601000.0,0.18,0.18,0.18,12758785000.0,,12758785000.0,18115622092.0,13.0,8.736,159105000.0,0.122,1.0,844740000.0,0.687,4016307000.0,0.0,8104471000.0,,0.0,5897899000.0,972635000.0,4925264000.0,2008739000.0,1241983000.0,766756000.0,19596239092.0,-38340000.0,-37022000.0,-395812000.0,0.0,0.0,-398090000.0,13734000.0,229889000.0,330620000.0,15396000.0,236972000.0,236972000.0,236972000.0,0.0,1530000.0,0.193,653845000.0,190895000.0,155133000.0,0.0,1.536,16.776,16.899,1740747000.0,0.0,15.04,3.518,3.51,956560000.0,2402620000.0,1229024000.0,1229024000.0,233045000.0,,,,,46510000.0,411981000.0,1.0,1302941429.0,1299947000,1308359000.0,0.945,10791174000.0,0.0,55629000.0,589802000.0,8.301,2647937000.0
24,YHOO,MRQ,2011-03-31,2011-03-31,2011-03-31,2021-08-25,635119000.0,14928353000.0,,4094452000.0,10833901000.0,,9.797,-167549000.0,1619177000.0,1619177000.0,399657000.0,224832000.0,3.056,0.161,138560000.0,0.0,138560000.0,138560000.0,289551000.0,168678000.0,0.0,0.0,0.0,275112000.0,443790000.0,0.365,443790000.0,275112000.0,275112000.0,0.17,0.17,0.17,12824507000.0,,12824507000.0,20457368080.0,15.0,9.957,38137000.0,0.029,1.0,814700000.0,0.671,3984254000.0,0.0,8123701000.0,,0.0,6086856000.0,1169409000.0,4917447000.0,2063725000.0,1339781000.0,723944000.0,21840996080.0,92750000.0,-31790000.0,-114660000.0,0.0,0.0,-123347000.0,-16872000.0,185660000.0,205686000.0,27283000.0,222992000.0,222992000.0,222992000.0,0.0,1840000.0,0.184,624955000.0,189745000.0,132718000.0,0.0,1.703,19.084,19.395,1695407000.0,0.0,16.68,3.676,3.675,932943000.0,2165648000.0,1214357000.0,1214357000.0,221283000.0,,,,,28634000.0,385047000.0,1.0,1309412235.0,1309064000,1320185000.0,0.928,10944099000.0,0.0,52120000.0,542864000.0,8.36,2754671000.0
25,YHOO,MRQ,2010-12-31,2010-12-31,2010-12-31,2021-08-25,504254000.0,14928104000.0,,4345548000.0,10582556000.0,,9.615,-247393000.0,1526427000.0,1526427000.0,612216000.0,317947000.0,2.673,0.186,142799000.0,0.0,142799000.0,142799000.0,311021000.0,197300000.0,0.0,0.0,0.0,329162000.0,526462000.0,0.345,526462000.0,329162000.0,329162000.0,0.24,0.24,0.24,12558129000.0,,12558129000.0,20201027603.0,14.0,9.459,155752000.0,0.119,1.0,912893000.0,0.599,3937515000.0,0.0,7981089000.0,,0.0,6114144000.0,1357661000.0,4756483000.0,2331694000.0,1625872000.0,705822000.0,21677203603.0,-89133000.0,-45081000.0,67721000.0,0.0,0.0,62115000.0,-564701000.0,-269577000.0,403145000.0,10308000.0,312020000.0,312020000.0,312020000.0,0.0,5927000.0,0.205,692917000.0,219976000.0,162424000.0,0.0,1.726,17.6,18.275,1653422000.0,0.0,16.63,3.427,3.561,1028900000.0,1942656000.0,1525109000.0,1525109000.0,224362000.0,,,,,2228000.0,423194000.0,1.0,1303499916.0,1306037000,1311683000.0,1.168,10990589000.0,0.0,17142000.0,506658000.0,8.415,2719676000.0
26,YHOO,MRQ,2010-09-30,2010-09-30,2010-09-30,2021-08-25,404316000.0,14216533000.0,,4100201000.0,10116332000.0,,9.055,-163874000.0,1615560000.0,1615560000.0,680754000.0,398259000.0,3.034,0.174,139384000.0,0.0,139384000.0,139384000.0,376856000.0,161993000.0,0.0,0.0,0.0,482544000.0,644537000.0,0.403,644537000.0,482544000.0,482544000.0,0.3,0.29,0.3,12076998000.0,,12076998000.0,18061863060.0,14.0,9.118,182607000.0,0.137,1.0,920449000.0,0.575,3921910000.0,0.0,7466961000.0,,0.0,5623372000.0,1203850000.0,4419522000.0,2107181000.0,1351486000.0,755695000.0,19105101060.0,432235000.0,225000000.0,-851931000.0,0.0,0.0,-788579000.0,821403000.0,766999000.0,346481000.0,52930000.0,396131000.0,396131000.0,396131000.0,0.0,2128000.0,0.247,731294000.0,189155000.0,115912000.0,0.0,1.582,17.812,18.167,1549445000.0,0.0,14.17,2.925,2.894,939159000.0,2519281000.0,1601203000.0,1601203000.0,269725000.0,,,,,52809000.0,447793000.0,1.0,1348278127.0,1333753000,1343094000.0,1.201,10294623000.0,0.0,86413000.0,552986000.0,7.719,2748715000.0
27,YHOO,MRQ,2010-06-30,2010-06-30,2010-06-30,2021-08-25,204283000.0,14351834000.0,,4048092000.0,10303742000.0,,8.803,-190270000.0,1183325000.0,1183325000.0,682722000.0,216143000.0,2.812,0.18,140087000.0,0.0,140087000.0,140087000.0,428942000.0,157970000.0,0.0,0.0,0.0,281845000.0,439815000.0,0.275,439815000.0,281845000.0,281845000.0,0.15,0.15,0.15,12134328000.0,,12134328000.0,17974435674.0,16.0,10.11,156697000.0,0.114,1.0,918657000.0,0.574,3928941000.0,0.0,7939896000.0,,0.0,6217114000.0,1576276000.0,4640838000.0,2187280000.0,1439759000.0,747521000.0,19169270674.0,-147307000.0,-112361000.0,-425419000.0,0.0,0.0,-405388000.0,-41133000.0,287497000.0,346967000.0,-47753000.0,213321000.0,213321000.0,213321000.0,0.0,2822000.0,0.133,743285000.0,175372000.0,132478000.0,0.0,1.58,22.224,22.689,1517891000.0,0.0,13.84,2.947,2.932,921636000.0,2123150000.0,1601379000.0,1601379000.0,268552000.0,,,,,35530000.0,456801000.0,1.0,1385062910.0,1378374000,1390240000.0,1.162,10422893000.0,0.0,68524000.0,525321000.0,7.562,2608333000.0
28,YHOO,MRQ,2010-03-31,2010-03-31,2010-03-31,2021-08-25,311052000.0,14648826000.0,,4570464000.0,10078362000.0,,8.883,-112541000.0,1330632000.0,1330632000.0,706382000.0,312279000.0,3.017,0.177,135797000.0,0.0,135797000.0,135797000.0,453568000.0,165246000.0,0.0,0.0,0.0,359635000.0,524881000.0,0.329,524881000.0,359635000.0,359635000.0,0.22,0.22,0.22,12420541000.0,,12420541000.0,21952928060.0,21.0,12.573,31056000.0,0.022,1.0,890578000.0,0.558,3888528000.0,0.0,8050389000.0,,0.0,6496206000.0,1911423000.0,4584783000.0,2200881000.0,1515074000.0,685807000.0,23145337060.0,55202000.0,100000000.0,-372294000.0,0.0,0.0,-369854000.0,294346000.0,312351000.0,143597000.0,-12887000.0,310191000.0,310191000.0,310191000.0,0.0,2088000.0,0.194,702557000.0,188021000.0,113798000.0,0.0,1.863,29.275,29.518,1469984000.0,0.0,16.53,3.573,3.569,900253000.0,1909829000.0,1596960000.0,1596960000.0,266077000.0,,,,,40758000.0,423966000.0,1.0,1400201879.0,1398308000,1413432000.0,1.142,10760298000.0,0.0,49444000.0,448237000.0,7.695,3055390000.0
29,YHOO,MRQ,2009-12-31,2009-12-31,2009-12-31,2021-08-25,369236000.0,14936030000.0,,4594772000.0,10341258000.0,,8.909,-169737000.0,1275430000.0,1275430000.0,749658000.0,155738000.0,2.675,0.193,83021000.0,0.0,83021000.0,83021000.0,533694000.0,181793000.0,0.0,0.0,0.0,189785000.0,371578000.0,0.215,371578000.0,189785000.0,189785000.0,0.11,0.11,0.11,12493320000.0,,12493320000.0,21659246513.0,27.0,13.918,181326000.0,0.129,1.0,982319000.0,0.567,3996256000.0,0.0,8029637000.0,,0.0,6738862000.0,2015655000.0,4723207000.0,2417394000.0,1717728000.0,699666000.0,23509724513.0,-658660000.0,-177333000.0,15522000.0,0.0,0.0,26751000.0,-1035857000.0,-685416000.0,351063000.0,-617000.0,152954000.0,152954000.0,152954000.0,0.0,2784000.0,0.088,863564000.0,118755000.0,136769000.0,0.0,1.882,39.314,39.023,1426862000.0,0.0,16.78,3.639,3.63,1003362000.0,1599638000.0,1731977000.0,1731977000.0,306031000.0,,,,,85268000.0,506752000.0,1.0,1401056288.0,1402338000,1416972000.0,1.235,10939774000.0,0.0,36831000.0,494095000.0,7.801,2877044000.0
30,YHOO,MRQ,2009-09-30,2009-09-30,2009-09-30,2021-08-25,303584000.0,14419954000.0,,5077086000.0,9342868000.0,,8.673,-98903000.0,1934090000.0,1934090000.0,708898000.0,187816000.0,3.371,0.184,83612000.0,0.0,83612000.0,83612000.0,557883000.0,177749000.0,0.0,0.0,0.0,263820000.0,441569000.0,0.28,441569000.0,263820000.0,263820000.0,0.13,0.13,0.13,12159677000.0,,12159677000.0,22797488806.0,53.0,19.317,256237000.0,0.183,1.0,866501000.0,0.55,3866325000.0,0.0,7196937000.0,,0.0,5922017000.0,1967508000.0,3954509000.0,2237745000.0,1506214000.0,731531000.0,24994377806.0,-349996000.0,-17773000.0,-87345000.0,0.0,0.0,-103774000.0,-638766000.0,-518765000.0,355140000.0,37404000.0,186093000.0,186093000.0,186093000.0,0.0,1723000.0,0.118,775002000.0,91499000.0,102122000.0,0.0,2.056,176.502,197.889,1394558000.0,0.0,17.81,3.825,3.821,907029000.0,1446684000.0,1575399000.0,1575399000.0,306696000.0,,,,,81258000.0,441803000.0,1.0,1403390107.0,1401961000,1424854000.0,1.124,10553629000.0,0.0,77727000.0,503448000.0,7.528,3570872000.0
31,YHOO,MRQ,2009-06-30,2009-06-30,2009-06-30,2021-08-25,210644000.0,14076229000.0,,5028851000.0,9047378000.0,,8.532,-94674000.0,2284086000.0,2284086000.0,712453000.0,143040000.0,3.438,0.181,87197000.0,0.0,87197000.0,87197000.0,584344000.0,197740000.0,0.0,0.0,0.0,210266000.0,408006000.0,0.259,408006000.0,210266000.0,210266000.0,0.1,0.1,0.1,11899641000.0,,11899641000.0,19608331351.0,72.0,18.654,247120000.0,0.177,1.0,860444000.0,0.547,3857732000.0,0.0,6558724000.0,,0.0,5221765000.0,1594226000.0,3627539000.0,2155780000.0,1462884000.0,692896000.0,21855931351.0,-34423000.0,0.0,67120000.0,0.0,0.0,95900000.0,-528284000.0,-417138000.0,341794000.0,56167000.0,141387000.0,141387000.0,141387000.0,0.0,1653000.0,0.09,784691000.0,75753000.0,81803000.0,0.0,1.837,2215.502,,1430377000.0,0.0,15.66,3.24,3.238,907276000.0,1260592000.0,1572897000.0,1572897000.0,291398000.0,,,,,79108000.0,419038000.0,1.0,1395653343.0,1394783000,1414295000.0,1.128,10218497000.0,0.0,68879000.0,438014000.0,7.326,3565967000.0
32,YHOO,MRQ,2009-03-31,2009-03-31,2009-03-31,2021-08-25,202178000.0,13735961000.0,,4595057000.0,9140904000.0,,8.316,-70481000.0,2318509000.0,2318509000.0,700737000.0,118695000.0,3.105,0.185,70909000.0,0.0,70909000.0,70909000.0,597948000.0,181573000.0,0.0,0.0,0.0,153442000.0,335015000.0,0.212,335015000.0,153442000.0,153442000.0,0.08,0.08,0.08,11572102000.0,,11572102000.0,15644482155.0,65.0,15.258,191868000.0,0.138,1.0,879305000.0,0.557,3842142000.0,0.0,6166372000.0,,0.0,4745397000.0,1127141000.0,3618256000.0,2144703000.0,1479847000.0,664856000.0,17859716155.0,26213000.0,0.0,3932000.0,0.0,0.0,15720000.0,-216331000.0,-140485000.0,262349000.0,-35525000.0,117558000.0,117558000.0,117558000.0,0.0,1137000.0,0.074,778620000.0,100685000.0,115763000.0,0.0,1.543,-49472.898,,1469721000.0,0.0,12.81,2.562,2.557,912987000.0,4870478000.0,1580042000.0,1580042000.0,306043000.0,,,,,101888000.0,458109000.0,1.0,1394201105.0,1391526000,1406510000.0,1.135,9893819000.0,0.0,35884000.0,401615000.0,7.11,3115210000.0
33,YHOO,MRQ,2008-12-31,2008-12-31,2008-12-31,2021-08-25,120276000.0,13689848000.0,,4745498000.0,8944350000.0,,8.107,-191911000.0,2292296000.0,2292296000.0,730091000.0,-300694000.0,2.783,0.215,77062000.0,0.0,77062000.0,77062000.0,631662000.0,191560000.0,0.0,0.0,0.0,-195954000.0,-4394000.0,-0.002,-4394000.0,-195954000.0,-195954000.0,-0.22,-0.22,-0.22,11250942000.0,,11250942000.0,14849410487.0,22.0,10.116,129096000.0,0.093,1.0,1076298000.0,0.596,3926749000.0,0.0,5842850000.0,,0.0,4407122000.0,1159691000.0,3247431000.0,2420887000.0,1705015000.0,715872000.0,16930152487.0,148546000.0,0.0,31951000.0,0.0,0.0,109900000.0,-239241000.0,-61989000.0,321007000.0,-43120000.0,-303428000.0,-303428000.0,-303428000.0,0.0,2734000.0,-0.168,1354647000.0,-278349000.0,151897000.0,0.0,1.505,40.414,39.355,1536181000.0,0.0,12.2,2.349,2.318,1060450000.0,4752920000.0,1806389000.0,1806389000.0,278290000.0,,,,,2719000.0,482493000.0,1.0,1387717417.0,1387758000,1408210000.0,1.302,9763099000.0,0.0,107474000.0,420372000.0,7.035,3040483000.0
34,YHOO,MRQ,2008-09-30,2008-09-30,2008-09-30,2021-08-25,283688000.0,13908480000.0,,4396821000.0,9511659000.0,,8.384,-167228000.0,2143750000.0,2143750000.0,772277000.0,56240000.0,2.626,0.199,63008000.0,0.0,63008000.0,63008000.0,692828000.0,207605000.0,0.0,0.0,0.0,104925000.0,312530000.0,0.175,312530000.0,104925000.0,104925000.0,0.04,0.04,0.04,11601825000.0,,11601825000.0,21922793073.0,20.0,11.544,179863000.0,0.13,1.0,1014149000.0,0.568,4594911000.0,0.0,5558281000.0,,0.0,4270330000.0,1070350000.0,3199980000.0,2306655000.0,1674546000.0,632109000.0,23974163073.0,92380000.0,-29349000.0,13958000.0,0.0,0.0,40983000.0,-199017000.0,13496000.0,347091000.0,-96677000.0,54348000.0,54348000.0,54348000.0,0.0,1892000.0,0.03,943975000.0,70174000.0,150990000.0,0.0,2.066,26.426,25.441,1490655000.0,0.0,17.3,3.314,3.309,992936000.0,5151590000.0,1786426000.0,1786426000.0,323172000.0,,,,,118184000.0,596575000.0,1.0,1385789773.0,1383786000,1397522000.0,1.291,9313569000.0,0.0,50577000.0,307553000.0,6.73,2722275000.0
35,YHOO,MRQ,2008-06-30,2008-06-30,2008-06-30,2021-08-25,568738000.0,13989647000.0,,4304330000.0,9685317000.0,,8.5,-175897000.0,2051370000.0,2051370000.0,765911000.0,132375000.0,2.565,0.199,0.0,0.0,0.0,0.0,754451000.0,203357000.0,0.0,0.0,0.0,178817000.0,382174000.0,0.213,382174000.0,178817000.0,178817000.0,0.1,0.09,0.1,11666699000.0,,11666699000.0,26666518363.0,21.0,13.42,249941000.0,0.182,1.0,1032174000.0,0.574,4766563000.0,0.0,5493690000.0,,0.0,4306552000.0,1019641000.0,3286911000.0,2322948000.0,1678024000.0,644924000.0,28424769363.0,-289835000.0,-13320000.0,190875000.0,0.0,0.0,186682000.0,-891935000.0,-662974000.0,425838000.0,-10420000.0,131161000.0,131161000.0,131161000.0,0.0,1214000.0,0.073,931653000.0,100521000.0,136754000.0,0.0,2.436,28.307,27.547,1415801000.0,0.0,20.66,3.94,3.93,1041874000.0,5097242000.0,1798085000.0,1798085000.0,314719000.0,,,,,154301000.0,593710000.0,1.0,1375835884.0,1372629000,1397839000.0,1.31,9223084000.0,0.0,47656000.0,332428000.0,6.719,2626306000.0
36,YHOO,MRQ,2008-03-31,2008-03-31,2008-03-31,2021-08-25,460272000.0,13425803000.0,,3839169000.0,9586634000.0,,7.859,-139793000.0,2341205000.0,2341205000.0,755083000.0,536765000.0,2.281,0.279,582954000.0,0.0,582954000.0,582954000.0,803190000.0,187511000.0,0.0,0.0,0.0,590139000.0,777650000.0,0.428,777650000.0,590139000.0,590139000.0,0.4,0.37,0.4,10499968000.0,,10499968000.0,37919882868.0,29.0,18.837,646512000.0,0.484,1.0,1062519000.0,0.585,4808372000.0,0.0,5175777000.0,,0.0,3460322000.0,267129000.0,3193193000.0,2925835000.0,1683403000.0,1242432000.0,38684184868.0,827275000.0,-166289000.0,47334000.0,0.0,0.0,-5159000.0,18410000.0,343785000.0,786305000.0,27719000.0,536840000.0,536840000.0,536840000.0,0.0,-75000.0,0.295,941902000.0,120617000.0,134133000.0,0.0,3.684,37.428,37.571,1363475000.0,0.0,28.93,5.437,5.432,1039957000.0,4966027000.0,1817602000.0,1817602000.0,305606000.0,,,,,125005000.0,595671000.0,1.0,1337165049.0,1335986000,1395336000.0,1.36,8617431000.0,0.0,53299000.0,314415000.0,6.45,2155766000.0
37,YHOO,MRQ,2007-12-31,2007-12-31,2007-12-31,2021-08-25,331202000.0,12229741000.0,,3237722000.0,8992019000.0,,7.174,-192431000.0,1513930000.0,1513930000.0,701909000.0,187728000.0,1.407,0.283,777714000.0,749628000.0,28086000.0,777714000.0,463599000.0,177723000.0,0.0,0.0,0.0,249003000.0,426726000.0,0.233,426726000.0,249003000.0,249003000.0,0.14,0.15,0.14,9532831000.0,,9532831000.0,30307366231.0,32.0,18.694,429453000.0,0.323,1.0,1130089000.0,0.617,4613527000.0,0.0,4579550000.0,,0.0,3030459000.0,487544000.0,2542915000.0,2696910000.0,2300448000.0,396462000.0,31085688231.0,-14020000.0,-618063000.0,-89506000.0,0.0,0.0,-191277000.0,-451795000.0,388281000.0,621884000.0,7168000.0,184878000.0,184878000.0,184878000.0,0.0,2850000.0,0.101,938852000.0,191237000.0,176162000.0,0.0,3.261,48.636,48.458,1331632000.0,0.0,23.26,4.46,4.469,1055532000.0,4423864000.0,1831998000.0,1831998000.0,288970000.0,,,,,162621000.0,625069000.0,1.0,1336444034.0,1328787000,1253788000.0,1.379,7616214000.0,0.0,64125000.0,260993000.0,5.732,937274000.0
38,YHOO,MRQ,2007-09-30,2007-09-30,2007-09-30,2021-08-25,276699000.0,11843148000.0,,3483748000.0,8359400000.0,,6.953,-147150000.0,1527950000.0,1527950000.0,740200000.0,151286000.0,1.595,0.276,749628000.0,749628000.0,0.0,749628000.0,395811000.0,170577000.0,0.0,0.0,0.0,229939000.0,400516000.0,0.227,400516000.0,229939000.0,229939000.0,0.11,0.11,0.11,9282717000.0,,9282717000.0,35180753740.0,32.0,20.59,309562000.0,0.232,1.0,1027306000.0,0.581,4049652000.0,0.0,4831331000.0,,0.0,3224138000.0,684197000.0,2539941000.0,2560431000.0,2183843000.0,376588000.0,35956933740.0,2138000.0,-319503000.0,-309891000.0,0.0,0.0,-322058000.0,-153800000.0,398683000.0,456712000.0,21284000.0,151286000.0,151286000.0,151286000.0,0.0,0.0,0.086,877114000.0,150192000.0,131559000.0,0.0,3.874,49.736,49.708,1240340000.0,0.0,26.843,5.257,5.24,950027000.0,4218141000.0,1767506000.0,1767506000.0,274682000.0,,,,,151568000.0,572447000.0,1.0,1339552342.0,1335092000,1395056000.0,1.324,7793496000.0,0.0,78653000.0,281528000.0,5.837,1299905000.0
39,YHOO,MRQ,2007-06-30,2007-06-30,2007-06-30,2021-08-25,197989000.0,11491308000.0,,3644649000.0,7846659000.0,,6.694,-144676000.0,1525812000.0,1525812000.0,683012000.0,160567000.0,1.69,0.281,749632000.0,749632000.0,0.0,749632000.0,402674000.0,159893000.0,0.0,0.0,0.0,248299000.0,408192000.0,0.24,408192000.0,248299000.0,248299000.0,0.12,0.11,0.12,8967729000.0,,8967729000.0,35899432083.0,31.0,20.621,260927000.0,0.195,1.0,1014908000.0,0.598,3397389000.0,0.0,5161007000.0,,0.0,3588398000.0,865325000.0,2723073000.0,2523579000.0,2156732000.0,366847000.0,36458747083.0,216734000.0,-24432000.0,-286372000.0,0.0,0.0,-207658000.0,11552000.0,194004000.0,405603000.0,7237000.0,160567000.0,160567000.0,160567000.0,0.0,0.0,0.095,829951000.0,184957000.0,142552000.0,0.0,4.066,49.93,49.327,1175858000.0,0.0,27.13,5.48,5.463,891621000.0,4066855000.0,1697920000.0,1697920000.0,281086000.0,,,,,143321000.0,523688000.0,1.0,1343853560.0,1339594000,1403819000.0,1.267,8093919000.0,0.0,87732000.0,261478000.0,6.042,1487917000.0
40,YHOO,MRQ,2007-03-31,2007-03-31,2007-03-31,2021-08-25,163936000.0,11313365000.0,,3575224000.0,7738141000.0,,6.533,-118019000.0,1309078000.0,1309078000.0,713637000.0,142424000.0,2.551,0.28,749763000.0,0.0,749763000.0,749763000.0,394358000.0,151002000.0,0.0,0.0,0.0,234782000.0,385784000.0,0.231,385784000.0,234782000.0,234782000.0,0.11,0.1,0.11,8835857000.0,,8835857000.0,41626169492.0,35.0,23.823,316681000.0,0.234,1.0,958213000.0,0.573,3388898000.0,0.0,5963813000.0,,0.0,3746620000.0,1036788000.0,2709832000.0,2477508000.0,1401339000.0,1076169000.0,42446125492.0,-260793000.0,-11579000.0,-773084000.0,0.0,0.0,-721015000.0,21541000.0,157709000.0,434700000.0,3981000.0,142424000.0,142424000.0,142424000.0,0.0,0.0,0.085,789186000.0,169027000.0,140969000.0,0.0,4.804,57.832,56.891,1127558000.0,0.0,31.29,6.5,6.48,893200000.0,3906288000.0,1671850000.0,1671850000.0,239500000.0,,,,,155628000.0,522584000.0,1.0,1356539645.0,1352476000,1418225000.0,1.236,7924467000.0,0.0,92358000.0,218762000.0,5.859,2173885000.0
41,YHOO,MRQ,2006-12-31,2006-12-31,2006-12-31,2021-08-25,150505000.0,11513608000.0,,3750142000.0,7763466000.0,,6.758,-131550000.0,1569871000.0,1569871000.0,690893000.0,268673000.0,2.544,0.257,749915000.0,0.0,749915000.0,749915000.0,382921000.0,137487000.0,0.0,0.0,0.0,376682000.0,514169000.0,0.302,514169000.0,376682000.0,376682000.0,0.2,0.19,0.2,9160610000.0,,9160610000.0,34304675692.0,28.0,19.609,35807000.0,0.026,1.0,1011555000.0,0.594,3374379000.0,0.0,5845279000.0,,0.0,3859248000.0,1031528000.0,2827720000.0,2352998000.0,1473994000.0,879004000.0,34739974692.0,384612000.0,-80972000.0,86652000.0,0.0,0.0,328804000.0,-135454000.0,80625000.0,167357000.0,23905000.0,268673000.0,268673000.0,268673000.0,0.0,0.0,0.158,703728000.0,307827000.0,109130000.0,0.0,3.792,46.234,47.296,1101379000.0,0.0,25.54,5.406,5.52,930964000.0,3717560000.0,1702448000.0,1702448000.0,204748000.0,,,,,108383000.0,471829000.0,1.0,1360218273.0,1355564000,1415248000.0,1.256,8139229000.0,0.0,108009000.0,19204000.0,6.004,2276148000.0
42,YHOO,MRQ,2006-09-30,2006-09-30,2006-09-30,2021-08-25,103456000.0,10617067000.0,,3059622000.0,7557445000.0,,5.863,-240761000.0,1185259000.0,1185259000.0,681120000.0,158529000.0,2.097,0.316,749960000.0,0.0,749960000.0,749960000.0,396553000.0,149907000.0,0.0,0.0,0.0,282901000.0,432808000.0,0.274,432808000.0,282901000.0,282901000.0,0.12,0.11,0.12,8067239000.0,,8067239000.0,34074867117.0,22.0,16.643,148893000.0,0.108,1.0,899202000.0,0.569,3383944000.0,0.0,5338680000.0,,0.0,3908282000.0,923792000.0,2984490000.0,2549828000.0,1459144000.0,1090684000.0,34916119117.0,-405964000.0,-5971000.0,-1050305000.0,0.0,0.0,-911283000.0,117230000.0,344842000.0,389654000.0,-1565000.0,158529000.0,158529000.0,158529000.0,0.0,0.0,0.1,696862000.0,202340000.0,142479000.0,0.0,4.328,29.947,30.458,1048574000.0,0.0,25.28,5.61,5.588,784460000.0,3448887000.0,1580322000.0,1580322000.0,202079000.0,,,,,125198000.0,462009000.0,1.0,1381175598.0,1375884000,1442429000.0,1.149,7233123000.0,0.0,124372000.0,0.0,5.257,1600478000.0
43,YHOO,MRQ,2006-06-30,2006-06-30,2006-06-30,2021-08-25,84302000.0,11190562000.0,,3654705000.0,7535857000.0,,6.188,-175078000.0,1591223000.0,1591223000.0,645767000.0,164330000.0,2.569,0.287,749971000.0,0.0,749971000.0,749971000.0,412694000.0,127548000.0,0.0,0.0,0.0,287028000.0,414576000.0,0.263,414576000.0,287028000.0,287028000.0,0.12,0.11,0.12,8697662000.0,,8697662000.0,45878413302.0,28.0,22.017,254606000.0,0.181,1.0,930087000.0,0.59,3429318000.0,0.0,5497101000.0,,0.0,4183691000.0,1097332000.0,3086359000.0,2492900000.0,1422891000.0,1070009000.0,46490515302.0,229128000.0,-60833000.0,-199005000.0,0.0,0.0,-82873000.0,-140102000.0,96108000.0,429684000.0,22419000.0,164330000.0,164330000.0,164330000.0,0.0,0.0,0.104,700500000.0,229587000.0,139378000.0,0.0,5.345,36.863,37.079,884005000.0,0.0,33.0,7.782,7.765,792451000.0,3290358000.0,1575854000.0,1575854000.0,208743000.0,,,,,99576000.0,457754000.0,1.0,1408803494.0,1405598000,1476642000.0,1.121,7761244000.0,0.0,122698000.0,0.0,5.522,2231814000.0
44,YHOO,MRQ,2006-03-31,2006-03-31,2006-03-31,2021-08-25,-8359000.0,10825408000.0,,3366857000.0,7458551000.0,,5.956,-141747000.0,1362095000.0,1362095000.0,657943000.0,159859000.0,2.571,0.282,749993000.0,0.0,749993000.0,749993000.0,390147000.0,125079000.0,0.0,0.0,0.0,262791000.0,387870000.0,0.248,387870000.0,262791000.0,262791000.0,0.11,0.11,0.11,8445102000.0,,8445102000.0,45060238844.0,17.0,14.843,243134000.0,0.171,1.0,909112000.0,0.58,3427305000.0,0.0,5476572000.0,,0.0,4256326000.0,1066396000.0,3189930000.0,2380306000.0,1309429000.0,1070877000.0,45739936844.0,-67598000.0,5504000.0,-529084000.0,0.0,0.0,-429272000.0,-35355000.0,101233000.0,384881000.0,12148000.0,159859000.0,159859000.0,159859000.0,0.0,0.0,0.102,707900000.0,201212000.0,107689000.0,0.0,5.416,24.704,24.626,774952000.0,0.0,32.26,8.094,8.095,766511000.0,3126028000.0,1567055000.0,1567055000.0,217577000.0,,,,,120664000.0,459465000.0,1.0,1417852971.0,1417917000,1493307000.0,1.105,7398103000.0,0.0,102932000.0,0.0,5.218,2057428000.0
45,YHOO,MRQ,2005-12-31,2005-12-31,2005-12-31,2021-08-25,-35965000.0,10831834000.0,,3449533000.0,7382301000.0,,6.049,-151640000.0,1429693000.0,1429693000.0,594738000.0,683208000.0,2.865,0.264,749995000.0,0.0,749995000.0,749995000.0,373964000.0,111233000.0,0.0,0.0,0.0,700937000.0,812170000.0,0.541,812170000.0,700937000.0,700937000.0,0.48,0.46,0.48,8566415000.0,,8566415000.0,54309076081.0,20.0,17.741,329702000.0,0.233,1.0,906262000.0,0.604,3430172000.0,0.0,5517912000.0,,0.0,4328556000.0,1131141000.0,3197415000.0,2265419000.0,1204052000.0,1061367000.0,55586084081.0,-597310000.0,-1570701000.0,495969000.0,0.0,0.0,495969000.0,-1561387000.0,161070000.0,481342000.0,-13234000.0,683208000.0,683208000.0,683208000.0,0.0,0.0,0.455,577314000.0,328948000.0,70291000.0,0.0,6.489,29.314,29.022,697522000.0,0.0,39.18,10.572,10.436,721723000.0,2966169000.0,1501000000.0,1501000000.0,169198000.0,,,,,54315000.0,379555000.0,1.0,1418736194.0,1416120000,1494147000.0,1.06,7401662000.0,0.0,17729000.0,0.0,5.227,2245481000.0
46,YHOO,MRQ,2005-09-30,2005-09-30,2005-09-30,2021-08-25,-12072000.0,9543622000.0,,3962695000.0,5580927000.0,,5.329,-95494000.0,2027003000.0,2027003000.0,534381000.0,253773000.0,3.594,0.275,749995000.0,0.0,749995000.0,749995000.0,387850000.0,101541000.0,0.0,0.0,0.0,367570000.0,469111000.0,0.353,469111000.0,367570000.0,367570000.0,0.18,0.17,0.18,7487430000.0,,7487430000.0,46508561646.0,18.0,15.813,344637000.0,0.245,1.0,795548000.0,0.598,3015091000.0,0.0,4148792000.0,,0.0,2736618000.0,1156688000.0,1579930000.0,2056192000.0,1102731000.0,953461000.0,47678984646.0,106580000.0,-1089000.0,-526216000.0,0.0,0.0,-525267000.0,196292000.0,293310000.0,440131000.0,-4576000.0,253773000.0,253773000.0,253773000.0,0.0,0.0,0.191,525491000.0,270057000.0,38879000.0,0.0,6.368,30.071,29.684,623050000.0,0.0,33.84,9.862,9.835,599129000.0,2282961000.0,1329929000.0,1329929000.0,148433000.0,,,,,134704000.0,350154000.0,1.0,1408953447.0,1405012000,1486876000.0,0.947,6528531000.0,0.0,113797000.0,0.0,4.647,2859964000.0
47,YHOO,MRQ,2005-06-30,2005-06-30,2005-06-30,2021-08-25,23454000.0,9672367000.0,,4100850000.0,5571517000.0,,5.504,-93651000.0,1920423000.0,1920423000.0,500158000.0,754689000.0,3.926,0.259,750000000.0,0.0,750000000.0,750000000.0,368871000.0,96135000.0,0.0,0.0,0.0,1270544000.0,1366679000.0,1.091,1366679000.0,1270544000.0,1270544000.0,0.54,0.51,0.54,7681602000.0,,7681602000.0,48046289811.0,19.0,16.718,310544000.0,0.223,1.0,752839000.0,0.601,3055091000.0,0.0,4402263000.0,,0.0,3004250000.0,1474101000.0,1530149000.0,1990765000.0,1044590000.0,946175000.0,48387199811.0,829513000.0,-72404000.0,-51309000.0,0.0,0.0,-51309000.0,501959000.0,717927000.0,404195000.0,-25332000.0,754689000.0,754689000.0,754689000.0,0.0,0.0,0.602,491482000.0,261357000.0,30909000.0,0.0,6.299,30.527,30.13,589373000.0,0.0,34.65,10.969,10.962,548408000.0,2029188000.0,1252997000.0,1252997000.0,129285000.0,,,,,505989000.0,335043000.0,1.0,1396455983.0,1395596000,1484200000.0,0.898,6617276000.0,0.0,515855000.0,0.0,4.742,3056260000.0
48,YHOO,MRQ,2005-03-31,2005-03-31,2005-03-31,2021-08-25,488116000.0,9304965000.0,,3923572000.0,5381393000.0,,5.208,-68149000.0,1090910000.0,1090910000.0,466924000.0,204560000.0,3.291,0.29,750000000.0,0.0,750000000.0,750000000.0,354905000.0,88233000.0,0.0,0.0,0.0,324995000.0,413228000.0,0.352,413228000.0,324995000.0,324995000.0,0.15,0.14,0.15,7212178000.0,,7212178000.0,46951512415.0,33.0,26.531,317566000.0,0.229,1.0,706818000.0,0.602,3075202000.0,0.0,4696578000.0,,0.0,3512189000.0,2241357000.0,1270832000.0,2092787000.0,1192275000.0,900512000.0,47025235415.0,267187000.0,-53970000.0,-170793000.0,0.0,0.0,-169993000.0,41206000.0,152007000.0,385715000.0,10259000.0,204560000.0,204560000.0,204560000.0,0.0,0.0,0.174,459455000.0,247363000.0,25870000.0,0.0,6.52,49.873,49.13,552959000.0,0.0,33.9,11.784,11.766,514497000.0,1274499000.0,1173742000.0,1173742000.0,122611000.0,,,,,116993000.0,310268000.0,1.0,1387175086.0,1384958000,1477811000.0,0.847,6229763000.0,0.0,120435000.0,0.0,4.498,2731297000.0
49,YHOO,MRQ,2004-12-31,2004-12-31,2004-12-31,2021-08-25,535736000.0,9178201000.0,,4090475000.0,5087726000.0,,5.157,-85369000.0,823723000.0,823723000.0,430917000.0,372524000.0,3.464,0.292,750000000.0,0.0,750000000.0,750000000.0,345262000.0,85933000.0,0.0,0.0,0.0,606147000.0,692080000.0,0.642,692080000.0,606147000.0,606147000.0,0.27,0.26,0.27,7101446000.0,,7101446000.0,51589663488.0,40.0,32.476,251351000.0,0.183,1.0,646800000.0,0.6,3031623000.0,0.0,4892148000.0,,0.0,3970630000.0,2688252000.0,1282378000.0,2076755000.0,1180707000.0,896048000.0,51803191488.0,173785000.0,-153080000.0,253283000.0,0.0,0.0,253283000.0,-439346000.0,-203896000.0,336720000.0,23128000.0,372524000.0,372524000.0,372524000.0,0.0,0.0,0.346,411975000.0,234825000.0,48205000.0,0.0,7.295,61.703,60.774,531696000.0,0.0,37.68,14.492,14.267,479993000.0,1069939000.0,1077717000.0,1077717000.0,119608000.0,,,,,238177000.0,319861000.0,1.0,1374819307.0,1377007000,1475131000.0,0.783,6146578000.0,0.0,233623000.0,0.0,4.464,2909768000.0
50,YHOO,MRQ,2004-09-30,2004-09-30,2004-09-30,2021-08-25,445803000.0,7946535000.0,,3469749000.0,4476786000.0,,4.494,-65744000.0,963528000.0,963528000.0,332333000.0,253305000.0,4.073,0.299,750000000.0,0.0,750000000.0,750000000.0,291170000.0,81488000.0,0.0,0.0,0.0,320422000.0,401910000.0,0.443,401910000.0,320422000.0,320422000.0,0.19,0.17,0.19,6116777000.0,,6116777000.0,46179295700.0,58.0,42.687,201680000.0,0.148,1.0,574382000.0,0.633,2805601000.0,0.0,4075610000.0,,0.0,2870320000.0,1962872000.0,907448000.0,1829758000.0,851796000.0,977962000.0,46137175700.0,121685000.0,-34648000.0,60006000.0,0.0,0.0,60006000.0,-209456000.0,-108913000.0,267424000.0,3711000.0,253305000.0,253305000.0,253305000.0,0.0,0.0,0.279,402277000.0,172105000.0,41283000.0,0.0,7.543,85.116,82.707,484703000.0,0.0,33.91,14.597,14.603,384738000.0,697415000.0,906715000.0,906715000.0,97033000.0,,,,,62256000.0,262165000.0,1.0,1360577284.0,1361136000,1458610000.0,0.666,5140934000.0,0.0,67117000.0,0.0,3.777,2617953000.0
51,YHOO,MRQ,2004-06-30,2004-06-30,2004-06-30,2021-08-25,-20373000.0,6660027000.0,,2012867000.0,4647160000.0,,3.682,-55699000.0,707880000.0,707880000.0,297383000.0,112512000.0,2.537,0.342,750000000.0,0.0,750000000.0,750000000.0,213378000.0,77428000.0,0.0,0.0,0.0,185029000.0,262457000.0,0.315,262457000.0,185029000.0,185029000.0,0.08,0.08,0.08,4961127000.0,,4961127000.0,48980102358.0,85.0,59.858,194003000.0,0.144,1.0,534916000.0,0.643,2800426000.0,0.0,3108401000.0,,0.0,1941943000.0,829387000.0,1112556000.0,1698900000.0,793320000.0,905580000.0,49020911358.0,-102921000.0,-530110000.0,225383000.0,0.0,0.0,225383000.0,-578019000.0,2213000.0,249702000.0,13000.0,112512000.0,112512000.0,112512000.0,0.0,0.0,0.135,385422000.0,149494000.0,27075000.0,0.0,9.881,138.449,134.815,463890000.0,0.0,36.4,18.776,18.786,337082000.0,444110000.0,832299000.0,832299000.0,87140000.0,,,,,67511000.0,255034000.0,1.0,1346728334.0,1347459000,1449707000.0,0.618,3859601000.0,0.0,72517000.0,0.0,2.864,1219547000.0
52,YHOO,MRQ,2004-03-31,2004-03-31,2004-03-31,2021-08-25,10376000.0,6192187000.0,,1977945000.0,4214242000.0,,3.457,-38689000.0,790809000.0,790809000.0,281705000.0,101212000.0,2.7,0.349,750000000.0,0.0,750000000.0,750000000.0,200991000.0,66192000.0,0.0,0.0,0.0,165921000.0,232113000.0,0.306,232113000.0,165921000.0,165921000.0,0.08,0.07,0.08,4591491000.0,,4591491000.0,32276763001.0,68.0,48.009,197286000.0,0.149,1.0,476081000.0,0.628,2282588000.0,0.0,3136150000.0,,0.0,1999461000.0,767118000.0,1232343000.0,1600696000.0,732640000.0,868056000.0,32240302001.0,215282000.0,-43767000.0,42295000.0,0.0,0.0,42295000.0,-66028000.0,6868000.0,235975000.0,3040000.0,101212000.0,101212000.0,101212000.0,0.0,0.0,0.134,343924000.0,132157000.0,15234000.0,0.0,7.022,110.265,105.37,449428000.0,0.0,24.235,15.353,15.328,281966000.0,331598000.0,757786000.0,757786000.0,76989000.0,,,,,73322000.0,223851000.0,1.0,1330319868.0,1328154000,1426548000.0,0.571,3909599000.0,0.0,64709000.0,0.0,2.944,1245305000.0
53,YHOO,MRQ,2003-12-31,2003-12-31,2003-12-31,2021-08-25,3598000.0,5931654000.0,,1721709000.0,4209945000.0,,3.328,-37611000.0,415892000.0,415892000.0,232831000.0,75019000.0,2.432,0.359,750000000.0,0.0,750000000.0,750000000.0,192278000.0,63099000.0,0.0,0.0,0.0,122224000.0,185323000.0,0.279,185323000.0,122224000.0,122224000.0,0.06,0.05,0.06,4363490000.0,,4363490000.0,29668230534.0,77.0,54.478,64249000.0,0.049,1.0,431091000.0,0.649,2251201000.0,0.0,3306765000.0,,0.0,2150323000.0,893625000.0,1256698000.0,1568164000.0,707796000.0,860368000.0,29599748534.0,-188727000.0,-149668000.0,150174000.0,0.0,0.0,150174000.0,-446195000.0,-258312000.0,101860000.0,5434000.0,75019000.0,75019000.0,75019000.0,0.0,0.0,0.113,336672000.0,94419000.0,31890000.0,0.0,6.784,124.432,118.5,449512000.0,0.0,22.515,18.214,17.089,282415000.0,230386000.0,663922000.0,663922000.0,78105000.0,,,,,59087000.0,221124000.0,1.0,1314667934.0,1311207000,1479564000.0,0.506,3680453000.0,0.0,47205000.0,0.0,2.807,1013913000.0
54,YHOO,MRQ,2003-09-30,2003-09-30,2003-09-30,2021-08-25,61000.0,4105705000.0,,1502046000.0,2603659000.0,,2.231,-38445000.0,681518000.0,681518000.0,47287000.0,65329000.0,3.055,0.507,750000000.0,0.0,750000000.0,750000000.0,150518000.0,33013000.0,0.0,0.0,0.0,105370000.0,138383000.0,0.388,138383000.0,105370000.0,105370000.0,0.05,0.05,0.05,2725089000.0,,2725089000.0,21266430283.0,63.0,45.931,97088000.0,0.079,1.0,309534000.0,0.867,756511000.0,0.0,2926088000.0,,0.0,1807991000.0,564283000.0,1243708000.0,1380616000.0,491588000.0,889028000.0,21592012283.0,-394064000.0,0.0,74416000.0,0.0,0.0,74416000.0,-604598000.0,-566153000.0,135533000.0,585000.0,65329000.0,65329000.0,65329000.0,0.0,0.0,0.183,226036000.0,83498000.0,19771000.0,0.0,7.923,103.277,101.114,386443000.0,0.0,17.695,17.316,17.332,151024000.0,155367000.0,356821000.0,356821000.0,47683000.0,,,,,36683000.0,168357000.0,1.0,1220232398.0,1221394000,1274888000.0,0.292,3349194000.0,0.0,40041000.0,0.0,2.742,1010458000.0
55,YHOO,MRQ,2003-06-30,2003-06-30,2003-06-30,2021-08-25,4599000.0,3921521000.0,,1818761000.0,2102760000.0,,2.117,-20770000.0,1075582000.0,1075582000.0,46842000.0,50828000.0,3.807,0.534,750000000.0,0.0,750000000.0,750000000.0,155997000.0,34503000.0,0.0,0.0,0.0,81981000.0,116484000.0,0.362,116484000.0,81981000.0,81981000.0,0.04,0.04,0.04,2556833000.0,,2556833000.0,19246908290.0,69.0,47.821,71353000.0,0.059,1.0,274564000.0,0.854,767373000.0,0.0,2350843000.0,,0.0,1241637000.0,497400000.0,744237000.0,1364688000.0,477723000.0,886965000.0,19725351290.0,597139000.0,0.0,105044000.0,733125000.0,0.0,838169000.0,-337082000.0,-316312000.0,92123000.0,3929000.0,50828000.0,50828000.0,50828000.0,0.0,0.0,0.158,211792000.0,62772000.0,19086000.0,0.0,7.715,114.286,109.0,371794000.0,0.0,16.35,17.319,17.342,142372000.0,90038000.0,321406000.0,321406000.0,45099000.0,,,,,29479000.0,156040000.0,1.0,1206443504.0,1208036000,1257154000.0,0.266,3154148000.0,0.0,31153000.0,0.0,2.611,1341038000.0
56,YHOO,MRQ,2003-03-31,2003-03-31,2003-03-31,2021-08-25,-4285000.0,2956932000.0,,1076013000.0,1880919000.0,,1.978,-20503000.0,478443000.0,478443000.0,43132000.0,46703000.0,2.251,0.252,0.0,0.0,0.0,0.0,148781000.0,29073000.0,0.0,0.0,0.0,75328000.0,104401000.0,0.369,104401000.0,75328000.0,75328000.0,0.04,0.04,0.04,2360894000.0,,2360894000.0,14041365347.0,60.0,40.078,78125000.0,0.065,1.0,239816000.0,0.848,775074000.0,0.0,1225382000.0,,0.0,928274000.0,387378000.0,540896000.0,596038000.0,478033000.0,118005000.0,14352337347.0,167471000.0,-228318000.0,23567000.0,0.0,0.0,23567000.0,45538000.0,294359000.0,98628000.0,-262000.0,46703000.0,46703000.0,46703000.0,0.0,0.0,0.165,184839000.0,54977000.0,22095000.0,0.0,6.079,100.252,92.385,377480000.0,0.0,12.01,13.756,13.736,134190000.0,39210000.0,282948000.0,282948000.0,36398000.0,,,,,21632000.0,142119000.0,1.0,1195032252.0,1193284000,1231576000.0,0.237,2181858000.0,0.0,28625000.0,0.0,1.828,597980000.0
57,YHOO,MRQ,2002-12-31,2002-12-31,2002-12-31,2021-08-25,-1082000.0,2790181000.0,,970004000.0,1820177000.0,,1.907,-16672000.0,310972000.0,310972000.0,42319000.0,46209000.0,2.355,0.233,0.0,0.0,0.0,0.0,135501000.0,29207000.0,0.0,0.0,0.0,74538000.0,103745000.0,0.363,103745000.0,74538000.0,74538000.0,0.045,0.045,0.045,2262270000.0,,2262270000.0,9341814250.0,82.0,41.799,62686000.0,0.053,1.0,243468000.0,0.852,511477000.0,0.0,1555918000.0,,0.0,1226612000.0,463204000.0,763408000.0,527911000.0,411814000.0,116097000.0,9661133250.0,-46500000.0,0.0,39575000.0,0.0,0.0,39575000.0,-164505000.0,-140871000.0,79358000.0,-928000.0,46209000.0,46209000.0,46209000.0,0.0,0.0,0.162,188100000.0,55368000.0,18738000.0,0.0,4.271,225.648,204.375,371272000.0,0.0,8.175,10.137,10.187,113612000.0,-7493000.0,285787000.0,285787000.0,36470000.0,,,,,30365000.0,137330000.0,1.0,1181790000.0,1185988000,1215086000.0,0.241,2278704000.0,0.0,28329000.0,0.0,1.921,558190000.0
58,YHOO,MRQ,2002-09-30,2002-09-30,2002-09-30,2021-08-25,955000.0,2696306000.0,,936534000.0,1759772000.0,,1.806,-13293000.0,319319000.0,319319000.0,41033000.0,28857000.0,2.228,0.251,0.0,0.0,0.0,0.0,144351000.0,29751000.0,0.0,0.0,0.0,48096000.0,77847000.0,0.313,77847000.0,48096000.0,48096000.0,0.025,0.025,0.025,2155655000.0,,2155655000.0,5443873470.0,159.0,36.157,58972000.0,0.049,1.0,207790000.0,0.835,556082000.0,0.0,1400519000.0,,0.0,1116274000.0,456371000.0,659903000.0,540651000.0,420386000.0,120265000.0,5747464470.0,15728000.0,0.0,-97084000.0,0.0,0.0,-97084000.0,37859000.0,51152000.0,72265000.0,2688000.0,28857000.0,28857000.0,28857000.0,0.0,0.0,0.116,178313000.0,29477000.0,13151000.0,0.0,2.666,-476.849,-957.0,381816000.0,0.0,4.785,6.713,6.67,103573000.0,-53702000.0,248823000.0,248823000.0,37352000.0,,,,,17687000.0,135047000.0,1.0,1201142000.0,1193486000,1214268000.0,0.208,2140224000.0,0.0,19239000.0,0.0,1.793,516148000.0
59,YHOO,MRQ,2002-06-30,2002-06-30,2002-06-30,2021-08-25,-3122000.0,2725763000.0,,972777000.0,1752986000.0,,1.836,-14301000.0,303591000.0,303591000.0,41708000.0,21394000.0,2.387,0.24,0.0,0.0,0.0,0.0,135811000.0,27476000.0,0.0,0.0,0.0,36885000.0,64361000.0,0.285,64361000.0,36885000.0,36885000.0,0.02,0.015,0.02,2198863000.0,,2198863000.0,8530623160.0,-251.0,100.867,89081000.0,0.074,1.0,184084000.0,0.815,566494000.0,0.0,1448127000.0,,0.0,1428153000.0,526411000.0,901742000.0,526900000.0,407551000.0,119349000.0,8824871160.0,9343000.0,0.0,20005000.0,0.0,0.0,20005000.0,-118777000.0,-104476000.0,103382000.0,4733000.0,21394000.0,21394000.0,21394000.0,0.0,0.0,0.095,176566000.0,7518000.0,14164000.0,0.0,4.013,-135.707,-147.6,135653000.0,0.0,7.38,11.409,11.425,86340000.0,-82559000.0,225792000.0,225792000.0,35162000.0,,,,,13952000.0,135452000.0,1.0,1195782000.0,1197480000,1231084000.0,0.189,2159269000.0,0.0,15491000.0,0.0,1.803,565226000.0
60,YHOO,MRQ,2002-03-31,2002-03-31,2002-03-31,2021-08-25,-6061000.0,2622796000.0,,947614000.0,1675182000.0,,1.823,-7287000.0,294248000.0,294248000.0,37821000.0,-53645000.0,2.428,0.226,0.0,0.0,0.0,0.0,125194000.0,22955000.0,0.0,0.0,0.0,-45414000.0,-22459000.0,-0.117,-22459000.0,-45414000.0,-45414000.0,-0.045,-0.045,-0.045,2139814000.0,,2139814000.0,10616534511.0,-90.0,1986.999,40156000.0,0.034,1.0,154844000.0,0.804,578201000.0,0.0,1360065000.0,,0.0,1319626000.0,511098000.0,808528000.0,482982000.0,390282000.0,92700000.0,10989166511.0,-78384000.0,-189168000.0,15694000.0,0.0,0.0,15694000.0,-138584000.0,57871000.0,47443000.0,-2937000.0,-53645000.0,-53645000.0,-53645000.0,0.0,0.0,-0.278,159019000.0,-4175000.0,12715000.0,0.0,5.136,-81.433,-80.304,143635000.0,0.0,9.235,15.056,14.851,89850000.0,-103953000.0,192665000.0,192665000.0,32781000.0,,,,,6804000.0,122816000.0,1.0,1189947646.0,1173756000,1220040000.0,0.164,2044595000.0,0.0,8231000.0,0.0,1.742,557332000.0
61,YHOO,MRQ,2001-12-31,2001-12-31,2001-12-31,2021-08-25,9322000.0,2379346000.0,,1051533000.0,1327813000.0,,1.72,-14342000.0,372632000.0,372632000.0,37301000.0,-8659000.0,2.933,0.21,0.0,0.0,0.0,0.0,109402000.0,36041000.0,0.0,0.0,0.0,-5226000.0,30815000.0,0.163,30815000.0,-5226000.0,-5226000.0,-0.005,-0.005,-0.005,1967017000.0,,1967017000.0,9758853880.0,-119.0,200.182,-1359000.0,-0.001,1.0,151610000.0,0.803,212444000.0,0.0,1435753000.0,,0.0,1392875000.0,553795000.0,839080000.0,412329000.0,358517000.0,53812000.0,10104916880.0,26569000.0,0.0,21006000.0,0.0,0.0,18180000.0,-5163000.0,9179000.0,12983000.0,569000.0,-8659000.0,-8659000.0,-8659000.0,0.0,0.0,-0.046,176916000.0,-25306000.0,13218000.0,0.0,5.137,-108.903,-110.875,131648000.0,0.0,8.87,14.085,14.088,68648000.0,-50308000.0,188911000.0,188911000.0,26205000.0,,,,,5041000.0,106395000.0,1.0,1139224000.0,1143858000,1143858000.0,0.165,2166902000.0,0.0,3433000.0,0.0,1.894,693016000.0
62,YHOO,MRQ,2001-09-30,2001-09-30,2001-09-30,2021-08-25,4782000.0,2355269000.0,,1097411000.0,1257858000.0,,1.697,-16813000.0,346063000.0,346063000.0,40598000.0,-24119000.0,3.181,0.214,0.0,0.0,0.0,0.0,109956000.0,32081000.0,0.0,0.0,0.0,-20225000.0,11856000.0,0.071,11856000.0,-20225000.0,-20225000.0,-0.02,-0.02,-0.02,1940559000.0,,1940559000.0,4648514930.0,-36.0,-355.554,11605000.0,0.01,1.0,125533000.0,0.756,0.0,0.0,1664245000.0,,0.0,1393330000.0,635063000.0,758267000.0,414710000.0,344961000.0,69749000.0,5046834930.0,-22257000.0,-387000.0,-51066000.0,0.0,0.0,-53837000.0,1343000.0,18543000.0,28418000.0,1819000.0,-24119000.0,-24119000.0,-24119000.0,0.0,0.0,-0.145,151895000.0,-26362000.0,11322000.0,0.0,2.601,-27.738,-26.697,140162000.0,0.0,4.405,6.013,6.001,53157000.0,-41649000.0,166131000.0,166131000.0,29929000.0,,,,,2895000.0,106803000.0,1.0,1145706000.0,1143504000,1143504000.0,0.145,2355269000.0,0.0,3894000.0,0.0,2.06,752450000.0
63,YHOO,MRQ,2001-06-30,2001-06-30,2001-06-30,2021-08-25,6324000.0,2420569000.0,,1145474000.0,1275095000.0,,1.769,-13601000.0,398320000.0,398320000.0,40559000.0,-48524000.0,3.374,0.201,0.0,0.0,0.0,0.0,119455000.0,32242000.0,0.0,0.0,0.0,-47111000.0,-14869000.0,-0.082,-14869000.0,-47111000.0,-47111000.0,-0.045,-0.045,-0.045,2015308000.0,,2015308000.0,10930955950.0,-914.0,122.709,-19205000.0,-0.017,1.0,141606000.0,0.777,0.0,0.0,1682730000.0,,0.0,1399612000.0,618968000.0,780644000.0,405261000.0,339519000.0,65742000.0,11332430950.0,-3155000.0,-1530000.0,37452000.0,0.0,0.0,37452000.0,-35721000.0,-20590000.0,-5604000.0,718000.0,-48524000.0,-48524000.0,-48524000.0,0.0,0.0,-0.266,215440000.0,-73834000.0,14467000.0,0.0,5.623,-102.869,-99.95,136500000.0,0.0,9.995,11.697,11.756,62186000.0,-17530000.0,182165000.0,182165000.0,32221000.0,,,,,1105000.0,122193000.0,1.0,1133810000.0,1139536000,1139536000.0,0.16,2420569000.0,0.0,1413000.0,0.0,2.124,805955000.0
64,YHOO,MRQ,2001-03-31,2001-03-31,2001-03-31,2021-08-25,2913000.0,2409625000.0,,1129157000.0,1280468000.0,,1.782,-41455000.0,401475000.0,401475000.0,38543000.0,-11486000.0,3.438,0.196,0.0,0.0,0.0,0.0,127236000.0,30211000.0,0.0,0.0,0.0,-9263000.0,20948000.0,0.116,20948000.0,-9263000.0,-9263000.0,-0.01,-0.01,-0.01,2015226000.0,,2015226000.0,8399453101.0,64.0,38.957,29598000.0,0.026,1.0,141672000.0,0.786,0.0,0.0,1679725000.0,,0.0,1373828000.0,609482000.0,764346000.0,394399000.0,328425000.0,65974000.0,8886330101.0,-85402000.0,-17271000.0,16495000.0,0.0,0.0,16495000.0,-167632000.0,-108906000.0,71053000.0,-5318000.0,-11486000.0,-11486000.0,-11486000.0,0.0,0.0,-0.064,174440000.0,-32768000.0,16675000.0,0.0,4.41,-1069.483,-1575.0,147521000.0,0.0,7.875,8.387,8.405,55727000.0,30994000.0,180215000.0,180215000.0,33121000.0,,,,,2058000.0,126422000.0,1.0,1128422870.0,1130894000,1130894000.0,0.159,2409625000.0,0.0,2223000.0,0.0,2.131,800732000.0
65,YHOO,MRQ,2000-12-31,2000-12-31,2000-12-31,2021-08-25,23346000.0,2269576000.0,,1290869000.0,978707000.0,,1.694,-28628000.0,486877000.0,486877000.0,33639000.0,-97819000.0,4.148,0.196,0.0,0.0,0.0,0.0,117165000.0,19907000.0,0.0,0.0,0.0,-50916000.0,-31009000.0,-0.1,-31009000.0,-50916000.0,-50916000.0,-0.09,-0.075,-0.09,1896914000.0,,1896914000.0,16264001332.0,63.0,49.597,50310000.0,0.045,1.0,277234000.0,0.892,0.0,0.0,1471465000.0,,0.0,1289334000.0,663353000.0,625981000.0,372662000.0,311234000.0,61428000.0,16786186332.0,-65308000.0,0.0,29379000.0,0.0,0.0,29379000.0,-169634000.0,-141006000.0,78938000.0,-3991000.0,-97819000.0,-97819000.0,-97819000.0,0.0,0.0,-0.315,189772000.0,87462000.0,26040000.0,0.0,8.849,237.173,231.231,109781000.0,0.0,15.03,15.12,14.91,90561000.0,42480000.0,310873000.0,310873000.0,33130000.0,,,,,46991000.0,142549000.0,1.0,1116845398.0,1119746000,1199036000.0,0.278,2269576000.0,0.0,46903000.0,0.0,2.027,979635000.0
66,YHOO,MRQ,2000-09-30,2000-09-30,2000-09-30,2021-08-25,24517000.0,2309830000.0,,1339018000.0,970812000.0,,1.722,-22738000.0,522185000.0,522185000.0,40860000.0,47665000.0,3.783,0.207,0.0,0.0,0.0,0.0,152404000.0,18680000.0,0.0,0.0,0.0,95330000.0,114010000.0,0.386,114010000.0,95330000.0,95330000.0,0.045,0.04,0.045,1914029000.0,,1914029000.0,49545043545.0,132.0,113.856,150689000.0,0.136,1.0,254688000.0,0.862,0.0,0.0,1433721000.0,,0.0,1328410000.0,715338000.0,613072000.0,395801000.0,353924000.0,41877000.0,49989666545.0,60849000.0,0.0,121560000.0,0.0,0.0,121560000.0,-232507000.0,-209769000.0,173427000.0,-1631000.0,47665000.0,47665000.0,47665000.0,0.0,0.0,0.161,186929000.0,67759000.0,19293000.0,0.0,26.118,242.246,233.333,98098000.0,0.0,45.5,49.867,50.455,74496000.0,140299000.0,295548000.0,295548000.0,30060000.0,,,,,40718000.0,129081000.0,1.0,1098673990.0,1111614000,1225942000.0,0.266,2309830000.0,0.0,47665000.0,0.0,2.078,985094000.0
67,YHOO,MRQ,2000-06-30,2000-06-30,2000-06-30,2021-08-25,61787000.0,2037987000.0,,1136577000.0,901410000.0,,1.578,-27246000.0,444623000.0,444623000.0,40100000.0,53331000.0,4.22,0.179,0.0,0.0,0.0,0.0,125523000.0,16057000.0,0.0,0.0,0.0,95601000.0,111658000.0,0.409,111658000.0,95601000.0,95601000.0,0.05,0.045,0.05,1728956000.0,,1728956000.0,66973757758.0,216.0,184.629,100285000.0,0.092,1.0,232850000.0,0.853,0.0,0.0,1324061000.0,,0.0,1203304000.0,599587000.0,603717000.0,309031000.0,269303000.0,39728000.0,67310391758.0,89587000.0,0.0,76658000.0,0.0,0.0,76658000.0,-114692000.0,-87446000.0,127531000.0,90000.0,53331000.0,53331000.0,53331000.0,0.0,0.0,0.195,153932000.0,78918000.0,16446000.0,0.0,38.931,396.487,387.188,78984000.0,0.0,61.95,78.017,78.687,67650000.0,129303000.0,272950000.0,272950000.0,26966000.0,,,,,37189000.0,122211000.0,1.0,1086527712.0,1095858000,1227230000.0,0.249,2037987000.0,0.0,42270000.0,0.0,1.86,867274000.0
68,YHOO,MRQ,2000-03-31,2000-03-31,2000-03-31,2021-08-25,109183000.0,1893033000.0,,1072008000.0,821025000.0,,1.503,-15801000.0,336634000.0,336634000.0,35145000.0,67599000.0,4.568,0.168,0.0,0.0,0.0,0.0,114899000.0,14458000.0,0.0,0.0,0.0,118806000.0,133264000.0,0.577,133264000.0,118806000.0,118806000.0,0.065,0.055,0.065,1620812000.0,,1620812000.0,91737660014.0,472.0,379.555,114010000.0,0.106,1.0,195662000.0,0.848,0.0,0.0,1321715000.0,,0.0,1207172000.0,655304000.0,551868000.0,272221000.0,234684000.0,37537000.0,91971611014.0,94613000.0,0.0,124682000.0,0.0,0.0,127682000.0,-162311000.0,-146510000.0,129811000.0,-569000.0,67599000.0,67599000.0,67599000.0,0.0,0.0,0.293,131981000.0,63681000.0,14521000.0,0.0,56.744,791.678,779.091,64391000.0,0.0,85.7,128.025,128.605,59719000.0,63844000.0,230807000.0,230807000.0,27112000.0,,,,,47627000.0,100392000.0,1.0,1073180992.0,1078040000,1233214000.0,0.214,1893033000.0,0.0,51207000.0,0.0,1.756,837324000.0
69,YHOO,MRQ,1999-12-31,1999-12-31,1999-12-31,2021-08-25,128671000.0,1520129000.0,,991466000.0,528663000.0,,1.183,-20166000.0,277136000.0,277136000.0,20538000.0,37764000.0,5.089,0.214,0.0,0.0,0.0,0.0,90790000.0,10572000.0,0.0,0.0,0.0,65653000.0,76225000.0,0.375,76225000.0,65653000.0,65653000.0,0.035,0.03,0.035,1251732000.0,,1251732000.0,113762530185.0,1360.0,900.847,67489000.0,0.064,1.0,182610000.0,0.899,0.0,0.0,1048180000.0,,0.0,978131000.0,638508000.0,339623000.0,268397000.0,194813000.0,73584000.0,113904072185.0,133613000.0,0.0,155509000.0,0.0,0.0,159640000.0,-113707000.0,-93541000.0,87655000.0,25000.0,37764000.0,37764000.0,37764000.0,0.0,0.0,0.186,127000000.0,55610000.0,14341000.0,0.0,90.997,2382.382,2403.889,60798000.0,0.0,108.175,192.475,188.73,56454000.0,-25842000.0,203148000.0,203148000.0,25250000.0,,,,,24718000.0,89053000.0,1.0,1052961148.0,1058454000,1218268000.0,0.192,1520129000.0,0.0,27889000.0,0.0,1.436,796653000.0
70,YHOO,MRQ,1999-09-30,1999-09-30,1999-09-30,2021-08-25,22473000.0,1055096000.0,,734234000.0,320862000.0,,0.853,-11821000.0,141542000.0,141542000.0,26250000.0,11073000.0,4.655,0.191,0.0,0.0,0.0,0.0,72365000.0,11697000.0,0.0,0.0,0.0,29904000.0,41601000.0,0.267,41601000.0,29904000.0,29904000.0,0.01,0.01,0.01,886006000.0,,886006000.0,46305394904.0,1394.0,643.577,55911000.0,0.054,1.0,129613000.0,0.832,0.0,0.0,755833000.0,,0.0,704996000.0,534770000.0,170226000.0,169090000.0,157721000.0,11369000.0,46489521904.0,-92219000.0,-44817000.0,63839000.0,0.0,0.0,63398000.0,-223119000.0,-166481000.0,67732000.0,-230000.0,11073000.0,11073000.0,11073000.0,0.0,0.0,0.071,109159000.0,20454000.0,11225000.0,0.0,52.471,3003.393,2991.667,44529000.0,0.0,44.875,96.93,97.189,43886000.0,-56291000.0,155863000.0,155863000.0,17624000.0,,,,,7484000.0,65933000.0,1.0,1035978204.0,1038742000,1190884000.0,0.15,1055096000.0,0.0,18831000.0,0.0,1.016,576513000.0
71,YHOO,MRQ,1999-06-30,1999-06-30,1999-06-30,2021-08-25,78165000.0,951121000.0,,597950000.0,353171000.0,,0.795,-8831000.0,184127000.0,184127000.0,25335000.0,-263000.0,4.655,0.168,0.0,0.0,0.0,0.0,63932000.0,10619000.0,0.0,0.0,0.0,-20011000.0,-9392000.0,-0.073,-9392000.0,-20011000.0,-20011000.0,0.0,0.0,0.0,813973000.0,,813973000.0,35037979055.0,2672.0,751.146,5450000.0,0.005,1.0,103234000.0,0.803,0.0,0.0,638547000.0,,0.0,586642000.0,366802000.0,219840000.0,137148000.0,128447000.0,8701000.0,35213442055.0,-38075000.0,0.0,33797000.0,0.0,0.0,33199000.0,-85553000.0,-76722000.0,14281000.0,-2000.0,-263000.0,-263000.0,-263000.0,0.0,0.0,-0.002,130956000.0,-27722000.0,9601000.0,,43.261,4068.566,4307.5,34230000.0,0.0,43.075,90.28,113.045,34052000.0,-55216000.0,128569000.0,128569000.0,14594000.0,,,,,-10467000.0,56778000.0,1.0,817491400.0,1023624000,1023624000.0,0.126,951121000.0,0.0,-19748000.0,0.0,0.929,469503000.0
72,YHOO,MRQ,1999-03-31,1999-03-31,1999-03-31,2021-08-25,77319000.0,791679000.0,,472321000.0,319358000.0,,0.678,-11608000.0,184463000.0,184463000.0,20773000.0,1796000.0,4.626,0.158,9000000.0,9000000.0,0.0,9000000.0,45498000.0,9773000.0,0.0,0.0,0.0,12304000.0,22077000.0,0.213,22077000.0,12304000.0,12304000.0,0.0,0.0,0.0,683569000.0,,683569000.0,33640568970.0,1534.0,711.684,23220000.0,0.023,1.0,83105000.0,0.8,0.0,0.0,514122000.0,,0.0,470381000.0,251858000.0,218523000.0,108110000.0,102094000.0,6016000.0,33766042970.0,33581000.0,0.0,27910000.0,0.0,0.0,27910000.0,-29116000.0,-17508000.0,34828000.0,-41000.0,1796000.0,1796000.0,1796000.0,0.0,0.0,0.017,78599000.0,4506000.0,9519000.0,,49.397,-5695.065,-4210.0,19925000.0,0.0,42.1,110.193,138.503,26876000.0,7993000.0,103878000.0,103878000.0,13988000.0,,,,,10467000.0,51171000.0,1.0,802043776.0,1008096000,1189852000.0,0.103,791679000.0,0.0,10508000.0,0.0,0.785,370227000.0
73,YHOO,MRQ,1998-12-31,1998-12-31,1998-12-31,2021-08-25,858000.0,781019000.0,,617732000.0,163287000.0,,0.69,-10567000.0,230961000.0,230961000.0,17536000.0,2873000.0,6.439,0.154,0.0,0.0,0.0,0.0,39796000.0,6646000.0,0.0,0.0,0.0,11018000.0,17664000.0,0.193,17664000.0,11018000.0,11018000.0,0.005,0.005,0.005,677012000.0,,677012000.0,23217980677.0,5547.0,1123.27,22316000.0,0.023,1.0,73773000.0,0.808,0.0,0.0,454129000.0,,0.0,397753000.0,341822000.0,55931000.0,104007000.0,95929000.0,8078000.0,23379847677.0,-68675000.0,-9008000.0,23426000.0,0.0,0.0,21729000.0,-123459000.0,-103884000.0,32883000.0,172000.0,2873000.0,2873000.0,2873000.0,0.0,0.0,0.031,70322000.0,3451000.0,9986000.0,0.0,34.534,-1713.939,-1974.167,31007000.0,0.0,29.613,95.377,106.338,34089000.0,-71861000.0,91309000.0,91309000.0,11014000.0,,,,,7760000.0,51941000.0,1.0,789526304.0,981020000,981020000.0,0.093,781019000.0,0.0,8145000.0,0.0,0.796,521803000.0
74,YHOO,MRQ,1998-09-30,1998-09-30,1998-09-30,2021-08-25,11575000.0,530126000.0,,412091000.0,118035000.0,,0.5,-6517000.0,161867000.0,161867000.0,14115000.0,4249000.0,7.087,0.14,0.0,0.0,0.0,0.0,28614000.0,6497000.0,0.0,0.0,0.0,9800000.0,16297000.0,0.246,16297000.0,9800000.0,9800000.0,0.005,0.003,0.005,465027000.0,,465027000.0,12042686040.0,-640.0,-2032.178,21320000.0,0.023,1.0,52175000.0,0.787,0.0,0.0,310111000.0,,0.0,288584000.0,226710000.0,61874000.0,65099000.0,58148000.0,6951000.0,12131964040.0,194103000.0,0.0,413798000.0,0.0,0.0,387856000.0,-221606000.0,-215089000.0,27837000.0,16000.0,4249000.0,4249000.0,4249000.0,0.0,0.0,0.064,49050000.0,3125000.0,6967000.0,0.0,26.089,-417.006,-476.103,10766000.0,0.0,16.188,66.065,81.946,19840000.0,-17345000.0,66290000.0,66290000.0,8628000.0,,,,,9463000.0,39217000.0,1.0,749464960.0,929616000,1119368000.0,0.071,530126000.0,0.0,5551000.0,0.0,0.57,353943000.0
75,YHOO,MRQ,1998-06-30,1998-06-30,1998-06-30,2021-08-25,-346000.0,226129000.0,,164136000.0,61993000.0,,0.241,-4191000.0,89278000.0,89278000.0,8191000.0,-14248000.0,3.728,0.291,0.0,0.0,0.0,0.0,18533000.0,2419000.0,0.0,0.0,0.0,-11188000.0,-8769000.0,-0.195,-8769000.0,-11188000.0,-11188000.0,-0.02,-0.02,-0.02,175145000.0,,175145000.0,7245176675.0,-259.0,-348.192,2611000.0,0.004,1.0,36757000.0,0.818,0.0,0.0,92828000.0,,0.0,60822000.0,53852000.0,6970000.0,50984000.0,44023000.0,6961000.0,7290153675.0,41142000.0,0.0,10646000.0,0.0,0.0,36109000.0,-1801000.0,2390000.0,6802000.0,32000.0,-14248000.0,-14847000.0,-14847000.0,0.0,0.0,-0.33,50213000.0,-13456000.0,6000000.0,0.0,41.624,-223.207,-266.047,8987000.0,599000.0,9.844,53.81,52.707,16795000.0,-31166000.0,44948000.0,44948000.0,6437000.0,,,,,447000.0,28486000.0,1.0,740587040.0,725408000,725408000.0,0.062,226129000.0,0.0,3060000.0,0.0,0.312,120113000.0
76,YHOO,MRQ,1998-03-31,1998-03-31,1998-03-31,2021-08-25,-378000.0,160405000.0,,134639000.0,25766000.0,,0.184,-1740000.0,44977000.0,44977000.0,4294000.0,3270000.0,4.05,0.266,0.0,0.0,0.0,0.0,10102000.0,922000.0,0.0,0.0,0.0,4341000.0,5263000.0,0.172,5263000.0,4341000.0,4341000.0,0.005,0.005,0.005,126686000.0,,126686000.0,4173977586.0,-109.0,-126.163,12120000.0,0.018,1.0,26302000.0,0.86,0.0,0.0,82182000.0,,0.0,82431000.0,71920000.0,10511000.0,33719000.0,33246000.0,473000.0,4236515586.0,-18441000.0,0.0,4467000.0,0.0,0.0,4467000.0,-36833000.0,-35093000.0,13860000.0,65000.0,3270000.0,3270000.0,3270000.0,0.0,0.0,0.107,23644000.0,2658000.0,5312000.0,0.0,33.441,-107.619,-117.908,8007000.0,0.0,5.777,40.487,38.115,12978000.0,-23686000.0,30596000.0,30596000.0,4764000.0,,,,,157000.0,18880000.0,1.0,733278336.0,690312000,855464000.0,0.044,160405000.0,0.0,1071000.0,0.0,0.232,101393000.0
77,YHOO,MRQ,1997-12-31,1997-12-31,1997-12-31,2021-08-25,-443000.0,143512000.0,,108488000.0,35024000.0,,0.151,-6780000.0,63571000.0,63571000.0,13739000.0,-21765000.0,4.439,0.213,0.0,0.0,0.0,0.0,5085000.0,3048000.0,0.0,0.0,0.0,-21765000.0,-18717000.0,-0.448,-18717000.0,-21765000.0,-21765000.0,-0.024,-0.024,-0.024,118358000.0,,118358000.0,2928906596.0,-68.0,-75.62,-18671000.0,-0.024,1.0,28063000.0,0.671,0.0,0.0,55503000.0,,0.0,44474000.0,27772000.0,16702000.0,25154000.0,24438000.0,716000.0,2984660596.0,30294000.0,-2294000.0,47833000.0,-1297000.0,0.0,47038000.0,-4536000.0,4538000.0,-11891000.0,-317000.0,-21765000.0,-21765000.0,-21765000.0,0.0,0.0,-0.521,50978000.0,-22915000.0,6668000.0,0.0,25.217,-68.809,-78.693,7364000.0,0.0,4.328,35.486,40.297,11163000.0,-32963000.0,41802000.0,41802000.0,9086000.0,,,,,-333000.0,38042000.0,1.0,689596672.0,783084000,783084000.0,0.053,143512000.0,0.0,0.0,0.0,0.183,84050000.0
78,YHOO,MRQ,1997-09-30,1997-09-30,1997-09-30,2021-08-25,0.0,125754000.0,,114023000.0,11731000.0,,0.155,-1755000.0,55754000.0,55754000.0,2388000.0,681000.0,7.644,0.143,0.0,0.0,0.0,0.0,4332000.0,734000.0,0.0,0.0,0.0,681000.0,1415000.0,0.078,1415000.0,681000.0,681000.0,0.001,0.001,0.001,110028000.0,,110028000.0,2088785018.0,-82.0,-87.712,1304000.0,0.002,1.0,15746000.0,0.868,0.0,0.0,55083000.0,,0.0,47979000.0,42748000.0,5231000.0,15726000.0,14917000.0,809000.0,2150372018.0,-5912000.0,0.0,2063000.0,146000.0,0.0,2605000.0,-11537000.0,-9782000.0,3059000.0,-39000.0,681000.0,681000.0,681000.0,0.0,0.0,0.038,16449000.0,-703000.0,2627000.0,0.0,19.544,-83.973,-84.679,4214000.0,0.0,3.133,40.364,41.618,8331000.0,-21665000.0,18134000.0,18134000.0,2920000.0,,,,,160000.0,13529000.0,1.0,686334576.0,707648000,827568000.0,0.026,125754000.0,0.0,0.0,0.0,0.178,99106000.0
79,YHOO,MRQ,1997-06-30,1997-06-30,1997-06-30,2021-08-25,0.0,115731000.0,,109483000.0,6248000.0,,0.152,-883000.0,61587000.0,61587000.0,2318000.0,-21552000.0,10.83,0.103,0.0,0.0,0.0,0.0,1752000.0,507000.0,0.0,0.0,0.0,-21552000.0,-21045000.0,-1.492,-21045000.0,-21552000.0,-21552000.0,-0.031,-0.031,-0.031,104962000.0,,104962000.0,945966649.0,-34.0,-36.158,1243000.0,0.002,1.0,11789000.0,0.836,0.0,0.0,44035000.0,,0.0,38147000.0,37268000.0,879000.0,10769000.0,10109000.0,660000.0,979130649.0,28360000.0,0.0,1406000.0,630000.0,0.0,2636000.0,23588000.0,24471000.0,2126000.0,10000.0,-21552000.0,-21552000.0,-21552000.0,0.0,0.0,-1.528,34750000.0,-22961000.0,1852000.0,0.0,9.328,-35.69,-36.719,3286000.0,0.0,1.469,24.084,24.94,6716000.0,-23302000.0,14107000.0,14107000.0,2444000.0,,,,,99000.0,11061000.0,1.0,666642144.0,690336000,690336000.0,0.02,115731000.0,0.0,0.0,0.0,0.168,99374000.0
80,YHOO,MRQ,1997-03-31,1997-03-31,1997-03-31,2021-08-25,0.0,110704000.0,,99375000.0,11329000.0,,0.152,-1406000.0,33164000.0,33164000.0,1437000.0,-740000.0,13.436,0.075,0.0,0.0,0.0,0.0,1201000.0,355000.0,0.0,0.0,0.0,-740000.0,-385000.0,-0.038,-385000.0,-740000.0,-740000.0,-0.001,-0.001,-0.001,103000000.0,,103000000.0,734333864.0,-101.0,-115.625,-9439000.0,-0.014,1.0,8628000.0,0.857,0.0,0.0,70144000.0,,0.0,62518000.0,56610000.0,5908000.0,7704000.0,7396000.0,308000.0,766198864.0,453000.0,0.0,707000.0,521000.0,0.0,1228000.0,7292000.0,8698000.0,-8033000.0,-34000.0,-740000.0,-740000.0,-740000.0,0.0,0.0,-0.074,10961000.0,-2333000.0,2097000.0,0.0,7.439,-105.712,-106.553,2817000.0,0.0,1.172,25.692,26.557,4896000.0,-2758000.0,10065000.0,10065000.0,2249000.0,,,,,74000.0,8712000.0,1.0,653706816.0,675696000,675696000.0,0.015,110704000.0,0.0,0.0,0.0,0.164,91979000.0
81,YHOO,MRQ,1996-12-31,1996-12-31,1996-12-31,2021-08-25,-63000.0,112968000.0,,99702000.0,13266000.0,,0.166,-1683000.0,33547000.0,33547000.0,2997000.0,-3997000.0,12.081,0.084,0.0,0.0,0.0,0.0,1347000.0,198000.0,0.0,0.0,0.0,-3997000.0,-3799000.0,-0.346,-3799000.0,-3997000.0,-3997000.0,-0.006,-0.006,-0.006,104205000.0,,104205000.0,423118077.0,-66.0,-73.103,-2962000.0,-0.005,1.0,7971000.0,0.727,0.0,0.0,71168000.0,,0.0,71166000.0,60689000.0,10477000.0,8763000.0,8253000.0,510000.0,450826077.0,6110000.0,729000.0,-56285000.0,128000.0,0.0,8065000.0,-613000.0,341000.0,-1279000.0,-63000.0,-3997000.0,-3997000.0,-3997000.0,0.0,0.0,-0.364,13886000.0,-5915000.0,2188000.0,0.0,4.326,-70.146,-70.833,2789000.0,0.0,0.708,20.978,20.739,5082000.0,-5084000.0,10968000.0,10968000.0,2971000.0,,,,,197000.0,10915000.0,1.0,636460344.0,629200000,629200000.0,0.017,112968000.0,0.0,0.0,0.0,0.18,91449000.0
82,YHOO,MRQ,1996-09-30,1996-09-30,1996-09-30,2021-08-25,0.0,106887000.0,,90207000.0,16680000.0,,0.16,-1116000.0,27708000.0,27708000.0,1038000.0,-1145000.0,19.205,0.049,0.0,0.0,0.0,0.0,279000.0,212000.0,0.0,0.0,0.0,-1145000.0,-933000.0,-0.169,-933000.0,-1145000.0,-1145000.0,-0.002,-0.002,-0.002,101906000.0,,101906000.0,452438025.0,-181.0,-224.758,-1100000.0,-0.002,1.0,4477000.0,0.812,0.0,0.0,74482000.0,,0.0,73806000.0,58747000.0,15059000.0,4981000.0,4697000.0,284000.0,515392025.0,-35246000.0,-729000.0,-16000.0,0.0,0.0,434000.0,-35696000.0,-33851000.0,16000.0,0.0,-1145000.0,-1145000.0,-1145000.0,0.0,0.0,-0.208,7050000.0,-2573000.0,1374000.0,0.0,5.058,-205.91,-163.542,1621000.0,0.0,0.818,44.262,44.67,3101000.0,-3064000.0,5515000.0,5515000.0,1362000.0,,,,,0.0,5688000.0,1.0,630288336.0,636096000,636096000.0,0.009,106887000.0,0.0,0.0,0.0,0.168,85510000.0
83,YHOO,MRQ,1996-06-30,1996-06-30,1996-06-30,2021-08-25,0.0,105768000.0,,90115000.0,15653000.0,,0.162,-319000.0,62954000.0,62954000.0,520000.0,-1366000.0,32.889,0.027,0.0,0.0,0.0,0.0,401000.0,132000.0,0.0,0.0,0.0,-1366000.0,-1234000.0,-0.377,-1234000.0,-1366000.0,-1366000.0,-0.002,-0.002,-0.002,103028000.0,,103028000.0,,,,-1667000.0,-0.003,1.0,2754000.0,0.841,0.0,0.0,40074000.0,,0.0,39226000.0,24252000.0,14974000.0,2740000.0,2740000.0,0.0,761598406.0,30204000.0,0.0,35035000.0,0.0,0.0,35035000.0,-3483000.0,-3164000.0,-1348000.0,0.0,-1366000.0,-1366000.0,-1366000.0,0.0,0.0,-0.417,5089000.0,-2335000.0,470000.0,0.0,7.392,-440.485,-302.083,679000.0,0.0,1.208,118.684,119.561,1999000.0,-1919000.0,3274000.0,3274000.0,1037000.0,,,,,0.0,4052000.0,1.0,630288336.0,634944000,634944000.0,0.005,105768000.0,0.0,0.0,0.0,0.167,87375000.0
84,YHOO,MRQ,1996-03-31,1996-03-31,1996-03-31,2021-08-25,,,,,,,,-324000.0,,,167000.0,81000.0,,,,,,,,97000.0,,,0.0,81000.0,178000.0,0.103,178000.0,81000.0,81000.0,0.0,0.0,0.0,,,,,,,-107000.0,0.0,1.0,1566000.0,0.904,,0.0,,,,,,,,,,,27453000.0,0.0,63750000.0,-128000.0,0.0,63622000.0,-36386000.0,-36062000.0,217000.0,0.0,81000.0,81000.0,81000.0,0.0,0.0,0.047,1677000.0,-111000.0,,,,,,,0.0,,,,,,1733000.0,1733000.0,330000.0,,,,,0.0,1347000.0,1.0,,664584000,664584000.0,0.003,,,0.0,,,
85,YHOO,MRQ,1995-12-31,1995-12-31,1995-12-31,2021-08-25,0.0,6298000.0,,6112000.0,186000.0,,0.012,-77000.0,5297000.0,5297000.0,127000.0,-73000.0,7.208,0.156,0.0,0.0,0.0,0.0,174000.0,49000.0,0.0,,0.0,-73000.0,-24000.0,-0.021,-24000.0,-73000.0,-73000.0,-0.001,-0.001,-0.001,5450000.0,,5450000.0,,,,-157000.0,0.0,1.0,995000.0,0.887,0.0,0.0,153000.0,,0.0,0.0,0.0,0.0,848000.0,848000.0,0.0,,5263000.0,0.0,-183000.0,0.0,0.0,5812000.0,-469000.0,-392000.0,-80000.0,0.0,-73000.0,-73000.0,-73000.0,0.0,0.0,-0.065,1132000.0,-137000.0,154000.0,0.0,,,,186000.0,0.0,,,,815000.0,-634000.0,1122000.0,1122000.0,219000.0,,,,,0.0,913000.0,1.0,,436912000,436912000.0,0.003,6298000.0,0.0,0.0,0.0,0.014,5264000.0
86,YHOO,MRQ,1995-09-30,1995-09-30,1995-09-30,2021-08-25,,,,,,,,-47000.0,,,45000.0,-371000.0,,,,,,,,18000.0,,,0.0,-371000.0,-353000.0,-1.226,-353000.0,-371000.0,-371000.0,-0.001,-0.001,-0.001,,,,,,,-408000.0,-0.001,1.0,243000.0,0.844,,0.0,,,,,,,,,,,-408000.0,0.0,0.0,0.0,0.0,0.0,-47000.0,0.0,-361000.0,0.0,-371000.0,-371000.0,-371000.0,0.0,0.0,-1.288,618000.0,-375000.0,,0.0,,,,,0.0,,,,,,288000.0,288000.0,66000.0,,,,,0.0,552000.0,1.0,,540984000,540984000.0,0.001,,,0.0,,,
87,YHOO,MRQ,1995-06-30,1995-06-30,1995-06-30,2021-08-25,,,,,,,,,,,26000.0,-355000.0,,,,,,,,,,,0.0,-355000.0,,,,-355000.0,-355000.0,-0.001,-0.001,-0.001,,,,,,,,,1.0,-26000.0,,,0.0,,,,,,,,,,,,,,,,,,,,,-355000.0,-355000.0,-355000.0,0.0,0.0,,340000.0,-366000.0,,0.0,,,,,0.0,,,,,,0.0,0.0,18000.0,,,,,,322000.0,1.0,,540984000,540984000.0,0.0,,,0.0,,,
0,YHOO,MRT,2017-03-31,2017-03-31,2017-03-31,2021-08-25,22612258000.0,55368726000.0,50584431500.0,8027724000.0,47341002000.0,0.107,37.072,26567000.0,1328913000.0,1328913000.0,2958820000.0,-11233000.0,6.874,0.562,1317112000.0,0.0,1317112000.0,1317112000.0,146212000.0,482989000.0,0.0,0.0,0.0,-133294000.0,349695000.0,0.065,349695000.0,-133294000.0,-133294000.0,-0.02,-0.02,-0.02,35435717000.0,32421291500.0,35435717000.0,44571047741.0,-334.0,127.457,1124117000.0,1.176,1.0,2450433000.0,0.453,572887000.0,0.0,53616127000.0,48728814750.0,0.0,50893274000.0,5582149000.0,45311125000.0,19901533000.0,1167911000.0,18733622000.0,44390571741.0,-150691000.0,0.0,15858000.0,0.0,0.0,-231941000.0,-1031328000.0,-1057028000.0,1097550000.0,15028000.0,-15655000.0,-15655000.0,-15655000.0,0.0,4422000.0,-0.003,2987024000.0,-536591000.0,180368000.0,0.0,1.253,-2835.552,-2320.5,1177723000.0,0.0,46.41,8.206,8.201,940311000.0,4560905000.0,5409253000.0,5409253000.0,1029653000.0,0.0,0.0,-0.003,-0.025,486854000.0,1506948000.0,1.0,956487217.0,955859000,963169000.0,5.659,54795839000.0,0.0,-117639000.0,17282815000.0,57.326,6859813000.0
1,YHOO,MRT,2016-12-31,2016-12-31,2016-12-31,2021-08-25,18477893000.0,48083079000.0,47781807250.0,8126160000.0,39956919000.0,0.108,32.689,10678000.0,1119469000.0,1119469000.0,2718894000.0,-209463000.0,6.312,0.547,1299945000.0,0.0,1299945000.0,1299945000.0,148811000.0,507555000.0,0.0,0.0,0.0,-340549000.0,167006000.0,0.032,167006000.0,-340549000.0,-340549000.0,-0.23,-0.23,-0.23,31049283000.0,30681949000.0,31049283000.0,36767687719.0,-108.0,220.158,1259541000.0,1.326,1.0,2450241000.0,0.474,577453000.0,0.0,46398678000.0,45734323000.0,0.0,43664395000.0,5700925000.0,37963470000.0,16999003000.0,1287424000.0,15711579000.0,36895993719.0,-512442000.0,0.0,17517000.0,0.0,0.0,-193682000.0,-1574265000.0,-1584237000.0,1248863000.0,6642000.0,-214321000.0,-214321000.0,-214321000.0,0.0,4858000.0,-0.041,3095299000.0,-645058000.0,171520000.0,0.0,1.188,-172.153,-168.13,1209937000.0,0.0,38.67,7.138,7.106,1084267000.0,4353958000.0,5169135000.0,5169135000.0,1055462000.0,-0.004,-0.007,-0.007,-0.066,487525000.0,1532229000.0,1.0,954124482.0,949843000,949843000.0,5.442,47505626000.0,0.0,-126228000.0,14276454000.0,50.014,6838736000.0
2,YHOO,MRT,2016-09-30,2016-09-30,2016-09-30,2021-08-25,22515470000.0,54671626000.0,47062029000.0,7790956000.0,46880670000.0,0.106,36.615,-74130000.0,1411308000.0,1411308000.0,2535386000.0,-4805597000.0,6.142,0.568,1283002000.0,0.0,1283002000.0,1283002000.0,152600000.0,540343000.0,0.0,0.0,0.0,-4950027000.0,-4409684000.0,-0.887,-4409684000.0,-4950027000.0,-4950027000.0,-5.11,-5.11,-5.11,34836272000.0,30180512500.0,34836272000.0,40962704500.0,-8.0,-9.289,1051764000.0,1.105,1.0,2438002000.0,0.49,619607000.0,0.0,52655273000.0,44727847750.0,0.0,49958358000.0,5189207000.0,44769151000.0,19802470000.0,1268440000.0,18534030000.0,41021829500.0,130148000.0,-1063000.0,22345000.0,0.0,0.0,-170230000.0,-869622000.0,-793670000.0,1125894000.0,44106000.0,-4811306000.0,-4811306000.0,-4811306000.0,0.0,5709000.0,-0.967,7677245000.0,-5239243000.0,168148000.0,0.0,1.178,-8.526,-8.434,1273327000.0,0.0,43.1,8.248,8.245,945659000.0,4192467000.0,4973388000.0,4973388000.0,1074171000.0,-0.102,-0.159,-0.111,-0.995,466013000.0,1603691000.0,1.0,951782587.0,951421000,957304000.0,5.227,54052019000.0,0.0,-138721000.0,17112136000.0,56.812,6522516000.0
3,YHOO,MRT,2016-06-30,2016-06-30,2016-06-30,2021-08-25,16263996000.0,44214295000.0,43677872250.0,7597001000.0,36617294000.0,0.112,29.906,-182541000.0,1325404000.0,1325404000.0,2358503000.0,-4890761000.0,5.951,0.558,1266279000.0,0.0,1266279000.0,1266279000.0,155583000.0,577287000.0,0.0,0.0,0.0,-5024287000.0,-4447000000.0,-0.909,-4447000000.0,-5024287000.0,-5024287000.0,-5.2,-5.2,-5.2,28363894000.0,28532932000.0,28363894000.0,35417186452.0,-7.0,-7.964,862722000.0,0.91,1.0,2535352000.0,0.518,633482000.0,0.0,42245181000.0,40078689250.0,0.0,39468130000.0,5055683000.0,34412447000.0,15817991000.0,1276507000.0,14541484000.0,35647015452.0,137235000.0,-154402000.0,23277000.0,0.0,0.0,-130748000.0,-788047000.0,-459343000.0,1045263000.0,10767000.0,-4897871000.0,-4897871000.0,-4897871000.0,0.0,7110000.0,-1.001,7808588000.0,-5273236000.0,171621000.0,0.0,1.257,-7.278,-7.223,1326242000.0,0.0,37.56,7.284,7.279,991185000.0,4030249000.0,4893855000.0,4893855000.0,1102812000.0,-0.112,-0.172,-0.125,-1.027,444242000.0,1640616000.0,1.0,949068569.0,948432000,948432000.0,5.16,43580813000.0,0.0,-126416000.0,13115822000.0,45.95,6320494000.0
4,YHOO,MRT,2016-03-31,2016-03-31,2016-03-31,2021-08-25,16029245000.0,44158229000.0,45172252500.0,7224224000.0,36934005000.0,0.107,30.113,-507633000.0,1479604000.0,1479604000.0,2119696000.0,-4471570000.0,6.238,0.549,1249775000.0,0.0,1249775000.0,1249775000.0,170339000.0,597739000.0,0.0,0.0,0.0,-4562976000.0,-3965237000.0,-0.821,-3965237000.0,-4562976000.0,-4562976000.0,-4.76,-4.76,-4.76,28478347000.0,29825109000.0,28478347000.0,34453707045.0,-8.0,-8.689,435652000.0,0.461,1.0,2709787000.0,0.561,1132230000.0,0.0,41638160000.0,40327316250.0,0.0,38541204000.0,4497046000.0,34044158000.0,15643057000.0,1158010000.0,14485047000.0,34852133045.0,304947000.0,-152620000.0,27695000.0,0.0,0.0,-178643000.0,-465877000.0,188880000.0,943285000.0,6182000.0,-4479512000.0,-4479512000.0,-4479512000.0,0.0,7942000.0,-0.928,7538141000.0,-4828354000.0,187862000.0,0.0,1.224,-7.78,-7.733,1496510000.0,0.0,36.81,7.217,7.208,878135000.0,4470747000.0,4829483000.0,4829483000.0,1129205000.0,-0.099,-0.15,-0.113,-0.945,438999000.0,1711136000.0,1.0,946811547.0,945719000,945719000.0,5.107,43025999000.0,0.0,-83464000.0,13080233000.0,45.496,6066214000.0
5,YHOO,MRT,2015-12-31,2015-12-31,2015-12-31,2021-08-25,16576031000.0,45203966000.0,46755621750.0,7507319000.0,37696647000.0,0.106,30.926,-542987000.0,1631911000.0,1631911000.0,2077748000.0,-4351107000.0,5.877,0.555,1233485000.0,0.0,1233485000.0,1233485000.0,161832000.0,609613000.0,0.0,0.0,0.0,-4448680000.0,-3839067000.0,-0.773,-3839067000.0,-4448680000.0,-4448680000.0,-4.64,-4.64,-4.64,29043537000.0,31120246250.0,29043537000.0,31345500089.0,-7.0,-8.165,-2926409000.0,-3.116,1.0,2890553000.0,0.582,1155383000.0,0.0,42372777000.0,40798374000.0,0.0,38876663000.0,4225112000.0,34651551000.0,16124546000.0,1277380000.0,14847166000.0,31409252089.0,-1032187000.0,-175693000.0,-144641000.0,0.0,0.0,-377258000.0,1752112000.0,2446759000.0,-2383422000.0,-23619000.0,-4359082000.0,-4359082000.0,-4359082000.0,0.0,7975000.0,-0.877,7639047000.0,-4748494000.0,208691000.0,0.0,1.081,-7.205,-7.168,1547323000.0,0.0,33.26,6.322,6.287,1047504000.0,4570807000.0,4968301000.0,4968301000.0,1177923000.0,-0.093,-0.14,-0.109,-0.895,443305000.0,1768522000.0,1.0,944355144.0,939141000,939141000.0,5.29,44048583000.0,0.0,-89598000.0,13467191000.0,46.903,6229939000.0
6,YHOO,MRT,2015-09-30,2015-09-30,2015-09-30,2021-08-25,11434453000.0,41134999000.0,50881464250.0,7596073000.0,33538926000.0,0.097,30.023,-508624000.0,1281160000.0,1281160000.0,1852063000.0,250401000.0,5.632,0.455,1217408000.0,0.0,1217408000.0,1217408000.0,165174000.0,610660000.0,0.0,0.0,0.0,218976000.0,829636000.0,0.168,829636000.0,218976000.0,218976000.0,0.34,0.35,0.34,28245950000.0,33544821250.0,28245950000.0,27228980242.0,124.0,32.82,-2893653000.0,-3.076,1.0,3095917000.0,0.626,5663775000.0,0.0,34058639000.0,42723996250.0,0.0,30492857000.0,4600889000.0,25891968000.0,12855926000.0,1348833000.0,11507093000.0,27215609242.0,-9064125000.0,-719829000.0,-1704008000.0,0.0,0.0,-1939762000.0,-4688976000.0,-3511400000.0,-2385029000.0,-50358000.0,242249000.0,242249000.0,242249000.0,0.0,8152000.0,0.049,3282223000.0,-186306000.0,262588000.0,0.0,0.964,112.346,85.029,1590439000.0,0.0,28.91,5.5,5.497,980301000.0,9006514000.0,4947980000.0,4947980000.0,1209747000.0,0.005,0.007,0.005,0.044,445799000.0,1781152000.0,1.0,941390842.0,940822000,946934000.0,5.259,35471224000.0,0.0,-23273000.0,10138583000.0,37.702,6247240000.0
7,YHOO,MRT,2015-06-30,2015-06-30,2015-06-30,2021-08-25,16875339000.0,50191816000.0,54922114250.0,7580932000.0,42610884000.0,0.089,35.765,-470497000.0,1188169000.0,1188169000.0,1672815000.0,6948658000.0,5.389,0.496,1201540000.0,0.0,1201540000.0,1201540000.0,225688000.0,607392000.0,0.0,0.0,0.0,10983427000.0,11590819000.0,2.38,11590819000.0,10983427000.0,10983427000.0,7.08,6.97,7.08,33532602000.0,35661725500.0,33532602000.0,36882635426.0,3.0,3.182,-2703609000.0,-2.884,1.0,3197632000.0,0.657,5558814000.0,0.0,43239689000.0,43864127250.0,0.0,39688186000.0,4636152000.0,35052034000.0,16627966000.0,1406684000.0,15221282000.0,36871412426.0,73583000.0,8546308000.0,-3007723000.0,0.0,0.0,-3239008000.0,5607530000.0,-2573103000.0,-2233112000.0,-61827000.0,6940090000.0,6940090000.0,6940090000.0,0.0,8568000.0,1.425,3255454000.0,-57822000.0,301433000.0,0.0,1.1,5.313,5.549,1524539000.0,0.0,39.29,7.57,7.563,985105000.0,8936682000.0,4870447000.0,4870447000.0,1229519000.0,0.126,0.195,0.25,2.255,445013000.0,1799452000.0,1.0,938442668.0,937569000,937569000.0,5.195,44633002000.0,0.0,4043337000.0,13870162000.0,47.605,6174248000.0
8,YHOO,MRT,2015-03-31,2015-03-31,2015-03-31,2021-08-25,17027988000.0,50491706000.0,46488363500.0,7022647000.0,43469059000.0,0.101,36.009,-422413000.0,1174657000.0,1174657000.0,1516265000.0,7240404000.0,5.022,0.499,1185880000.0,0.0,1185880000.0,1185880000.0,293114000.0,600573000.0,0.0,0.0,0.0,11224336000.0,11824909000.0,2.51,11824909000.0,11224336000.0,11224336000.0,7.37,7.25,7.37,33658896000.0,30451572000.0,33658896000.0,40099041591.0,4.0,3.391,-2606063000.0,-2.788,1.0,3195108000.0,0.678,5582139000.0,0.0,43522391000.0,35650224000.0,0.0,40002519000.0,4109789000.0,35892730000.0,16788080000.0,1398399000.0,15389681000.0,41596534591.0,-23359000.0,8544526000.0,-3652179000.0,0.0,0.0,-3815036000.0,6037333000.0,-2193610000.0,-2183650000.0,-62006000.0,7231351000.0,7231351000.0,7231351000.0,0.0,9053000.0,1.535,3169699000.0,25409000.0,269160000.0,0.0,1.236,5.752,6.029,1483772000.0,0.0,44.435,8.829,8.816,924411000.0,8958235000.0,4711373000.0,4711373000.0,1214869000.0,0.156,0.237,0.315,2.382,422764000.0,1752632000.0,1.0,936120954.0,934748000,947976000.0,5.04,44909567000.0,0.0,3992985000.0,14050747000.0,48.045,5624248000.0
9,YHOO,MRT,2014-12-31,2014-12-31,2014-12-31,2021-08-25,22019628000.0,61707336000.0,38013665750.0,9444421000.0,52262915000.0,0.121,39.22,-395615000.0,2664098000.0,2664098000.0,1387375000.0,7532142000.0,2.092,0.592,1170423000.0,0.0,1170423000.0,1170423000.0,357737000.0,606568000.0,0.0,0.0,0.0,11559833000.0,12166401000.0,2.634,12166401000.0,11559833000.0,11559833000.0,7.61,7.45,7.61,38741837000.0,25263143750.0,38741837000.0,38806678507.0,3.0,3.19,520735000.0,0.527,1.0,3230758000.0,0.7,5623412000.0,0.0,50075266000.0,27354988250.0,0.0,49915671000.0,5327412000.0,44588259000.0,22921744000.0,4514983000.0,18406761000.0,47850723507.0,586508000.0,8545938000.0,-3855198000.0,0.0,0.0,-4022466000.0,3738501000.0,-4500094000.0,916350000.0,-45877000.0,7521731000.0,7521731000.0,7521731000.0,0.0,10411000.0,1.629,3087816000.0,142942000.0,238018000.0,0.0,1.235,6.362,6.637,1487684000.0,0.0,50.51,10.361,10.804,1032704000.0,8934244000.0,4618133000.0,4618133000.0,1156386000.0,0.198,0.298,0.423,2.503,416303000.0,1770710000.0,1.0,947351485.0,987819000,1004108000.0,4.675,56083924000.0,0.0,4038102000.0,20354762000.0,56.776,4929438000.0
10,YHOO,MRT,2014-09-30,2014-09-30,2014-09-30,2021-08-25,18692395000.0,57297599000.0,26788071500.0,12579507000.0,44718092000.0,0.173,36.952,-413088000.0,10345285000.0,10345285000.0,1365451000.0,7714531000.0,2.873,0.56,1301240000.0,0.0,1301240000.0,1301240000.0,434673000.0,601530000.0,0.0,0.0,0.0,11730837000.0,12332367000.0,2.663,12332367000.0,11730837000.0,11730837000.0,7.74,7.58,7.74,36713567000.0,18846411750.0,36713567000.0,40709141361.0,3.0,3.301,730256000.0,0.735,1.0,3265405000.0,0.705,5256430000.0,0.0,38619163000.0,17186218250.0,0.0,38560611000.0,848558000.0,37712053000.0,20543214000.0,4377961000.0,16165253000.0,40530104361.0,9502857000.0,9030822000.0,-2259317000.0,1412344000.0,0.0,-1215617000.0,9600886000.0,848469000.0,1143344000.0,-25756000.0,7703577000.0,7703577000.0,7703577000.0,0.0,10954000.0,1.664,2980399000.0,285006000.0,165890000.0,0.0,1.104,5.261,5.265,1483797000.0,0.0,40.75,8.752,8.743,831393000.0,11622814000.0,4630856000.0,4630856000.0,1076464000.0,0.288,0.409,0.683,2.533,396798000.0,1831811000.0,1.0,994603788.0,993543000,1007693000.0,4.661,52041169000.0,0.0,4027260000.0,18127110000.0,52.379,8201546000.0
11,YHOO,MRT,2014-06-30,2014-06-30,2014-06-30,2021-08-25,223327000.0,16456813000.0,16190109000.0,4157749000.0,12299064000.0,0.285,12.695,-378487000.0,1114586000.0,1114586000.0,1348851000.0,1237132000.0,3.483,0.294,1293623000.0,0.0,1293623000.0,1293623000.0,473856000.0,610630000.0,0.0,0.0,0.0,1311880000.0,1922510000.0,0.416,1922510000.0,1311880000.0,1311880000.0,1.21,1.16,1.21,12691988000.0,12791547750.0,12691988000.0,35405251747.0,27.0,18.416,763725000.0,0.764,1.0,3272838000.0,0.708,5057988000.0,0.0,10384076000.0,9496216750.0,0.0,7224801000.0,1629869000.0,5594932000.0,3726298000.0,1193786000.0,2532512000.0,35369169747.0,-27637000.0,-245048000.0,-2566090000.0,1412344000.0,0.0,-1517173000.0,331478000.0,873782000.0,1142212000.0,15846000.0,1226131000.0,1226131000.0,1226131000.0,0.0,11001000.0,0.265,2937245000.0,335593000.0,121933000.0,0.0,2.787,28.846,29.033,1470272000.0,0.0,35.13,7.653,7.599,824472000.0,4848714000.0,4621689000.0,4621689000.0,1051851000.0,0.076,0.096,0.138,0.284,368275000.0,1821085000.0,1.0,1006808134.0,999765000,1014692000.0,4.623,11398825000.0,0.0,85749000.0,1052541000.0,11.402,2963963000.0
12,YHOO,MRT,2014-03-31,2014-03-31,2014-03-31,2021-08-25,163239000.0,16592915000.0,16132511500.0,4481874000.0,12111041000.0,0.29,12.779,-353205000.0,1198016000.0,1198016000.0,1344817000.0,1299583000.0,3.751,0.281,1234098000.0,0.0,1234098000.0,1234098000.0,513631000.0,624263000.0,0.0,0.0,0.0,1415447000.0,2039710000.0,0.437,2039710000.0,1415447000.0,1415447000.0,1.25,1.2,1.25,12905183000.0,13070766750.0,12905183000.0,35386784970.0,25.0,17.349,762421000.0,0.755,1.0,3327925000.0,0.712,5092674000.0,0.0,10341448000.0,9162907250.0,0.0,7102136000.0,1741494000.0,5360642000.0,3629711000.0,1194875000.0,2434836000.0,36237184970.0,23383000.0,-459058000.0,-2522988000.0,1412344000.0,0.0,-1437171000.0,349880000.0,1082930000.0,1115626000.0,-4952000.0,1287574000.0,1287574000.0,1287574000.0,0.0,12009000.0,0.276,2893790000.0,434135000.0,156782000.0,0.0,2.808,28.144,28.72,1479406000.0,0.0,35.9,7.755,7.759,879992000.0,4579007000.0,4672742000.0,4672742000.0,1006271000.0,0.08,0.099,0.154,0.303,328831000.0,1827783000.0,1.0,1009392339.0,1009890000,1031420000.0,4.627,11500241000.0,0.0,127873000.0,978372000.0,11.388,3286999000.0
13,YHOO,MRT,2013-12-31,2013-12-31,2013-12-31,2021-08-25,318389000.0,16804959000.0,16107027500.0,5025857000.0,11779102000.0,0.291,12.42,-338131000.0,2077590000.0,2077590000.0,1349380000.0,1376566000.0,3.75,0.281,1110585000.0,0.0,1110585000.0,1110585000.0,553403000.0,629003000.0,0.0,0.0,0.0,1519673000.0,2148676000.0,0.459,2148676000.0,1519673000.0,1519673000.0,1.3,1.26,1.3,13074909000.0,13379450000.0,13074909000.0,40302788340.0,27.0,18.757,857116000.0,0.814,1.0,3331000000.0,0.712,5097456000.0,0.0,9400186000.0,9167218500.0,0.0,6346151000.0,1330304000.0,5015847000.0,3674362000.0,1340312000.0,2334050000.0,41024047340.0,-590188000.0,-447544000.0,-2866354000.0,1412344000.0,0.0,-1743884000.0,-23221000.0,682891000.0,1195247000.0,-18330000.0,1366281000.0,1366281000.0,1366281000.0,0.0,10285000.0,0.292,2741074000.0,589926000.0,138031000.0,0.0,3.138,30.026,31.108,1488518000.0,0.0,40.44,8.765,9.096,979559000.0,4267429000.0,4680380000.0,4680380000.0,957587000.0,0.085,0.102,0.166,0.325,262874000.0,1751275000.0,1.0,1014442318.0,1052705000,1070811000.0,4.446,11707503000.0,0.0,153392000.0,847956000.0,11.121,3685545000.0
14,YHOO,MRT,2013-09-30,2013-09-30,2013-09-30,2021-08-25,260770000.0,14905749000.0,16181601000.0,3566223000.0,11339526000.0,0.294,12.198,-379030000.0,842428000.0,842428000.0,1421988000.0,1298548000.0,2.989,0.189,121169000.0,0.0,121169000.0,121169000.0,589585000.0,650503000.0,0.0,0.0,0.0,1485259000.0,2135762000.0,0.449,2135762000.0,1485259000.0,1485259000.0,1.22,1.19,1.22,12494111000.0,13750772750.0,12494111000.0,32827469706.0,22.0,15.37,-1441335000.0,-1.407,1.0,3338404000.0,0.701,5132210000.0,0.0,7859157000.0,9139449000.0,0.0,5492958000.0,987870000.0,4505088000.0,2359430000.0,1193123000.0,1166307000.0,33844053706.0,-6717972000.0,-392945000.0,-4259212000.0,0.0,0.0,-4333181000.0,-1307405000.0,-551804000.0,-1062305000.0,-15081000.0,1290358000.0,1290358000.0,1290358000.0,0.0,8190000.0,0.271,2732706000.0,605698000.0,123042000.0,0.0,2.709,26.228,27.189,1536362000.0,0.0,33.17,7.11,7.137,844118000.0,6810550000.0,4760392000.0,4760392000.0,973639000.0,0.08,0.094,0.163,0.312,210568000.0,1657815000.0,1.0,1020321185.0,1024289000,1041698000.0,4.648,9773539000.0,0.0,194901000.0,749168000.0,9.542,2373100000.0
15,YHOO,MRT,2013-06-30,2013-06-30,2013-06-30,2021-08-25,319440000.0,16226423000.0,17558695500.0,4458302000.0,11768121000.0,0.275,12.793,-441242000.0,1142223000.0,1142223000.0,1486671000.0,4160570000.0,3.784,0.171,125639000.0,0.0,125639000.0,125639000.0,628197000.0,662620000.0,0.0,0.0,0.0,6091044000.0,6753664000.0,1.4,6753664000.0,6091044000.0,6091044000.0,3.59,3.55,3.59,13808864000.0,14517620750.0,13808864000.0,26153453368.0,4.0,3.872,-745299000.0,-0.69,1.0,3336480000.0,0.692,4980888000.0,0.0,9050838000.0,8522363000.0,0.0,6522792000.0,1486591000.0,5036201000.0,2367689000.0,1178113000.0,1189576000.0,27206611368.0,-397046000.0,6017855000.0,-2806067000.0,0.0,0.0,-2847510000.0,2758364000.0,-2825202000.0,-304057000.0,-3843000.0,4153940000.0,4153940000.0,4153940000.0,0.0,6630000.0,0.861,2671352000.0,665128000.0,120028000.0,0.0,1.97,6.55,7.0,1579822000.0,0.0,25.13,5.641,5.624,941811000.0,6513894000.0,4823151000.0,4823151000.0,923496000.0,0.237,0.286,0.715,1.263,176202000.0,1628470000.0,1.0,1082634754.0,1079389000,1094694000.0,4.468,11245535000.0,0.0,1937104000.0,730708000.0,10.418,3280189000.0
16,YHOO,MRT,2013-03-31,2013-03-31,2013-03-31,2021-08-25,459457000.0,16490979000.0,17166647000.0,4601022000.0,11889957000.0,0.286,12.923,-465297000.0,1174633000.0,1174633000.0,1566571000.0,4054018000.0,4.039,0.163,121475000.0,0.0,121475000.0,121475000.0,678876000.0,662780000.0,0.0,0.0,0.0,5962781000.0,6625561000.0,1.351,6625561000.0,5962781000.0,5962781000.0,3.47,3.43,3.47,14139916000.0,14183654000.0,14139916000.0,23369188208.0,4.0,3.527,-825622000.0,-0.755,1.0,3339130000.0,0.681,3940043000.0,0.0,10358693000.0,8281622250.0,0.0,7936324000.0,1838527000.0,6097797000.0,2305051000.0,1139085000.0,1165966000.0,25912379208.0,-545335000.0,6231865000.0,-2604560000.0,0.0,0.0,-2642478000.0,2494596000.0,-3277074000.0,-360325000.0,-37128000.0,4049421000.0,4049421000.0,4049421000.0,0.0,4597000.0,0.825,2756168000.0,582962000.0,110162000.0,0.0,1.833,6.399,6.781,1612690000.0,0.0,23.529,5.282,5.248,943658000.0,6182744000.0,4905701000.0,4905701000.0,876926000.0,0.236,0.285,0.72,1.215,146168000.0,1622720000.0,1.0,1101295389.0,1094170000,1108095000.0,4.483,12550936000.0,0.0,1913360000.0,674077000.0,11.471,3461937000.0
17,YHOO,MRT,2012-12-31,2012-12-31,2012-12-31,2021-08-25,571249000.0,17103253000.0,16784712250.0,5652713000.0,11450540000.0,0.297,12.207,-505507000.0,2667778000.0,2667778000.0,1620566000.0,3950602000.0,4.381,0.172,124587000.0,0.0,124587000.0,124587000.0,704486000.0,654601000.0,0.0,0.0,0.0,5885522000.0,6540123000.0,1.312,6540123000.0,5885522000.0,5885522000.0,3.31,3.28,3.31,14560200000.0,13853319500.0,14560200000.0,16102627334.0,3.0,2.462,-787061000.0,-0.66,1.0,3366000000.0,0.675,3980722000.0,0.0,9289108000.0,7734032000.0,0.0,7011018000.0,1516175000.0,5494843000.0,2497650000.0,1290232000.0,1207418000.0,23535496334.0,1105388000.0,6242012000.0,-1949470000.0,0.0,0.0,-1979457000.0,3362044000.0,-2371887000.0,-281554000.0,4355000.0,3945479000.0,3945479000.0,3945479000.0,0.0,5123000.0,0.791,2799632000.0,566368000.0,184831000.0,0.0,1.616,5.965,6.012,1685845000.0,0.0,19.9,4.72,4.76,1008448000.0,5792459000.0,4986566000.0,4986566000.0,885824000.0,0.235,0.285,0.761,1.18,153652000.0,1641819000.0,1.0,1182688258.0,1192775000,1202906000.0,4.181,13122531000.0,0.0,1940043000.0,675271000.0,11.002,4362481000.0
18,YHOO,MRT,2012-09-30,2012-09-30,2012-09-30,2021-08-25,520144000.0,20414127000.0,16204595500.0,9685779000.0,10728348000.0,0.306,13.12,-486075000.0,7560400000.0,7560400000.0,1627521000.0,3977941000.0,2.762,0.309,127531000.0,0.0,127531000.0,127531000.0,753680000.0,640741000.0,0.0,0.0,0.0,5904107000.0,6544848000.0,1.318,6544848000.0,5904107000.0,5904107000.0,3.32,3.29,3.32,15561503000.0,13348536250.0,15561503000.0,17515149786.0,3.0,2.676,1563580000.0,1.318,1.0,3337391000.0,0.672,4084163000.0,0.0,5390813000.0,7409902000.0,0.0,5277585000.0,852816000.0,4424769000.0,4808606000.0,3506282000.0,1302324000.0,18924269786.0,6096181000.0,5992710000.0,-966667000.0,0.0,0.0,-981308000.0,5051205000.0,-441304000.0,2049655000.0,-23371000.0,3968784000.0,3968784000.0,3968784000.0,0.0,9157000.0,0.799,2718566000.0,618825000.0,147943000.0,0.0,1.216,4.768,4.812,1671234000.0,0.0,15.975,3.812,3.816,953671000.0,6105506000.0,4964912000.0,4964912000.0,881217000.0,0.245,0.297,0.797,1.189,181149000.0,1625066000.0,1.0,1184617827.0,1186046000,1195085000.0,4.186,16329964000.0,0.0,1935323000.0,730378000.0,13.768,6179497000.0
19,YHOO,MRT,2012-06-30,2012-06-30,2012-06-30,2021-08-25,491770000.0,14658229000.0,14732952750.0,3270298000.0,11387931000.0,0.338,10.28,-470152000.0,1539269000.0,1539269000.0,1616604000.0,1115269000.0,3.036,0.172,130149000.0,0.0,130149000.0,130149000.0,215717000.0,628093000.0,0.0,0.0,0.0,1318797000.0,1946890000.0,0.391,1946890000.0,1318797000.0,1318797000.0,0.89,0.88,0.89,12472997000.0,12573187750.0,12472997000.0,17704555101.0,13.0,9.094,889361000.0,0.733,1.0,3363241000.0,0.675,4084089000.0,0.0,8087875000.0,8072471250.0,0.0,5801712000.0,371204000.0,5430508000.0,2141992000.0,1077145000.0,1064847000.0,19291972101.0,-41568000.0,-255018000.0,-1400179000.0,0.0,0.0,-1406603000.0,104872000.0,850140000.0,1359513000.0,-99350000.0,1101837000.0,1101837000.0,1101837000.0,0.0,13432000.0,0.221,2719351000.0,643890000.0,132105000.0,0.0,1.547,17.509,17.787,1663665000.0,0.0,15.83,3.874,3.857,1040893000.0,2945269000.0,4979845000.0,4979845000.0,893146000.0,0.075,0.088,0.163,0.265,173248000.0,1641019000.0,1.0,1218696911.0,1213320000,1221719000.0,4.104,10574140000.0,0.0,216960000.0,895941000.0,8.715,2193153000.0
20,YHOO,MRT,2012-03-31,2012-03-31,2012-03-31,2021-08-25,715368000.0,14963240000.0,14770265750.0,3482797000.0,11480443000.0,0.338,10.543,-535536000.0,1719968000.0,1719968000.0,1585410000.0,1125315000.0,3.254,0.164,132551000.0,0.0,132551000.0,132551000.0,220096000.0,633656000.0,0.0,0.0,0.0,1358244000.0,1991900000.0,0.399,1991900000.0,1358244000.0,1358244000.0,0.88,0.88,0.88,12818578000.0,12644634750.0,12818578000.0,17045781964.0,13.0,8.558,880037000.0,0.724,1.0,3405665000.0,0.682,4137134000.0,0.0,8168332000.0,8076620250.0,0.0,5882407000.0,489912000.0,5392495000.0,2103247000.0,1070357000.0,1032890000.0,18473266964.0,100791000.0,-292040000.0,-1406732000.0,0.0,0.0,-1415844000.0,135802000.0,987667000.0,1415573000.0,-34740000.0,1112178000.0,1112178000.0,1112178000.0,0.0,13137000.0,0.223,2625693000.0,779972000.0,129042000.0,0.0,1.441,16.61,17.295,1726858000.0,0.0,15.22,3.701,3.707,941590000.0,2718638000.0,4991075000.0,4991075000.0,926563000.0,0.075,0.088,0.168,0.272,187174000.0,1643973000.0,1.0,1213749472.0,1215783000,1226486000.0,4.105,10826106000.0,0.0,246066000.0,859167000.0,8.905,2412440000.0
21,YHOO,MRT,2011-12-31,2011-12-31,2011-12-31,2021-08-25,697869000.0,14782786000.0,14761544000.0,3452536000.0,11330250000.0,0.338,9.842,-593294000.0,1562390000.0,1562390000.0,1586997000.0,1062669000.0,2.86,0.176,134905000.0,0.0,134905000.0,134905000.0,238361000.0,648239000.0,0.0,0.0,0.0,1290594000.0,1938833000.0,0.389,1938833000.0,1290594000.0,1290594000.0,0.82,0.82,0.82,12541067000.0,12646117000.0,12541067000.0,18676113709.0,14.0,9.633,730512000.0,0.573,1.0,3397202000.0,0.682,4155352000.0,0.0,7992588000.0,8065462500.0,0.0,5716571000.0,493189000.0,5223382000.0,2201439000.0,1207361000.0,994078000.0,20006022709.0,35963000.0,-323830000.0,-1462515000.0,0.0,0.0,-1455958000.0,202362000.0,1137886000.0,1323806000.0,-34247000.0,1048827000.0,1048827000.0,1048827000.0,0.0,13842000.0,0.21,2596861000.0,800341000.0,166595000.0,0.0,1.595,19.075,19.671,1730888000.0,0.0,16.13,4.014,4.124,1037474000.0,2432294000.0,4984199000.0,4984199000.0,919368000.0,0.071,0.083,0.16,0.259,166989000.0,1619481000.0,1.0,1240298990.0,1274240000,1282282000.0,3.912,10627434000.0,0.0,241767000.0,815534000.0,8.34,2245175000.0
22,YHOO,MRT,2011-09-30,2011-09-30,2011-09-30,2021-08-25,625001000.0,14527556000.0,14797873500.0,3404349000.0,11123207000.0,0.35,9.944,-710399000.0,1464219000.0,1464219000.0,1780150000.0,1079625000.0,2.833,0.162,134310000.0,0.0,134310000.0,134310000.0,245032000.0,689907000.0,0.0,0.0,0.0,1245897000.0,1935804000.0,0.373,1935804000.0,1245897000.0,1245897000.0,0.82,0.82,0.82,12460109000.0,12650382500.0,12460109000.0,15183881765.0,12.0,7.844,585218000.0,0.467,1.0,3405005000.0,0.657,3954967000.0,0.0,8041090000.0,8062587750.0,0.0,5875062000.0,650593000.0,5224469000.0,2022437000.0,1201590000.0,820847000.0,16628601765.0,-151341000.0,-113893000.0,-1028086000.0,0.0,0.0,-1033359000.0,-411208000.0,432517000.0,1295617000.0,-2391000.0,1065275000.0,1065275000.0,1065275000.0,0.0,14350000.0,0.205,2627135000.0,777870000.0,131473000.0,0.0,1.335,15.61,16.061,1725556000.0,0.0,13.17,3.207,3.183,872728000.0,2695911000.0,5185155000.0,5185155000.0,907920000.0,0.072,0.084,0.155,0.24,111320000.0,1640696000.0,1.0,1262612131.0,1253044000,1259576000.0,4.138,10572589000.0,0.0,180622000.0,647483000.0,8.438,2202759000.0
23,YHOO,MRT,2011-06-30,2011-06-30,2011-06-30,2021-08-25,675875000.0,14807481000.0,14720117750.0,3889920000.0,10917561000.0,0.378,9.815,-750331000.0,1580837000.0,1580837000.0,2076911000.0,1179540000.0,3.132,0.157,136117000.0,0.0,136117000.0,136117000.0,280552000.0,694187000.0,0.0,0.0,0.0,1379419000.0,2073606000.0,0.372,2073606000.0,1379419000.0,1379419000.0,0.89,0.88,0.89,12758785000.0,12554604750.0,12758785000.0,18115622092.0,13.0,8.736,535601000.0,0.412,1.0,3492782000.0,0.627,4016307000.0,0.0,8104471000.0,7919055500.0,0.0,5897899000.0,972635000.0,4925264000.0,2008739000.0,1241983000.0,766756000.0,19596239092.0,397512000.0,111107000.0,-1294682000.0,0.0,0.0,-1247901000.0,253564000.0,912971000.0,1285932000.0,105917000.0,1168115000.0,1168115000.0,1168115000.0,0.0,11425000.0,0.21,2703011000.0,789771000.0,155133000.0,0.0,1.536,16.776,16.899,1740747000.0,0.0,15.04,3.518,3.51,956560000.0,2402620000.0,5569693000.0,5569693000.0,948415000.0,0.079,0.093,0.174,0.248,130181000.0,1668015000.0,1.0,1302941429.0,1299947000,1308359000.0,4.285,10791174000.0,0.0,211304000.0,589802000.0,8.301,2647937000.0
24,YHOO,MRT,2011-03-31,2011-03-31,2011-03-31,2021-08-25,635119000.0,14928353000.0,14606206000.0,4094452000.0,10833901000.0,0.407,9.797,-769086000.0,1619177000.0,1619177000.0,2375349000.0,1157181000.0,3.056,0.161,138560000.0,0.0,138560000.0,138560000.0,289551000.0,685941000.0,0.0,0.0,0.0,1368663000.0,2054604000.0,0.346,2054604000.0,1368663000.0,1368663000.0,0.86,0.85,0.86,12824507000.0,12398490500.0,12824507000.0,20457368080.0,15.0,9.957,533193000.0,0.407,1.0,3566699000.0,0.6,3984254000.0,0.0,8123701000.0,7877911750.0,0.0,6086856000.0,1169409000.0,4917447000.0,2063725000.0,1339781000.0,723944000.0,21840996080.0,288545000.0,35768000.0,-1324289000.0,0.0,0.0,-1255199000.0,198697000.0,970579000.0,1302279000.0,42768000.0,1144464000.0,1144464000.0,1144464000.0,0.0,12717000.0,0.193,2792451000.0,774248000.0,132718000.0,0.0,1.703,19.084,19.395,1695407000.0,0.0,16.68,3.676,3.675,932943000.0,2165648000.0,5942048000.0,5942048000.0,983922000.0,0.078,0.092,0.174,0.23,119201000.0,1712835000.0,1.0,1309412235.0,1309064000,1320185000.0,4.539,10944099000.0,0.0,224199000.0,542864000.0,8.36,2754671000.0
25,YHOO,MRT,2010-12-31,2010-12-31,2010-12-31,2021-08-25,504254000.0,14928104000.0,14536324250.0,4345548000.0,10582556000.0,0.435,9.274,-714078000.0,1526427000.0,1526427000.0,2682074000.0,1244628000.0,2.673,0.186,142799000.0,0.0,142799000.0,142799000.0,311021000.0,682509000.0,0.0,0.0,0.0,1453186000.0,2135695000.0,0.338,2135695000.0,1453186000.0,1453186000.0,0.91,0.9,0.91,12558129000.0,12297499000.0,12558129000.0,20201027603.0,14.0,9.459,526112000.0,0.389,1.0,3642577000.0,0.576,3937515000.0,0.0,7981089000.0,7859583750.0,0.0,6114144000.0,1357661000.0,4756483000.0,2331694000.0,1625872000.0,705822000.0,21677203603.0,250997000.0,167558000.0,-1581923000.0,0.0,0.0,-1501706000.0,509915000.0,1097270000.0,1240190000.0,2598000.0,1231663000.0,1231663000.0,1231663000.0,0.0,12965000.0,0.195,2870053000.0,772524000.0,162424000.0,0.0,1.726,17.6,18.275,1653422000.0,0.0,16.63,3.427,3.561,1028900000.0,1942656000.0,6324651000.0,6324651000.0,1028716000.0,0.085,0.1,0.185,0.23,131325000.0,1751754000.0,1.0,1303499916.0,1354118000,1364612000.0,4.671,10990589000.0,0.0,221523000.0,506658000.0,8.116,2719676000.0
26,YHOO,MRT,2010-09-30,2010-09-30,2010-09-30,2021-08-25,404316000.0,14216533000.0,14538305750.0,4100201000.0,10116332000.0,0.449,9.055,-636422000.0,1615560000.0,1615560000.0,2819516000.0,1082419000.0,3.034,0.174,139384000.0,0.0,139384000.0,139384000.0,376856000.0,667002000.0,0.0,0.0,0.0,1313809000.0,1980811000.0,0.303,1980811000.0,1313809000.0,1313809000.0,0.78,0.77,0.78,12076998000.0,12281296750.0,12076998000.0,18061863060.0,14.0,9.118,551686000.0,0.414,1.0,3712003000.0,0.568,3921910000.0,0.0,7466961000.0,7871720750.0,0.0,5623372000.0,1203850000.0,4419522000.0,2107181000.0,1351486000.0,755695000.0,19105101060.0,-318530000.0,35306000.0,-1634122000.0,0.0,0.0,-1537070000.0,38759000.0,681431000.0,1188108000.0,-8327000.0,1072597000.0,1072597000.0,1072597000.0,0.0,9822000.0,0.164,3040700000.0,671303000.0,115912000.0,0.0,1.582,17.812,18.167,1549445000.0,0.0,14.17,2.925,2.894,939159000.0,2519281000.0,6531519000.0,6531519000.0,1110385000.0,0.074,0.087,0.167,0.201,214365000.0,1835312000.0,1.0,1348278127.0,1333753000,1343094000.0,4.897,10294623000.0,0.0,241212000.0,552986000.0,7.719,2748715000.0
27,YHOO,MRT,2010-06-30,2010-06-30,2010-06-30,2021-08-25,204283000.0,14351834000.0,14589161000.0,4048092000.0,10303742000.0,0.446,8.803,-571451000.0,1183325000.0,1183325000.0,2847660000.0,871976000.0,2.812,0.18,140087000.0,0.0,140087000.0,140087000.0,428942000.0,682758000.0,0.0,0.0,0.0,1095085000.0,1777843000.0,0.273,1777843000.0,1095085000.0,1095085000.0,0.61,0.61,0.61,12134328000.0,12301966500.0,12134328000.0,17974435674.0,16.0,10.11,625316000.0,0.454,1.0,3658055000.0,0.562,3928941000.0,0.0,7939896000.0,7804214750.0,0.0,6217114000.0,1576276000.0,4640838000.0,2187280000.0,1439759000.0,747521000.0,19169270674.0,-1100761000.0,-207467000.0,-869536000.0,0.0,0.0,-852265000.0,-1421410000.0,-604333000.0,1196767000.0,-23853000.0,862559000.0,862559000.0,862559000.0,0.0,9417000.0,0.133,3084408000.0,573647000.0,132478000.0,0.0,1.58,22.224,22.689,1517891000.0,0.0,13.84,2.947,2.932,921636000.0,2123150000.0,6505715000.0,6505715000.0,1147356000.0,0.059,0.07,0.14,0.168,242814000.0,1829322000.0,1.0,1385062910.0,1378374000,1390240000.0,4.72,10422893000.0,0.0,232526000.0,525321000.0,7.562,2608333000.0
28,YHOO,MRT,2010-03-31,2010-03-31,2010-03-31,2021-08-25,311052000.0,14648826000.0,14520259750.0,4570464000.0,10078362000.0,0.446,8.883,-475855000.0,1330632000.0,1330632000.0,2877391000.0,798873000.0,3.017,0.177,135797000.0,0.0,135797000.0,135797000.0,453568000.0,722528000.0,0.0,0.0,0.0,1023506000.0,1746034000.0,0.27,1746034000.0,1023506000.0,1023506000.0,0.56,0.56,0.56,12420541000.0,12243294750.0,12420541000.0,21952928060.0,21.0,12.573,715739000.0,0.512,1.0,3599842000.0,0.556,3888528000.0,0.0,8050389000.0,7458921750.0,0.0,6496206000.0,1911423000.0,4584783000.0,2200881000.0,1515074000.0,685807000.0,23145337060.0,-987877000.0,-95106000.0,-376997000.0,0.0,0.0,-350977000.0,-1908561000.0,-1308968000.0,1191594000.0,80067000.0,790625000.0,790625000.0,790625000.0,0.0,8248000.0,0.122,3125814000.0,474028000.0,113798000.0,0.0,1.863,29.275,29.518,1469984000.0,0.0,16.53,3.573,3.569,900253000.0,1909829000.0,6477233000.0,6477233000.0,1170202000.0,0.054,0.065,0.137,0.158,286392000.0,1791559000.0,1.0,1400201879.0,1398308000,1413432000.0,4.632,10760298000.0,0.0,232881000.0,448237000.0,7.695,3055390000.0
29,YHOO,MRT,2009-12-31,2009-12-31,2009-12-31,2021-08-25,369236000.0,14936030000.0,14292043500.0,4594772000.0,10341258000.0,0.452,8.939,-433795000.0,1275430000.0,1275430000.0,2871746000.0,605289000.0,2.675,0.193,83021000.0,0.0,83021000.0,83021000.0,533694000.0,738855000.0,0.0,0.0,0.0,817313000.0,1556168000.0,0.241,1556168000.0,817313000.0,817313000.0,0.43,0.42,0.43,12493320000.0,12031185000.0,12493320000.0,21659246513.0,27.0,13.918,876551000.0,0.627,1.0,3588569000.0,0.555,3996256000.0,0.0,8029637000.0,6987917500.0,0.0,6738862000.0,2015655000.0,4723207000.0,2417394000.0,1717728000.0,699666000.0,23509724513.0,-1016866000.0,-195106000.0,-771000.0,0.0,0.0,34597000.0,-2419238000.0,-1761804000.0,1310346000.0,57429000.0,597992000.0,597992000.0,597992000.0,0.0,7297000.0,0.093,3201877000.0,386692000.0,136769000.0,0.0,1.882,39.314,39.023,1426862000.0,0.0,16.78,3.639,3.63,1003362000.0,1599638000.0,6460315000.0,6460315000.0,1210168000.0,0.042,0.05,0.117,0.127,347522000.0,1825702000.0,1.0,1401056288.0,1397652000,1415658000.0,4.622,10939774000.0,0.0,219321000.0,494095000.0,7.827,2877044000.0
30,YHOO,MRT,2009-09-30,2009-09-30,2009-09-30,2021-08-25,303584000.0,14419954000.0,13980498000.0,5077086000.0,9342868000.0,0.467,8.673,-455969000.0,1934090000.0,1934090000.0,2852179000.0,148857000.0,3.371,0.184,83612000.0,0.0,83612000.0,83612000.0,557883000.0,748622000.0,0.0,0.0,0.0,431574000.0,1180196000.0,0.181,1180196000.0,431574000.0,431574000.0,0.09,0.09,0.09,12159677000.0,11720590500.0,12159677000.0,22797488806.0,53.0,19.317,824321000.0,0.588,1.0,3682548000.0,0.564,3866325000.0,0.0,7196937000.0,6441220750.0,0.0,5922017000.0,1967508000.0,3954509000.0,2237745000.0,1506214000.0,731531000.0,24994377806.0,-209660000.0,-17773000.0,15658000.0,0.0,0.0,117746000.0,-1622622000.0,-1138377000.0,1280290000.0,14926000.0,141610000.0,141610000.0,141610000.0,0.0,7247000.0,0.022,3692960000.0,-10412000.0,102122000.0,0.0,2.056,176.502,197.889,1394558000.0,0.0,17.81,3.825,3.821,907029000.0,1446684000.0,6534727000.0,6534727000.0,1182427000.0,0.01,0.012,0.067,0.066,264973000.0,1801443000.0,1.0,1403390107.0,1401961000,1424854000.0,4.661,10553629000.0,0.0,289964000.0,503448000.0,7.528,3570872000.0
31,YHOO,MRT,2009-06-30,2009-06-30,2009-06-30,2021-08-25,210644000.0,14076229000.0,13852629500.0,5028851000.0,9047378000.0,0.487,8.532,-524294000.0,2284086000.0,2284086000.0,2915558000.0,17281000.0,3.438,0.181,87197000.0,0.0,87197000.0,87197000.0,584344000.0,778478000.0,0.0,0.0,0.0,272679000.0,1051157000.0,0.156,1051157000.0,272679000.0,272679000.0,0.0,0.0,0.0,11899641000.0,11581127500.0,11899641000.0,19608331351.0,72.0,18.654,747947000.0,0.536,1.0,3830196000.0,0.568,3857732000.0,0.0,6558724000.0,6031556750.0,0.0,5221765000.0,1594226000.0,3627539000.0,2155780000.0,1462884000.0,692896000.0,21855931351.0,232716000.0,-29349000.0,116961000.0,0.0,0.0,262503000.0,-1182873000.0,-606116000.0,1272241000.0,-119155000.0,9865000.0,9865000.0,9865000.0,0.0,7416000.0,0.001,3861933000.0,-31737000.0,81803000.0,,1.837,2215.502,,1430377000.0,0.0,15.66,3.24,3.238,907276000.0,1260592000.0,6745754000.0,6745754000.0,1198903000.0,0.001,0.001,0.045,0.04,301899000.0,1956215000.0,1.0,1395653343.0,1394783000,1414295000.0,4.836,10218497000.0,0.0,262814000.0,438014000.0,7.326,3565967000.0
32,YHOO,MRT,2009-03-31,2009-03-31,2009-03-31,2021-08-25,202178000.0,13735961000.0,13830984000.0,4595057000.0,9140904000.0,0.504,8.316,-605517000.0,2318509000.0,2318509000.0,2969016000.0,6616000.0,3.105,0.185,70909000.0,0.0,70909000.0,70909000.0,597948000.0,784095000.0,0.0,0.0,0.0,241230000.0,1025325000.0,0.147,1025325000.0,241230000.0,241230000.0,0.0,-0.01,0.0,11572102000.0,11522892000.0,11572102000.0,15644482155.0,65.0,15.258,750768000.0,0.54,1.0,4001926000.0,0.574,3842142000.0,0.0,6166372000.0,5765298250.0,0.0,4745397000.0,1127141000.0,3618256000.0,2144703000.0,1479847000.0,664856000.0,17859716155.0,-22696000.0,-42669000.0,240716000.0,0.0,0.0,353285000.0,-1546524000.0,-851952000.0,1356285000.0,-185742000.0,-361000.0,-361000.0,-361000.0,0.0,6977000.0,0.0,4008895000.0,-6969000.0,115763000.0,,1.543,-49472.898,,1469721000.0,0.0,12.81,2.562,2.557,912987000.0,4870478000.0,6970942000.0,6970942000.0,1222224000.0,0.0,0.0,0.042,0.035,377092000.0,2130887000.0,1.0,1394201105.0,1391526000,1406510000.0,5.01,9893819000.0,0.0,241591000.0,401615000.0,7.11,3115210000.0
33,YHOO,MRT,2008-12-31,2008-12-31,2008-12-31,2021-08-25,120276000.0,13689848000.0,13753444500.0,4745498000.0,8944350000.0,0.524,8.216,-674829000.0,2292296000.0,2292296000.0,3023362000.0,424686000.0,2.783,0.215,77062000.0,0.0,77062000.0,77062000.0,631662000.0,790033000.0,0.0,0.0,0.0,677927000.0,1467960000.0,0.204,1467960000.0,677927000.0,677927000.0,0.31,0.29,0.31,11250942000.0,11254858500.0,11250942000.0,14849410487.0,22.0,10.116,1205412000.0,0.88,1.0,4185140000.0,0.581,3926749000.0,0.0,5842850000.0,5517649500.0,0.0,4407122000.0,1159691000.0,3247431000.0,2420887000.0,1705015000.0,715872000.0,16930152487.0,778366000.0,-208958000.0,284118000.0,0.0,0.0,332406000.0,-1311783000.0,-367682000.0,1880241000.0,-122498000.0,418921000.0,418921000.0,418921000.0,0.0,5765000.0,0.058,4172177000.0,12963000.0,151897000.0,0.0,1.505,40.414,39.355,1536181000.0,0.0,12.2,2.349,2.318,1060450000.0,4752920000.0,7208502000.0,7208502000.0,1221787000.0,0.03,0.037,0.123,0.094,400209000.0,2268449000.0,1.0,1387717417.0,1369476000,1391230000.0,5.264,9763099000.0,0.0,259006000.0,420372000.0,7.129,3040483000.0
34,YHOO,MRT,2008-09-30,2008-09-30,2008-09-30,2021-08-25,283688000.0,13908480000.0,13388417750.0,4396821000.0,9511659000.0,0.54,8.384,-675349000.0,2143750000.0,2143750000.0,2995180000.0,913108000.0,2.626,0.199,63008000.0,0.0,63008000.0,63008000.0,692828000.0,776196000.0,0.0,0.0,0.0,1122884000.0,1899080000.0,0.263,1899080000.0,1122884000.0,1122884000.0,0.68,0.65,0.68,11601825000.0,10825330750.0,11601825000.0,21922793073.0,20.0,11.544,1505769000.0,1.088,1.0,4238931000.0,0.586,4594911000.0,0.0,5558281000.0,5201824500.0,0.0,4270330000.0,1070350000.0,3199980000.0,2306655000.0,1674546000.0,632109000.0,23974163073.0,615800000.0,-827021000.0,162661000.0,0.0,0.0,31229000.0,-1524337000.0,82588000.0,2181118000.0,-72210000.0,907227000.0,907227000.0,907227000.0,0.0,5881000.0,0.125,3756382000.0,482549000.0,150990000.0,0.0,2.066,26.426,25.441,1490655000.0,0.0,17.3,3.314,3.309,992936000.0,5151590000.0,7234111000.0,7234111000.0,1232467000.0,0.068,0.084,0.216,0.155,560111000.0,2411025000.0,1.0,1385789773.0,1383786000,1397522000.0,5.228,9313569000.0,0.0,215657000.0,307553000.0,6.73,2722275000.0
35,YHOO,MRT,2008-06-30,2008-06-30,2008-06-30,2021-08-25,568738000.0,13989647000.0,12872084750.0,4304330000.0,9685317000.0,0.561,8.5,-655271000.0,2051370000.0,2051370000.0,2963103000.0,1008154000.0,2.565,0.199,0.0,0.0,0.0,0.0,754451000.0,739168000.0,0.0,0.0,0.0,1247898000.0,1987066000.0,0.275,1987066000.0,1247898000.0,1247898000.0,0.75,0.72,0.75,11666699000.0,10245553750.0,11666699000.0,26666518363.0,21.0,13.42,1635468000.0,1.191,1.0,4252088000.0,0.589,4766563000.0,0.0,5493690000.0,5020087000.0,0.0,4306552000.0,1019641000.0,3286911000.0,2322948000.0,1678024000.0,644924000.0,28424769363.0,525558000.0,-1117175000.0,-161188000.0,0.0,0.0,-331812000.0,-1479120000.0,467775000.0,2290739000.0,45751000.0,1004165000.0,1004165000.0,1004165000.0,0.0,3989000.0,0.139,3689521000.0,562567000.0,136754000.0,0.0,2.436,28.307,27.547,1415801000.0,0.0,20.66,3.94,3.93,1041874000.0,5097242000.0,7215191000.0,7215191000.0,1183977000.0,0.078,0.098,0.249,0.173,593495000.0,2386897000.0,1.0,1375835884.0,1372629000,1397839000.0,5.256,9223084000.0,0.0,243733000.0,332428000.0,6.719,2626306000.0
36,YHOO,MRT,2008-03-31,2008-03-31,2008-03-31,2021-08-25,460272000.0,13425803000.0,12247500000.0,3839169000.0,9586634000.0,0.581,7.859,-624050000.0,2341205000.0,2341205000.0,2880204000.0,1036346000.0,2.281,0.279,582954000.0,0.0,582954000.0,582954000.0,803190000.0,695704000.0,0.0,0.0,0.0,1317380000.0,2013084000.0,0.283,2013084000.0,1317380000.0,1317380000.0,0.77,0.74,0.77,10499968000.0,9570811250.0,10499968000.0,37919882868.0,29.0,18.837,1646454000.0,1.232,1.0,4234822000.0,0.595,4808372000.0,0.0,5175777000.0,4936916250.0,0.0,3460322000.0,267129000.0,3193193000.0,2925835000.0,1683403000.0,1242432000.0,38684184868.0,1032127000.0,-1128287000.0,-638435000.0,0.0,0.0,-726152000.0,-575633000.0,1324753000.0,2270504000.0,63408000.0,1033571000.0,1033571000.0,1033571000.0,0.0,2775000.0,0.145,3587819000.0,647003000.0,134133000.0,0.0,3.684,37.428,37.571,1363475000.0,0.0,28.93,5.437,5.432,1039957000.0,4966027000.0,7115026000.0,7115026000.0,1150344000.0,0.084,0.108,0.267,0.185,582515000.0,2316875000.0,1.0,1337165049.0,1335986000,1395336000.0,5.326,8617431000.0,0.0,283809000.0,314415000.0,6.45,2155766000.0
37,YHOO,MRT,2007-12-31,2007-12-31,2007-12-31,2021-08-25,331202000.0,12229741000.0,11719390500.0,3237722000.0,8992019000.0,0.595,7.119,-602276000.0,1513930000.0,1513930000.0,2838758000.0,642005000.0,1.407,0.283,777714000.0,749628000.0,28086000.0,777714000.0,463599000.0,659195000.0,0.0,0.0,0.0,962023000.0,1621218000.0,0.233,1621218000.0,962023000.0,962023000.0,0.48,0.47,0.48,9532831000.0,9154783500.0,9532831000.0,30307366231.0,32.0,18.694,1316623000.0,0.983,1.0,4130516000.0,0.593,4613527000.0,0.0,4579550000.0,5133925250.0,0.0,3030459000.0,487544000.0,2542915000.0,2696910000.0,2300448000.0,396462000.0,31085688231.0,-55941000.0,-973577000.0,-1458853000.0,0.0,0.0,-1442008000.0,-572502000.0,1138677000.0,1918899000.0,39670000.0,639155000.0,639155000.0,639155000.0,0.0,2850000.0,0.092,3435103000.0,695413000.0,176162000.0,0.0,3.261,48.636,48.458,1331632000.0,0.0,23.26,4.46,4.469,1055532000.0,4423864000.0,6969274000.0,6969274000.0,1084238000.0,0.055,0.07,0.187,0.138,613138000.0,2243788000.0,1.0,1336444034.0,1338987000,1366264000.0,5.205,7616214000.0,0.0,322868000.0,260993000.0,5.688,937274000.0
38,YHOO,MRT,2007-09-30,2007-09-30,2007-09-30,2021-08-25,276699000.0,11843148000.0,11540357250.0,3483748000.0,8359400000.0,0.593,6.953,-541395000.0,1527950000.0,1527950000.0,2827742000.0,722950000.0,1.595,0.276,749628000.0,749628000.0,0.0,749628000.0,395811000.0,618959000.0,0.0,0.0,0.0,1089702000.0,1708661000.0,0.25,1708661000.0,1089702000.0,1089702000.0,0.54,0.51,0.54,9282717000.0,9061728250.0,9282717000.0,35180753740.0,32.0,20.59,922977000.0,0.691,1.0,4011982000.0,0.587,4049652000.0,0.0,4831331000.0,5450357500.0,0.0,3224138000.0,684197000.0,2539941000.0,2560431000.0,2183843000.0,376588000.0,35956933740.0,342691000.0,-436486000.0,-1282695000.0,0.0,0.0,-921927000.0,-256161000.0,831021000.0,1464372000.0,56407000.0,722950000.0,722950000.0,722950000.0,0.0,0.0,0.106,3199979000.0,812003000.0,131559000.0,0.0,3.874,49.736,49.708,1240340000.0,0.0,26.843,5.257,5.24,950027000.0,4218141000.0,6839724000.0,6839724000.0,1000016000.0,0.063,0.08,0.2,0.159,558900000.0,2090548000.0,1.0,1339552342.0,1335092000,1395056000.0,5.123,7793496000.0,0.0,366752000.0,281528000.0,5.837,1299905000.0
39,YHOO,MRT,2007-06-30,2007-06-30,2007-06-30,2021-08-25,197989000.0,11491308000.0,11233837000.0,3644649000.0,7846659000.0,0.592,6.694,-635006000.0,1525812000.0,1525812000.0,2768662000.0,730193000.0,1.69,0.281,749632000.0,749632000.0,0.0,749632000.0,402674000.0,598289000.0,0.0,0.0,0.0,1142664000.0,1740953000.0,0.262,1740953000.0,1142664000.0,1142664000.0,0.55,0.51,0.55,8967729000.0,8757858750.0,8967729000.0,35899432083.0,31.0,20.621,762308000.0,0.569,1.0,3883878000.0,0.584,3397389000.0,0.0,5161007000.0,5577194750.0,0.0,3588398000.0,865325000.0,2723073000.0,2523579000.0,2156732000.0,366847000.0,36458747083.0,-65411000.0,-122954000.0,-2023109000.0,0.0,0.0,-1511152000.0,14869000.0,777180000.0,1397314000.0,33558000.0,730193000.0,730193000.0,730193000.0,0.0,0.0,0.11,3019727000.0,864151000.0,142552000.0,0.0,4.066,49.93,49.327,1175858000.0,0.0,27.13,5.48,5.463,891621000.0,4066855000.0,6652540000.0,6652540000.0,927413000.0,0.065,0.083,0.205,0.172,532530000.0,1980110000.0,1.0,1343853560.0,1339594000,1403819000.0,4.966,8093919000.0,0.0,412471000.0,261478000.0,6.042,1487917000.0
40,YHOO,MRT,2007-03-31,2007-03-31,2007-03-31,2021-08-25,163936000.0,11313365000.0,11158650500.0,3575224000.0,7738141000.0,0.585,6.533,-665408000.0,1309078000.0,1309078000.0,2731417000.0,733956000.0,2.551,0.28,749763000.0,0.0,749763000.0,749763000.0,394358000.0,565944000.0,0.0,0.0,0.0,1181393000.0,1747337000.0,0.268,1747337000.0,1181393000.0,1181393000.0,0.55,0.51,0.55,8835857000.0,8690342000.0,8835857000.0,41626169492.0,35.0,23.823,755987000.0,0.559,1.0,3799057000.0,0.582,3388898000.0,0.0,5963813000.0,5661218250.0,0.0,3746620000.0,1036788000.0,2709832000.0,2477508000.0,1401339000.0,1076169000.0,42446125492.0,-53017000.0,-159355000.0,-1935742000.0,0.0,0.0,-1386367000.0,-136785000.0,679284000.0,1421395000.0,48740000.0,733956000.0,733956000.0,733956000.0,0.0,0.0,0.112,2890276000.0,908781000.0,140969000.0,0.0,4.804,57.832,56.891,1127558000.0,0.0,31.29,6.5,6.48,893200000.0,3906288000.0,6530474000.0,6530474000.0,855070000.0,0.066,0.084,0.209,0.181,488785000.0,1914176000.0,1.0,1356539645.0,1352476000,1418225000.0,4.829,7924467000.0,0.0,447437000.0,218762000.0,5.859,2173885000.0
41,YHOO,MRT,2006-12-31,2006-12-31,2006-12-31,2021-08-25,150505000.0,11513608000.0,11036661250.0,3750142000.0,7763466000.0,0.582,6.596,-689136000.0,1569871000.0,1569871000.0,2675723000.0,751391000.0,2.544,0.257,749915000.0,0.0,749915000.0,749915000.0,382921000.0,540021000.0,0.0,0.0,0.0,1209402000.0,1749423000.0,0.272,1749423000.0,1209402000.0,1209402000.0,0.54,0.52,0.54,9160610000.0,8592653250.0,9160610000.0,34304675692.0,28.0,19.609,682440000.0,0.491,1.0,3749956000.0,0.584,3374379000.0,0.0,5845279000.0,5539408000.0,0.0,3859248000.0,1031528000.0,2827720000.0,2352998000.0,1473994000.0,879004000.0,34739974692.0,140178000.0,-142272000.0,-1691742000.0,0.0,0.0,-1094624000.0,-193681000.0,622808000.0,1371576000.0,56907000.0,751391000.0,751391000.0,751391000.0,0.0,0.0,0.117,2808990000.0,940966000.0,109130000.0,0.0,3.792,46.234,47.296,1101379000.0,0.0,25.54,5.406,5.52,930964000.0,3717560000.0,6425679000.0,6425679000.0,833147000.0,0.068,0.087,0.218,0.188,453821000.0,1851057000.0,1.0,1360218273.0,1388741000,1457686000.0,4.627,8139229000.0,0.0,458011000.0,19204000.0,5.861,2276148000.0
42,YHOO,MRT,2006-09-30,2006-09-30,2006-09-30,2021-08-25,103456000.0,10617067000.0,10866217750.0,3059622000.0,7557445000.0,0.573,5.863,-709226000.0,1185259000.0,1185259000.0,2579568000.0,1165926000.0,2.097,0.316,749960000.0,0.0,749960000.0,749960000.0,396553000.0,513767000.0,0.0,0.0,0.0,1533657000.0,2047424000.0,0.329,2047424000.0,1533657000.0,1533657000.0,0.83,0.79,0.83,8067239000.0,8444104500.0,8067239000.0,34074867117.0,22.0,16.643,976335000.0,0.71,1.0,3644663000.0,0.586,3383944000.0,0.0,5338680000.0,5457566250.0,0.0,3908282000.0,923792000.0,2984490000.0,2549828000.0,1459144000.0,1090684000.0,34916119117.0,-841744000.0,-1632001000.0,-1282425000.0,0.0,0.0,-927459000.0,-1619614000.0,703253000.0,1685561000.0,19768000.0,1165926000.0,1165926000.0,1165926000.0,0.0,0.0,0.187,2682576000.0,962087000.0,142479000.0,0.0,4.328,29.947,30.458,1048574000.0,0.0,25.28,5.61,5.588,784460000.0,3448887000.0,6224231000.0,6224231000.0,797597000.0,0.107,0.138,0.281,0.246,399753000.0,1758783000.0,1.0,1381175598.0,1375884000,1442429000.0,4.524,7233123000.0,0.0,367731000.0,0.0,5.257,1600478000.0
43,YHOO,MRT,2006-06-30,2006-06-30,2006-06-30,2021-08-25,84302000.0,11190562000.0,10597856500.0,3654705000.0,7535857000.0,0.564,6.188,-563959000.0,1591223000.0,1591223000.0,2432829000.0,1261170000.0,2.569,0.287,749971000.0,0.0,749971000.0,749971000.0,412694000.0,465401000.0,0.0,0.0,0.0,1618326000.0,2083727000.0,0.349,2083727000.0,1618326000.0,1618326000.0,0.89,0.85,0.89,8697662000.0,8299152250.0,8697662000.0,45878413302.0,28.0,22.017,1172079000.0,0.834,1.0,3541009000.0,0.593,3429318000.0,0.0,5497101000.0,5160094250.0,0.0,4183691000.0,1097332000.0,3086359000.0,2492900000.0,1422891000.0,1070009000.0,46490515302.0,-329200000.0,-1627119000.0,-758336000.0,0.0,0.0,-541443000.0,-1540552000.0,651721000.0,1736038000.0,16757000.0,1261170000.0,1261170000.0,1261170000.0,0.0,0.0,0.211,2511205000.0,1029804000.0,139378000.0,0.0,5.345,36.863,37.079,884005000.0,0.0,33.0,7.782,7.765,792451000.0,3290358000.0,5973838000.0,5973838000.0,743951000.0,0.119,0.152,0.314,0.271,409259000.0,1646928000.0,1.0,1408803494.0,1405598000,1476642000.0,4.25,7761244000.0,0.0,357156000.0,0.0,5.522,2231814000.0
44,YHOO,MRT,2006-03-31,2006-03-31,2006-03-31,2021-08-25,-8359000.0,10825408000.0,10218307750.0,3366857000.0,7458551000.0,0.553,5.956,-482532000.0,1362095000.0,1362095000.0,2287220000.0,1851529000.0,2.571,0.282,749993000.0,0.0,749993000.0,749993000.0,390147000.0,433988000.0,0.0,0.0,0.0,2601842000.0,3035830000.0,0.537,3035830000.0,2601842000.0,2601842000.0,1.31,1.25,1.31,8445102000.0,8045137250.0,8445102000.0,45060238844.0,17.0,14.843,1228017000.0,0.866,1.0,3363761000.0,0.595,3427305000.0,0.0,5476572000.0,4886384750.0,0.0,4256326000.0,1066396000.0,3189930000.0,2380306000.0,1309429000.0,1070877000.0,45739936844.0,271185000.0,-1638690000.0,-610640000.0,0.0,0.0,-509879000.0,-898491000.0,1273540000.0,1710549000.0,-30994000.0,1851529000.0,1851529000.0,1851529000.0,0.0,0.0,0.328,2302187000.0,1061574000.0,107689000.0,0.0,5.416,24.704,24.626,774952000.0,0.0,32.26,8.094,8.095,766511000.0,3126028000.0,5650981000.0,5650981000.0,664493000.0,0.181,0.23,0.532,0.46,815672000.0,1524217000.0,1.0,1417852971.0,1417917000,1493307000.0,3.985,7398103000.0,0.0,750313000.0,0.0,5.218,2057428000.0
45,YHOO,MRT,2005-12-31,2005-12-31,2005-12-31,2021-08-25,-35965000.0,10831834000.0,9838197000.0,3449533000.0,7382301000.0,0.534,6.117,-408934000.0,1429693000.0,1429693000.0,2096201000.0,1896230000.0,2.865,0.264,749995000.0,0.0,749995000.0,749995000.0,373964000.0,397142000.0,0.0,0.0,0.0,2664046000.0,3061188000.0,0.582,3061188000.0,2664046000.0,2664046000.0,1.35,1.28,1.35,8566415000.0,7736906250.0,8566415000.0,54309076081.0,20.0,17.741,1302449000.0,0.93,1.0,3161467000.0,0.601,3430172000.0,0.0,5517912000.0,4691386250.0,0.0,4328556000.0,1131141000.0,3197415000.0,2265419000.0,1204052000.0,1061367000.0,55586084081.0,605970000.0,-1698164000.0,-252349000.0,0.0,0.0,-250600000.0,-821930000.0,1324314000.0,1711383000.0,-32883000.0,1896230000.0,1896230000.0,1896230000.0,0.0,0.0,0.361,2053742000.0,1107725000.0,70291000.0,0.0,6.489,29.314,29.022,697522000.0,0.0,39.18,10.572,10.436,721723000.0,2966169000.0,5257668000.0,5257668000.0,569527000.0,0.193,0.245,0.568,0.507,812001000.0,1375020000.0,1.0,1418736194.0,1400421000,1485591000.0,3.754,7401662000.0,0.0,767816000.0,0.0,5.285,2245481000.0
46,YHOO,MRT,2005-09-30,2005-09-30,2005-09-30,2021-08-25,-12072000.0,9543622000.0,9424788750.0,3962695000.0,5580927000.0,0.513,5.329,-342663000.0,2027003000.0,2027003000.0,1932380000.0,1585546000.0,3.594,0.275,749995000.0,0.0,749995000.0,749995000.0,387850000.0,371842000.0,0.0,0.0,0.0,2569256000.0,2941098000.0,0.608,2941098000.0,2569256000.0,2569256000.0,1.14,1.08,1.14,7487430000.0,7370664000.0,7487430000.0,46508561646.0,18.0,15.813,1224098000.0,0.871,1.0,2902005000.0,0.6,3015091000.0,0.0,4148792000.0,4534945250.0,0.0,2736618000.0,1156688000.0,1579930000.0,2056192000.0,1102731000.0,953461000.0,47678984646.0,1377065000.0,-280543000.0,-495035000.0,0.0,0.0,-493286000.0,300111000.0,959348000.0,1566761000.0,3479000.0,1585546000.0,1585546000.0,1585546000.0,0.0,0.0,0.328,1888403000.0,1013602000.0,38879000.0,0.0,6.368,30.071,29.684,623050000.0,0.0,33.84,9.862,9.835,599129000.0,2282961000.0,4834385000.0,4834385000.0,519937000.0,0.168,0.215,0.567,0.531,995863000.0,1315326000.0,1.0,1408953447.0,1405012000,1486876000.0,3.441,6528531000.0,0.0,983710000.0,0.0,4.647,2859964000.0
47,YHOO,MRT,2005-06-30,2005-06-30,2005-06-30,2021-08-25,23454000.0,9672367000.0,9025517000.0,4100850000.0,5571517000.0,0.489,5.504,-312913000.0,1920423000.0,1920423000.0,1730332000.0,1585078000.0,3.926,0.259,750000000.0,0.0,750000000.0,750000000.0,368871000.0,351789000.0,0.0,0.0,0.0,2522108000.0,2873897000.0,0.652,2873897000.0,2522108000.0,2522108000.0,1.15,1.08,1.15,7681602000.0,7028000750.0,7681602000.0,48046289811.0,19.0,16.718,1081141000.0,0.775,1.0,2680839000.0,0.608,3055091000.0,0.0,4402263000.0,4516649750.0,0.0,3004250000.0,1474101000.0,1530149000.0,1990765000.0,1044590000.0,946175000.0,48387199811.0,1392170000.0,-314102000.0,91187000.0,0.0,0.0,91987000.0,-105637000.0,557125000.0,1394054000.0,11766000.0,1585078000.0,1585078000.0,1585078000.0,0.0,0.0,0.359,1765189000.0,915650000.0,30909000.0,0.0,6.299,30.527,30.13,589373000.0,0.0,34.65,10.969,10.962,548408000.0,2029188000.0,4411171000.0,4411171000.0,468537000.0,0.176,0.226,0.558,0.572,923415000.0,1227337000.0,1.0,1396455983.0,1395596000,1484200000.0,3.161,6617276000.0,0.0,937030000.0,0.0,4.742,3056260000.0
48,YHOO,MRT,2005-03-31,2005-03-31,2005-03-31,2021-08-25,488116000.0,9304965000.0,8272432000.0,3923572000.0,5381393000.0,0.482,5.208,-274961000.0,1090910000.0,1090910000.0,1527557000.0,942901000.0,3.291,0.29,750000000.0,0.0,750000000.0,750000000.0,354905000.0,333082000.0,0.0,0.0,0.0,1436593000.0,1769675000.0,0.443,1769675000.0,1436593000.0,1436593000.0,0.69,0.65,0.69,7212178000.0,6347882000.0,7212178000.0,46951512415.0,33.0,26.531,964600000.0,0.696,1.0,2462916000.0,0.617,3075202000.0,0.0,4696578000.0,4193184250.0,0.0,3512189000.0,2241357000.0,1270832000.0,2092787000.0,1192275000.0,900512000.0,47025235415.0,459736000.0,-771808000.0,367879000.0,0.0,0.0,368679000.0,-1185615000.0,-158589000.0,1239561000.0,37111000.0,942901000.0,942901000.0,942901000.0,0.0,0.0,0.236,1659129000.0,803787000.0,25870000.0,0.0,6.52,49.873,49.13,552959000.0,0.0,33.9,11.784,11.766,514497000.0,1274499000.0,3990473000.0,3990473000.0,426392000.0,0.114,0.149,0.343,0.36,484937000.0,1147328000.0,1.0,1387175086.0,1384958000,1477811000.0,2.881,6229763000.0,0.0,493692000.0,0.0,4.498,2731297000.0
49,YHOO,MRT,2004-12-31,2004-12-31,2004-12-31,2021-08-25,535736000.0,9178201000.0,7494237500.0,4090475000.0,5087726000.0,0.477,5.247,-245501000.0,823723000.0,823723000.0,1342338000.0,839553000.0,3.464,0.292,750000000.0,0.0,750000000.0,750000000.0,345262000.0,311041000.0,0.0,0.0,0.0,1277519000.0,1588560000.0,0.444,1588560000.0,1277519000.0,1277519000.0,0.62,0.58,0.62,7101446000.0,5692710250.0,7101446000.0,51589663488.0,40.0,32.476,844320000.0,0.624,1.0,2232179000.0,0.624,3031623000.0,0.0,4892148000.0,3803077250.0,0.0,3970630000.0,2688252000.0,1282378000.0,2076755000.0,1180707000.0,896048000.0,51803191488.0,407831000.0,-761605000.0,580967000.0,0.0,0.0,580967000.0,-1292849000.0,-303728000.0,1089821000.0,29892000.0,839553000.0,839553000.0,839553000.0,0.0,0.0,0.235,1543598000.0,688581000.0,48205000.0,0.0,7.295,61.703,60.774,531696000.0,0.0,37.68,14.492,14.267,479993000.0,1069939000.0,3574517000.0,3574517000.0,380770000.0,0.112,0.147,0.336,0.357,441266000.0,1060911000.0,1.0,1374819307.0,1353439000,1452499000.0,2.641,6146578000.0,0.0,437966000.0,0.0,4.541,2909768000.0
50,YHOO,MRT,2004-09-30,2004-09-30,2004-09-30,2021-08-25,445803000.0,7946535000.0,6682600750.0,3469749000.0,4476786000.0,0.473,4.494,-197743000.0,963528000.0,963528000.0,1144252000.0,542048000.0,4.073,0.299,750000000.0,0.0,750000000.0,750000000.0,291170000.0,288207000.0,0.0,0.0,0.0,793596000.0,1081803000.0,0.342,1081803000.0,793596000.0,793596000.0,0.41,0.37,0.41,6116777000.0,5008221250.0,6116777000.0,46179295700.0,58.0,42.687,657218000.0,0.483,1.0,2016470000.0,0.638,2805601000.0,0.0,4075610000.0,3406731500.0,0.0,2870320000.0,1962872000.0,907448000.0,1829758000.0,851796000.0,977962000.0,46137175700.0,45319000.0,-758193000.0,477858000.0,0.0,0.0,477858000.0,-1299698000.0,-358144000.0,854961000.0,12198000.0,542048000.0,542048000.0,542048000.0,0.0,0.0,0.171,1468295000.0,548175000.0,41283000.0,0.0,7.543,85.116,82.707,484703000.0,0.0,33.91,14.597,14.603,384738000.0,697415000.0,3160722000.0,3160722000.0,339267000.0,0.081,0.108,0.233,0.251,262176000.0,962174000.0,1.0,1360577284.0,1361136000,1458610000.0,2.322,5140934000.0,0.0,251548000.0,0.0,3.777,2617953000.0
51,YHOO,MRT,2004-06-30,2004-06-30,2004-06-30,2021-08-25,-20373000.0,6660027000.0,5722393250.0,2012867000.0,4647160000.0,0.456,3.682,-170444000.0,707880000.0,707880000.0,859206000.0,354072000.0,2.537,0.342,750000000.0,0.0,750000000.0,750000000.0,213378000.0,239732000.0,0.0,0.0,0.0,578544000.0,818276000.0,0.313,818276000.0,578544000.0,578544000.0,0.27,0.25,0.27,4961127000.0,4160299250.0,4961127000.0,48980102358.0,85.0,59.858,552626000.0,0.41,1.0,1751622000.0,0.671,2800426000.0,0.0,3108401000.0,3119351000.0,0.0,1941943000.0,829387000.0,1112556000.0,1698900000.0,793320000.0,905580000.0,49020911358.0,-470430000.0,-723545000.0,492268000.0,0.0,0.0,492268000.0,-1694840000.0,-815384000.0,723070000.0,9072000.0,354072000.0,354072000.0,354072000.0,0.0,0.0,0.136,1292054000.0,459568000.0,27075000.0,0.0,9.881,138.449,134.815,463890000.0,0.0,36.4,18.776,18.786,337082000.0,444110000.0,2610828000.0,2610828000.0,289917000.0,0.062,0.085,0.185,0.222,236603000.0,868366000.0,1.0,1346728334.0,1347459000,1449707000.0,1.938,3859601000.0,0.0,224472000.0,0.0,2.864,1219547000.0
52,YHOO,MRT,2004-03-31,2004-03-31,2004-03-31,2021-08-25,10376000.0,6192187000.0,5037766750.0,1977945000.0,4214242000.0,0.417,3.457,-135515000.0,790809000.0,790809000.0,608665000.0,292388000.0,2.7,0.349,750000000.0,0.0,750000000.0,750000000.0,200991000.0,196807000.0,0.0,0.0,0.0,475496000.0,672303000.0,0.32,672303000.0,475496000.0,475496000.0,0.23,0.21,0.23,4591491000.0,3559225750.0,4591491000.0,32276763001.0,68.0,48.009,429976000.0,0.324,1.0,1491270000.0,0.71,2282588000.0,0.0,3136150000.0,2929961500.0,0.0,1999461000.0,767118000.0,1232343000.0,1600696000.0,732640000.0,868056000.0,32240302001.0,229630000.0,-193435000.0,371929000.0,733125000.0,0.0,1105054000.0,-1453903000.0,-1133909000.0,565491000.0,12988000.0,292388000.0,292388000.0,292388000.0,0.0,0.0,0.139,1118424000.0,372846000.0,15234000.0,0.0,7.022,110.265,105.37,449428000.0,0.0,24.235,15.353,15.328,281966000.0,331598000.0,2099935000.0,2099935000.0,247876000.0,0.058,0.082,0.162,0.226,198571000.0,769372000.0,1.0,1330319868.0,1328154000,1426548000.0,1.581,3909599000.0,0.0,183108000.0,0.0,2.944,1245305000.0
53,YHOO,MRT,2003-12-31,2003-12-31,2003-12-31,2021-08-25,3598000.0,5931654000.0,4228953000.0,1721709000.0,4209945000.0,0.384,3.538,-117329000.0,415892000.0,415892000.0,370092000.0,237879000.0,2.432,0.359,750000000.0,0.0,750000000.0,750000000.0,192278000.0,159688000.0,0.0,0.0,0.0,384903000.0,544591000.0,0.335,544591000.0,384903000.0,384903000.0,0.19,0.18,0.19,4363490000.0,3001576500.0,4363490000.0,29668230534.0,77.0,54.478,310815000.0,0.252,1.0,1255005000.0,0.772,2251201000.0,0.0,3306765000.0,2452269500.0,0.0,2150323000.0,893625000.0,1256698000.0,1568164000.0,707796000.0,860368000.0,29599748534.0,181819000.0,-377986000.0,353201000.0,733125000.0,0.0,1086326000.0,-1342337000.0,-846418000.0,428144000.0,9686000.0,237879000.0,237879000.0,237879000.0,0.0,0.0,0.146,959339000.0,295666000.0,31890000.0,0.0,6.784,124.432,118.5,449512000.0,0.0,22.515,18.214,17.089,282415000.0,230386000.0,1625097000.0,1625097000.0,207285000.0,0.056,0.079,0.157,0.237,146881000.0,687640000.0,1.0,1314667934.0,1233480000,1310796000.0,1.317,3680453000.0,0.0,147024000.0,0.0,2.984,1013913000.0
54,YHOO,MRT,2003-09-30,2003-09-30,2003-09-30,2021-08-25,61000.0,4105705000.0,3443584750.0,1502046000.0,2603659000.0,0.362,2.231,-96390000.0,681518000.0,681518000.0,179580000.0,209069000.0,3.055,0.507,750000000.0,0.0,750000000.0,750000000.0,150518000.0,125796000.0,0.0,0.0,0.0,337217000.0,463013000.0,0.371,463013000.0,337217000.0,337217000.0,0.175,0.175,0.175,2725089000.0,2476271500.0,2725089000.0,21266430283.0,63.0,45.931,309252000.0,0.253,1.0,1067382000.0,0.856,756511000.0,0.0,2926088000.0,2014557750.0,0.0,1807991000.0,564283000.0,1243708000.0,1380616000.0,491588000.0,889028000.0,21592012283.0,324046000.0,-228318000.0,242602000.0,733125000.0,0.0,975727000.0,-1060647000.0,-728977000.0,405642000.0,3324000.0,209069000.0,209069000.0,209069000.0,0.0,0.0,0.168,810767000.0,256615000.0,19771000.0,0.0,7.923,103.277,101.114,386443000.0,0.0,17.695,17.316,17.332,151024000.0,155367000.0,1246962000.0,1246962000.0,165650000.0,0.061,0.084,0.167,0.27,118159000.0,603846000.0,1.0,1220232398.0,1221394000,1274888000.0,1.021,3349194000.0,0.0,128148000.0,0.0,2.742,1010458000.0
55,YHOO,MRT,2003-06-30,2003-06-30,2003-06-30,2021-08-25,4599000.0,3921521000.0,3091235000.0,1818761000.0,2102760000.0,0.368,2.117,-71238000.0,1075582000.0,1075582000.0,173326000.0,172597000.0,3.807,0.534,750000000.0,0.0,750000000.0,750000000.0,155997000.0,122534000.0,0.0,0.0,0.0,279943000.0,402477000.0,0.353,402477000.0,279943000.0,279943000.0,0.15,0.15,0.15,2556833000.0,2333913000.0,2556833000.0,19246908290.0,69.0,47.821,271136000.0,0.224,1.0,965638000.0,0.848,767373000.0,0.0,2350843000.0,1633165500.0,0.0,1241637000.0,497400000.0,744237000.0,1364688000.0,477723000.0,886965000.0,19725351290.0,733838000.0,-228318000.0,71102000.0,733125000.0,0.0,804227000.0,-418190000.0,-111672000.0,342374000.0,5427000.0,172597000.0,172597000.0,172597000.0,0.0,0.0,0.152,763044000.0,202594000.0,19086000.0,0.0,7.715,114.286,109.0,371794000.0,0.0,16.35,17.319,17.342,142372000.0,90038000.0,1138964000.0,1138964000.0,155319000.0,0.056,0.074,0.171,0.246,99163000.0,570536000.0,1.0,1206443504.0,1208036000,1257154000.0,0.943,3154148000.0,0.0,107346000.0,0.0,2.611,1341038000.0
56,YHOO,MRT,2003-03-31,2003-03-31,2003-03-31,2021-08-25,-4285000.0,2956932000.0,2792295500.0,1076013000.0,1880919000.0,0.374,1.978,-64769000.0,478443000.0,478443000.0,168192000.0,143163000.0,2.251,0.252,0.0,0.0,0.0,0.0,148781000.0,115507000.0,0.0,0.0,0.0,234847000.0,350354000.0,0.336,350354000.0,234847000.0,234847000.0,0.13,0.125,0.13,2360894000.0,2244420500.0,2360894000.0,14041365347.0,60.0,40.078,288864000.0,0.242,1.0,875158000.0,0.839,775074000.0,0.0,1225382000.0,1407486500.0,0.0,928274000.0,387378000.0,540896000.0,596038000.0,478033000.0,118005000.0,14352337347.0,146042000.0,-228318000.0,-13937000.0,0.0,0.0,-13937000.0,-199885000.0,100164000.0,353633000.0,6231000.0,143163000.0,143163000.0,143163000.0,0.0,0.0,0.137,727818000.0,147340000.0,22095000.0,0.0,6.079,100.252,92.385,377480000.0,0.0,12.01,13.756,13.736,134190000.0,39210000.0,1043350000.0,1043350000.0,145382000.0,0.051,0.064,0.167,0.225,83636000.0,549948000.0,1.0,1195032252.0,1193284000,1231576000.0,0.874,2181858000.0,0.0,91684000.0,0.0,1.828,597980000.0
57,YHOO,MRT,2002-12-31,2002-12-31,2002-12-31,2021-08-25,-1082000.0,2790181000.0,2708761500.0,970004000.0,1820177000.0,0.352,1.905,-51553000.0,310972000.0,310972000.0,162881000.0,42815000.0,2.355,0.233,0.0,0.0,0.0,0.0,135501000.0,109389000.0,0.0,0.0,0.0,114105000.0,223494000.0,0.234,223494000.0,114105000.0,114105000.0,0.04,0.04,0.04,2262270000.0,2189150500.0,2262270000.0,9341814250.0,82.0,41.799,250895000.0,0.211,1.0,790186000.0,0.829,511477000.0,0.0,1555918000.0,1441157250.0,0.0,1226612000.0,463204000.0,763408000.0,527911000.0,411814000.0,116097000.0,9661133250.0,-99813000.0,-189168000.0,-21810000.0,0.0,0.0,-21810000.0,-384007000.0,-136324000.0,302448000.0,3556000.0,42815000.0,42815000.0,42815000.0,0.0,0.0,0.045,701998000.0,88188000.0,18738000.0,0.0,4.271,225.648,204.375,371272000.0,0.0,8.175,10.137,10.187,113612000.0,-7493000.0,953067000.0,953067000.0,141766000.0,0.016,0.02,0.079,0.12,68808000.0,530644000.0,1.0,1181790000.0,1187677000,1220120000.0,0.802,2278704000.0,0.0,71290000.0,0.0,1.919,558190000.0
58,YHOO,MRT,2002-09-30,2002-09-30,2002-09-30,2021-08-25,955000.0,2696306000.0,2606052750.0,936534000.0,1759772000.0,0.329,1.806,-49223000.0,319319000.0,319319000.0,157863000.0,-12053000.0,2.228,0.251,0.0,0.0,0.0,0.0,144351000.0,116223000.0,0.0,0.0,0.0,34341000.0,150564000.0,0.176,150564000.0,34341000.0,34341000.0,-0.005,-0.01,-0.005,2155655000.0,2115337250.0,2155655000.0,5443873470.0,159.0,36.157,186850000.0,0.157,1.0,698328000.0,0.816,556082000.0,0.0,1400519000.0,1411116000.0,0.0,1116274000.0,456371000.0,659903000.0,540651000.0,420386000.0,120265000.0,5747464470.0,-26744000.0,-189168000.0,-40379000.0,0.0,0.0,-43205000.0,-224665000.0,13726000.0,236073000.0,5053000.0,-12053000.0,-12053000.0,-12053000.0,0.0,0.0,-0.014,690814000.0,7514000.0,13151000.0,0.0,2.666,-476.849,-957.0,381816000.0,0.0,4.785,6.713,6.67,103573000.0,-53702000.0,856191000.0,856191000.0,131500000.0,-0.005,-0.006,0.024,0.04,43484000.0,499710000.0,1.0,1201142000.0,1193486000,1214268000.0,0.717,2140224000.0,0.0,46394000.0,0.0,1.793,516148000.0
59,YHOO,MRT,2002-06-30,2002-06-30,2002-06-30,2021-08-25,-3122000.0,2725763000.0,2520793500.0,972777000.0,1752986000.0,0.307,1.836,-52743000.0,303591000.0,303591000.0,157428000.0,-65029000.0,2.387,0.24,0.0,0.0,0.0,0.0,135811000.0,118553000.0,0.0,0.0,0.0,-33980000.0,84573000.0,0.109,84573000.0,-33980000.0,-33980000.0,-0.05,-0.055,-0.05,2198863000.0,2061563250.0,2198863000.0,8530623160.0,-251.0,100.867,139483000.0,0.116,1.0,616071000.0,0.796,566494000.0,0.0,1448127000.0,1477047500.0,0.0,1428153000.0,526411000.0,901742000.0,526900000.0,407551000.0,119349000.0,8824871160.0,-64729000.0,-189555000.0,5639000.0,0.0,0.0,42000.0,-261181000.0,-18883000.0,192226000.0,4184000.0,-65029000.0,-65029000.0,-65029000.0,0.0,0.0,-0.084,664396000.0,-48325000.0,14164000.0,0.0,4.013,-135.707,-147.6,135653000.0,0.0,7.38,11.409,11.425,86340000.0,-82559000.0,773499000.0,773499000.0,124077000.0,-0.026,-0.032,-0.023,-0.044,28692000.0,471466000.0,1.0,1195782000.0,1197480000,1231084000.0,0.646,2159269000.0,0.0,31049000.0,0.0,1.803,565226000.0
60,YHOO,MRT,2002-03-31,2002-03-31,2002-03-31,2021-08-25,-6061000.0,2622796000.0,2444495000.0,947614000.0,1675182000.0,0.299,1.823,-52043000.0,294248000.0,294248000.0,156279000.0,-134947000.0,2.428,0.226,0.0,0.0,0.0,0.0,125194000.0,123319000.0,0.0,0.0,0.0,-117976000.0,5343000.0,0.007,5343000.0,-117976000.0,-117976000.0,-0.115,-0.115,-0.115,2139814000.0,2015674500.0,2139814000.0,10616534511.0,-90.0,1986.999,31197000.0,0.027,1.0,573593000.0,0.786,578201000.0,0.0,1360065000.0,1535698250.0,0.0,1319626000.0,511098000.0,808528000.0,482982000.0,390282000.0,92700000.0,10989166511.0,-77227000.0,-191085000.0,23086000.0,0.0,0.0,17489000.0,-178125000.0,65003000.0,83240000.0,169000.0,-134947000.0,-134947000.0,-134947000.0,0.0,0.0,-0.185,703270000.0,-129677000.0,12715000.0,0.0,5.136,-81.433,-80.304,143635000.0,0.0,9.235,15.056,14.851,89850000.0,-103953000.0,729872000.0,729872000.0,121136000.0,-0.055,-0.067,-0.077,-0.162,15845000.0,458207000.0,1.0,1189947646.0,1173756000,1220040000.0,0.622,2044595000.0,0.0,16971000.0,0.0,1.742,557332000.0
61,YHOO,MRT,2001-12-31,2001-12-31,2001-12-31,2021-08-25,9322000.0,2379346000.0,2391202250.0,1051533000.0,1327813000.0,0.3,1.726,-86211000.0,372632000.0,372632000.0,157001000.0,-92788000.0,2.933,0.21,0.0,0.0,0.0,0.0,109402000.0,130575000.0,0.0,0.0,0.0,-81825000.0,48750000.0,0.068,48750000.0,-81825000.0,-81825000.0,-0.08,-0.08,-0.08,1967017000.0,1984527500.0,1967017000.0,9758853880.0,-119.0,200.182,20639000.0,0.018,1.0,560421000.0,0.781,212444000.0,0.0,1435753000.0,1615613250.0,0.0,1392875000.0,553795000.0,839080000.0,412329000.0,358517000.0,53812000.0,10104916880.0,-84245000.0,-19188000.0,23887000.0,0.0,0.0,18290000.0,-207173000.0,-101774000.0,106850000.0,-2212000.0,-92788000.0,-92788000.0,-92788000.0,0.0,0.0,-0.129,718691000.0,-158270000.0,13218000.0,0.0,5.137,-108.903,-110.875,131648000.0,0.0,8.87,14.085,14.088,68648000.0,-50308000.0,717422000.0,717422000.0,121475000.0,-0.039,-0.047,-0.051,-0.114,11099000.0,461814000.0,1.0,1139224000.0,1139448000,1139448000.0,0.63,2166902000.0,0.0,10963000.0,0.0,1.902,693016000.0
62,YHOO,MRT,2001-09-30,2001-09-30,2001-09-30,2021-08-25,4782000.0,2355269000.0,2363759750.0,1097411000.0,1257858000.0,0.355,1.697,-100497000.0,346063000.0,346063000.0,153339000.0,-181948000.0,3.181,0.214,0.0,0.0,0.0,0.0,109956000.0,114441000.0,0.0,0.0,0.0,-127515000.0,-13074000.0,-0.016,-13074000.0,-127515000.0,-127515000.0,-0.165,-0.15,-0.165,1940559000.0,1967001750.0,1940559000.0,4648514930.0,-36.0,-355.554,72308000.0,0.063,1.0,686045000.0,0.817,0.0,0.0,1664245000.0,1624541250.0,0.0,1393330000.0,635063000.0,758267000.0,414710000.0,344961000.0,69749000.0,5046834930.0,-176122000.0,-19188000.0,32260000.0,0.0,0.0,29489000.0,-371644000.0,-251959000.0,172805000.0,-6772000.0,-181948000.0,-181948000.0,-181948000.0,0.0,0.0,-0.217,731547000.0,-45502000.0,11322000.0,0.0,2.601,-27.738,-26.697,140162000.0,0.0,4.405,6.013,6.001,53157000.0,-41649000.0,839384000.0,839384000.0,128401000.0,-0.077,-0.093,-0.078,-0.152,53049000.0,497967000.0,1.0,1145706000.0,1143504000,1143504000.0,0.734,2355269000.0,0.0,54433000.0,0.0,2.06,752450000.0
63,YHOO,MRT,2001-06-30,2001-06-30,2001-06-30,2021-08-25,6324000.0,2420569000.0,2352400000.0,1145474000.0,1275095000.0,0.412,1.769,-106422000.0,398320000.0,398320000.0,153601000.0,-110164000.0,3.374,0.201,0.0,0.0,0.0,0.0,119455000.0,101040000.0,0.0,0.0,0.0,-11960000.0,89080000.0,0.092,89080000.0,-11960000.0,-11960000.0,-0.1,-0.09,-0.1,2015308000.0,1960369250.0,2015308000.0,10930955950.0,-914.0,122.709,211392000.0,0.186,1.0,815200000.0,0.841,0.0,0.0,1682730000.0,1566910250.0,0.0,1399612000.0,618968000.0,780644000.0,405261000.0,339519000.0,65742000.0,11332430950.0,-93016000.0,-18801000.0,204886000.0,0.0,0.0,204886000.0,-605494000.0,-480271000.0,317814000.0,-10222000.0,-110164000.0,-110164000.0,-110164000.0,0.0,0.0,-0.114,766581000.0,48619000.0,14467000.0,0.0,5.623,-102.869,-99.95,136500000.0,0.0,9.995,11.697,11.756,62186000.0,-17530000.0,968801000.0,968801000.0,128532000.0,-0.047,-0.056,-0.008,-0.012,90872000.0,520245000.0,1.0,1133810000.0,1139536000,1139536000.0,0.85,2420569000.0,0.0,98204000.0,0.0,2.124,805955000.0
64,YHOO,MRT,2001-03-31,2001-03-31,2001-03-31,2021-08-25,2913000.0,2409625000.0,2256754500.0,1129157000.0,1280468000.0,0.47,1.782,-120067000.0,401475000.0,401475000.0,153142000.0,-8309000.0,3.438,0.196,0.0,0.0,0.0,0.0,127236000.0,84855000.0,0.0,0.0,0.0,130752000.0,215607000.0,0.203,215607000.0,130752000.0,130752000.0,-0.005,0.0,-0.005,2015226000.0,1888781250.0,2015226000.0,8399453101.0,64.0,38.957,330882000.0,0.293,1.0,906444000.0,0.855,0.0,0.0,1679725000.0,1477243000.0,0.0,1373828000.0,609482000.0,764346000.0,394399000.0,328425000.0,65974000.0,8886330101.0,-274000.0,-17271000.0,244092000.0,0.0,0.0,244092000.0,-684465000.0,-547127000.0,450949000.0,-10850000.0,-8309000.0,-8309000.0,-8309000.0,0.0,0.0,-0.008,705073000.0,201371000.0,16675000.0,0.0,4.41,-1069.483,-1575.0,147521000.0,0.0,7.875,8.387,8.405,55727000.0,30994000.0,1059586000.0,1059586000.0,123277000.0,-0.004,-0.004,0.089,0.123,126956000.0,520263000.0,1.0,1128422870.0,1130894000,1130894000.0,0.937,2409625000.0,0.0,139061000.0,0.0,2.131,800732000.0
65,YHOO,MRT,2000-12-31,2000-12-31,2000-12-31,2021-08-25,23346000.0,2269576000.0,2127606500.0,1290869000.0,978707000.0,0.522,1.722,-94413000.0,486877000.0,486877000.0,149744000.0,70776000.0,4.148,0.196,0.0,0.0,0.0,0.0,117165000.0,69102000.0,0.0,0.0,0.0,258821000.0,327923000.0,0.295,327923000.0,258821000.0,258821000.0,0.065,0.06,0.065,1896914000.0,1790177750.0,1896914000.0,16264001332.0,63.0,49.597,415294000.0,0.377,1.0,960434000.0,0.865,0.0,0.0,1471465000.0,1387740500.0,0.0,1289334000.0,663353000.0,625981000.0,372662000.0,311234000.0,61428000.0,16786186332.0,179741000.0,0.0,352279000.0,0.0,0.0,355279000.0,-679144000.0,-584731000.0,509707000.0,-6101000.0,70776000.0,70776000.0,70776000.0,0.0,0.0,0.064,662614000.0,297820000.0,26040000.0,0.0,8.849,237.173,231.231,109781000.0,0.0,15.03,15.12,14.91,90561000.0,42480000.0,1110178000.0,1110178000.0,117268000.0,0.033,0.04,0.187,0.233,172525000.0,494233000.0,1.0,1116845398.0,1101314000,1221356000.0,1.008,2269576000.0,0.0,188045000.0,0.0,2.061,979635000.0
66,YHOO,MRT,2000-09-30,2000-09-30,2000-09-30,2021-08-25,24517000.0,2309830000.0,1940244750.0,1339018000.0,970812000.0,0.517,1.722,-85951000.0,522185000.0,522185000.0,136643000.0,206359000.0,3.783,0.207,0.0,0.0,0.0,0.0,152404000.0,59767000.0,0.0,0.0,0.0,375390000.0,435157000.0,0.434,435157000.0,375390000.0,375390000.0,0.195,0.17,0.195,1914029000.0,1628882250.0,1914029000.0,49545043545.0,132.0,113.856,432473000.0,0.389,1.0,865810000.0,0.864,0.0,0.0,1433721000.0,1281919250.0,0.0,1328410000.0,715338000.0,613072000.0,395801000.0,353924000.0,41877000.0,49989666545.0,378662000.0,0.0,478409000.0,0.0,0.0,485540000.0,-623217000.0,-537266000.0,518424000.0,-2085000.0,206359000.0,206359000.0,206359000.0,0.0,0.0,0.206,599842000.0,265968000.0,19293000.0,0.0,26.118,242.246,233.333,98098000.0,0.0,45.5,49.867,50.455,74496000.0,140299000.0,1002453000.0,1002453000.0,109388000.0,0.106,0.127,0.293,0.374,150252000.0,440737000.0,1.0,1098673990.0,1111614000,1225942000.0,0.902,2309830000.0,0.0,169031000.0,0.0,2.078,985094000.0
67,YHOO,MRT,2000-06-30,2000-06-30,2000-06-30,2021-08-25,61787000.0,2037987000.0,1626561250.0,1136577000.0,901410000.0,0.53,1.578,-75034000.0,444623000.0,444623000.0,122033000.0,169767000.0,4.22,0.179,0.0,0.0,0.0,0.0,125523000.0,52784000.0,0.0,0.0,0.0,309964000.0,362748000.0,0.42,362748000.0,309964000.0,309964000.0,0.16,0.14,0.16,1728956000.0,1371876500.0,1728956000.0,66973757758.0,216.0,184.629,337695000.0,0.308,1.0,740735000.0,0.859,0.0,0.0,1324061000.0,1112447250.0,0.0,1203304000.0,599587000.0,603717000.0,309031000.0,269303000.0,39728000.0,67310391758.0,225594000.0,-44817000.0,420688000.0,0.0,0.0,427378000.0,-613829000.0,-493978000.0,412729000.0,-684000.0,169767000.0,169767000.0,169767000.0,0.0,0.0,0.197,522072000.0,218663000.0,16446000.0,0.0,38.931,396.487,387.188,78984000.0,0.0,61.95,78.017,78.687,67650000.0,129303000.0,862768000.0,862768000.0,96952000.0,0.104,0.124,0.279,0.359,117018000.0,377589000.0,1.0,1086527712.0,1095858000,1227230000.0,0.787,2037987000.0,0.0,140197000.0,0.0,1.86,867274000.0
68,YHOO,MRT,2000-03-31,2000-03-31,2000-03-31,2021-08-25,109183000.0,1893033000.0,1354844750.0,1072008000.0,821025000.0,0.53,1.503,-56619000.0,336634000.0,336634000.0,107268000.0,116173000.0,4.568,0.168,0.0,0.0,0.0,0.0,114899000.0,47346000.0,0.0,0.0,0.0,194352000.0,241698000.0,0.336,241698000.0,194352000.0,194352000.0,0.11,0.095,0.11,1620812000.0,1143130750.0,1620812000.0,91737660014.0,472.0,379.555,242860000.0,0.225,1.0,611119000.0,0.851,0.0,0.0,1321715000.0,941068750.0,0.0,1207172000.0,655304000.0,551868000.0,272221000.0,234684000.0,37537000.0,91971611014.0,97932000.0,-44817000.0,377827000.0,0.0,0.0,383919000.0,-584690000.0,-483254000.0,299479000.0,-776000.0,116173000.0,116173000.0,116173000.0,0.0,0.0,0.162,499096000.0,112023000.0,14521000.0,0.0,56.744,791.678,779.091,64391000.0,0.0,85.7,128.025,128.605,59719000.0,63844000.0,718387000.0,718387000.0,84580000.0,0.086,0.102,0.207,0.271,69362000.0,312156000.0,1.0,1073180992.0,1078040000,1233214000.0,0.666,1893033000.0,0.0,78179000.0,0.0,1.756,837324000.0
69,YHOO,MRT,1999-12-31,1999-12-31,1999-12-31,2021-08-25,128671000.0,1520129000.0,1079506250.0,991466000.0,528663000.0,0.548,1.212,-52426000.0,277136000.0,277136000.0,93181000.0,47811000.0,5.089,0.214,0.0,0.0,0.0,0.0,90790000.0,42661000.0,0.0,0.0,0.0,83623000.0,126284000.0,0.213,126284000.0,83623000.0,83623000.0,0.045,0.04,0.045,1251732000.0,908820000.0,1251732000.0,113762530185.0,1360.0,900.847,152070000.0,0.147,1.0,498605000.0,0.843,0.0,0.0,1048180000.0,739170500.0,0.0,978131000.0,638508000.0,339623000.0,268397000.0,194813000.0,73584000.0,113904072185.0,36900000.0,-44817000.0,281055000.0,0.0,0.0,284147000.0,-451495000.0,-354252000.0,204496000.0,-248000.0,47811000.0,47811000.0,47811000.0,0.0,0.0,0.081,450112000.0,48493000.0,14341000.0,0.0,90.997,2382.382,2403.889,60798000.0,0.0,108.175,192.475,188.73,56454000.0,-25842000.0,591786000.0,591786000.0,72368000.0,0.044,0.053,0.113,0.141,32202000.0,266421000.0,1.0,1052961148.0,1032474000,1199116000.0,0.573,1520129000.0,0.0,35812000.0,0.0,1.472,796653000.0
70,YHOO,MRT,1999-09-30,1999-09-30,1999-09-30,2021-08-25,22473000.0,1055096000.0,894728750.0,734234000.0,320862000.0,0.536,0.853,-42827000.0,141542000.0,141542000.0,89894000.0,15479000.0,4.655,0.191,0.0,0.0,0.0,0.0,72365000.0,38735000.0,0.0,0.0,0.0,33215000.0,71950000.0,0.15,71950000.0,33215000.0,33215000.0,0.015,0.015,0.015,886006000.0,765140000.0,886006000.0,46305394904.0,1394.0,643.577,106897000.0,0.103,1.0,389725000.0,0.813,0.0,0.0,755833000.0,590657750.0,0.0,704996000.0,534770000.0,170226000.0,169090000.0,157721000.0,11369000.0,46489521904.0,-165388000.0,-53825000.0,148972000.0,0.0,0.0,146236000.0,-461247000.0,-364595000.0,149724000.0,-101000.0,15479000.0,15479000.0,15479000.0,0.0,0.0,0.032,389036000.0,689000.0,11225000.0,0.0,52.471,3003.393,2991.667,44529000.0,0.0,44.875,96.93,97.189,43886000.0,-56291000.0,479619000.0,479619000.0,57220000.0,0.017,0.02,0.056,0.069,15244000.0,225823000.0,1.0,1035978204.0,1038742000,1190884000.0,0.462,1055096000.0,0.0,17736000.0,0.0,1.016,576513000.0
71,YHOO,MRT,1999-06-30,1999-06-30,1999-06-30,2021-08-25,78165000.0,951121000.0,763486250.0,597950000.0,353171000.0,0.511,0.795,-37523000.0,184127000.0,184127000.0,77759000.0,8655000.0,4.655,0.168,0.0,0.0,0.0,0.0,63932000.0,33535000.0,0.0,0.0,0.0,13111000.0,46646000.0,0.12,46646000.0,13111000.0,13111000.0,0.01,0.008,0.01,813973000.0,659895250.0,813973000.0,35037979055.0,2672.0,751.146,72306000.0,0.071,1.0,312287000.0,0.801,0.0,0.0,638547000.0,479227250.0,0.0,586642000.0,366802000.0,219840000.0,137148000.0,128447000.0,8701000.0,35213442055.0,120934000.0,-9008000.0,498931000.0,0.0,0.0,470694000.0,-459734000.0,-413203000.0,109829000.0,145000.0,8655000.0,8655000.0,8655000.0,0.0,0.0,0.022,328927000.0,-16640000.0,9601000.0,0.0,43.261,4068.566,4307.5,34230000.0,0.0,43.075,90.28,113.045,34052000.0,-55216000.0,390046000.0,390046000.0,48224000.0,0.011,0.013,0.027,0.034,17223000.0,199107000.0,1.0,817491400.0,1023624000,1023624000.0,0.381,951121000.0,0.0,4456000.0,0.0,0.929,469503000.0
72,YHOO,MRT,1999-03-31,1999-03-31,1999-03-31,2021-08-25,77319000.0,791679000.0,582238250.0,472321000.0,319358000.0,0.526,0.678,-32883000.0,184463000.0,184463000.0,60615000.0,-5330000.0,4.626,0.158,9000000.0,9000000.0,0.0,9000000.0,45498000.0,25335000.0,0.0,0.0,0.0,21934000.0,47269000.0,0.154,47269000.0,21934000.0,21934000.0,-0.01,-0.012,-0.01,683569000.0,500188250.0,683569000.0,33640568970.0,1534.0,711.684,69467000.0,0.069,1.0,245810000.0,0.802,0.0,0.0,514122000.0,342797500.0,0.0,470381000.0,251858000.0,218523000.0,108110000.0,102094000.0,6016000.0,33766042970.0,200151000.0,-9008000.0,475780000.0,0.0,0.0,473604000.0,-375982000.0,-334091000.0,102350000.0,179000.0,-5330000.0,-5929000.0,-5929000.0,0.0,0.0,-0.019,248184000.0,-2374000.0,9519000.0,0.0,49.397,-5695.065,-4210.0,19925000.0,599000.0,42.1,110.193,138.503,26876000.0,7993000.0,306425000.0,306425000.0,40067000.0,-0.01,-0.012,0.064,0.072,28137000.0,170815000.0,1.0,802043776.0,1008096000,1189852000.0,0.304,791679000.0,0.0,27264000.0,0.0,0.785,370227000.0
73,YHOO,MRT,1998-12-31,1998-12-31,1998-12-31,2021-08-25,858000.0,781019000.0,424419750.0,617732000.0,163287000.0,0.578,0.769,-23015000.0,230961000.0,230961000.0,52200000.0,-13641000.0,6.439,0.154,0.0,0.0,0.0,0.0,39796000.0,16484000.0,0.0,0.0,0.0,4186000.0,20670000.0,0.084,20670000.0,4186000.0,4186000.0,-0.015,-0.015,-0.015,677012000.0,360967500.0,677012000.0,23217980677.0,5547.0,1123.27,58367000.0,0.066,1.0,192932000.0,0.787,0.0,0.0,454129000.0,234812500.0,0.0,397753000.0,341822000.0,55931000.0,104007000.0,95929000.0,8078000.0,23379847677.0,148129000.0,-9008000.0,452337000.0,0.0,0.0,450161000.0,-383699000.0,-351676000.0,81382000.0,285000.0,-13641000.0,-13641000.0,-13641000.0,0.0,0.0,-0.056,207645000.0,-14713000.0,9986000.0,0.0,34.534,-1713.939,-1974.167,31007000.0,0.0,29.613,95.377,106.338,34089000.0,-71861000.0,245132000.0,245132000.0,34104000.0,-0.032,-0.038,0.018,0.017,17827000.0,149679000.0,1.0,789526304.0,880262000,880262000.0,0.278,781019000.0,0.0,17827000.0,0.0,0.887,521803000.0
74,YHOO,MRT,1998-09-30,1998-09-30,1998-09-30,2021-08-25,11575000.0,530126000.0,265043000.0,412091000.0,118035000.0,0.693,0.5,-19228000.0,161867000.0,161867000.0,40339000.0,-28494000.0,7.087,0.14,0.0,0.0,0.0,0.0,28614000.0,12886000.0,0.0,0.0,0.0,-18812000.0,-5926000.0,-0.032,-5926000.0,-18812000.0,-18812000.0,-0.034,-0.036,-0.034,465027000.0,221304000.0,465027000.0,12042686040.0,-640.0,-2032.178,17380000.0,0.019,1.0,143297000.0,0.78,0.0,0.0,310111000.0,135156000.0,0.0,288584000.0,226710000.0,61874000.0,65099000.0,58148000.0,6951000.0,12131964040.0,247098000.0,-2294000.0,476744000.0,-1297000.0,0.0,475470000.0,-264776000.0,-243254000.0,36608000.0,-204000.0,-28494000.0,-29093000.0,-29093000.0,0.0,0.0,-0.158,173885000.0,-30588000.0,6967000.0,0.0,26.089,-417.006,-476.103,10766000.0,599000.0,16.188,66.065,81.946,19840000.0,-17345000.0,183636000.0,183636000.0,28915000.0,-0.11,-0.131,-0.139,-0.102,9734000.0,124625000.0,1.0,749464960.0,929616000,1119368000.0,0.198,530126000.0,0.0,9682000.0,0.0,0.57,353943000.0
75,YHOO,MRT,1998-06-30,1998-06-30,1998-06-30,2021-08-25,-346000.0,226129000.0,163950000.0,164136000.0,61993000.0,0.826,0.241,-14466000.0,89278000.0,89278000.0,28612000.0,-32062000.0,3.728,0.291,0.0,0.0,0.0,0.0,18533000.0,7123000.0,0.0,0.0,0.0,-27931000.0,-20808000.0,-0.154,-20808000.0,-27931000.0,-27931000.0,-0.037,-0.037,-0.037,175145000.0,132554250.0,175145000.0,7245176675.0,-259.0,-348.192,-2636000.0,-0.004,1.0,106868000.0,0.789,0.0,0.0,92828000.0,71399000.0,0.0,60822000.0,53852000.0,6970000.0,50984000.0,44023000.0,6961000.0,7290153675.0,47083000.0,-2294000.0,65009000.0,-1151000.0,0.0,90219000.0,-54707000.0,-37947000.0,11830000.0,-259000.0,-32062000.0,-32661000.0,-32661000.0,0.0,0.0,-0.241,141284000.0,-34416000.0,6000000.0,0.0,41.624,-223.207,-266.047,8987000.0,599000.0,9.844,53.81,52.707,16795000.0,-31166000.0,135480000.0,135480000.0,23207000.0,-0.199,-0.246,-0.391,-0.206,431000.0,98937000.0,1.0,740587040.0,725408000,725408000.0,0.187,226129000.0,0.0,4131000.0,0.0,0.312,120113000.0
76,YHOO,MRT,1998-03-31,1998-03-31,1998-03-31,2021-08-25,-378000.0,160405000.0,136350500.0,134639000.0,25766000.0,0.767,0.184,-11158000.0,44977000.0,44977000.0,22739000.0,-39366000.0,4.05,0.266,0.0,0.0,0.0,0.0,10102000.0,5211000.0,0.0,0.0,0.0,-38295000.0,-33084000.0,-0.316,-33084000.0,-38295000.0,-38295000.0,-0.049,-0.049,-0.049,126686000.0,115008500.0,126686000.0,4173977586.0,-109.0,-126.163,-4004000.0,-0.006,1.0,81900000.0,0.783,0.0,0.0,82182000.0,59200750.0,0.0,82431000.0,71920000.0,10511000.0,33719000.0,33246000.0,473000.0,4236515586.0,34301000.0,-2294000.0,55769000.0,-521000.0,0.0,56746000.0,-29318000.0,-15866000.0,7154000.0,-281000.0,-39366000.0,-39366000.0,-39366000.0,0.0,0.0,-0.376,125821000.0,-43921000.0,5312000.0,0.0,33.441,-107.619,-117.908,8007000.0,0.0,5.777,40.487,38.115,12978000.0,-23686000.0,104639000.0,104639000.0,19214000.0,-0.289,-0.342,-0.647,-0.366,83000.0,81512000.0,1.0,733278336.0,690312000,855464000.0,0.152,160405000.0,0.0,1071000.0,0.0,0.232,101393000.0
77,YHOO,MRT,1997-12-31,1997-12-31,1997-12-31,2021-08-25,-443000.0,143512000.0,123925250.0,108488000.0,35024000.0,0.679,0.151,-10824000.0,63571000.0,63571000.0,19882000.0,-43376000.0,4.439,0.213,0.0,0.0,0.0,0.0,5085000.0,4644000.0,0.0,0.0,0.0,-43376000.0,-38732000.0,-0.461,-38732000.0,-43376000.0,-43376000.0,-0.055,-0.055,-0.055,118358000.0,109087000.0,118358000.0,2928906596.0,-68.0,-75.62,-25563000.0,-0.033,1.0,64226000.0,0.764,0.0,0.0,55503000.0,56191250.0,0.0,44474000.0,27772000.0,16702000.0,25154000.0,24438000.0,716000.0,2984660596.0,53195000.0,-2294000.0,52009000.0,0.0,0.0,53507000.0,14807000.0,27925000.0,-14739000.0,-380000.0,-43376000.0,-43376000.0,-43376000.0,0.0,0.0,-0.516,113138000.0,-48912000.0,6668000.0,0.0,25.217,-68.809,-78.693,7364000.0,0.0,4.328,35.486,40.297,11163000.0,-32963000.0,84108000.0,84108000.0,16699000.0,-0.35,-0.398,-0.772,-0.516,0.0,71344000.0,1.0,689596672.0,783084000,783084000.0,0.107,143512000.0,0.0,0.0,0.0,0.183,84050000.0
78,YHOO,MRT,1997-09-30,1997-09-30,1997-09-30,2021-08-25,0.0,125754000.0,116289250.0,114023000.0,11731000.0,0.458,0.155,-5727000.0,55754000.0,55754000.0,9140000.0,-25608000.0,7.644,0.143,0.0,0.0,0.0,0.0,4332000.0,1794000.0,0.0,0.0,0.0,-25608000.0,-23814000.0,-0.447,-23814000.0,-25608000.0,-25608000.0,-0.037,-0.037,-0.037,110028000.0,105548750.0,110028000.0,2088785018.0,-82.0,-87.712,-9854000.0,-0.014,1.0,44134000.0,0.828,0.0,0.0,55083000.0,60107500.0,0.0,47979000.0,42748000.0,5231000.0,15726000.0,14917000.0,809000.0,2150372018.0,29011000.0,729000.0,-52109000.0,1425000.0,0.0,14534000.0,18730000.0,23728000.0,-4127000.0,-126000.0,-25608000.0,-25608000.0,-25608000.0,0.0,0.0,-0.481,76046000.0,-31912000.0,2627000.0,0.0,19.544,-83.973,-84.679,4214000.0,0.0,3.133,40.364,41.618,8331000.0,-21665000.0,53274000.0,53274000.0,10584000.0,-0.22,-0.243,-0.426,-0.481,530000.0,44217000.0,1.0,686334576.0,707648000,827568000.0,0.075,125754000.0,0.0,0.0,0.0,0.178,99106000.0
79,YHOO,MRT,1997-06-30,1997-06-30,1997-06-30,2021-08-25,0.0,115731000.0,111572500.0,109483000.0,6248000.0,0.364,0.152,-5088000.0,61587000.0,61587000.0,7790000.0,-27434000.0,10.83,0.103,0.0,0.0,0.0,0.0,1752000.0,1272000.0,0.0,0.0,0.0,-27434000.0,-26162000.0,-0.644,-26162000.0,-27434000.0,-27434000.0,-0.04,-0.04,-0.04,104962000.0,103518250.0,104962000.0,945966649.0,-34.0,-36.158,-12258000.0,-0.018,1.0,32865000.0,0.808,0.0,0.0,44035000.0,64957250.0,0.0,38147000.0,37268000.0,879000.0,10769000.0,10109000.0,660000.0,979130649.0,-323000.0,0.0,-54188000.0,1279000.0,0.0,12363000.0,-5429000.0,-341000.0,-7170000.0,-87000.0,-27434000.0,-27434000.0,-27434000.0,0.0,0.0,-0.675,66647000.0,-33782000.0,1852000.0,0.0,9.328,-35.69,-36.719,3286000.0,0.0,1.469,24.084,24.94,6716000.0,-23302000.0,40655000.0,40655000.0,9026000.0,-0.246,-0.265,-0.422,-0.675,370000.0,36376000.0,1.0,666642144.0,690336000,690336000.0,0.059,115731000.0,0.0,0.0,0.0,0.168,99374000.0
80,YHOO,MRT,1997-03-31,1997-03-31,1997-03-31,2021-08-25,0.0,110704000.0,109081750.0,99375000.0,11329000.0,0.273,0.152,-4524000.0,33164000.0,33164000.0,5992000.0,-7248000.0,13.436,0.075,0.0,0.0,0.0,0.0,1201000.0,897000.0,0.0,0.0,0.0,-7248000.0,-6351000.0,-0.213,-6351000.0,-7248000.0,-7248000.0,-0.011,-0.011,-0.011,103000000.0,103034750.0,103000000.0,734333864.0,-101.0,-115.625,-15168000.0,-0.022,1.0,23830000.0,0.799,0.0,0.0,70144000.0,63967000.0,0.0,62518000.0,56610000.0,5908000.0,7704000.0,7396000.0,308000.0,766198864.0,1521000.0,0.0,-20559000.0,649000.0,0.0,44762000.0,-32500000.0,-27976000.0,-10644000.0,-97000.0,-7248000.0,-7248000.0,-7248000.0,0.0,0.0,-0.243,36986000.0,-13156000.0,2097000.0,0.0,7.439,-105.712,-106.553,2817000.0,0.0,1.172,25.692,26.557,4896000.0,-2758000.0,29822000.0,29822000.0,7619000.0,-0.066,-0.07,-0.113,-0.243,271000.0,29367000.0,1.0,653706816.0,675696000,675696000.0,0.044,110704000.0,0.0,0.0,0.0,0.164,91979000.0
81,YHOO,MRT,1996-12-31,1996-12-31,1996-12-31,2021-08-25,-63000.0,112968000.0,59633000.0,99702000.0,13266000.0,0.36,0.166,-3442000.0,33547000.0,33547000.0,4722000.0,-6427000.0,12.081,0.084,0.0,0.0,0.0,0.0,1347000.0,639000.0,0.0,0.0,0.0,-6427000.0,-5788000.0,-0.269,-5788000.0,-6427000.0,-6427000.0,-0.01,-0.01,-0.01,104205000.0,54827500.0,104205000.0,423118077.0,-66.0,-73.103,-5836000.0,-0.009,1.0,16768000.0,0.78,0.0,0.0,71168000.0,35660500.0,0.0,71166000.0,60689000.0,10477000.0,8763000.0,8253000.0,510000.0,450826077.0,28521000.0,0.0,42484000.0,0.0,0.0,107156000.0,-76178000.0,-72736000.0,-2394000.0,-63000.0,-6427000.0,-6427000.0,-6427000.0,0.0,0.0,-0.299,27702000.0,-10934000.0,2188000.0,0.0,4.326,-70.146,-70.833,2789000.0,0.0,0.708,20.978,20.739,5082000.0,-5084000.0,21490000.0,21490000.0,5700000.0,-0.108,-0.117,-0.18,-0.299,197000.0,22002000.0,1.0,636460344.0,629200000,629200000.0,0.034,112968000.0,0.0,0.0,0.0,0.18,91449000.0
82,YHOO,MRT,1996-09-30,1996-09-30,1996-09-30,2021-08-25,0.0,106887000.0,,90207000.0,16680000.0,,0.16,-1836000.0,27708000.0,27708000.0,1852000.0,-2503000.0,19.205,0.049,0.0,0.0,0.0,0.0,279000.0,490000.0,0.0,0.0,0.0,-2503000.0,-2013000.0,-0.173,-2013000.0,-2503000.0,-2503000.0,-0.005,-0.005,-0.005,101906000.0,,101906000.0,452438025.0,-181.0,-224.758,-3031000.0,-0.005,1.0,9792000.0,0.841,0.0,0.0,74482000.0,,0.0,73806000.0,58747000.0,15059000.0,4981000.0,4697000.0,284000.0,515392025.0,27674000.0,-729000.0,98586000.0,-128000.0,0.0,104903000.0,-76034000.0,-73469000.0,-1195000.0,0.0,-2503000.0,-2503000.0,-2503000.0,0.0,0.0,-0.215,14948000.0,-5156000.0,1374000.0,0.0,5.058,-205.91,-163.542,1621000.0,0.0,0.818,44.262,44.67,3101000.0,-3064000.0,11644000.0,11644000.0,2948000.0,,,,-0.215,0.0,12000000.0,1.0,630288336.0,636096000,636096000.0,0.018,106887000.0,0.0,0.0,0.0,0.168,85510000.0
83,YHOO,MRT,1996-06-30,1996-06-30,1996-06-30,2021-08-25,0.0,105768000.0,,90115000.0,15653000.0,,0.162,-767000.0,62954000.0,62954000.0,859000.0,-1729000.0,32.889,0.027,0.0,0.0,0.0,0.0,401000.0,296000.0,0.0,0.0,0.0,-1729000.0,-1433000.0,-0.223,-1433000.0,-1729000.0,-1729000.0,-0.004,-0.004,-0.004,103028000.0,,103028000.0,,,,-2339000.0,-0.004,1.0,5558000.0,0.866,0.0,0.0,40074000.0,,0.0,39226000.0,24252000.0,14974000.0,2740000.0,2740000.0,0.0,761598406.0,62512000.0,0.0,98602000.0,-128000.0,0.0,104469000.0,-40385000.0,-39618000.0,-1572000.0,0.0,-1729000.0,-1729000.0,-1729000.0,0.0,0.0,-0.269,8516000.0,-2958000.0,470000.0,0.0,7.392,-440.485,-302.083,679000.0,0.0,1.208,118.684,119.561,1999000.0,-1919000.0,6417000.0,6417000.0,1652000.0,,,,-0.269,0.0,6864000.0,1.0,630288336.0,634944000,634944000.0,0.01,105768000.0,0.0,0.0,0.0,0.167,87375000.0
84,YHOO,MRT,1996-03-31,1996-03-31,1996-03-31,2021-08-25,,,,,,,,,,,365000.0,-718000.0,,,,,,,,,,,0.0,-718000.0,,,,-718000.0,-718000.0,-0.002,-0.002,-0.002,,,,,,,,,1.0,2778000.0,0.884,,0.0,,,,,,,,,,,,,,,,,,,,,-718000.0,-718000.0,-718000.0,0.0,0.0,-0.228,3767000.0,-989000.0,,0.0,,,,,0.0,,,,,,3143000.0,3143000.0,633000.0,,,,-0.228,,3134000.0,1.0,,664584000,664584000.0,0.005,,,0.0,,,
85,YHOO,MRT,1995-12-31,1995-12-31,1995-12-31,2021-08-25,0.0,6298000.0,,6112000.0,186000.0,,0.012,-192000.0,5297000.0,5297000.0,198000.0,-799000.0,7.208,0.156,0.0,0.0,0.0,0.0,174000.0,145000.0,0.0,,0.0,-799000.0,-654000.0,-0.464,-654000.0,-799000.0,-799000.0,-0.002,-0.002,-0.002,5450000.0,,5450000.0,,,,-888000.0,-0.002,1.0,1212000.0,0.86,0.0,0.0,153000.0,,0.0,0.0,0.0,0.0,848000.0,848000.0,0.0,,5535000.0,0.0,820000.0,0.0,0.0,6815000.0,-584000.0,-392000.0,-696000.0,0.0,-799000.0,-799000.0,-799000.0,0.0,0.0,-0.567,2090000.0,-878000.0,154000.0,0.0,,,,186000.0,0.0,,,,815000.0,-634000.0,1410000.0,1410000.0,303000.0,,,,-0.567,0.0,1787000.0,1.0,,436912000,436912000.0,0.003,6298000.0,0.0,0.0,0.0,0.014,5264000.0
86,YHOO,MRT,1995-09-30,1995-09-30,1995-09-30,2021-08-25,,,,,,,,,,,,,,,,,,,,,,,0.0,,,,,,,,,,,,,,,,,,1.0,,,,,,,,,,,,,,,,,,,,,,,,,,,,,,,,,,,,,,,,,,,,,,,,,,,,,,1.0,,540984000,,,,,,,,
87,YHOO,MRT,1995-06-30,1995-06-30,1995-06-30,2021-08-25,,,,,,,,,,,,,,,,,,,,,,,0.0,,,,,,,,,,,,,,,,,,1.0,,,,,,,,,,,,,,,,,,,,,,,,,,,,,,,,,,,,,,,,,,,,,,,,,,,,,,1.0,,540984000,,,,,,,,
