None,ticker,dimension,calendardate,datekey,reportperiod,lastupdated,accoci,assets,assetsavg,assetsc,assetsnc,assetturnover,bvps,capex,cashneq,cashnequsd,cor,consolinc,currentratio,de,debt,debtc,debtnc,debtusd,deferredrev,depamor,deposits,divyield,dps,ebit,ebitda,ebitdamargin,ebitdausd,ebitusd,ebt,eps,epsdil,epsusd,equity,equityavg,equityusd,ev,evebit,evebitda,fcf,fcfps,fxusd,gp,grossmargin,intangibles,intexp,invcap,invcapavg,inventory,investments,investmentsc,investmentsnc,liabilities,liabilitiesc,liabilitiesnc,marketcap,ncf,ncfbus,ncfcommon,ncfdebt,ncfdiv,ncff,ncfi,ncfinv,ncfo,ncfx,netinc,netinccmn,netinccmnusd,netincdis,netincnci,netmargin,opex,opinc,payables,payoutratio,pb,pe,pe1,ppnenet,prefdivis,price,ps,ps1,receivables,retearn,revenue,revenueusd,rnd,roa,roe,roic,ros,sbcomp,sgna,sharefactor,sharesbas,shareswa,shareswadil,sps,tangibles,taxassets,taxexp,taxliabilities,tbvps,workingcapital
0,WM,MRY,2020-12-31,2020-12-31,2020-12-31,2021-07-27,39000000.0,29345000000.0,26978500000.0,3540000000.0,25805000000.0,0.564,17.633,-1632000000.0,900000000.0,900000000.0,9341000000.0,1496000000.0,0.996,2.938,13810000000.0,551000000.0,13259000000.0,13810000000.0,539000000.0,1671000000.0,0.0,0.018,2.18,2318000000.0,3989000000.0,0.262,3989000000.0,2318000000.0,1893000000.0,3.54,3.52,3.54,7452000000.0,7060250000.0,7452000000.0,59187948458.0,26.0,14.838,1771000000.0,4.191,1.0,5877000000.0,0.386,10018000000.0,425000000.0,28684000000.0,25927250000.0,124000000.0,426000000.0,0.0,426000000.0,21891000000.0,3553000000.0,18338000000.0,49837948458.0,-2999000000.0,-3200000000.0,-339000000.0,-239000000.0,-927000000.0,-1559000000.0,-4847000000.0,0.0,3403000000.0,4000000.0,1496000000.0,1496000000.0,1496000000.0,0.0,0.0,0.098,3443000000.0,2434000000.0,1121000000.0,0.616,6.688,33.314,33.314,14148000000.0,0.0,117.93,3.275,3.275,2624000000.0,11159000000.0,15218000000.0,15218000000.0,0.0,0.055,0.212,0.089,0.152,94000000.0,1728000000.0,1.0,422606194.0,422606194.0,,36.01,19327000000.0,0.0,397000000.0,1806000000.0,45.733,-13000000.0
1,WM,MRY,2019-12-31,2019-12-31,2019-12-31,2021-07-27,-8000000.0,27743000000.0,26052750000.0,6209000000.0,21534000000.0,0.593,16.66,-1818000000.0,3874000000.0,3874000000.0,9496000000.0,1671000000.0,1.975,2.925,13498000000.0,218000000.0,13280000000.0,13498000000.0,534000000.0,1574000000.0,0.0,0.018,2.05,2515000000.0,4089000000.0,0.265,4089000000.0,2515000000.0,2104000000.0,3.93,3.91,3.93,7068000000.0,6683500000.0,7068000000.0,58453527152.0,23.0,14.295,2056000000.0,4.846,1.0,5959000000.0,0.386,7053000000.0,411000000.0,27170000000.0,25793750000.0,106000000.0,483000000.0,0.0,483000000.0,20673000000.0,3144000000.0,17529000000.0,48346527152.0,3464000000.0,-472000000.0,-181000000.0,3065000000.0,-876000000.0,1964000000.0,-2376000000.0,0.0,3874000000.0,2000000.0,1670000000.0,1670000000.0,1670000000.0,0.0,1000000.0,0.108,3253000000.0,2706000000.0,1065000000.0,0.522,6.84,28.95,28.997,12893000000.0,0.0,113.96,3.128,3.128,2319000000.0,10592000000.0,15455000000.0,15455000000.0,0.0,0.064,0.25,0.098,0.163,86000000.0,1631000000.0,1.0,424241200.0,424241200.0,,36.43,20690000000.0,0.0,434000000.0,1407000000.0,48.769,3065000000.0
2,WM,MRY,2018-12-31,2018-12-31,2018-12-31,2021-07-27,-87000000.0,22650000000.0,22340250000.0,2645000000.0,20005000000.0,0.668,14.718,-1694000000.0,357000000.0,357000000.0,9249000000.0,1923000000.0,0.851,2.609,10026000000.0,432000000.0,9594000000.0,10026000000.0,522000000.0,1477000000.0,0.0,0.021,1.86,2752000000.0,4229000000.0,0.284,4229000000.0,2752000000.0,2378000000.0,4.49,4.45,4.49,6275000000.0,6153000000.0,6275000000.0,47479621933.0,17.0,11.227,1876000000.0,4.4,1.0,5665000000.0,0.38,7002000000.0,374000000.0,22209000000.0,21689250000.0,102000000.0,406000000.0,0.0,406000000.0,16374000000.0,3108000000.0,13266000000.0,37940621933.0,-110000000.0,-252000000.0,-952000000.0,313000000.0,-802000000.0,-1508000000.0,-2169000000.0,0.0,3570000000.0,-3000000.0,1925000000.0,1925000000.0,1925000000.0,0.0,-2000000.0,0.129,2876000000.0,2789000000.0,1037000000.0,0.414,6.046,19.709,19.82,11942000000.0,0.0,88.99,2.544,2.544,2275000000.0,9797000000.0,14914000000.0,14914000000.0,0.0,0.086,0.313,0.127,0.185,89000000.0,1453000000.0,1.0,426347027.0,426347027.0,,34.981,15648000000.0,0.0,453000000.0,1291000000.0,36.702,-463000000.0
3,WM,MRY,2017-12-31,2017-12-31,2017-12-31,2021-07-27,8000000.0,21829000000.0,21066750000.0,2694000000.0,19135000000.0,0.688,13.862,-1509000000.0,271000000.0,271000000.0,9021000000.0,1949000000.0,0.826,2.623,9491000000.0,739000000.0,8752000000.0,9491000000.0,503000000.0,1376000000.0,0.0,0.02,1.7,2554000000.0,3930000000.0,0.271,3930000000.0,2554000000.0,2191000000.0,4.44,4.41,4.44,6019000000.0,5575000000.0,6019000000.0,46782854522.0,18.0,11.904,1671000000.0,3.848,1.0,5464000000.0,0.377,6794000000.0,363000000.0,20993000000.0,20436750000.0,96000000.0,269000000.0,0.0,269000000.0,15787000000.0,3262000000.0,12525000000.0,37472854522.0,199000000.0,-99000000.0,-655000000.0,77000000.0,-750000000.0,-1361000000.0,-1620000000.0,0.0,3180000000.0,0.0,1949000000.0,1949000000.0,1949000000.0,0.0,0.0,0.135,2828000000.0,2636000000.0,1040000000.0,0.383,6.226,19.227,19.437,11559000000.0,0.0,86.3,2.587,2.587,2374000000.0,8588000000.0,14485000000.0,14485000000.0,0.0,0.093,0.35,0.125,0.176,101000000.0,1468000000.0,1.0,434216159.0,434216159.0,,33.359,15035000000.0,0.0,242000000.0,1248000000.0,34.626,-568000000.0
4,WM,MRY,2016-12-31,2016-12-31,2016-12-31,2021-07-27,-80000000.0,20859000000.0,20787000000.0,2376000000.0,18483000000.0,0.655,11.984,-1339000000.0,137000000.0,137000000.0,8486000000.0,1180000000.0,0.85,2.934,9310000000.0,417000000.0,8893000000.0,9310000000.0,493000000.0,1301000000.0,0.0,0.023,1.64,2200000000.0,3501000000.0,0.257,3501000000.0,2200000000.0,1824000000.0,2.66,2.65,2.66,5297000000.0,5288500000.0,5297000000.0,40573438828.0,18.0,11.589,1664000000.0,3.765,1.0,5123000000.0,0.376,6806000000.0,376000000.0,20432000000.0,20584750000.0,90000000.0,320000000.0,0.0,320000000.0,15539000000.0,2794000000.0,12745000000.0,31342438828.0,-10000000.0,-565000000.0,-662000000.0,375000000.0,-726000000.0,-1084000000.0,-1929000000.0,0.0,3003000000.0,0.0,1182000000.0,1182000000.0,1182000000.0,0.0,-2000000.0,0.087,2827000000.0,2296000000.0,799000000.0,0.617,5.917,26.516,26.658,10950000000.0,0.0,70.91,2.303,2.303,2132000000.0,7388000000.0,13609000000.0,13609000000.0,0.0,0.057,0.224,0.107,0.162,90000000.0,1410000000.0,1.0,442003086.0,442003086.0,,30.789,14053000000.0,0.0,642000000.0,1482000000.0,31.794,-418000000.0
5,WM,MRY,2015-12-31,2015-12-31,2015-12-31,2021-07-27,-127000000.0,20367000000.0,20509500000.0,2345000000.0,18022000000.0,0.632,11.971,-1233000000.0,39000000.0,39000000.0,8231000000.0,752000000.0,0.934,2.806,8929000000.0,253000000.0,8676000000.0,8929000000.0,472000000.0,1245000000.0,0.0,0.029,1.54,1446000000.0,2691000000.0,0.208,2691000000.0,1446000000.0,1061000000.0,1.66,1.65,1.66,5345000000.0,5380000000.0,5345000000.0,32766453627.0,23.0,12.176,1295000000.0,2.9,1.0,4730000000.0,0.365,6461000000.0,385000000.0,20286000000.0,20568250000.0,92000000.0,360000000.0,0.0,360000000.0,15000000000.0,2510000000.0,12490000000.0,23829453627.0,-1268000000.0,-409000000.0,-523000000.0,-982000000.0,-695000000.0,-2185000000.0,-1608000000.0,0.0,2528000000.0,-3000000.0,753000000.0,753000000.0,753000000.0,0.0,-1000000.0,0.058,2685000000.0,2045000000.0,721000000.0,0.928,4.458,31.646,32.151,10665000000.0,0.0,53.37,1.839,1.839,2094000000.0,6939000000.0,12961000000.0,12961000000.0,0.0,0.037,0.14,0.07,0.112,72000000.0,1343000000.0,1.0,446495290.0,446495290.0,,29.028,13906000000.0,0.0,308000000.0,1391000000.0,31.145,-165000000.0
6,WM,MRY,2014-12-31,2014-12-31,2014-12-31,2021-07-27,23000000.0,21297000000.0,22032250000.0,3526000000.0,17771000000.0,0.635,12.81,-1151000000.0,1307000000.0,1307000000.0,9002000000.0,1338000000.0,1.012,2.627,9435000000.0,1090000000.0,8345000000.0,9435000000.0,475000000.0,1292000000.0,0.0,0.029,1.5,2177000000.0,3469000000.0,0.248,3469000000.0,2177000000.0,1711000000.0,2.8,2.79,2.8,5866000000.0,5705000000.0,5866000000.0,33481504334.0,15.0,9.652,1180000000.0,2.577,1.0,4994000000.0,0.357,6180000000.0,466000000.0,19760000000.0,21643500000.0,106000000.0,408000000.0,0.0,408000000.0,15408000000.0,3485000000.0,11923000000.0,23500504334.0,1249000000.0,2185000000.0,-507000000.0,-751000000.0,-693000000.0,-2072000000.0,995000000.0,0.0,2331000000.0,-5000000.0,1298000000.0,1298000000.0,1298000000.0,0.0,40000000.0,0.093,2695000000.0,2299000000.0,740000000.0,0.536,4.006,18.105,18.329,10657000000.0,0.0,51.32,1.679,1.679,1937000000.0,6888000000.0,13996000000.0,13996000000.0,0.0,0.059,0.228,0.101,0.156,60000000.0,1481000000.0,1.0,457920973.0,457920973.0,,30.564,15117000000.0,0.0,413000000.0,1338000000.0,33.012,41000000.0
7,WM,MRY,2013-12-31,2013-12-31,2013-12-31,2021-07-27,154000000.0,22603000000.0,23095750000.0,2499000000.0,20104000000.0,0.605,12.164,-1271000000.0,58000000.0,58000000.0,9112000000.0,130000000.0,0.829,2.909,10226000000.0,726000000.0,9500000000.0,10226000000.0,475000000.0,1333000000.0,0.0,0.033,1.46,939000000.0,2272000000.0,0.162,2272000000.0,939000000.0,462000000.0,0.21,0.21,0.21,5707000000.0,6329750000.0,5707000000.0,30954382954.0,33.0,13.624,1184000000.0,2.524,1.0,4871000000.0,0.348,6599000000.0,477000000.0,23158000000.0,23074750000.0,178000000.0,591000000.0,177000000.0,414000000.0,16601000000.0,3014000000.0,13587000000.0,21052382954.0,-136000000.0,-619000000.0,-107000000.0,155000000.0,-683000000.0,-687000000.0,-1900000000.0,0.0,2455000000.0,-4000000.0,98000000.0,98000000.0,98000000.0,0.0,32000000.0,0.007,3792000000.0,1079000000.0,744000000.0,6.952,3.689,214.82,213.667,12344000000.0,0.0,44.87,1.506,1.506,1810000000.0,6289000000.0,13983000000.0,13983000000.0,0.0,0.004,0.015,0.041,0.067,48000000.0,1468000000.0,1.0,469186159.0,469186159.0,,29.803,16004000000.0,113000000.0,364000000.0,1842000000.0,34.11,-515000000.0
8,WM,MRY,2012-12-31,2012-12-31,2012-12-31,2021-07-27,193000000.0,23097000000.0,22849000000.0,2423000000.0,20674000000.0,0.597,13.697,-1510000000.0,194000000.0,194000000.0,8879000000.0,860000000.0,0.798,2.585,9916000000.0,743000000.0,9173000000.0,9916000000.0,465000000.0,1297000000.0,0.0,0.042,1.42,1744000000.0,3041000000.0,0.223,3041000000.0,1744000000.0,1260000000.0,1.76,1.76,1.76,6354000000.0,6242250000.0,6354000000.0,25245957287.0,14.0,8.302,785000000.0,1.692,1.0,4770000000.0,0.349,6688000000.0,484000000.0,23095000000.0,22703750000.0,174000000.0,667000000.0,0.0,667000000.0,16422000000.0,3036000000.0,13386000000.0,15651957287.0,-64000000.0,-283000000.0,43000000.0,122000000.0,-658000000.0,-530000000.0,-1830000000.0,0.0,2295000000.0,1000000.0,817000000.0,817000000.0,817000000.0,0.0,43000000.0,0.06,2919000000.0,1851000000.0,842000000.0,0.807,2.463,19.158,19.17,12651000000.0,0.0,33.74,1.147,1.147,1839000000.0,6879000000.0,13649000000.0,13649000000.0,0.0,0.036,0.131,0.077,0.128,18000000.0,1472000000.0,1.0,463899149.0,463899149.0,,29.422,16409000000.0,76000000.0,443000000.0,1947000000.0,35.372,-613000000.0
9,WM,MRY,2011-12-31,2011-12-31,2011-12-31,2021-07-27,172000000.0,22569000000.0,21963000000.0,2379000000.0,20190000000.0,0.609,13.186,-1324000000.0,258000000.0,258000000.0,8541000000.0,1009000000.0,0.775,2.665,9756000000.0,631000000.0,9125000000.0,9756000000.0,470000000.0,1229000000.0,0.0,0.042,1.36,1953000000.0,3182000000.0,0.238,3182000000.0,1953000000.0,1472000000.0,2.05,2.04,2.05,6070000000.0,6151750000.0,6070000000.0,24388394823.0,12.0,7.664,1145000000.0,2.487,1.0,4837000000.0,0.362,6672000000.0,481000000.0,22327000000.0,22055000000.0,153000000.0,637000000.0,0.0,637000000.0,16179000000.0,3068000000.0,13111000000.0,15057394823.0,-281000000.0,-986000000.0,-530000000.0,698000000.0,-637000000.0,-566000000.0,-2185000000.0,0.0,2469000000.0,1000000.0,961000000.0,961000000.0,961000000.0,0.0,48000000.0,0.072,2809000000.0,2028000000.0,838000000.0,0.663,2.481,15.668,15.956,12242000000.0,0.0,32.71,1.126,1.126,1775000000.0,6721000000.0,13378000000.0,13378000000.0,0.0,0.044,0.156,0.089,0.146,37000000.0,1551000000.0,1.0,460330016.0,460330016.0,,29.062,15897000000.0,78000000.0,511000000.0,1884000000.0,34.534,-689000000.0
10,WM,MRY,2010-12-31,2010-12-31,2010-12-31,2021-07-27,230000000.0,21476000000.0,21392250000.0,2482000000.0,18994000000.0,0.585,13.157,-1104000000.0,539000000.0,539000000.0,7824000000.0,1002000000.0,0.999,2.378,8907000000.0,233000000.0,8674000000.0,8907000000.0,460000000.0,1194000000.0,0.0,0.034,1.26,2055000000.0,3249000000.0,0.26,3249000000.0,2055000000.0,1582000000.0,1.98,1.98,1.98,6260000000.0,6175000000.0,6260000000.0,25951773800.0,13.0,7.988,1171000000.0,2.461,1.0,4691000000.0,0.375,6021000000.0,473000000.0,21338000000.0,21131000000.0,130000000.0,471000000.0,0.0,471000000.0,14885000000.0,2485000000.0,12400000000.0,17542773800.0,-601000000.0,-536000000.0,-447000000.0,-204000000.0,-604000000.0,-1273000000.0,-1606000000.0,0.0,2275000000.0,3000000.0,953000000.0,953000000.0,953000000.0,0.0,49000000.0,0.076,2575000000.0,2116000000.0,692000000.0,0.636,2.802,18.408,18.621,11868000000.0,0.0,36.87,1.402,1.402,1656000000.0,6400000000.0,12515000000.0,12515000000.0,0.0,0.045,0.154,0.097,0.164,27000000.0,1461000000.0,1.0,475800754.0,475800754.0,,26.303,15455000000.0,40000000.0,629000000.0,1662000000.0,32.482,-3000000.0
11,WM,MRY,2009-12-31,2009-12-31,2009-12-31,2021-07-27,208000000.0,21154000000.0,20523500000.0,3010000000.0,18144000000.0,0.575,12.836,-1179000000.0,1140000000.0,1140000000.0,7241000000.0,1060000000.0,1.038,2.317,8873000000.0,749000000.0,8124000000.0,8873000000.0,457000000.0,1166000000.0,0.0,0.034,1.16,1833000000.0,2999000000.0,0.254,2999000000.0,1833000000.0,1407000000.0,2.02,2.01,2.02,6285000000.0,6118000000.0,6285000000.0,24189133782.0,13.0,8.066,1183000000.0,2.416,1.0,4550000000.0,0.386,5870000000.0,426000000.0,20116000000.0,19876250000.0,110000000.0,0.0,0.0,0.0,14563000000.0,2901000000.0,11662000000.0,16555133782.0,660000000.0,-274000000.0,-206000000.0,414000000.0,-569000000.0,-457000000.0,-1250000000.0,0.0,2362000000.0,5000000.0,994000000.0,994000000.0,994000000.0,0.0,66000000.0,0.084,2663000000.0,1887000000.0,567000000.0,0.574,2.634,16.655,16.738,11541000000.0,0.0,33.81,1.404,1.404,1527000000.0,6053000000.0,11791000000.0,11791000000.0,0.0,0.048,0.162,0.092,0.155,26000000.0,1364000000.0,1.0,489651990.0,489651990.0,,24.08,15284000000.0,116000000.0,413000000.0,1509000000.0,31.214,109000000.0
12,WM,MRY,2008-12-31,2008-12-31,2008-12-31,2021-07-27,88000000.0,20227000000.0,20201000000.0,2335000000.0,17892000000.0,0.663,12.031,-1221000000.0,480000000.0,480000000.0,8466000000.0,1128000000.0,0.769,2.379,8326000000.0,835000000.0,7491000000.0,8326000000.0,451000000.0,1238000000.0,0.0,0.033,1.08,2211000000.0,3449000000.0,0.258,3449000000.0,2211000000.0,1756000000.0,2.21,2.19,2.21,5902000000.0,5782750000.0,5902000000.0,24182529203.0,11.0,7.011,1354000000.0,2.76,1.0,4922000000.0,0.368,5620000000.0,455000000.0,19417000000.0,19856750000.0,110000000.0,0.0,0.0,0.0,14042000000.0,3036000000.0,11006000000.0,16257529203.0,132000000.0,-177000000.0,-373000000.0,-260000000.0,-531000000.0,-1256000000.0,-1183000000.0,0.0,2575000000.0,-4000000.0,1087000000.0,1087000000.0,1087000000.0,0.0,41000000.0,0.081,2688000000.0,2234000000.0,716000000.0,0.489,2.755,14.956,14.995,11402000000.0,0.0,33.14,1.214,1.214,1610000000.0,5631000000.0,13388000000.0,13388000000.0,0.0,0.054,0.188,0.111,0.165,41000000.0,1477000000.0,1.0,490571189.0,490571189.0,,27.291,14607000000.0,39000000.0,669000000.0,1484000000.0,29.775,-701000000.0
13,WM,MRY,2007-12-31,2007-12-31,2007-12-31,2021-07-27,229000000.0,20175000000.0,20169250000.0,2480000000.0,17695000000.0,0.66,11.394,-1211000000.0,348000000.0,348000000.0,8402000000.0,1209000000.0,0.955,2.43,8337000000.0,329000000.0,8008000000.0,8337000000.0,462000000.0,1259000000.0,0.0,0.029,0.96,2224000000.0,3483000000.0,0.262,3483000000.0,2224000000.0,1703000000.0,2.25,2.23,2.25,5792000000.0,5893500000.0,5792000000.0,24348650229.0,11.0,6.991,1228000000.0,2.416,1.0,4908000000.0,0.369,5530000000.0,521000000.0,20036000000.0,19721000000.0,103000000.0,0.0,0.0,0.0,14073000000.0,2598000000.0,11475000000.0,16607650229.0,-266000000.0,188000000.0,-1279000000.0,-256000000.0,-495000000.0,-1946000000.0,-761000000.0,184000000.0,2439000000.0,2000000.0,1163000000.0,1163000000.0,1163000000.0,0.0,46000000.0,0.087,2654000000.0,2254000000.0,656000000.0,0.427,2.867,14.28,14.52,11351000000.0,0.0,32.67,1.248,1.248,1892000000.0,5080000000.0,13310000000.0,13310000000.0,0.0,0.058,0.197,0.113,0.167,11000000.0,1432000000.0,1.0,508345584.0,508345584.0,,26.183,14645000000.0,51000000.0,540000000.0,1411000000.0,28.809,-118000000.0
14,WM,MRY,2006-12-31,2006-12-31,2006-12-31,2021-07-27,129000000.0,20600000000.0,20825000000.0,3182000000.0,17418000000.0,0.642,11.63,-1329000000.0,614000000.0,614000000.0,8587000000.0,1149000000.0,0.974,2.267,8317000000.0,822000000.0,7495000000.0,8317000000.0,455000000.0,1334000000.0,0.0,0.024,0.88,2019000000.0,3353000000.0,0.251,3353000000.0,2019000000.0,1474000000.0,2.13,2.1,2.13,6222000000.0,6171250000.0,6222000000.0,27568425252.0,14.0,8.222,1211000000.0,2.263,1.0,4776000000.0,0.357,5413000000.0,545000000.0,19622000000.0,20083250000.0,101000000.0,0.0,0.0,0.0,14103000000.0,3268000000.0,10835000000.0,19672425252.0,-52000000.0,208000000.0,-777000000.0,-500000000.0,-476000000.0,-1803000000.0,-788000000.0,122000000.0,2540000000.0,-1000000.0,1149000000.0,1149000000.0,1149000000.0,0.0,0.0,0.086,2747000000.0,2029000000.0,693000000.0,0.413,3.162,17.121,17.263,11179000000.0,0.0,36.77,1.472,1.472,1858000000.0,4410000000.0,13363000000.0,13363000000.0,0.0,0.055,0.186,0.101,0.151,-17000000.0,1388000000.0,1.0,535012925.0,535012925.0,,24.977,15187000000.0,82000000.0,325000000.0,1365000000.0,28.386,-86000000.0
15,WM,MRY,2005-12-31,2005-12-31,2005-12-31,2021-07-27,126000000.0,21135000000.0,20764000000.0,3451000000.0,17684000000.0,0.63,11.092,-1180000000.0,666000000.0,666000000.0,8631000000.0,1182000000.0,1.06,2.407,8687000000.0,522000000.0,8165000000.0,8687000000.0,483000000.0,1361000000.0,0.0,0.026,0.8,1588000000.0,2949000000.0,0.226,2949000000.0,1588000000.0,1092000000.0,2.11,2.09,2.11,6121000000.0,6092000000.0,6121000000.0,24790212918.0,16.0,8.406,1211000000.0,2.194,1.0,4443000000.0,0.34,5514000000.0,496000000.0,20385000000.0,20319000000.0,99000000.0,0.0,0.0,0.0,14733000000.0,3257000000.0,11476000000.0,16748212918.0,242000000.0,52000000.0,-577000000.0,-11000000.0,-449000000.0,-1090000000.0,-1062000000.0,-295000000.0,2391000000.0,3000000.0,1182000000.0,1182000000.0,1182000000.0,0.0,0.0,0.09,2733000000.0,1710000000.0,719000000.0,0.379,2.736,14.169,14.384,11221000000.0,0.0,30.35,1.281,1.281,2004000000.0,3615000000.0,13074000000.0,13074000000.0,0.0,0.057,0.194,0.078,0.121,0.0,1276000000.0,1.0,551835681.0,551835681.0,,23.692,15621000000.0,94000000.0,-90000000.0,1364000000.0,28.307,194000000.0
16,WM,MRY,2004-12-31,2004-12-31,2004-12-31,2021-07-27,69000000.0,20905000000.0,21191000000.0,2819000000.0,18086000000.0,0.591,10.436,-1258000000.0,424000000.0,424000000.0,8228000000.0,939000000.0,0.88,2.454,8566000000.0,384000000.0,8182000000.0,8566000000.0,463000000.0,1336000000.0,0.0,0.025,0.75,1641000000.0,2977000000.0,0.238,2977000000.0,1641000000.0,1186000000.0,1.63,1.61,1.63,5971000000.0,5812500000.0,5971000000.0,25297566811.0,15.0,8.498,960000000.0,1.678,1.0,4288000000.0,0.343,5453000000.0,455000000.0,20389000000.0,20498500000.0,90000000.0,0.0,0.0,0.0,14652000000.0,3205000000.0,11447000000.0,17129566811.0,207000000.0,-34000000.0,-303000000.0,-386000000.0,-432000000.0,-1130000000.0,-882000000.0,-29000000.0,2218000000.0,1000000.0,939000000.0,939000000.0,939000000.0,0.0,0.0,0.075,2589000000.0,1699000000.0,772000000.0,0.46,2.869,18.242,18.368,11476000000.0,0.0,29.94,1.369,1.369,1949000000.0,3004000000.0,12516000000.0,12516000000.0,0.0,0.044,0.162,0.08,0.131,0.0,1267000000.0,1.0,572129820.0,572129820.0,,21.876,15452000000.0,58000000.0,247000000.0,1380000000.0,27.008,-386000000.0
17,WM,MRY,2003-12-31,2003-12-31,2003-12-31,2021-07-27,-14000000.0,20382000000.0,20235000000.0,2360000000.0,18022000000.0,0.576,9.618,-1200000000.0,217000000.0,217000000.0,7591000000.0,630000000.0,0.699,2.594,8511000000.0,514000000.0,7997000000.0,8511000000.0,429000000.0,1265000000.0,0.0,0.0,0.01,1473000000.0,2738000000.0,0.235,2738000000.0,1473000000.0,1034000000.0,1.07,1.06,1.07,5602000000.0,5499750000.0,5602000000.0,25277908530.0,17.0,9.232,726000000.0,1.246,1.0,4057000000.0,0.348,5376000000.0,439000000.0,19925000000.0,19710750000.0,82000000.0,0.0,0.0,0.0,14530000000.0,3375000000.0,11155000000.0,17240908530.0,-142000000.0,-263000000.0,-498000000.0,-456000000.0,-6000000.0,-986000000.0,-1084000000.0,-14000000.0,1926000000.0,2000000.0,630000000.0,630000000.0,630000000.0,0.0,0.0,0.054,2517000000.0,1540000000.0,668000000.0,0.009,3.078,27.367,27.664,11411000000.0,0.0,29.6,1.48,1.48,1811000000.0,2497000000.0,11648000000.0,11648000000.0,0.0,0.031,0.115,0.075,0.126,0.0,1216000000.0,1.0,582463126.0,582463126.0,,19.998,15006000000.0,111000000.0,404000000.0,1307000000.0,25.763,-1015000000.0
18,WM,MRY,2002-12-31,2002-12-31,2002-12-31,2021-07-27,-179000000.0,19856000000.0,19620000000.0,2804000000.0,17052000000.0,0.571,8.721,-1287000000.0,264000000.0,264000000.0,6949000000.0,822000000.0,0.856,2.737,8293000000.0,231000000.0,8062000000.0,8293000000.0,414000000.0,1222000000.0,0.0,0.0,0.01,1711000000.0,2933000000.0,0.262,2933000000.0,1711000000.0,1244000000.0,1.34,1.33,1.34,5308000000.0,5302250000.0,5308000000.0,21820938036.0,13.0,7.44,866000000.0,1.423,1.0,4262000000.0,0.38,5184000000.0,467000000.0,19424000000.0,18921000000.0,80000000.0,0.0,0.0,0.0,14529000000.0,3277000000.0,11252000000.0,13950938036.0,-396000000.0,13000000.0,-955000000.0,-697000000.0,-6000000.0,-1588000000.0,-962000000.0,0.0,2153000000.0,1000000.0,822000000.0,822000000.0,822000000.0,0.0,0.0,0.073,2618000000.0,1644000000.0,526000000.0,0.007,2.628,16.972,17.104,10612000000.0,0.0,22.92,1.244,1.244,1748000000.0,1873000000.0,11211000000.0,11211000000.0,0.0,0.042,0.155,0.09,0.153,0.0,1392000000.0,1.0,608679670.0,608679670.0,,18.419,14672000000.0,551000000.0,422000000.0,1548000000.0,24.105,-473000000.0
19,WM,MRY,2001-12-31,2001-12-31,2001-12-31,2021-07-27,-148000000.0,19490000000.0,19009250000.0,3124000000.0,16366000000.0,0.596,8.568,-1328000000.0,730000000.0,730000000.0,6666000000.0,503000000.0,0.84,2.619,8224000000.0,515000000.0,7709000000.0,8224000000.0,374000000.0,1371000000.0,0.0,0.002,0.048,1330000000.0,2701000000.0,0.239,2701000000.0,1330000000.0,786000000.0,0.8,0.8,0.8,5379000000.0,5164250000.0,5379000000.0,27900148928.0,21.0,10.33,1027000000.0,1.636,1.0,4656000000.0,0.411,5121000000.0,544000000.0,18142000000.0,18416000000.0,83000000.0,0.0,0.0,0.0,14085000000.0,3721000000.0,10364000000.0,20033148928.0,636000000.0,-58000000.0,50000000.0,-510000000.0,-6000000.0,-485000000.0,-1232000000.0,0.0,2355000000.0,-2000000.0,503000000.0,503000000.0,503000000.0,0.0,0.0,0.044,3373000000.0,1283000000.0,672000000.0,0.06,3.724,39.827,39.888,10357000000.0,0.0,31.91,1.769,1.769,1669000000.0,1057000000.0,11322000000.0,11322000000.0,0.0,0.026,0.097,0.072,0.117,0.0,1622000000.0,1.0,627801596.0,627801596.0,,18.034,14369000000.0,426000000.0,283000000.0,1127000000.0,22.888,-597000000.0
20,WM,MRY,2000-12-31,2000-12-31,2000-12-31,2021-07-27,-126000000.0,18565000000.0,20155360000.0,2457000000.0,16108000000.0,0.62,7.699,-1313000000.0,94000000.0,94000000.0,7538000000.0,-97000000.0,0.808,2.873,8485000000.0,113000000.0,8372000000.0,8485000000.0,389000000.0,1429000000.0,0.0,0.0,0.01,1069000000.0,2498000000.0,0.2,2498000000.0,1069000000.0,321000000.0,-0.16,-0.16,-0.16,4786000000.0,4641195750.0,4786000000.0,26112698264.0,24.0,10.453,812000000.0,1.306,1.0,4954000000.0,0.397,5193000000.0,748000000.0,18724000000.0,19595426500.0,75000000.0,0.0,0.0,0.0,13749000000.0,3039000000.0,10710000000.0,17250329264.0,-87000000.0,2321000000.0,20000000.0,-3293000000.0,-6000000.0,-3279000000.0,1072000000.0,54000000.0,2125000000.0,-5000000.0,-97000000.0,-97000000.0,-97000000.0,0.0,0.0,-0.008,3916000000.0,1038000000.0,865000000.0,-0.062,3.604,-177.838,-173.438,10126000000.0,0.0,27.75,1.381,1.381,1575000000.0,560000000.0,12492000000.0,12492000000.0,0.0,-0.005,-0.021,0.055,0.086,0.0,1738000000.0,1.0,621633487.0,621633487.0,,20.095,13372000000.0,312000000.0,418000000.0,879000000.0,21.511,-582000000.0
21,WM,MRY,1999-12-31,1999-12-31,1999-12-31,2021-07-27,-563000000.0,22681000000.0,22426401500.0,6221000000.0,16460000000.0,0.585,7.169,-1327000000.0,181000000.0,181000000.0,8269000000.0,-398000000.0,0.831,4.158,11498000000.0,3099000000.0,8399000000.0,11498000000.0,407000000.0,1614000000.0,0.0,0.001,0.01,604000000.0,2218000000.0,0.169,2218000000.0,604000000.0,-166000000.0,-0.65,-0.65,-0.65,4394000000.0,4747606500.0,4394000000.0,21832817746.0,36.0,9.843,362000000.0,0.591,1.0,4858000000.0,0.37,5356000000.0,770000000.0,21152000000.0,22389388500.0,107000000.0,0.0,0.0,0.0,18271000000.0,7490000000.0,10781000000.0,10651435746.0,94000000.0,-638000000.0,176000000.0,259000000.0,-6000000.0,426000000.0,-2017000000.0,-41000000.0,1689000000.0,-4000000.0,-398000000.0,-398000000.0,-398000000.0,0.0,0.0,-0.03,4318000000.0,540000000.0,1063000000.0,-0.015,2.424,-26.762,-26.446,10304000000.0,0.0,17.19,0.811,0.803,1908000000.0,663000000.0,13127000000.0,13127000000.0,0.0,-0.018,-0.084,0.027,0.046,0.0,1920000000.0,1.0,619629770.0,612932000.0,612932000.0,21.417,17325000000.0,298000000.0,232000000.0,730000000.0,28.266,-1269000000.0
22,WM,MRY,1998-12-31,1998-12-31,1998-12-31,2021-07-27,-420804000.0,22882164000.0,15055303000.0,3991205000.0,18890959000.0,0.839,7.291,-1651000000.0,86873000.0,86873000.0,7283000000.0,-771000000.0,0.906,4.318,11732361000.0,597742000.0,11134619000.0,11732361000.0,381780000.0,1499000000.0,0.0,0.0,0.02,-22000000.0,1477000000.0,0.117,1477000000.0,-22000000.0,-704000000.0,-1.32,-1.32,-1.32,4260420000.0,3301107250.0,4260420000.0,37050486310.0,-1684.0,25.085,-149000000.0,-0.255,1.0,5343000000.0,0.423,6250324000.0,682000000.0,23873854000.0,15931247250.0,128254000.0,0.0,0.0,0.0,18397592000.0,4403474000.0,13994118000.0,26782809310.0,-103000000.0,-1401000000.0,1078000000.0,1995000000.0,-94000000.0,2956000000.0,-4555000000.0,-1540000000.0,1502000000.0,-6000000.0,-771000000.0,-771000000.0,-771000000.0,0.0,0.0,-0.061,5503000000.0,-160000000.0,1040601000.0,-0.015,6.286,-34.738,-35.326,11625657000.0,0.0,46.63,2.121,2.158,2704123000.0,1066506000.0,12626000000.0,12626000000.0,0.0,-0.051,-0.234,-0.001,-0.002,0.0,1333000000.0,1.0,574368632.0,584301000.0,584301000.0,21.609,16631840000.0,237616000.0,67000000.0,470107000.0,28.465,-412269000.0
23,WM,MRY,1997-12-31,1997-12-31,1997-12-31,2021-07-27,-283193000.0,20156424000.0,11893985500.0,2836676000.0,17319748000.0,1.007,4.921,-1332207000.0,189942000.0,189942000.0,7482273000.0,-938895000.0,0.59,5.536,9479961000.0,1598012000.0,7881949000.0,9479961000.0,300536000.0,1391810000.0,0.0,0.0,0.0,-19978000.0,1371832000.0,0.115,1371832000.0,-19978000.0,-575554000.0,-1.68,-1.68,-1.68,2744248000.0,2109119000.0,2744248000.0,,,,733699000.0,1.316,1.0,4490225000.0,0.375,4848176000.0,555576000.0,19794313000.0,11852379000.0,152702000.0,59296000.0,59296000.0,0.0,15190814000.0,4803954000.0,10386860000.0,8586819084.0,-162360000.0,-188853000.0,-341200000.0,237766000.0,-309577000.0,-444950000.0,-1777528000.0,-230710000.0,2065906000.0,-5788000.0,-938895000.0,-938895000.0,-938895000.0,0.0,0.0,-0.078,4714204000.0,-223979000.0,1007458000.0,0.0,3.129,-9.146,-23.339,11188530000.0,0.0,39.21,0.717,1.826,2353770000.0,1938027000.0,11972498000.0,11972498000.0,0.0,-0.079,-0.445,-0.002,-0.002,0.0,1438501000.0,1.0,218995641.0,557675000.0,557675000.0,21.469,15308248000.0,55961000.0,363341000.0,523593000.0,27.45,-1967278000.0
24,WM,MRY,1996-12-31,1996-12-31,1996-12-31,2021-07-27,-15843000.0,3631547000.0,,427502000.0,3204045000.0,,2.743,-688499000.0,26079000.0,26079000.0,6564234000.0,24231000.0,1.08,1.464,1504888000.0,34606000.0,1470282000.0,1504888000.0,35640000.0,1264196000.0,0.0,0.0,0.0,1036271000.0,2300467000.0,0.209,2300467000.0,1036271000.0,510931000.0,0.05,0.04,0.05,1473990000.0,,1473990000.0,,,,1242457000.0,2.313,1.0,4434368000.0,0.403,804251000.0,525340000.0,3910445000.0,,0.0,0.0,0.0,0.0,2157557000.0,395660000.0,1761897000.0,,150802000.0,-509608000.0,-354276000.0,448424000.0,-308265000.0,-192159000.0,-1590802000.0,-357236000.0,1930956000.0,2807000.0,24231000.0,24231000.0,24231000.0,-22620000.0,0.0,0.002,3236755000.0,1197613000.0,118823000.0,0.0,,,636.8,2198231000.0,0.0,31.84,,1.555,352556000.0,-15948000.0,10998602000.0,10998602000.0,0.0,,,,0.094,0.0,1316480000.0,1.0,,537269000.0,546916000.0,20.471,2827296000.0,48561000.0,486700000.0,45421000.0,5.262,31842000.0
25,WM,MRY,1995-12-31,1995-12-31,1995-12-31,2021-07-27,,,,,,,,-241467000.0,,,672117000.0,80776000.0,,,,,,,,143878000.0,,0.0,0.0,199129000.0,343007000.0,0.282,343007000.0,199129000.0,141089000.0,0.56,0.54,0.56,,,,,,,-112775000.0,-0.787,1.0,543965000.0,0.447,,58040000.0,,,,,,,,,,,-14787000.0,-268687000.0,265810000.0,136408000.0,0.0,382811000.0,-526112000.0,-14780000.0,128692000.0,-178000.0,80776000.0,80403000.0,80403000.0,0.0,0.0,0.066,344836000.0,199129000.0,,0.0,,,33.679,,373000.0,18.86,,2.223,,,1216082000.0,1216082000.0,0.0,,,,0.164,0.0,169686000.0,1.0,,143346000.0,150575000.0,8.484,,,60313000.0,,,
0,WM,MRQ,2021-06-30,2021-06-30,2021-06-30,2021-07-27,70000000.0,29037000000.0,,3226000000.0,25811000000.0,,17.417,-396000000.0,594000000.0,594000000.0,2736000000.0,351000000.0,0.876,2.949,13244000000.0,361000000.0,12883000000.0,13244000000.0,557000000.0,500000000.0,0.0,0.016,0.575,554000000.0,1054000000.0,0.235,1054000000.0,554000000.0,456000000.0,0.83,0.83,0.83,7352000000.0,,7352000000.0,71708250399.0,29.0,16.754,647000000.0,1.533,1.0,1740000000.0,0.389,9948000000.0,98000000.0,28056000000.0,,126000000.0,417000000.0,0.0,417000000.0,21683000000.0,3683000000.0,18000000000.0,59144250399.0,-309000000.0,-1000000.0,-226000000.0,-501000000.0,-242000000.0,-980000000.0,-374000000.0,0.0,1043000000.0,2000000.0,351000000.0,351000000.0,351000000.0,0.0,0.0,0.078,949000000.0,791000000.0,1393000000.0,0.693,8.045,36.965,36.968,14110000000.0,0.0,140.11,3.581,3.581,2645000000.0,11444000000.0,4476000000.0,4476000000.0,0.0,,,,,22000000.0,445000000.0,1.0,422127260.0,422127260.0,,10.603,19089000000.0,0.0,105000000.0,1744000000.0,45.221,-457000000.0
1,WM,MRQ,2021-03-31,2021-03-31,2021-03-31,2021-07-27,48000000.0,29070000000.0,,3327000000.0,25743000000.0,,17.552,-270000000.0,924000000.0,924000000.0,2514000000.0,421000000.0,1.013,2.914,13488000000.0,244000000.0,13244000000.0,13488000000.0,548000000.0,472000000.0,0.0,0.017,0.575,642000000.0,1114000000.0,0.271,1114000000.0,642000000.0,545000000.0,1.0,0.99,1.0,7427000000.0,,7427000000.0,67505193351.0,28.0,16.251,850000000.0,2.009,1.0,1598000000.0,0.389,9970000000.0,97000000.0,28379000000.0,,124000000.0,426000000.0,0.0,426000000.0,21641000000.0,3285000000.0,18356000000.0,54595193351.0,-42000000.0,8000000.0,-233000000.0,-329000000.0,-247000000.0,-830000000.0,-334000000.0,0.0,1120000000.0,2000000.0,421000000.0,421000000.0,421000000.0,0.0,0.0,0.102,948000000.0,650000000.0,1212000000.0,0.575,7.351,35.087,34.965,14038000000.0,0.0,129.02,3.499,3.499,2427000000.0,11337000000.0,4112000000.0,4112000000.0,0.0,,,,,23000000.0,458000000.0,1.0,423152948.0,423152948.0,,9.718,19100000000.0,0.0,124000000.0,1805000000.0,45.137,42000000.0
2,WM,MRQ,2020-12-31,2020-12-31,2020-12-31,2021-07-27,39000000.0,29345000000.0,,3540000000.0,25805000000.0,,17.633,-394000000.0,900000000.0,900000000.0,2500000000.0,438000000.0,0.996,2.938,13810000000.0,551000000.0,13259000000.0,13810000000.0,539000000.0,436000000.0,0.0,0.018,0.545,644000000.0,1080000000.0,0.266,1080000000.0,644000000.0,547000000.0,1.04,1.03,1.04,7452000000.0,,7452000000.0,59187948458.0,26.0,14.838,359000000.0,0.849,1.0,1567000000.0,0.385,10018000000.0,97000000.0,28684000000.0,,124000000.0,426000000.0,0.0,426000000.0,21891000000.0,3553000000.0,18338000000.0,49837948458.0,-165000000.0,-3217000000.0,14000000.0,2905000000.0,-231000000.0,2685000000.0,-3606000000.0,0.0,753000000.0,3000000.0,438000000.0,438000000.0,438000000.0,0.0,0.0,0.108,913000000.0,654000000.0,1121000000.0,0.524,6.688,33.314,33.314,14148000000.0,0.0,117.93,3.275,3.275,2624000000.0,11159000000.0,4067000000.0,4067000000.0,0.0,,,,,20000000.0,510000000.0,1.0,422606194.0,422606194.0,,9.624,19327000000.0,0.0,109000000.0,1806000000.0,45.733,-13000000.0
3,WM,MRQ,2020-09-30,2020-09-30,2020-09-30,2021-07-27,-16000000.0,24772000000.0,,3357000000.0,21415000000.0,,16.936,-343000000.0,1072000000.0,1072000000.0,2332000000.0,390000000.0,1.196,2.462,10422000000.0,167000000.0,10255000000.0,10422000000.0,496000000.0,419000000.0,0.0,0.019,0.545,613000000.0,1032000000.0,0.267,1032000000.0,613000000.0,516000000.0,0.92,0.92,0.92,7155000000.0,,7155000000.0,57552932533.0,25.0,14.589,686000000.0,1.624,1.0,1529000000.0,0.396,6954000000.0,97000000.0,24362000000.0,,117000000.0,425000000.0,0.0,425000000.0,17615000000.0,2806000000.0,14809000000.0,47809932533.0,-1959000000.0,3000000.0,7000000.0,-2439000000.0,-230000000.0,-2669000000.0,-323000000.0,0.0,1029000000.0,4000000.0,390000000.0,390000000.0,390000000.0,0.0,0.0,0.101,849000000.0,680000000.0,884000000.0,0.592,6.682,31.767,31.879,12846000000.0,0.0,113.17,3.188,3.188,2217000000.0,10952000000.0,3861000000.0,3861000000.0,0.0,,,,,51000000.0,416000000.0,1.0,422461187.0,422461187.0,,9.139,17818000000.0,0.0,126000000.0,1468000000.0,42.177,551000000.0
4,WM,MRQ,2020-06-30,2020-06-30,2020-06-30,2021-07-27,-41000000.0,26619000000.0,,5106000000.0,21513000000.0,,16.328,-436000000.0,3045000000.0,3045000000.0,2180000000.0,307000000.0,0.885,2.863,12788000000.0,3190000000.0,9598000000.0,12788000000.0,494000000.0,414000000.0,0.0,0.02,0.545,514000000.0,928000000.0,0.261,928000000.0,514000000.0,395000000.0,0.73,0.72,0.73,6891000000.0,,6891000000.0,54637670186.0,23.0,13.534,420000000.0,0.995,1.0,1381000000.0,0.388,6984000000.0,119000000.0,23606000000.0,,118000000.0,439000000.0,0.0,439000000.0,19726000000.0,5772000000.0,13954000000.0,44696670186.0,-465000000.0,3000000.0,11000000.0,-680000000.0,-230000000.0,-907000000.0,-415000000.0,0.0,856000000.0,1000000.0,307000000.0,307000000.0,307000000.0,0.0,0.0,0.086,854000000.0,527000000.0,904000000.0,0.747,6.486,27.762,27.871,12917000000.0,0.0,105.91,2.959,2.959,2107000000.0,10795000000.0,3561000000.0,3561000000.0,0.0,,,,,10000000.0,377000000.0,1.0,422025023.0,422025023.0,,8.438,19635000000.0,0.0,88000000.0,1367000000.0,46.526,-666000000.0
5,WM,MRQ,2020-03-31,2020-03-31,2020-03-31,2021-07-27,-91000000.0,27178000000.0,,5635000000.0,21543000000.0,,15.877,-459000000.0,3511000000.0,3511000000.0,2329000000.0,361000000.0,1.836,3.03,13452000000.0,387000000.0,13065000000.0,13452000000.0,497000000.0,402000000.0,0.0,0.023,0.545,547000000.0,949000000.0,0.254,949000000.0,547000000.0,435000000.0,0.85,0.85,0.85,6743000000.0,,6743000000.0,48935042640.0,20.0,11.895,306000000.0,0.72,1.0,1400000000.0,0.375,6992000000.0,112000000.0,27057000000.0,,116000000.0,451000000.0,0.0,451000000.0,20433000000.0,3070000000.0,17363000000.0,39311042640.0,-410000000.0,11000000.0,-371000000.0,-25000000.0,-236000000.0,-668000000.0,-503000000.0,0.0,765000000.0,-4000000.0,361000000.0,361000000.0,361000000.0,0.0,0.0,0.097,827000000.0,573000000.0,1031000000.0,0.641,5.83,23.344,23.315,12900000000.0,0.0,92.56,2.538,2.538,2168000000.0,10718000000.0,3729000000.0,3729000000.0,0.0,,,,,13000000.0,425000000.0,1.0,424708758.0,424708758.0,,8.78,20186000000.0,0.0,74000000.0,1387000000.0,47.529,2565000000.0
6,WM,MRQ,2019-12-31,2019-12-31,2019-12-31,2021-07-27,-8000000.0,27743000000.0,,6209000000.0,21534000000.0,,16.66,-286000000.0,3874000000.0,3874000000.0,2314000000.0,447000000.0,1.975,2.925,13498000000.0,218000000.0,13280000000.0,13498000000.0,534000000.0,395000000.0,0.0,0.018,0.512,641000000.0,1036000000.0,0.269,1036000000.0,641000000.0,531000000.0,1.05,1.05,1.05,7068000000.0,,7068000000.0,58453527152.0,23.0,14.295,736000000.0,1.735,1.0,1532000000.0,0.398,7053000000.0,110000000.0,27170000000.0,,106000000.0,483000000.0,0.0,483000000.0,20673000000.0,3144000000.0,17529000000.0,48346527152.0,627000000.0,12000000.0,7000000.0,94000000.0,-218000000.0,-116000000.0,-280000000.0,0.0,1022000000.0,1000000.0,447000000.0,447000000.0,447000000.0,0.0,0.0,0.116,877000000.0,655000000.0,1065000000.0,0.488,6.84,28.95,28.997,12893000000.0,0.0,113.96,3.128,3.128,2319000000.0,10592000000.0,3846000000.0,3846000000.0,0.0,,,,,24000000.0,445000000.0,1.0,424241200.0,424241200.0,,9.066,20690000000.0,0.0,84000000.0,1407000000.0,48.769,3065000000.0
7,WM,MRQ,2019-09-30,2019-09-30,2019-09-30,2021-07-27,-33000000.0,27109000000.0,,5560000000.0,21549000000.0,,15.994,-483000000.0,3251000000.0,3251000000.0,2441000000.0,495000000.0,1.86,2.995,13358000000.0,211000000.0,13147000000.0,13358000000.0,517000000.0,404000000.0,0.0,0.017,0.512,720000000.0,1124000000.0,0.283,1124000000.0,720000000.0,615000000.0,1.17,1.16,1.17,6785000000.0,,6785000000.0,58921700815.0,22.0,14.099,469000000.0,1.106,1.0,1526000000.0,0.385,7093000000.0,105000000.0,27134000000.0,,109000000.0,494000000.0,0.0,494000000.0,20322000000.0,2989000000.0,17333000000.0,48786700815.0,678000000.0,-64000000.0,15000000.0,470000000.0,-218000000.0,258000000.0,-531000000.0,0.0,952000000.0,-1000000.0,495000000.0,495000000.0,495000000.0,0.0,0.0,0.125,792000000.0,734000000.0,903000000.0,0.438,7.19,27.815,27.778,12805000000.0,0.0,115.0,3.158,3.158,2280000000.0,10364000000.0,3967000000.0,3967000000.0,0.0,,,,,19000000.0,386000000.0,1.0,424232181.0,424232181.0,,9.351,20016000000.0,0.0,120000000.0,1331000000.0,47.182,2571000000.0
8,WM,MRQ,2019-06-30,2019-06-30,2019-06-30,2021-07-27,-22000000.0,25986000000.0,,4836000000.0,21150000000.0,,15.223,-578000000.0,2604000000.0,2604000000.0,2443000000.0,382000000.0,1.699,3.019,12739000000.0,116000000.0,12623000000.0,12739000000.0,526000000.0,409000000.0,0.0,0.017,0.512,596000000.0,1005000000.0,0.255,1005000000.0,596000000.0,496000000.0,0.9,0.89,0.9,6466000000.0,,6466000000.0,58947496477.0,23.0,14.301,432000000.0,1.017,1.0,1503000000.0,0.381,7059000000.0,100000000.0,26216000000.0,,104000000.0,333000000.0,0.0,333000000.0,19519000000.0,2846000000.0,16673000000.0,49004496477.0,2027000000.0,-38000000.0,-160000000.0,2200000000.0,-217000000.0,1780000000.0,-765000000.0,0.0,1010000000.0,2000000.0,381000000.0,381000000.0,381000000.0,0.0,1000000.0,0.097,807000000.0,696000000.0,908000000.0,0.569,7.579,27.875,27.935,12665000000.0,0.0,115.37,3.202,3.202,2260000000.0,10088000000.0,3946000000.0,3946000000.0,0.0,,,,,16000000.0,391000000.0,1.0,424759439.0,424759439.0,,9.29,18927000000.0,0.0,115000000.0,1289000000.0,44.559,1990000000.0
9,WM,MRQ,2019-03-31,2019-03-31,2019-03-31,2021-07-27,-53000000.0,23373000000.0,,2488000000.0,20885000000.0,,15.138,-471000000.0,423000000.0,423000000.0,2298000000.0,347000000.0,0.689,2.643,10366000000.0,1043000000.0,9323000000.0,10366000000.0,512000000.0,366000000.0,0.0,0.018,0.512,558000000.0,924000000.0,0.25,924000000.0,558000000.0,462000000.0,0.82,0.81,0.82,6415000000.0,,6415000000.0,53703932001.0,20.0,12.778,419000000.0,0.989,1.0,1398000000.0,0.378,7049000000.0,96000000.0,22655000000.0,,105000000.0,334000000.0,0.0,334000000.0,16956000000.0,3612000000.0,13344000000.0,44034932001.0,132000000.0,-382000000.0,-43000000.0,301000000.0,-223000000.0,42000000.0,-800000000.0,0.0,890000000.0,0.0,347000000.0,347000000.0,347000000.0,0.0,0.0,0.094,777000000.0,621000000.0,899000000.0,0.624,6.864,23.473,23.67,12390000000.0,0.0,103.91,2.916,2.916,2081000000.0,9924000000.0,3696000000.0,3696000000.0,0.0,,,,,27000000.0,409000000.0,1.0,423779540.0,423779540.0,,8.722,16324000000.0,0.0,115000000.0,1297000000.0,38.52,-1124000000.0
10,WM,MRQ,2018-12-31,2018-12-31,2018-12-31,2021-07-27,-87000000.0,22650000000.0,,2645000000.0,20005000000.0,,14.718,-454000000.0,357000000.0,357000000.0,2379000000.0,531000000.0,0.851,2.609,10026000000.0,432000000.0,9594000000.0,10026000000.0,522000000.0,370000000.0,0.0,0.021,0.465,756000000.0,1126000000.0,0.293,1126000000.0,756000000.0,659000000.0,1.25,1.23,1.25,6275000000.0,,6275000000.0,47479621933.0,17.0,11.227,458000000.0,1.074,1.0,1463000000.0,0.381,7002000000.0,97000000.0,22209000000.0,,102000000.0,406000000.0,0.0,406000000.0,16374000000.0,3108000000.0,13266000000.0,37940621933.0,-247000000.0,-16000000.0,-247000000.0,-46000000.0,-197000000.0,-493000000.0,-663000000.0,0.0,912000000.0,-3000000.0,531000000.0,531000000.0,531000000.0,0.0,0.0,0.138,696000000.0,767000000.0,1037000000.0,0.372,6.046,19.709,19.82,11942000000.0,0.0,88.99,2.544,2.544,2275000000.0,9797000000.0,3842000000.0,3842000000.0,0.0,,,,,26000000.0,370000000.0,1.0,426347027.0,426347027.0,,9.011,15648000000.0,0.0,128000000.0,1291000000.0,36.702,-463000000.0
11,WM,MRQ,2018-09-30,2018-09-30,2018-09-30,2021-07-27,-16000000.0,22591000000.0,,2675000000.0,19916000000.0,,14.553,-404000000.0,477000000.0,477000000.0,2373000000.0,498000000.0,0.871,2.621,10016000000.0,447000000.0,9569000000.0,10016000000.0,512000000.0,376000000.0,0.0,0.02,0.465,691000000.0,1067000000.0,0.279,1067000000.0,691000000.0,598000000.0,1.16,1.16,1.16,6239000000.0,,6239000000.0,48068864506.0,18.0,11.667,470000000.0,1.096,1.0,1449000000.0,0.379,6944000000.0,93000000.0,22116000000.0,,103000000.0,419000000.0,0.0,419000000.0,16350000000.0,3070000000.0,13280000000.0,38738864506.0,11000000.0,-69000000.0,-188000000.0,29000000.0,-199000000.0,-368000000.0,-496000000.0,0.0,874000000.0,1000000.0,499000000.0,499000000.0,499000000.0,0.0,-1000000.0,0.131,750000000.0,699000000.0,940000000.0,0.401,6.209,16.865,17.049,11815000000.0,0.0,90.36,2.631,2.631,2342000000.0,9464000000.0,3822000000.0,3822000000.0,0.0,,,,,22000000.0,345000000.0,1.0,428716960.0,428716960.0,,8.915,15647000000.0,0.0,99000000.0,1245000000.0,36.497,-395000000.0
12,WM,MRQ,2018-06-30,2018-06-30,2018-06-30,2021-07-27,-49000000.0,22014000000.0,,2471000000.0,19543000000.0,,14.037,-436000000.0,466000000.0,466000000.0,2313000000.0,499000000.0,0.748,2.636,9796000000.0,828000000.0,8968000000.0,9796000000.0,517000000.0,384000000.0,0.0,0.022,0.465,702000000.0,1086000000.0,0.29,1086000000.0,702000000.0,609000000.0,1.16,1.15,1.16,6054000000.0,,6054000000.0,44563625431.0,17.0,10.885,539000000.0,1.25,1.0,1426000000.0,0.381,6899000000.0,93000000.0,21140000000.0,,100000000.0,254000000.0,0.0,254000000.0,15958000000.0,3305000000.0,12653000000.0,35080625431.0,-7000000.0,65000000.0,-290000000.0,-122000000.0,-200000000.0,-609000000.0,-373000000.0,0.0,975000000.0,0.0,499000000.0,499000000.0,499000000.0,0.0,0.0,0.133,711000000.0,715000000.0,829000000.0,0.401,5.795,16.063,16.203,11625000000.0,0.0,81.34,2.4,2.4,2189000000.0,9166000000.0,3739000000.0,3739000000.0,0.0,,,,,18000000.0,365000000.0,1.0,431283814.0,431283814.0,,8.669,15115000000.0,0.0,110000000.0,1250000000.0,35.047,-834000000.0
13,WM,MRQ,2018-03-31,2018-03-31,2018-03-31,2021-07-27,-28000000.0,22106000000.0,,2491000000.0,19615000000.0,,13.937,-400000000.0,474000000.0,474000000.0,2184000000.0,395000000.0,0.739,2.654,9957000000.0,1056000000.0,8901000000.0,9957000000.0,495000000.0,347000000.0,0.0,0.021,0.465,603000000.0,950000000.0,0.271,950000000.0,603000000.0,512000000.0,0.91,0.91,0.91,6044000000.0,,6044000000.0,45630646617.0,17.0,11.337,409000000.0,0.943,1.0,1327000000.0,0.378,6924000000.0,91000000.0,21292000000.0,,98000000.0,266000000.0,0.0,266000000.0,16041000000.0,3373000000.0,12668000000.0,36480646617.0,133000000.0,-232000000.0,-227000000.0,452000000.0,-206000000.0,-38000000.0,-637000000.0,0.0,809000000.0,-1000000.0,396000000.0,396000000.0,396000000.0,0.0,-1000000.0,0.113,722000000.0,605000000.0,791000000.0,0.511,6.036,17.822,17.974,11637000000.0,0.0,84.12,2.506,2.506,2204000000.0,8867000000.0,3511000000.0,3511000000.0,0.0,,,,,23000000.0,373000000.0,1.0,433673878.0,433673878.0,,8.096,15182000000.0,0.0,116000000.0,1258000000.0,35.008,-882000000.0
14,WM,MRQ,2017-12-31,2017-12-31,2017-12-31,2021-07-27,8000000.0,21829000000.0,,2694000000.0,19135000000.0,,13.862,-528000000.0,271000000.0,271000000.0,2263000000.0,903000000.0,0.826,2.623,9491000000.0,739000000.0,8752000000.0,9491000000.0,503000000.0,342000000.0,0.0,0.02,0.425,675000000.0,1017000000.0,0.278,1017000000.0,675000000.0,584000000.0,2.07,2.05,2.07,6019000000.0,,6019000000.0,46782854522.0,18.0,11.904,264000000.0,0.608,1.0,1389000000.0,0.38,6794000000.0,91000000.0,20993000000.0,,96000000.0,269000000.0,0.0,269000000.0,15787000000.0,3262000000.0,12525000000.0,37472854522.0,191000000.0,-40000000.0,3000000.0,128000000.0,-184000000.0,-30000000.0,-570000000.0,0.0,792000000.0,-1000000.0,903000000.0,903000000.0,903000000.0,0.0,0.0,0.247,685000000.0,704000000.0,1040000000.0,0.205,6.226,19.227,19.437,11559000000.0,0.0,86.3,2.587,2.587,2374000000.0,8588000000.0,3652000000.0,3652000000.0,0.0,,,,,27000000.0,369000000.0,1.0,434216159.0,434216159.0,,8.411,15035000000.0,0.0,-319000000.0,1248000000.0,34.626,-568000000.0
15,WM,MRQ,2017-09-30,2017-09-30,2017-09-30,2021-07-27,14000000.0,20949000000.0,,2300000000.0,18649000000.0,,11.994,-350000000.0,35000000.0,35000000.0,2302000000.0,388000000.0,0.706,2.965,9345000000.0,850000000.0,8495000000.0,9345000000.0,484000000.0,350000000.0,0.0,0.022,0.425,691000000.0,1041000000.0,0.28,1041000000.0,691000000.0,601000000.0,0.88,0.87,0.88,5278000000.0,,5278000000.0,43466602849.0,17.0,11.346,503000000.0,1.143,1.0,1414000000.0,0.381,6828000000.0,90000000.0,20172000000.0,,99000000.0,287000000.0,0.0,287000000.0,15649000000.0,3259000000.0,12390000000.0,34441602849.0,5000000.0,-23000000.0,-494000000.0,237000000.0,-185000000.0,-472000000.0,-377000000.0,0.0,853000000.0,1000000.0,386000000.0,386000000.0,386000000.0,0.0,2000000.0,0.104,713000000.0,701000000.0,789000000.0,0.483,6.526,24.94,25.006,11136000000.0,0.0,78.27,2.41,2.41,2002000000.0,7871000000.0,3716000000.0,3716000000.0,0.0,,,,,20000000.0,356000000.0,1.0,440035810.0,440035810.0,,8.445,14121000000.0,0.0,215000000.0,1452000000.0,32.091,-959000000.0
16,WM,MRQ,2017-06-30,2017-06-30,2017-06-30,2021-07-27,-33000000.0,20839000000.0,,2326000000.0,18513000000.0,,12.413,-299000000.0,32000000.0,32000000.0,2290000000.0,361000000.0,0.84,2.795,9057000000.0,390000000.0,8667000000.0,9057000000.0,497000000.0,356000000.0,0.0,0.023,0.425,661000000.0,1017000000.0,0.277,1017000000.0,661000000.0,571000000.0,0.82,0.81,0.82,5486000000.0,,5486000000.0,41428354526.0,18.0,11.273,514000000.0,1.163,1.0,1387000000.0,0.377,6821000000.0,90000000.0,20273000000.0,,96000000.0,289000000.0,0.0,289000000.0,15332000000.0,2770000000.0,12562000000.0,32416354526.0,3000000.0,-35000000.0,-241000000.0,-11000000.0,-187000000.0,-474000000.0,-336000000.0,0.0,813000000.0,0.0,362000000.0,362000000.0,362000000.0,0.0,-1000000.0,0.098,714000000.0,673000000.0,808000000.0,0.518,5.909,24.993,25.034,11002000000.0,0.0,73.35,2.295,2.295,2077000000.0,7671000000.0,3677000000.0,3677000000.0,0.0,,,,,18000000.0,353000000.0,1.0,441940757.0,441940757.0,,8.32,14018000000.0,0.0,209000000.0,1487000000.0,31.719,-444000000.0
17,WM,MRQ,2017-03-31,2017-03-31,2017-03-31,2021-07-27,-66000000.0,20650000000.0,,2223000000.0,18427000000.0,,12.547,-332000000.0,30000000.0,30000000.0,2166000000.0,297000000.0,0.869,2.739,9042000000.0,396000000.0,8646000000.0,9042000000.0,479000000.0,328000000.0,0.0,0.023,0.425,527000000.0,855000000.0,0.249,855000000.0,527000000.0,435000000.0,0.68,0.67,0.68,5517000000.0,,5517000000.0,41341143270.0,19.0,11.642,390000000.0,0.887,1.0,1274000000.0,0.37,6795000000.0,92000000.0,20309000000.0,,95000000.0,295000000.0,0.0,295000000.0,15112000000.0,2558000000.0,12554000000.0,32063143270.0,0.0,-1000000.0,77000000.0,-277000000.0,-194000000.0,-385000000.0,-337000000.0,0.0,722000000.0,0.0,298000000.0,298000000.0,298000000.0,0.0,-1000000.0,0.087,719000000.0,555000000.0,720000000.0,0.625,5.812,26.238,26.42,10929000000.0,0.0,72.92,2.311,2.311,1972000000.0,7497000000.0,3440000000.0,3440000000.0,0.0,,,,,36000000.0,390000000.0,1.0,439703007.0,439703007.0,,7.823,13855000000.0,0.0,137000000.0,1521000000.0,31.51,-335000000.0
18,WM,MRQ,2016-12-31,2016-12-31,2016-12-31,2021-07-27,-80000000.0,20859000000.0,,2376000000.0,18483000000.0,,11.984,-377000000.0,137000000.0,137000000.0,2147000000.0,334000000.0,0.85,2.934,9310000000.0,417000000.0,8893000000.0,9310000000.0,493000000.0,313000000.0,0.0,0.023,0.41,605000000.0,918000000.0,0.265,918000000.0,605000000.0,511000000.0,0.75,0.76,0.75,5297000000.0,,5297000000.0,40573438828.0,18.0,11.589,374000000.0,0.846,1.0,1313000000.0,0.379,6806000000.0,94000000.0,20432000000.0,,90000000.0,320000000.0,0.0,320000000.0,15539000000.0,2794000000.0,12745000000.0,31342438828.0,-1000000.0,3000000.0,-219000000.0,49000000.0,-180000000.0,-373000000.0,-379000000.0,0.0,751000000.0,0.0,335000000.0,335000000.0,335000000.0,0.0,-1000000.0,0.097,696000000.0,617000000.0,799000000.0,0.547,5.917,26.516,26.658,10950000000.0,0.0,70.91,2.303,2.303,2132000000.0,7388000000.0,3460000000.0,3460000000.0,0.0,,,,,23000000.0,378000000.0,1.0,442003086.0,442003086.0,,7.828,14053000000.0,0.0,176000000.0,1482000000.0,31.794,-418000000.0
19,WM,MRQ,2016-09-30,2016-09-30,2016-09-30,2021-07-27,-63000000.0,20756000000.0,,2293000000.0,18463000000.0,,12.117,-333000000.0,30000000.0,30000000.0,2216000000.0,304000000.0,0.861,2.869,9261000000.0,432000000.0,8829000000.0,9261000000.0,475000000.0,336000000.0,0.0,0.025,0.41,549000000.0,885000000.0,0.249,885000000.0,549000000.0,455000000.0,0.68,0.68,0.68,5359000000.0,,5359000000.0,37691342687.0,18.0,11.178,425000000.0,0.961,1.0,1332000000.0,0.375,6844000000.0,94000000.0,20479000000.0,,93000000.0,326000000.0,0.0,326000000.0,15373000000.0,2664000000.0,12709000000.0,28200342687.0,-9000000.0,-20000000.0,13000000.0,-251000000.0,-182000000.0,-402000000.0,-364000000.0,0.0,758000000.0,-1000000.0,302000000.0,302000000.0,302000000.0,0.0,2000000.0,0.085,772000000.0,560000000.0,689000000.0,0.603,5.262,25.179,25.402,10842000000.0,0.0,63.76,2.105,2.105,2040000000.0,7235000000.0,3548000000.0,3548000000.0,0.0,,,,,16000000.0,330000000.0,1.0,442288938.0,442288938.0,,8.022,13912000000.0,0.0,153000000.0,1428000000.0,31.455,-371000000.0
20,WM,MRQ,2016-06-30,2016-06-30,2016-06-30,2021-07-27,-49000000.0,20752000000.0,,2276000000.0,18476000000.0,,11.723,-312000000.0,39000000.0,39000000.0,2130000000.0,286000000.0,0.811,2.981,9530000000.0,614000000.0,8916000000.0,9530000000.0,483000000.0,340000000.0,0.0,0.024,0.41,553000000.0,893000000.0,0.261,893000000.0,553000000.0,460000000.0,0.65,0.64,0.65,5208000000.0,,5208000000.0,38933220738.0,18.0,11.431,450000000.0,1.013,1.0,1295000000.0,0.378,6862000000.0,93000000.0,20575000000.0,,93000000.0,321000000.0,0.0,321000000.0,15524000000.0,2806000000.0,12718000000.0,29441220738.0,-65000000.0,-24000000.0,-224000000.0,-77000000.0,-181000000.0,-489000000.0,-339000000.0,0.0,762000000.0,1000000.0,287000000.0,287000000.0,287000000.0,0.0,-1000000.0,0.084,684000000.0,611000000.0,620000000.0,0.631,5.653,25.534,25.686,10841000000.0,0.0,66.27,2.229,2.229,2023000000.0,7116000000.0,3425000000.0,3425000000.0,0.0,,,,,21000000.0,340000000.0,1.0,444261668.0,444261668.0,,7.709,13890000000.0,0.0,173000000.0,1395000000.0,31.265,-530000000.0
21,WM,MRQ,2016-03-31,2016-03-31,2016-03-31,2021-07-27,-58000000.0,20781000000.0,,2302000000.0,18479000000.0,,11.87,-317000000.0,104000000.0,104000000.0,1993000000.0,256000000.0,0.899,2.925,9596000000.0,524000000.0,9072000000.0,9596000000.0,465000000.0,312000000.0,0.0,0.027,0.41,493000000.0,805000000.0,0.253,805000000.0,493000000.0,398000000.0,0.58,0.58,0.58,5290000000.0,,5290000000.0,35235489181.0,17.0,10.613,415000000.0,0.931,1.0,1183000000.0,0.372,6860000000.0,95000000.0,20853000000.0,,92000000.0,371000000.0,0.0,371000000.0,15471000000.0,2560000000.0,12911000000.0,26293489181.0,65000000.0,-524000000.0,-232000000.0,654000000.0,-183000000.0,180000000.0,-847000000.0,0.0,732000000.0,0.0,258000000.0,258000000.0,258000000.0,0.0,-2000000.0,0.081,676000000.0,507000000.0,591000000.0,0.707,4.97,23.064,23.32,10796000000.0,0.0,59.0,2.008,2.008,1988000000.0,7012000000.0,3176000000.0,3176000000.0,0.0,,,,,30000000.0,362000000.0,1.0,445652359.0,445652359.0,,7.127,13921000000.0,0.0,140000000.0,1438000000.0,31.237,-258000000.0
22,WM,MRQ,2015-12-31,2015-12-31,2015-12-31,2021-07-27,-127000000.0,20367000000.0,,2345000000.0,18022000000.0,,11.971,-369000000.0,39000000.0,39000000.0,2027000000.0,273000000.0,0.934,2.806,8929000000.0,253000000.0,8676000000.0,8929000000.0,472000000.0,301000000.0,0.0,0.029,0.385,488000000.0,789000000.0,0.243,789000000.0,488000000.0,397000000.0,0.6,0.6,0.6,5345000000.0,,5345000000.0,32766453627.0,23.0,12.176,187000000.0,0.419,1.0,1219000000.0,0.376,6461000000.0,91000000.0,20286000000.0,,92000000.0,360000000.0,0.0,360000000.0,15000000000.0,2510000000.0,12490000000.0,23829453627.0,-74000000.0,-50000000.0,24000000.0,-66000000.0,-172000000.0,-202000000.0,-427000000.0,0.0,556000000.0,-1000000.0,273000000.0,273000000.0,273000000.0,0.0,0.0,0.084,717000000.0,502000000.0,721000000.0,0.642,4.458,31.646,32.151,10665000000.0,0.0,53.37,1.839,1.839,2094000000.0,6939000000.0,3246000000.0,3246000000.0,0.0,,,,,30000000.0,343000000.0,1.0,446495290.0,446495290.0,,7.27,13906000000.0,0.0,124000000.0,1391000000.0,31.145,-165000000.0
23,WM,MRQ,2015-09-30,2015-09-30,2015-09-30,2021-07-27,-91000000.0,20402000000.0,,2399000000.0,18003000000.0,,11.575,-335000000.0,113000000.0,113000000.0,2095000000.0,337000000.0,0.982,2.893,9050000000.0,215000000.0,8835000000.0,9050000000.0,461000000.0,330000000.0,0.0,0.031,0.385,589000000.0,919000000.0,0.274,919000000.0,589000000.0,494000000.0,0.75,0.74,0.75,5235000000.0,,5235000000.0,31359592972.0,19.0,10.762,322000000.0,0.712,1.0,1265000000.0,0.376,6381000000.0,95000000.0,20516000000.0,,92000000.0,374000000.0,0.0,374000000.0,15145000000.0,2442000000.0,12703000000.0,22526592972.0,-160000000.0,17000000.0,-294000000.0,-46000000.0,-172000000.0,-514000000.0,-302000000.0,0.0,657000000.0,-1000000.0,335000000.0,335000000.0,335000000.0,0.0,2000000.0,0.1,664000000.0,601000000.0,671000000.0,0.513,4.303,21.053,21.286,10659000000.0,0.0,49.81,1.713,1.713,2002000000.0,6840000000.0,3360000000.0,3360000000.0,0.0,,,,,21000000.0,330000000.0,1.0,452250411.0,452250411.0,,7.43,14021000000.0,79000000.0,159000000.0,1490000000.0,31.003,-43000000.0
24,WM,MRQ,2015-06-30,2015-06-30,2015-06-30,2021-07-27,-34000000.0,20578000000.0,,2553000000.0,18025000000.0,,11.764,-296000000.0,273000000.0,273000000.0,2163000000.0,273000000.0,1.031,2.817,9106000000.0,196000000.0,8910000000.0,9106000000.0,479000000.0,322000000.0,0.0,0.033,0.385,485000000.0,807000000.0,0.243,807000000.0,485000000.0,390000000.0,0.6,0.6,0.6,5386000000.0,,5386000000.0,30150056421.0,19.0,10.605,520000000.0,1.136,1.0,1152000000.0,0.348,6392000000.0,95000000.0,20542000000.0,,102000000.0,390000000.0,0.0,390000000.0,15171000000.0,2477000000.0,12694000000.0,21220056421.0,-4000000.0,50000000.0,-292000000.0,-104000000.0,-175000000.0,-571000000.0,-251000000.0,0.0,816000000.0,2000000.0,274000000.0,274000000.0,274000000.0,0.0,-1000000.0,0.083,650000000.0,502000000.0,707000000.0,0.642,3.94,21.114,21.261,10665000000.0,0.0,46.35,1.584,1.584,1953000000.0,6680000000.0,3315000000.0,3315000000.0,0.0,,,,,8000000.0,322000000.0,1.0,457822145.0,457822145.0,,7.241,14186000000.0,82000000.0,116000000.0,1409000000.0,30.986,76000000.0
25,WM,MRQ,2015-03-31,2015-03-31,2015-03-31,2021-07-27,-50000000.0,20691000000.0,,2617000000.0,18074000000.0,,12.097,-233000000.0,277000000.0,277000000.0,1946000000.0,-131000000.0,1.151,2.722,9207000000.0,168000000.0,9039000000.0,9207000000.0,463000000.0,292000000.0,0.0,0.028,0.385,-116000000.0,176000000.0,0.058,176000000.0,-116000000.0,-220000000.0,-0.28,-0.28,-0.28,5554000000.0,,5554000000.0,33026535789.0,20.0,11.468,266000000.0,0.579,1.0,1094000000.0,0.36,6419000000.0,104000000.0,20929000000.0,,109000000.0,397000000.0,0.0,397000000.0,15116000000.0,2273000000.0,12843000000.0,24898535789.0,-1030000000.0,-426000000.0,39000000.0,-766000000.0,-176000000.0,-898000000.0,-628000000.0,0.0,499000000.0,-3000000.0,-129000000.0,-129000000.0,-129000000.0,0.0,-2000000.0,-0.042,654000000.0,440000000.0,634000000.0,-1.375,4.483,26.46,26.714,10679000000.0,0.0,54.23,1.825,1.825,2008000000.0,6582000000.0,3040000000.0,3040000000.0,0.0,,,,,13000000.0,348000000.0,1.0,459128449.0,459128449.0,,6.621,14272000000.0,70000000.0,-91000000.0,1491000000.0,31.085,344000000.0
26,WM,MRQ,2014-12-31,2014-12-31,2014-12-31,2021-07-27,23000000.0,21297000000.0,,3526000000.0,17771000000.0,,12.81,-370000000.0,1307000000.0,1307000000.0,2170000000.0,598000000.0,1.012,2.627,9435000000.0,1090000000.0,8345000000.0,9435000000.0,475000000.0,307000000.0,0.0,0.029,0.375,705000000.0,1012000000.0,0.294,1012000000.0,705000000.0,591000000.0,1.27,1.27,1.27,5866000000.0,,5866000000.0,33481504334.0,15.0,9.652,150000000.0,0.328,1.0,1267000000.0,0.369,6180000000.0,114000000.0,19760000000.0,,106000000.0,408000000.0,0.0,408000000.0,15408000000.0,3485000000.0,11923000000.0,23500504334.0,1124000000.0,1921000000.0,23000000.0,-723000000.0,-172000000.0,-965000000.0,1571000000.0,0.0,520000000.0,-2000000.0,590000000.0,590000000.0,590000000.0,0.0,8000000.0,0.172,515000000.0,752000000.0,740000000.0,0.295,4.006,18.105,18.329,10657000000.0,0.0,51.32,1.679,1.679,1937000000.0,6888000000.0,3437000000.0,3437000000.0,0.0,,,,,23000000.0,376000000.0,1.0,457920973.0,457920973.0,,7.506,15117000000.0,0.0,1000000.0,1338000000.0,33.012,41000000.0
27,WM,MRQ,2014-09-30,2014-09-30,2014-09-30,2021-07-27,77000000.0,22211000000.0,,4116000000.0,18095000000.0,,11.501,-307000000.0,183000000.0,183000000.0,2299000000.0,281000000.0,1.086,3.085,10164000000.0,1141000000.0,9023000000.0,10164000000.0,467000000.0,329000000.0,0.0,0.031,0.375,519000000.0,848000000.0,0.235,848000000.0,519000000.0,403000000.0,0.59,0.58,0.59,5364000000.0,,5364000000.0,31828067002.0,33.0,13.893,365000000.0,0.783,1.0,1303000000.0,0.362,6230000000.0,116000000.0,22173000000.0,,106000000.0,443000000.0,0.0,443000000.0,16548000000.0,3789000000.0,12759000000.0,22168067002.0,46000000.0,35000000.0,-561000000.0,397000000.0,-172000000.0,-341000000.0,-282000000.0,0.0,672000000.0,-3000000.0,270000000.0,270000000.0,270000000.0,0.0,11000000.0,0.075,757000000.0,546000000.0,712000000.0,0.636,4.133,215.224,198.042,10849000000.0,0.0,47.53,1.577,1.577,1713000000.0,6473000000.0,3602000000.0,3602000000.0,0.0,,,,,9000000.0,377000000.0,1.0,466401578.0,466401578.0,,7.723,15981000000.0,139000000.0,133000000.0,1522000000.0,34.264,327000000.0
28,WM,MRQ,2014-06-30,2014-06-30,2014-06-30,2021-07-27,135000000.0,22179000000.0,,2355000000.0,19824000000.0,,12.577,-208000000.0,137000000.0,137000000.0,2301000000.0,222000000.0,0.79,2.739,9797000000.0,786000000.0,9011000000.0,9797000000.0,471000000.0,339000000.0,0.0,0.033,0.375,505000000.0,844000000.0,0.237,844000000.0,505000000.0,390000000.0,0.45,0.45,0.45,5853000000.0,,5853000000.0,30670651698.0,30.0,13.04,347000000.0,0.746,1.0,1260000000.0,0.354,6587000000.0,115000000.0,22272000000.0,,166000000.0,419000000.0,0.0,419000000.0,16032000000.0,2980000000.0,13052000000.0,20815651698.0,-202000000.0,78000000.0,17000000.0,-410000000.0,-175000000.0,-587000000.0,-172000000.0,0.0,555000000.0,2000000.0,210000000.0,210000000.0,210000000.0,0.0,12000000.0,0.059,728000000.0,532000000.0,692000000.0,0.833,3.556,167.868,165.667,12031000000.0,0.0,44.73,1.479,1.479,1797000000.0,6376000000.0,3561000000.0,3561000000.0,0.0,,,,,14000000.0,353000000.0,1.0,465362211.0,465362211.0,,7.652,15592000000.0,106000000.0,180000000.0,1796000000.0,33.505,-625000000.0
29,WM,MRQ,2014-03-31,2014-03-31,2014-03-31,2021-07-27,89000000.0,22442000000.0,,2535000000.0,19907000000.0,,12.342,-266000000.0,339000000.0,339000000.0,2232000000.0,237000000.0,0.755,2.859,10194000000.0,1216000000.0,8978000000.0,10194000000.0,462000000.0,317000000.0,0.0,0.035,0.375,448000000.0,765000000.0,0.225,765000000.0,448000000.0,327000000.0,0.49,0.49,0.49,5737000000.0,,5737000000.0,29723056281.0,29.0,12.708,318000000.0,0.684,1.0,1164000000.0,0.343,6571000000.0,121000000.0,22369000000.0,,174000000.0,402000000.0,0.0,402000000.0,16403000000.0,3357000000.0,13046000000.0,19555056281.0,281000000.0,151000000.0,14000000.0,-15000000.0,-174000000.0,-179000000.0,-122000000.0,0.0,584000000.0,-2000000.0,228000000.0,228000000.0,228000000.0,0.0,9000000.0,0.067,695000000.0,469000000.0,663000000.0,0.765,3.409,123.766,123.735,12170000000.0,0.0,42.07,1.393,1.393,1751000000.0,6342000000.0,3396000000.0,3396000000.0,0.0,,,,,14000000.0,375000000.0,1.0,464821875.0,464821875.0,,7.306,15871000000.0,96000000.0,99000000.0,1815000000.0,34.144,-822000000.0
30,WM,MRQ,2013-12-31,2013-12-31,2013-12-31,2021-07-27,154000000.0,22603000000.0,,2499000000.0,20104000000.0,,12.164,-447000000.0,58000000.0,58000000.0,2267000000.0,-599000000.0,0.829,2.909,10226000000.0,726000000.0,9500000000.0,10226000000.0,475000000.0,327000000.0,0.0,0.033,0.365,-493000000.0,-166000000.0,-0.047,-166000000.0,-493000000.0,-609000000.0,-1.29,-1.29,-1.29,5707000000.0,,5707000000.0,30954382954.0,33.0,13.624,150000000.0,0.32,1.0,1233000000.0,0.352,6599000000.0,116000000.0,23158000000.0,,178000000.0,591000000.0,177000000.0,414000000.0,16601000000.0,3014000000.0,13587000000.0,21052382954.0,-99000000.0,-5000000.0,-223000000.0,181000000.0,-171000000.0,-228000000.0,-468000000.0,0.0,597000000.0,0.0,-605000000.0,-605000000.0,-605000000.0,0.0,6000000.0,-0.173,1643000000.0,-410000000.0,744000000.0,-0.283,3.689,214.82,213.667,12344000000.0,0.0,44.87,1.506,1.506,1810000000.0,6289000000.0,3500000000.0,3500000000.0,0.0,,,,,11000000.0,376000000.0,1.0,469186159.0,469186159.0,,7.46,16004000000.0,113000000.0,-4000000.0,1842000000.0,34.11,-515000000.0
31,WM,MRQ,2013-09-30,2013-09-30,2013-09-30,2021-07-27,169000000.0,23613000000.0,,2417000000.0,21196000000.0,,14.31,-323000000.0,157000000.0,157000000.0,2325000000.0,297000000.0,0.845,2.474,10059000000.0,568000000.0,9491000000.0,10059000000.0,472000000.0,344000000.0,0.0,0.035,0.365,565000000.0,909000000.0,0.251,909000000.0,565000000.0,446000000.0,0.62,0.62,0.62,6708000000.0,,6708000000.0,28948331519.0,15.0,8.99,413000000.0,0.881,1.0,1296000000.0,0.358,7162000000.0,119000000.0,23491000000.0,,178000000.0,656000000.0,0.0,656000000.0,16598000000.0,2862000000.0,13736000000.0,19332331519.0,3000000.0,-454000000.0,18000000.0,171000000.0,-171000000.0,6000000.0,-739000000.0,0.0,736000000.0,0.0,291000000.0,291000000.0,291000000.0,0.0,6000000.0,0.08,719000000.0,577000000.0,763000000.0,0.589,2.882,20.855,20.828,12621000000.0,0.0,41.24,1.389,1.389,1860000000.0,7066000000.0,3621000000.0,3621000000.0,0.0,,,,,10000000.0,349000000.0,1.0,468776225.0,468776225.0,,7.724,16451000000.0,84000000.0,155000000.0,1994000000.0,35.094,-445000000.0
32,WM,MRQ,2013-06-30,2013-06-30,2013-06-30,2021-07-27,134000000.0,23012000000.0,,2404000000.0,20608000000.0,,13.937,-235000000.0,154000000.0,154000000.0,2311000000.0,256000000.0,0.795,2.488,9770000000.0,776000000.0,8994000000.0,9770000000.0,481000000.0,339000000.0,0.0,0.036,0.365,492000000.0,831000000.0,0.236,831000000.0,492000000.0,371000000.0,0.52,0.52,0.52,6509000000.0,,6509000000.0,28537138899.0,16.0,9.194,310000000.0,0.664,1.0,1215000000.0,0.345,6802000000.0,121000000.0,22804000000.0,,171000000.0,653000000.0,0.0,653000000.0,16194000000.0,3022000000.0,13172000000.0,18835138899.0,-153000000.0,-5000000.0,60000000.0,-290000000.0,-171000000.0,-424000000.0,-272000000.0,0.0,545000000.0,-2000000.0,244000000.0,244000000.0,244000000.0,0.0,12000000.0,0.069,705000000.0,510000000.0,696000000.0,0.702,2.894,22.159,22.159,12469000000.0,0.0,40.33,1.369,1.369,1853000000.0,6948000000.0,3526000000.0,3526000000.0,0.0,,,,,12000000.0,353000000.0,1.0,467025512.0,467025512.0,,7.55,16210000000.0,83000000.0,127000000.0,1923000000.0,34.709,-618000000.0
33,WM,MRQ,2013-03-31,2013-03-31,2013-03-31,2021-07-27,160000000.0,23155000000.0,,2497000000.0,20658000000.0,,13.747,-266000000.0,307000000.0,307000000.0,2209000000.0,176000000.0,0.783,2.571,10009000000.0,964000000.0,9045000000.0,10009000000.0,466000000.0,323000000.0,0.0,0.036,0.365,375000000.0,698000000.0,0.209,698000000.0,375000000.0,254000000.0,0.36,0.36,0.36,6395000000.0,,6395000000.0,27962497372.0,16.0,9.198,311000000.0,0.669,1.0,1127000000.0,0.338,6823000000.0,121000000.0,22846000000.0,,177000000.0,658000000.0,0.0,658000000.0,16439000000.0,3188000000.0,13251000000.0,18240497372.0,113000000.0,-155000000.0,38000000.0,93000000.0,-170000000.0,-41000000.0,-421000000.0,0.0,577000000.0,-2000000.0,168000000.0,168000000.0,168000000.0,0.0,8000000.0,0.05,725000000.0,402000000.0,674000000.0,1.014,2.852,22.408,22.406,12512000000.0,0.0,39.21,1.332,1.332,1779000000.0,6875000000.0,3336000000.0,3336000000.0,0.0,,,,,15000000.0,390000000.0,1.0,465200137.0,465200137.0,,7.171,16332000000.0,84000000.0,86000000.0,1928000000.0,35.107,-691000000.0
34,WM,MRQ,2012-12-31,2012-12-31,2012-12-31,2021-07-27,193000000.0,23097000000.0,,2423000000.0,20674000000.0,,13.697,-378000000.0,194000000.0,194000000.0,2224000000.0,235000000.0,0.798,2.585,9916000000.0,743000000.0,9173000000.0,9916000000.0,465000000.0,326000000.0,0.0,0.042,0.355,456000000.0,782000000.0,0.228,782000000.0,456000000.0,338000000.0,0.48,0.48,0.48,6354000000.0,,6354000000.0,25245957287.0,14.0,8.302,199000000.0,0.429,1.0,1210000000.0,0.352,6688000000.0,118000000.0,23095000000.0,,174000000.0,667000000.0,0.0,667000000.0,16422000000.0,3036000000.0,13386000000.0,15651957287.0,-204000000.0,-72000000.0,4000000.0,-90000000.0,-165000000.0,-311000000.0,-469000000.0,0.0,577000000.0,-1000000.0,224000000.0,224000000.0,224000000.0,0.0,11000000.0,0.065,726000000.0,484000000.0,842000000.0,0.74,2.463,19.158,19.17,12651000000.0,0.0,33.74,1.147,1.147,1839000000.0,6879000000.0,3434000000.0,3434000000.0,0.0,,,,,7000000.0,356000000.0,1.0,463899149.0,463899149.0,,7.402,16409000000.0,76000000.0,114000000.0,1947000000.0,35.372,-613000000.0
35,WM,MRQ,2012-09-30,2012-09-30,2012-09-30,2021-07-27,200000000.0,23073000000.0,,2659000000.0,20414000000.0,,13.565,-402000000.0,398000000.0,398000000.0,2229000000.0,223000000.0,0.834,2.618,9992000000.0,826000000.0,9166000000.0,9992000000.0,459000000.0,331000000.0,0.0,0.044,0.355,462000000.0,793000000.0,0.229,793000000.0,462000000.0,339000000.0,0.46,0.46,0.46,6288000000.0,,6288000000.0,24459935186.0,14.0,7.952,172000000.0,0.371,1.0,1232000000.0,0.356,6664000000.0,123000000.0,22816000000.0,,155000000.0,652000000.0,0.0,652000000.0,16461000000.0,3187000000.0,13274000000.0,14870935186.0,161000000.0,-37000000.0,8000000.0,171000000.0,-164000000.0,43000000.0,-458000000.0,0.0,574000000.0,2000000.0,214000000.0,214000000.0,214000000.0,0.0,9000000.0,0.062,732000000.0,500000000.0,787000000.0,0.772,2.365,17.312,17.247,12518000000.0,0.0,32.08,1.092,1.092,1868000000.0,6820000000.0,3461000000.0,3461000000.0,0.0,,,,,5000000.0,335000000.0,1.0,463557830.0,463557830.0,,7.466,16409000000.0,79000000.0,125000000.0,1896000000.0,35.398,-528000000.0
36,WM,MRQ,2012-06-30,2012-06-30,2012-06-30,2021-07-27,163000000.0,22691000000.0,,2454000000.0,20237000000.0,,13.324,-351000000.0,237000000.0,237000000.0,2260000000.0,219000000.0,0.77,2.627,9826000000.0,853000000.0,8973000000.0,9826000000.0,469000000.0,323000000.0,0.0,0.042,0.355,444000000.0,767000000.0,0.222,767000000.0,444000000.0,323000000.0,0.45,0.45,0.45,6168000000.0,,6168000000.0,25121171121.0,13.0,8.036,318000000.0,0.687,1.0,1199000000.0,0.347,6653000000.0,121000000.0,22440000000.0,,147000000.0,656000000.0,0.0,656000000.0,16204000000.0,3187000000.0,13017000000.0,15461171121.0,48000000.0,-38000000.0,7000000.0,-41000000.0,-165000000.0,-220000000.0,-400000000.0,0.0,669000000.0,-1000000.0,208000000.0,208000000.0,208000000.0,0.0,11000000.0,0.06,733000000.0,466000000.0,720000000.0,0.789,2.507,16.861,16.869,12360000000.0,0.0,33.4,1.13,1.13,1831000000.0,6771000000.0,3459000000.0,3459000000.0,0.0,,,,,-1000000.0,374000000.0,1.0,462909315.0,462909315.0,,7.472,16038000000.0,73000000.0,115000000.0,1879000000.0,34.646,-733000000.0
37,WM,MRQ,2012-03-31,2012-03-31,2012-03-31,2021-07-27,206000000.0,22535000000.0,,2285000000.0,20250000000.0,,13.349,-379000000.0,189000000.0,189000000.0,2166000000.0,183000000.0,0.75,2.607,9849000000.0,860000000.0,8989000000.0,9849000000.0,465000000.0,317000000.0,0.0,0.039,0.355,382000000.0,699000000.0,0.212,699000000.0,382000000.0,260000000.0,0.37,0.37,0.37,6159000000.0,,6159000000.0,25627648360.0,13.0,8.097,96000000.0,0.208,1.0,1129000000.0,0.343,6684000000.0,122000000.0,22464000000.0,,153000000.0,646000000.0,0.0,646000000.0,16054000000.0,3047000000.0,13007000000.0,16129648360.0,-69000000.0,-136000000.0,24000000.0,82000000.0,-164000000.0,-42000000.0,-503000000.0,0.0,475000000.0,1000000.0,171000000.0,171000000.0,171000000.0,0.0,12000000.0,0.052,728000000.0,401000000.0,662000000.0,0.959,2.619,17.05,17.222,12299000000.0,0.0,34.96,1.189,1.189,1720000000.0,6727000000.0,3295000000.0,3295000000.0,0.0,,,,,7000000.0,407000000.0,1.0,461374381.0,461374381.0,,7.142,15851000000.0,70000000.0,89000000.0,1889000000.0,34.356,-762000000.0
38,WM,MRQ,2011-12-31,2011-12-31,2011-12-31,2021-07-27,172000000.0,22569000000.0,,2379000000.0,20190000000.0,,13.186,-415000000.0,258000000.0,258000000.0,2145000000.0,278000000.0,0.775,2.665,9756000000.0,631000000.0,9125000000.0,9756000000.0,470000000.0,294000000.0,0.0,0.042,0.34,523000000.0,817000000.0,0.24,817000000.0,523000000.0,400000000.0,0.58,0.58,0.58,6070000000.0,,6070000000.0,24388394823.0,12.0,7.664,317000000.0,0.689,1.0,1261000000.0,0.37,6672000000.0,123000000.0,22327000000.0,,153000000.0,637000000.0,0.0,637000000.0,16179000000.0,3068000000.0,13111000000.0,15057394823.0,-24000000.0,-271000000.0,-42000000.0,122000000.0,-156000000.0,-107000000.0,-650000000.0,0.0,732000000.0,1000000.0,266000000.0,266000000.0,266000000.0,0.0,12000000.0,0.078,709000000.0,552000000.0,838000000.0,0.586,2.481,15.668,15.956,12242000000.0,0.0,32.71,1.126,1.126,1775000000.0,6721000000.0,3406000000.0,3406000000.0,0.0,,,,,6000000.0,407000000.0,1.0,460330016.0,460330016.0,,7.399,15897000000.0,78000000.0,134000000.0,1884000000.0,34.534,-689000000.0
39,WM,MRQ,2011-09-30,2011-09-30,2011-09-30,2021-07-27,144000000.0,22052000000.0,,2419000000.0,19633000000.0,,12.6,-313000000.0,282000000.0,282000000.0,2261000000.0,285000000.0,0.957,2.651,9613000000.0,225000000.0,9388000000.0,9613000000.0,473000000.0,317000000.0,0.0,0.041,0.34,526000000.0,843000000.0,0.239,843000000.0,526000000.0,408000000.0,0.58,0.58,0.58,5948000000.0,,5948000000.0,24036090385.0,12.0,7.507,346000000.0,0.733,1.0,1261000000.0,0.358,6501000000.0,118000000.0,22355000000.0,,142000000.0,0.0,0.0,0.0,15767000000.0,2527000000.0,13240000000.0,15370090385.0,-89000000.0,-480000000.0,-355000000.0,486000000.0,-158000000.0,-34000000.0,-711000000.0,0.0,659000000.0,-3000000.0,272000000.0,272000000.0,272000000.0,0.0,13000000.0,0.077,718000000.0,543000000.0,676000000.0,0.586,2.584,15.748,15.883,11911000000.0,0.0,32.56,1.168,1.168,1799000000.0,6613000000.0,3522000000.0,3522000000.0,0.0,,,,,11000000.0,380000000.0,1.0,472054373.0,472054373.0,,7.461,15551000000.0,43000000.0,136000000.0,1695000000.0,32.943,-108000000.0
40,WM,MRQ,2011-06-30,2011-06-30,2011-06-30,2021-07-27,259000000.0,21583000000.0,,2374000000.0,19209000000.0,,13.267,-280000000.0,371000000.0,371000000.0,2140000000.0,250000000.0,1.034,2.378,9037000000.0,198000000.0,8839000000.0,9037000000.0,465000000.0,319000000.0,0.0,0.035,0.34,487000000.0,806000000.0,0.241,806000000.0,487000000.0,368000000.0,0.5,0.5,0.5,6291000000.0,,6291000000.0,26164445777.0,13.0,8.179,198000000.0,0.418,1.0,1207000000.0,0.361,6103000000.0,119000000.0,21851000000.0,,137000000.0,0.0,0.0,0.0,14960000000.0,2295000000.0,12665000000.0,17673445777.0,-305000000.0,-86000000.0,-93000000.0,-148000000.0,-161000000.0,-422000000.0,-362000000.0,0.0,478000000.0,1000000.0,237000000.0,237000000.0,237000000.0,0.0,13000000.0,0.071,701000000.0,506000000.0,576000000.0,0.68,2.809,18.643,18.823,11919000000.0,0.0,37.27,1.373,1.373,1713000000.0,6499000000.0,3347000000.0,3347000000.0,0.0,,,,,7000000.0,382000000.0,1.0,474200316.0,474200316.0,,7.058,15480000000.0,39000000.0,131000000.0,1704000000.0,32.644,79000000.0
41,WM,MRQ,2011-03-31,2011-03-31,2011-03-31,2021-07-27,257000000.0,21648000000.0,,2548000000.0,19100000000.0,,13.245,-316000000.0,676000000.0,676000000.0,1995000000.0,196000000.0,1.078,2.384,9167000000.0,285000000.0,8882000000.0,9167000000.0,458000000.0,299000000.0,0.0,0.034,0.34,417000000.0,716000000.0,0.231,716000000.0,417000000.0,296000000.0,0.39,0.39,0.39,6298000000.0,,6298000000.0,26122721323.0,13.0,7.989,284000000.0,0.597,1.0,1108000000.0,0.357,6089000000.0,121000000.0,21687000000.0,,130000000.0,0.0,0.0,0.0,15016000000.0,2363000000.0,12653000000.0,17754721323.0,137000000.0,-149000000.0,-40000000.0,238000000.0,-162000000.0,-3000000.0,-462000000.0,0.0,600000000.0,2000000.0,186000000.0,186000000.0,186000000.0,0.0,10000000.0,0.06,681000000.0,427000000.0,546000000.0,0.872,2.819,18.552,18.764,11855000000.0,0.0,37.34,1.4,1.4,1561000000.0,6424000000.0,3103000000.0,3103000000.0,0.0,,,,,13000000.0,382000000.0,1.0,475487984.0,475487984.0,,6.526,15559000000.0,44000000.0,110000000.0,1670000000.0,32.722,185000000.0
42,WM,MRQ,2010-12-31,2010-12-31,2010-12-31,2021-07-27,230000000.0,21476000000.0,,2482000000.0,18994000000.0,,13.157,-367000000.0,539000000.0,539000000.0,1941000000.0,294000000.0,0.999,2.378,8907000000.0,233000000.0,8674000000.0,8907000000.0,460000000.0,277000000.0,0.0,0.034,0.315,560000000.0,837000000.0,0.263,837000000.0,560000000.0,441000000.0,0.58,0.59,0.58,6260000000.0,,6260000000.0,25951773800.0,13.0,7.988,255000000.0,0.536,1.0,1246000000.0,0.391,6021000000.0,119000000.0,21338000000.0,,130000000.0,471000000.0,0.0,471000000.0,14885000000.0,2485000000.0,12400000000.0,17542773800.0,-11000000.0,-67000000.0,-32000000.0,-47000000.0,-150000000.0,-204000000.0,-431000000.0,0.0,622000000.0,2000000.0,281000000.0,281000000.0,281000000.0,0.0,13000000.0,0.088,672000000.0,574000000.0,692000000.0,0.543,2.802,18.408,18.621,11868000000.0,0.0,36.87,1.402,1.402,1656000000.0,6400000000.0,3187000000.0,3187000000.0,0.0,,,,,3000000.0,396000000.0,1.0,475800754.0,475800754.0,,6.698,15455000000.0,40000000.0,160000000.0,1662000000.0,32.482,-3000000.0
43,WM,MRQ,2010-09-30,2010-09-30,2010-09-30,2021-07-27,184000000.0,21339000000.0,,2569000000.0,18770000000.0,,12.793,-262000000.0,550000000.0,550000000.0,2006000000.0,258000000.0,1.112,2.439,8959000000.0,161000000.0,8798000000.0,8959000000.0,446000000.0,317000000.0,0.0,0.035,0.315,523000000.0,840000000.0,0.26,840000000.0,523000000.0,397000000.0,0.51,0.51,0.51,6108000000.0,,6108000000.0,25479555099.0,13.0,8.148,415000000.0,0.869,1.0,1229000000.0,0.38,6002000000.0,126000000.0,21435000000.0,,124000000.0,0.0,0.0,0.0,14900000000.0,2311000000.0,12589000000.0,17063555099.0,-619000000.0,-98000000.0,-142000000.0,-650000000.0,-149000000.0,-946000000.0,-352000000.0,0.0,677000000.0,2000000.0,244000000.0,244000000.0,244000000.0,0.0,14000000.0,0.075,685000000.0,544000000.0,561000000.0,0.618,2.794,17.288,17.606,11636000000.0,0.0,35.74,1.383,1.383,1691000000.0,6270000000.0,3235000000.0,3235000000.0,0.0,,,,,5000000.0,369000000.0,1.0,477435789.0,477435789.0,,6.776,15337000000.0,62000000.0,153000000.0,1602000000.0,32.124,258000000.0
44,WM,MRQ,2010-06-30,2010-06-30,2010-06-30,2021-07-27,164000000.0,21759000000.0,,3156000000.0,18603000000.0,,12.627,-220000000.0,1169000000.0,1169000000.0,1996000000.0,258000000.0,1.104,2.517,9585000000.0,758000000.0,8827000000.0,9585000000.0,459000000.0,309000000.0,0.0,0.039,0.315,568000000.0,877000000.0,0.278,877000000.0,568000000.0,452000000.0,0.51,0.51,0.51,6099000000.0,,6099000000.0,23065693266.0,12.0,7.436,260000000.0,0.538,1.0,1162000000.0,0.368,5923000000.0,116000000.0,21394000000.0,,110000000.0,0.0,0.0,0.0,15351000000.0,2858000000.0,12493000000.0,15113693266.0,298000000.0,-172000000.0,-160000000.0,548000000.0,-152000000.0,208000000.0,-388000000.0,0.0,480000000.0,-2000000.0,246000000.0,246000000.0,246000000.0,0.0,12000000.0,0.078,576000000.0,586000000.0,543000000.0,0.618,2.478,14.817,15.043,11575000000.0,0.0,31.29,1.247,1.247,1641000000.0,6176000000.0,3158000000.0,3158000000.0,0.0,,,,,7000000.0,345000000.0,1.0,483019919.0,483019919.0,,6.538,15836000000.0,113000000.0,206000000.0,1518000000.0,32.785,298000000.0
45,WM,MRQ,2010-03-31,2010-03-31,2010-03-31,2021-07-27,234000000.0,20995000000.0,,2719000000.0,18276000000.0,,12.852,-255000000.0,871000000.0,871000000.0,1881000000.0,192000000.0,1.018,2.319,8823000000.0,632000000.0,8191000000.0,8823000000.0,450000000.0,291000000.0,0.0,0.034,0.315,404000000.0,695000000.0,0.237,695000000.0,404000000.0,292000000.0,0.37,0.37,0.37,6233000000.0,,6233000000.0,24430589988.0,13.0,8.026,241000000.0,0.497,1.0,1054000000.0,0.359,5920000000.0,112000000.0,20357000000.0,,107000000.0,0.0,0.0,0.0,14454000000.0,2670000000.0,11784000000.0,16697589988.0,-269000000.0,-199000000.0,-113000000.0,-55000000.0,-153000000.0,-331000000.0,-435000000.0,0.0,496000000.0,1000000.0,182000000.0,182000000.0,182000000.0,0.0,10000000.0,0.062,642000000.0,412000000.0,500000000.0,0.851,2.679,16.354,16.633,11515000000.0,0.0,34.43,1.401,1.401,1493000000.0,6082000000.0,2935000000.0,2935000000.0,0.0,,,,,12000000.0,351000000.0,1.0,484972117.0,484972117.0,,6.052,15075000000.0,105000000.0,110000000.0,1514000000.0,31.084,49000000.0
46,WM,MRQ,2009-12-31,2009-12-31,2009-12-31,2021-07-27,208000000.0,21154000000.0,,3010000000.0,18144000000.0,,12.836,-356000000.0,1140000000.0,1140000000.0,1874000000.0,331000000.0,1.038,2.317,8873000000.0,749000000.0,8124000000.0,8873000000.0,457000000.0,274000000.0,0.0,0.034,0.29,441000000.0,715000000.0,0.238,715000000.0,441000000.0,331000000.0,0.64,0.64,0.64,6285000000.0,,6285000000.0,24189133782.0,13.0,8.066,364000000.0,0.743,1.0,1132000000.0,0.377,5870000000.0,110000000.0,20116000000.0,,110000000.0,0.0,0.0,0.0,14563000000.0,2901000000.0,11662000000.0,16555133782.0,528000000.0,-162000000.0,-151000000.0,530000000.0,-141000000.0,226000000.0,-420000000.0,0.0,720000000.0,2000000.0,315000000.0,315000000.0,315000000.0,0.0,16000000.0,0.105,676000000.0,456000000.0,567000000.0,0.453,2.634,16.655,16.738,11541000000.0,0.0,33.81,1.404,1.404,1527000000.0,6053000000.0,3006000000.0,3006000000.0,0.0,,,,,9000000.0,365000000.0,1.0,489651990.0,489651990.0,,6.139,15284000000.0,116000000.0,16000000.0,1509000000.0,31.214,109000000.0
47,WM,MRQ,2009-09-30,2009-09-30,2009-09-30,2021-07-27,178000000.0,20392000000.0,,2510000000.0,17882000000.0,,12.616,-240000000.0,612000000.0,612000000.0,1856000000.0,292000000.0,0.895,2.231,8246000000.0,742000000.0,7504000000.0,8246000000.0,447000000.0,301000000.0,0.0,0.038,0.29,514000000.0,815000000.0,0.27,815000000.0,514000000.0,410000000.0,0.56,0.56,0.56,6216000000.0,,6216000000.0,22407007928.0,12.0,7.376,335000000.0,0.68,1.0,1167000000.0,0.386,5781000000.0,104000000.0,19440000000.0,,106000000.0,0.0,0.0,0.0,13871000000.0,2805000000.0,11066000000.0,14692007928.0,84000000.0,-62000000.0,-63000000.0,-10000000.0,-143000000.0,-227000000.0,-267000000.0,0.0,575000000.0,3000000.0,277000000.0,277000000.0,277000000.0,0.0,15000000.0,0.092,642000000.0,525000000.0,554000000.0,0.518,2.364,16.379,16.385,11356000000.0,0.0,29.82,1.235,1.235,1613000000.0,5880000000.0,3023000000.0,3023000000.0,0.0,,,,,8000000.0,339000000.0,1.0,492689736.0,492689736.0,,6.136,14611000000.0,56000000.0,133000000.0,1518000000.0,29.656,-295000000.0
48,WM,MRQ,2009-06-30,2009-06-30,2009-06-30,2021-07-27,119000000.0,20148000000.0,,2417000000.0,17731000000.0,,12.333,-258000000.0,528000000.0,528000000.0,1786000000.0,267000000.0,1.081,2.271,8243000000.0,244000000.0,7999000000.0,8243000000.0,455000000.0,302000000.0,0.0,0.04,0.29,517000000.0,819000000.0,0.277,819000000.0,517000000.0,410000000.0,0.5,0.5,0.5,6068000000.0,,6068000000.0,21696776630.0,11.0,6.836,290000000.0,0.589,1.0,1166000000.0,0.395,5702000000.0,107000000.0,19926000000.0,,102000000.0,0.0,0.0,0.0,13781000000.0,2235000000.0,11546000000.0,13854776630.0,-419000000.0,-33000000.0,4000000.0,-549000000.0,-142000000.0,-701000000.0,-267000000.0,0.0,548000000.0,1000000.0,247000000.0,247000000.0,247000000.0,0.0,20000000.0,0.084,632000000.0,534000000.0,519000000.0,0.58,2.283,14.898,14.899,11262000000.0,0.0,28.16,1.118,1.118,1565000000.0,5747000000.0,2952000000.0,2952000000.0,0.0,,,,,3000000.0,323000000.0,1.0,492002011.0,492002011.0,,6.0,14446000000.0,85000000.0,163000000.0,1504000000.0,29.362,182000000.0
49,WM,MRQ,2009-03-31,2009-03-31,2009-03-31,2021-07-27,67000000.0,20400000000.0,,2704000000.0,17696000000.0,,12.011,-325000000.0,947000000.0,947000000.0,1725000000.0,170000000.0,1.046,2.407,8789000000.0,693000000.0,8096000000.0,8789000000.0,431000000.0,289000000.0,0.0,0.043,0.29,361000000.0,650000000.0,0.231,650000000.0,361000000.0,256000000.0,0.31,0.31,0.31,5903000000.0,,5903000000.0,20427417754.0,10.0,6.2,194000000.0,0.395,1.0,1085000000.0,0.386,5633000000.0,105000000.0,20023000000.0,,103000000.0,0.0,0.0,0.0,14207000000.0,2586000000.0,11621000000.0,12581417754.0,467000000.0,-17000000.0,4000000.0,443000000.0,-143000000.0,245000000.0,-296000000.0,0.0,519000000.0,-1000000.0,155000000.0,155000000.0,155000000.0,0.0,15000000.0,0.055,713000000.0,372000000.0,451000000.0,0.935,2.131,12.569,12.549,11206000000.0,0.0,25.6,0.973,0.973,1468000000.0,5642000000.0,2810000000.0,2810000000.0,0.0,,,,,6000000.0,337000000.0,1.0,491461631.0,491461631.0,,5.718,14767000000.0,67000000.0,101000000.0,1494000000.0,30.047,118000000.0
50,WM,MRQ,2008-12-31,2008-12-31,2008-12-31,2021-07-27,88000000.0,20227000000.0,,2335000000.0,17892000000.0,,12.031,-434000000.0,480000000.0,480000000.0,1972000000.0,226000000.0,0.769,2.379,8326000000.0,835000000.0,7491000000.0,8326000000.0,451000000.0,297000000.0,0.0,0.033,0.27,457000000.0,754000000.0,0.243,754000000.0,457000000.0,343000000.0,0.45,0.44,0.45,5902000000.0,,5902000000.0,24182529203.0,11.0,7.011,239000000.0,0.487,1.0,1136000000.0,0.366,5620000000.0,114000000.0,19417000000.0,,110000000.0,0.0,0.0,0.0,14042000000.0,3036000000.0,11006000000.0,16257529203.0,-24000000.0,-39000000.0,1000000.0,-145000000.0,-132000000.0,-286000000.0,-407000000.0,0.0,673000000.0,-4000000.0,218000000.0,218000000.0,218000000.0,0.0,8000000.0,0.07,677000000.0,459000000.0,716000000.0,0.6,2.755,14.956,14.995,11402000000.0,0.0,33.14,1.214,1.214,1610000000.0,5631000000.0,3108000000.0,3108000000.0,0.0,,,,,10000000.0,382000000.0,1.0,490571189.0,490571189.0,,6.335,14607000000.0,39000000.0,125000000.0,1484000000.0,29.775,-701000000.0
51,WM,MRQ,2008-09-30,2008-09-30,2008-09-30,2021-07-27,182000000.0,20343000000.0,,2593000000.0,17750000000.0,,12.021,-301000000.0,504000000.0,504000000.0,2221000000.0,323000000.0,0.863,2.399,8429000000.0,816000000.0,7613000000.0,8429000000.0,454000000.0,326000000.0,0.0,0.033,0.27,625000000.0,951000000.0,0.27,951000000.0,625000000.0,511000000.0,0.63,0.63,0.63,5896000000.0,,5896000000.0,23627679587.0,10.0,6.613,470000000.0,0.958,1.0,1304000000.0,0.37,5640000000.0,114000000.0,19622000000.0,,113000000.0,0.0,0.0,0.0,14143000000.0,3006000000.0,11137000000.0,15444679587.0,294000000.0,-49000000.0,-5000000.0,-85000000.0,-133000000.0,-199000000.0,-277000000.0,0.0,771000000.0,-1000000.0,310000000.0,310000000.0,310000000.0,0.0,13000000.0,0.088,672000000.0,632000000.0,666000000.0,0.429,2.62,13.111,13.231,11291000000.0,0.0,31.49,1.132,1.132,1816000000.0,5547000000.0,3525000000.0,3525000000.0,0.0,,,,,13000000.0,369000000.0,1.0,490462991.0,490462991.0,,7.187,14703000000.0,41000000.0,201000000.0,1466000000.0,29.978,-413000000.0
52,WM,MRQ,2008-06-30,2008-06-30,2008-06-30,2021-07-27,206000000.0,20050000000.0,,2410000000.0,17640000000.0,,11.661,-273000000.0,210000000.0,210000000.0,2181000000.0,331000000.0,0.934,2.451,8393000000.0,435000000.0,7958000000.0,8393000000.0,469000000.0,318000000.0,0.0,0.027,0.27,622000000.0,940000000.0,0.269,940000000.0,622000000.0,517000000.0,0.65,0.64,0.65,5722000000.0,,5722000000.0,26756467116.0,12.0,7.608,297000000.0,0.605,1.0,1308000000.0,0.375,5572000000.0,105000000.0,20081000000.0,,111000000.0,0.0,0.0,0.0,14026000000.0,2580000000.0,11446000000.0,18503467116.0,-256000000.0,-34000000.0,-98000000.0,-289000000.0,-133000000.0,-528000000.0,-299000000.0,0.0,570000000.0,1000000.0,318000000.0,318000000.0,318000000.0,0.0,13000000.0,0.091,676000000.0,632000000.0,600000000.0,0.415,3.234,16.146,16.467,11300000000.0,0.0,37.71,1.369,1.369,1904000000.0,5371000000.0,3489000000.0,3489000000.0,0.0,,,,,8000000.0,358000000.0,1.0,490677993.0,490677993.0,,7.111,14478000000.0,43000000.0,199000000.0,1436000000.0,29.506,-170000000.0
53,WM,MRQ,2008-03-31,2008-03-31,2008-03-31,2021-07-27,207000000.0,20184000000.0,,2565000000.0,17619000000.0,,11.327,-213000000.0,466000000.0,466000000.0,2092000000.0,248000000.0,0.989,2.543,8719000000.0,490000000.0,8229000000.0,8719000000.0,453000000.0,297000000.0,0.0,0.029,0.27,507000000.0,804000000.0,0.246,804000000.0,507000000.0,385000000.0,0.49,0.48,0.49,5611000000.0,,5611000000.0,24612939691.0,11.0,7.01,348000000.0,0.703,1.0,1174000000.0,0.359,5536000000.0,122000000.0,20307000000.0,,107000000.0,0.0,0.0,0.0,14266000000.0,2594000000.0,11672000000.0,16623939691.0,118000000.0,-55000000.0,-271000000.0,259000000.0,-133000000.0,-243000000.0,-200000000.0,0.0,561000000.0,0.0,241000000.0,241000000.0,241000000.0,0.0,7000000.0,0.074,663000000.0,511000000.0,525000000.0,0.551,2.963,14.257,14.655,11297000000.0,0.0,33.56,1.242,1.242,1816000000.0,5187000000.0,3266000000.0,3266000000.0,0.0,,,,,10000000.0,368000000.0,1.0,495349812.0,495349812.0,,6.593,14648000000.0,46000000.0,144000000.0,1422000000.0,29.571,-29000000.0
54,WM,MRQ,2007-12-31,2007-12-31,2007-12-31,2021-07-27,229000000.0,20175000000.0,,2480000000.0,17695000000.0,,11.394,-490000000.0,348000000.0,348000000.0,2133000000.0,355000000.0,0.955,2.43,8337000000.0,329000000.0,8008000000.0,8337000000.0,462000000.0,296000000.0,0.0,0.029,0.24,582000000.0,878000000.0,0.261,878000000.0,582000000.0,456000000.0,0.61,0.61,0.61,5792000000.0,,5792000000.0,24348650229.0,11.0,6.991,103000000.0,0.203,1.0,1228000000.0,0.365,5530000000.0,126000000.0,20036000000.0,,103000000.0,0.0,0.0,0.0,14073000000.0,2598000000.0,11475000000.0,16607650229.0,-189000000.0,39000000.0,-357000000.0,-37000000.0,-121000000.0,-427000000.0,-354000000.0,117000000.0,593000000.0,-1000000.0,309000000.0,309000000.0,309000000.0,0.0,46000000.0,0.092,653000000.0,575000000.0,656000000.0,0.393,2.867,14.28,14.52,11351000000.0,0.0,32.67,1.248,1.248,1892000000.0,5080000000.0,3361000000.0,3361000000.0,0.0,,,,,37000000.0,371000000.0,1.0,508345584.0,508345584.0,,6.612,14645000000.0,51000000.0,147000000.0,1411000000.0,28.809,-118000000.0
55,WM,MRQ,2007-09-30,2007-09-30,2007-09-30,2021-07-27,222000000.0,20275000000.0,,2861000000.0,17414000000.0,,11.427,-240000000.0,537000000.0,537000000.0,2143000000.0,278000000.0,1.044,2.367,8278000000.0,481000000.0,7797000000.0,8278000000.0,450000000.0,331000000.0,0.0,0.025,0.24,564000000.0,895000000.0,0.263,895000000.0,564000000.0,436000000.0,0.54,0.54,0.54,5932000000.0,,5932000000.0,27270161621.0,13.0,8.059,531000000.0,1.023,1.0,1260000000.0,0.37,5528000000.0,128000000.0,19748000000.0,,104000000.0,0.0,0.0,0.0,14042000000.0,2740000000.0,11302000000.0,19591161621.0,-33000000.0,-21000000.0,-350000000.0,-82000000.0,-123000000.0,-582000000.0,-223000000.0,7000000.0,771000000.0,1000000.0,278000000.0,278000000.0,278000000.0,0.0,0.0,0.082,695000000.0,565000000.0,574000000.0,0.444,3.303,17.81,17.886,11162000000.0,0.0,37.74,1.481,1.481,1895000000.0,4894000000.0,3403000000.0,3403000000.0,0.0,,,,,-6000000.0,365000000.0,1.0,519108681.0,519108681.0,,6.555,14747000000.0,73000000.0,158000000.0,1414000000.0,28.408,121000000.0
56,WM,MRQ,2007-06-30,2007-06-30,2007-06-30,2021-07-27,180000000.0,20184000000.0,,2861000000.0,17323000000.0,,11.731,-209000000.0,570000000.0,570000000.0,2092000000.0,338000000.0,1.063,2.278,8249000000.0,526000000.0,7723000000.0,8249000000.0,451000000.0,322000000.0,0.0,0.024,0.24,612000000.0,934000000.0,0.278,934000000.0,612000000.0,480000000.0,0.65,0.64,0.65,6070000000.0,,6070000000.0,27957637673.0,13.0,8.271,328000000.0,0.634,1.0,1266000000.0,0.377,5477000000.0,132000000.0,19695000000.0,,102000000.0,0.0,0.0,0.0,13830000000.0,2691000000.0,11139000000.0,20205637673.0,99000000.0,103000000.0,-119000000.0,-29000000.0,-125000000.0,-292000000.0,-148000000.0,-78000000.0,537000000.0,2000000.0,338000000.0,338000000.0,338000000.0,0.0,0.0,0.101,633000000.0,633000000.0,563000000.0,0.369,3.329,18.009,18.333,11096000000.0,0.0,39.05,1.523,1.523,1823000000.0,4739000000.0,3358000000.0,3358000000.0,0.0,,,,,-13000000.0,343000000.0,1.0,517429902.0,517429902.0,,6.49,14707000000.0,80000000.0,142000000.0,1315000000.0,28.423,170000000.0
57,WM,MRQ,2007-03-31,2007-03-31,2007-03-31,2021-07-27,133000000.0,20043000000.0,,2772000000.0,17271000000.0,,10.843,-272000000.0,471000000.0,471000000.0,2034000000.0,238000000.0,0.931,2.419,8223000000.0,759000000.0,7464000000.0,8223000000.0,442000000.0,310000000.0,0.0,0.026,0.24,466000000.0,776000000.0,0.243,776000000.0,466000000.0,331000000.0,0.45,0.45,0.45,5780000000.0,,5780000000.0,26046192233.0,13.0,7.715,266000000.0,0.499,1.0,1154000000.0,0.362,5413000000.0,135000000.0,19405000000.0,,101000000.0,0.0,0.0,0.0,13981000000.0,2977000000.0,11004000000.0,18343192233.0,-143000000.0,67000000.0,-453000000.0,-108000000.0,-126000000.0,-645000000.0,-36000000.0,138000000.0,538000000.0,0.0,238000000.0,238000000.0,238000000.0,0.0,0.0,0.075,673000000.0,481000000.0,551000000.0,0.533,3.174,15.273,15.293,11063000000.0,0.0,34.41,1.377,1.377,1772000000.0,4421000000.0,3188000000.0,3188000000.0,0.0,,,,,-7000000.0,353000000.0,1.0,533077368.0,533077368.0,,5.98,14630000000.0,84000000.0,93000000.0,1364000000.0,27.444,-205000000.0
58,WM,MRQ,2006-12-31,2006-12-31,2006-12-31,2021-07-27,129000000.0,20600000000.0,,3182000000.0,17418000000.0,,11.63,-483000000.0,614000000.0,614000000.0,2107000000.0,246000000.0,0.974,2.267,8317000000.0,822000000.0,7495000000.0,8317000000.0,455000000.0,321000000.0,0.0,0.024,0.22,458000000.0,779000000.0,0.237,779000000.0,458000000.0,325000000.0,0.47,0.45,0.47,6222000000.0,,6222000000.0,27568425252.0,14.0,8.222,170000000.0,0.318,1.0,1176000000.0,0.358,5413000000.0,133000000.0,19622000000.0,,101000000.0,0.0,0.0,0.0,14103000000.0,3268000000.0,10835000000.0,19672425252.0,-132000000.0,42000000.0,-62000000.0,-382000000.0,-118000000.0,-587000000.0,-197000000.0,148000000.0,653000000.0,-1000000.0,246000000.0,246000000.0,246000000.0,0.0,0.0,0.075,704000000.0,472000000.0,693000000.0,0.468,3.162,17.121,17.263,11179000000.0,0.0,36.77,1.472,1.472,1858000000.0,4410000000.0,3283000000.0,3283000000.0,0.0,,,,,17000000.0,348000000.0,1.0,535012925.0,535012925.0,,6.136,15187000000.0,82000000.0,79000000.0,1365000000.0,28.386,-86000000.0
59,WM,MRQ,2006-09-30,2006-09-30,2006-09-30,2021-07-27,154000000.0,20919000000.0,,3600000000.0,17319000000.0,,11.397,-319000000.0,746000000.0,746000000.0,2181000000.0,300000000.0,1.072,2.349,8642000000.0,862000000.0,7780000000.0,8642000000.0,443000000.0,340000000.0,0.0,0.023,0.22,551000000.0,891000000.0,0.259,891000000.0,551000000.0,413000000.0,0.56,0.55,0.56,6160000000.0,,6160000000.0,27856347577.0,14.0,8.273,388000000.0,0.718,1.0,1260000000.0,0.366,5439000000.0,138000000.0,20018000000.0,,98000000.0,0.0,0.0,0.0,14471000000.0,3358000000.0,11113000000.0,19825347577.0,177000000.0,38000000.0,-290000000.0,-65000000.0,-118000000.0,-498000000.0,-32000000.0,182000000.0,707000000.0,0.0,300000000.0,300000000.0,300000000.0,0.0,0.0,0.087,703000000.0,557000000.0,605000000.0,0.393,3.218,16.618,16.673,10985000000.0,0.0,36.68,1.474,1.474,1963000000.0,4282000000.0,3441000000.0,3441000000.0,0.0,,,,,-3000000.0,344000000.0,1.0,540494754.0,540494754.0,,6.366,15480000000.0,89000000.0,113000000.0,1373000000.0,28.64,242000000.0
60,WM,MRQ,2006-06-30,2006-06-30,2006-06-30,2021-07-27,149000000.0,20935000000.0,,3582000000.0,17353000000.0,,11.432,-296000000.0,569000000.0,569000000.0,2199000000.0,417000000.0,1.104,2.314,8600000000.0,863000000.0,7737000000.0,8600000000.0,462000000.0,345000000.0,0.0,0.023,0.22,585000000.0,930000000.0,0.273,930000000.0,585000000.0,447000000.0,0.77,0.76,0.77,6232000000.0,,6232000000.0,27724902335.0,15.0,8.675,261000000.0,0.479,1.0,1211000000.0,0.355,5440000000.0,138000000.0,20281000000.0,,97000000.0,0.0,0.0,0.0,14423000000.0,3245000000.0,11178000000.0,19558902335.0,115000000.0,118000000.0,-175000000.0,-17000000.0,-119000000.0,-297000000.0,-146000000.0,20000000.0,557000000.0,1000000.0,417000000.0,417000000.0,417000000.0,0.0,0.0,0.122,646000000.0,565000000.0,616000000.0,0.286,3.138,17.652,17.675,10993000000.0,0.0,35.88,1.461,1.461,1947000000.0,4100000000.0,3410000000.0,3410000000.0,0.0,,,,,-13000000.0,328000000.0,1.0,545119909.0,545119909.0,,6.256,15495000000.0,88000000.0,30000000.0,1417000000.0,28.425,337000000.0
61,WM,MRQ,2006-03-31,2006-03-31,2006-03-31,2021-07-27,118000000.0,20846000000.0,,3387000000.0,17459000000.0,,11.105,-231000000.0,454000000.0,454000000.0,2100000000.0,186000000.0,1.091,2.386,8620000000.0,600000000.0,8020000000.0,8620000000.0,482000000.0,328000000.0,0.0,0.023,0.22,425000000.0,753000000.0,0.233,753000000.0,425000000.0,289000000.0,0.34,0.34,0.34,6071000000.0,,6071000000.0,27318980041.0,16.0,8.972,392000000.0,0.717,1.0,1129000000.0,0.35,5496000000.0,136000000.0,20412000000.0,,96000000.0,0.0,0.0,0.0,14485000000.0,3104000000.0,11381000000.0,19297980041.0,-212000000.0,10000000.0,-250000000.0,-36000000.0,-121000000.0,-421000000.0,-413000000.0,-228000000.0,623000000.0,-1000000.0,186000000.0,186000000.0,186000000.0,0.0,0.0,0.058,694000000.0,435000000.0,575000000.0,0.647,3.179,15.844,16.119,11063000000.0,0.0,35.3,1.455,1.455,1875000000.0,3802000000.0,3229000000.0,3229000000.0,0.0,,,,,-18000000.0,368000000.0,1.0,546684987.0,546684987.0,,5.907,15350000000.0,91000000.0,103000000.0,1362000000.0,28.078,283000000.0
62,WM,MRQ,2005-12-31,2005-12-31,2005-12-31,2021-07-27,126000000.0,21135000000.0,,3451000000.0,17684000000.0,,11.092,-415000000.0,666000000.0,666000000.0,2212000000.0,290000000.0,1.06,2.407,8687000000.0,522000000.0,8165000000.0,8687000000.0,483000000.0,325000000.0,0.0,0.026,0.2,468000000.0,793000000.0,0.235,793000000.0,468000000.0,341000000.0,0.53,0.52,0.53,6121000000.0,,6121000000.0,24790212918.0,16.0,8.406,250000000.0,0.453,1.0,1160000000.0,0.344,5514000000.0,127000000.0,20385000000.0,,99000000.0,0.0,0.0,0.0,14733000000.0,3257000000.0,11476000000.0,16748212918.0,366000000.0,24000000.0,-72000000.0,249000000.0,-110000000.0,125000000.0,-424000000.0,-125000000.0,665000000.0,0.0,290000000.0,290000000.0,290000000.0,0.0,0.0,0.086,661000000.0,499000000.0,719000000.0,0.377,2.736,14.169,14.384,11221000000.0,0.0,30.35,1.281,1.281,2004000000.0,3615000000.0,3372000000.0,3372000000.0,0.0,,,,,0.0,324000000.0,1.0,551835681.0,551835681.0,,6.111,15621000000.0,94000000.0,51000000.0,1364000000.0,28.307,194000000.0
63,WM,MRQ,2005-09-30,2005-09-30,2005-09-30,2021-07-27,128000000.0,20569000000.0,,2905000000.0,17664000000.0,,10.865,-272000000.0,300000000.0,300000000.0,2202000000.0,215000000.0,1.085,2.322,8342000000.0,174000000.0,8168000000.0,8342000000.0,469000000.0,369000000.0,0.0,0.028,0.2,351000000.0,720000000.0,0.213,720000000.0,351000000.0,226000000.0,0.39,0.38,0.39,6107000000.0,,6107000000.0,24031712900.0,15.0,8.222,351000000.0,0.624,1.0,1173000000.0,0.348,5519000000.0,125000000.0,20414000000.0,,100000000.0,0.0,0.0,0.0,14183000000.0,2678000000.0,11505000000.0,16081712900.0,-181000000.0,-5000000.0,-278000000.0,-34000000.0,-111000000.0,-461000000.0,-345000000.0,-147000000.0,623000000.0,2000000.0,215000000.0,215000000.0,215000000.0,0.0,0.0,0.064,791000000.0,382000000.0,593000000.0,0.513,2.633,13.852,13.956,11160000000.0,0.0,28.61,1.246,1.246,1971000000.0,3557000000.0,3375000000.0,3375000000.0,0.0,,,,,0.0,309000000.0,1.0,562101115.0,562101115.0,,6.004,15050000000.0,53000000.0,11000000.0,1374000000.0,26.775,227000000.0
64,WM,MRQ,2005-06-30,2005-06-30,2005-06-30,2021-07-27,59000000.0,20694000000.0,,2827000000.0,17867000000.0,,10.909,-308000000.0,481000000.0,481000000.0,2173000000.0,527000000.0,1.027,2.292,8431000000.0,215000000.0,8216000000.0,8431000000.0,473000000.0,346000000.0,0.0,0.027,0.2,433000000.0,779000000.0,0.237,779000000.0,433000000.0,305000000.0,0.93,0.92,0.93,6197000000.0,,6197000000.0,24043517785.0,14.0,8.023,287000000.0,0.505,1.0,1116000000.0,0.339,5502000000.0,128000000.0,20389000000.0,,95000000.0,0.0,0.0,0.0,14203000000.0,2753000000.0,11450000000.0,16098517785.0,40000000.0,23000000.0,-154000000.0,-108000000.0,-114000000.0,-382000000.0,-172000000.0,-33000000.0,595000000.0,-1000000.0,527000000.0,527000000.0,527000000.0,0.0,0.0,0.16,653000000.0,463000000.0,600000000.0,0.215,2.598,12.899,13.0,11309000000.0,0.0,28.34,1.257,1.257,1922000000.0,3453000000.0,3289000000.0,3289000000.0,0.0,,,,,0.0,313000000.0,1.0,568049322.0,568049322.0,,5.79,15192000000.0,55000000.0,-222000000.0,1337000000.0,26.744,74000000.0
65,WM,MRQ,2005-03-31,2005-03-31,2005-03-31,2021-07-27,67000000.0,20658000000.0,,2682000000.0,17976000000.0,,10.454,-185000000.0,441000000.0,441000000.0,2044000000.0,150000000.0,0.889,2.427,8386000000.0,319000000.0,8067000000.0,8386000000.0,463000000.0,321000000.0,0.0,0.026,0.2,336000000.0,657000000.0,0.216,657000000.0,336000000.0,220000000.0,0.26,0.26,0.26,5943000000.0,,5943000000.0,24523473256.0,15.0,8.224,323000000.0,0.568,1.0,994000000.0,0.327,5497000000.0,116000000.0,20088000000.0,,92000000.0,0.0,0.0,0.0,14426000000.0,3018000000.0,11408000000.0,16400473256.0,17000000.0,10000000.0,-73000000.0,-118000000.0,-114000000.0,-372000000.0,-121000000.0,10000000.0,508000000.0,2000000.0,150000000.0,150000000.0,150000000.0,0.0,0.0,0.049,628000000.0,366000000.0,588000000.0,0.769,2.76,17.503,17.809,11378000000.0,0.0,28.85,1.296,1.296,1834000000.0,3040000000.0,3038000000.0,3038000000.0,0.0,,,,,0.0,330000000.0,1.0,568473943.0,568473943.0,,5.344,15161000000.0,55000000.0,70000000.0,1392000000.0,26.67,-336000000.0
66,WM,MRQ,2004-12-31,2004-12-31,2004-12-31,2021-07-27,69000000.0,20905000000.0,,2819000000.0,18086000000.0,,10.436,-421000000.0,424000000.0,424000000.0,2117000000.0,269000000.0,0.88,2.454,8566000000.0,384000000.0,8182000000.0,8566000000.0,463000000.0,318000000.0,0.0,0.025,0.188,449000000.0,767000000.0,0.239,767000000.0,449000000.0,338000000.0,0.47,0.46,0.47,5971000000.0,,5971000000.0,25297566811.0,15.0,8.498,179000000.0,0.313,1.0,1091000000.0,0.34,5453000000.0,111000000.0,20389000000.0,,90000000.0,0.0,0.0,0.0,14652000000.0,3205000000.0,11447000000.0,17129566811.0,-195000000.0,3000000.0,-100000000.0,-300000000.0,-106000000.0,-497000000.0,-299000000.0,-20000000.0,600000000.0,1000000.0,269000000.0,269000000.0,269000000.0,0.0,0.0,0.084,643000000.0,448000000.0,772000000.0,0.4,2.869,18.242,18.368,11476000000.0,0.0,29.94,1.369,1.369,1949000000.0,3004000000.0,3208000000.0,3208000000.0,0.0,,,,,0.0,318000000.0,1.0,572129820.0,572129820.0,,5.607,15452000000.0,58000000.0,69000000.0,1380000000.0,27.008,-386000000.0
67,WM,MRQ,2004-09-30,2004-09-30,2004-09-30,2021-07-27,19000000.0,21428000000.0,,3305000000.0,18123000000.0,,10.082,-311000000.0,619000000.0,619000000.0,2151000000.0,302000000.0,0.918,2.618,8787000000.0,635000000.0,8152000000.0,8787000000.0,452000000.0,345000000.0,0.0,0.021,0.188,449000000.0,794000000.0,0.243,794000000.0,449000000.0,337000000.0,0.52,0.52,0.52,5846000000.0,,5846000000.0,24022564299.0,15.0,8.207,288000000.0,0.497,1.0,1123000000.0,0.343,5504000000.0,112000000.0,20491000000.0,,86000000.0,0.0,0.0,0.0,15307000000.0,3601000000.0,11706000000.0,15853564299.0,228000000.0,5000000.0,-215000000.0,-65000000.0,-108000000.0,-335000000.0,-38000000.0,156000000.0,599000000.0,2000000.0,302000000.0,302000000.0,302000000.0,0.0,0.0,0.092,658000000.0,465000000.0,724000000.0,0.362,2.712,18.586,18.726,11395000000.0,0.0,27.34,1.29,1.29,1974000000.0,2841000000.0,3274000000.0,3274000000.0,0.0,,,,,0.0,316000000.0,1.0,579867019.0,579867019.0,,5.646,15924000000.0,419000000.0,35000000.0,1671000000.0,27.461,-296000000.0
68,WM,MRQ,2004-06-30,2004-06-30,2004-06-30,2021-07-27,-78000000.0,21230000000.0,,3121000000.0,18109000000.0,,9.919,-345000000.0,553000000.0,553000000.0,2040000000.0,216000000.0,0.872,2.641,8722000000.0,775000000.0,7947000000.0,8722000000.0,442000000.0,348000000.0,0.0,0.013,0.188,416000000.0,764000000.0,0.243,764000000.0,416000000.0,297000000.0,0.37,0.37,0.37,5758000000.0,,5758000000.0,26124241619.0,16.0,9.018,204000000.0,0.351,1.0,1098000000.0,0.35,5476000000.0,119000000.0,20344000000.0,,82000000.0,0.0,0.0,0.0,15204000000.0,3579000000.0,11625000000.0,17793241619.0,-2000000.0,9000000.0,-12000000.0,-359000000.0,-109000000.0,-505000000.0,-44000000.0,182000000.0,549000000.0,-2000000.0,216000000.0,216000000.0,216000000.0,0.0,0.0,0.069,656000000.0,442000000.0,677000000.0,0.508,3.09,23.381,23.577,11325000000.0,0.0,30.65,1.481,1.481,1863000000.0,2647000000.0,3138000000.0,3138000000.0,0.0,,,,,0.0,317000000.0,1.0,580529906.0,580529906.0,,5.405,15754000000.0,415000000.0,81000000.0,1727000000.0,27.137,-458000000.0
69,WM,MRQ,2004-03-31,2004-03-31,2004-03-31,2021-07-27,-65000000.0,21201000000.0,,3136000000.0,18065000000.0,,9.838,-181000000.0,689000000.0,689000000.0,1920000000.0,152000000.0,0.949,2.689,9020000000.0,575000000.0,8445000000.0,9020000000.0,427000000.0,325000000.0,0.0,0.007,0.188,327000000.0,652000000.0,0.225,652000000.0,327000000.0,214000000.0,0.26,0.26,0.26,5675000000.0,,5675000000.0,25786015883.0,17.0,9.048,289000000.0,0.501,1.0,976000000.0,0.337,5459000000.0,113000000.0,20770000000.0,,79000000.0,0.0,0.0,0.0,15261000000.0,3303000000.0,11958000000.0,17410015883.0,176000000.0,-51000000.0,24000000.0,338000000.0,-109000000.0,207000000.0,-501000000.0,-347000000.0,470000000.0,0.0,152000000.0,152000000.0,152000000.0,0.0,0.0,0.052,632000000.0,344000000.0,590000000.0,0.723,3.068,24.147,24.537,11287000000.0,0.0,30.18,1.474,1.474,1754000000.0,2540000000.0,2896000000.0,2896000000.0,0.0,,,,,0.0,316000000.0,1.0,576872627.0,576872627.0,,5.02,15742000000.0,419000000.0,62000000.0,1682000000.0,27.289,-167000000.0
70,WM,MRQ,2003-12-31,2003-12-31,2003-12-31,2021-07-27,-14000000.0,20382000000.0,,2360000000.0,18022000000.0,,9.618,-402000000.0,217000000.0,217000000.0,1935000000.0,183000000.0,0.699,2.594,8511000000.0,514000000.0,7997000000.0,8511000000.0,429000000.0,313000000.0,0.0,0.0,0.0,404000000.0,717000000.0,0.24,717000000.0,404000000.0,294000000.0,0.31,0.31,0.31,5602000000.0,,5602000000.0,25277908530.0,17.0,9.232,238000000.0,0.409,1.0,1051000000.0,0.352,5376000000.0,110000000.0,19925000000.0,,82000000.0,0.0,0.0,0.0,14530000000.0,3375000000.0,11155000000.0,17240908530.0,-368000000.0,-63000000.0,-255000000.0,-440000000.0,-6000000.0,-687000000.0,-322000000.0,-14000000.0,640000000.0,1000000.0,183000000.0,183000000.0,183000000.0,0.0,0.0,0.061,610000000.0,441000000.0,668000000.0,0.0,3.078,27.367,27.664,11411000000.0,0.0,29.6,1.48,1.48,1811000000.0,2497000000.0,2986000000.0,2986000000.0,0.0,,,,,0.0,295000000.0,1.0,582463126.0,582463126.0,,5.127,15006000000.0,111000000.0,111000000.0,1307000000.0,25.763,-1015000000.0
71,WM,MRQ,2003-09-30,2003-09-30,2003-09-30,2021-07-27,-83000000.0,20186000000.0,,2826000000.0,17360000000.0,,9.392,-297000000.0,523000000.0,523000000.0,1941000000.0,210000000.0,0.908,2.613,8560000000.0,558000000.0,8002000000.0,8560000000.0,419000000.0,325000000.0,0.0,0.0,0.01,439000000.0,764000000.0,0.255,764000000.0,439000000.0,329000000.0,0.36,0.35,0.36,5562000000.0,,5562000000.0,23203218450.0,15.0,8.41,-84000000.0,-0.142,1.0,1055000000.0,0.352,5379000000.0,110000000.0,19730000000.0,,80000000.0,0.0,0.0,0.0,14536000000.0,3114000000.0,11422000000.0,15498218450.0,-238000000.0,-62000000.0,-181000000.0,-15000000.0,0.0,-202000000.0,-250000000.0,0.0,213000000.0,1000000.0,210000000.0,210000000.0,210000000.0,0.0,0.0,0.07,620000000.0,435000000.0,534000000.0,0.028,2.786,22.691,22.757,10796000000.0,0.0,26.17,1.343,1.343,1649000000.0,2314000000.0,2996000000.0,2996000000.0,0.0,,,,,0.0,297000000.0,1.0,592213162.0,592213162.0,,5.059,14807000000.0,417000000.0,119000000.0,1656000000.0,25.003,-288000000.0
72,WM,MRQ,2003-06-30,2003-06-30,2003-06-30,2021-07-27,-83000000.0,20456000000.0,,3186000000.0,17270000000.0,,9.363,-289000000.0,753000000.0,753000000.0,1906000000.0,176000000.0,1.016,2.677,8458000000.0,108000000.0,8350000000.0,8458000000.0,415000000.0,325000000.0,0.0,0.0,0.0,392000000.0,717000000.0,0.244,717000000.0,392000000.0,282000000.0,0.3,0.3,0.3,5537000000.0,,5537000000.0,22195187808.0,14.0,7.995,355000000.0,0.6,1.0,1028000000.0,0.35,5331000000.0,110000000.0,19695000000.0,,77000000.0,0.0,0.0,0.0,14825000000.0,3135000000.0,11690000000.0,14246187808.0,347000000.0,-69000000.0,4000000.0,14000000.0,0.0,-12000000.0,-285000000.0,0.0,644000000.0,0.0,176000000.0,176000000.0,176000000.0,0.0,0.0,0.06,643000000.0,385000000.0,552000000.0,0.0,2.573,20.236,20.59,10812000000.0,0.0,24.09,1.245,1.245,1678000000.0,2110000000.0,2934000000.0,2934000000.0,0.0,,,,,0.0,301000000.0,1.0,591373508.0,591373508.0,,4.961,15125000000.0,562000000.0,106000000.0,1625000000.0,25.576,51000000.0
73,WM,MRQ,2003-03-31,2003-03-31,2003-03-31,2021-07-27,-141000000.0,19916000000.0,,2831000000.0,17085000000.0,,8.905,-212000000.0,381000000.0,381000000.0,1809000000.0,61000000.0,0.911,2.742,8330000000.0,166000000.0,8164000000.0,8330000000.0,415000000.0,302000000.0,0.0,0.0,0.0,238000000.0,540000000.0,0.198,540000000.0,238000000.0,129000000.0,0.1,0.1,0.1,5298000000.0,,5298000000.0,20630338833.0,13.0,7.264,217000000.0,0.365,1.0,923000000.0,0.338,5266000000.0,109000000.0,19493000000.0,,78000000.0,0.0,0.0,0.0,14526000000.0,3106000000.0,11420000000.0,12601338833.0,117000000.0,-69000000.0,-66000000.0,-15000000.0,0.0,-85000000.0,-227000000.0,0.0,429000000.0,0.0,61000000.0,61000000.0,61000000.0,0.0,0.0,0.022,644000000.0,279000000.0,501000000.0,0.0,2.379,16.915,17.361,10707000000.0,0.0,21.18,1.112,1.112,1623000000.0,1934000000.0,2732000000.0,2732000000.0,0.0,,,,,0.0,323000000.0,1.0,594964062.0,594964062.0,,4.592,14650000000.0,557000000.0,68000000.0,1577000000.0,24.623,-275000000.0
74,WM,MRQ,2002-12-31,2002-12-31,2002-12-31,2021-07-27,-179000000.0,19856000000.0,,2804000000.0,17052000000.0,,8.721,-373000000.0,264000000.0,264000000.0,1861000000.0,236000000.0,0.856,2.737,8293000000.0,231000000.0,8062000000.0,8293000000.0,414000000.0,304000000.0,0.0,0.0,0.0,434000000.0,738000000.0,0.256,738000000.0,434000000.0,319000000.0,0.39,0.39,0.39,5308000000.0,,5308000000.0,21820938036.0,13.0,7.44,253000000.0,0.416,1.0,1020000000.0,0.354,5184000000.0,115000000.0,19424000000.0,,80000000.0,0.0,0.0,0.0,14529000000.0,3277000000.0,11252000000.0,13950938036.0,-322000000.0,56000000.0,-419000000.0,-414000000.0,-6000000.0,-769000000.0,-179000000.0,0.0,626000000.0,0.0,236000000.0,236000000.0,236000000.0,0.0,0.0,0.082,637000000.0,383000000.0,526000000.0,0.0,2.628,16.972,17.104,10612000000.0,0.0,22.92,1.244,1.244,1748000000.0,1873000000.0,2881000000.0,2881000000.0,0.0,,,,,0.0,358000000.0,1.0,608679670.0,608679670.0,,4.733,14672000000.0,551000000.0,83000000.0,1548000000.0,24.105,-473000000.0
75,WM,MRQ,2002-09-30,2002-09-30,2002-09-30,2021-07-27,-194000000.0,19989000000.0,,3079000000.0,16910000000.0,,8.819,-362000000.0,656000000.0,656000000.0,1791000000.0,231000000.0,0.847,2.7,8526000000.0,375000000.0,8151000000.0,8526000000.0,407000000.0,311000000.0,0.0,0.002,0.01,470000000.0,781000000.0,0.27,781000000.0,470000000.0,352000000.0,0.38,0.38,0.38,5394000000.0,,5394000000.0,22162873048.0,13.0,7.569,281000000.0,0.459,1.0,1105000000.0,0.382,5156000000.0,118000000.0,19068000000.0,,81000000.0,0.0,0.0,0.0,14563000000.0,3635000000.0,10928000000.0,14263873048.0,-64000000.0,-50000000.0,-59000000.0,-313000000.0,0.0,-372000000.0,-334000000.0,0.0,643000000.0,-1000000.0,231000000.0,231000000.0,231000000.0,0.0,0.0,0.08,640000000.0,465000000.0,533000000.0,0.026,2.644,19.172,19.433,10539000000.0,0.0,23.32,1.283,1.283,1755000000.0,1637000000.0,2896000000.0,2896000000.0,0.0,,,,,0.0,331000000.0,1.0,611658364.0,611658364.0,,4.735,14833000000.0,439000000.0,121000000.0,1233000000.0,24.25,-556000000.0
76,WM,MRQ,2002-06-30,2002-06-30,2002-06-30,2021-07-27,-140000000.0,19828000000.0,,3120000000.0,16708000000.0,,8.535,-372000000.0,720000000.0,720000000.0,1732000000.0,217000000.0,0.891,2.753,8619000000.0,383000000.0,8236000000.0,8619000000.0,398000000.0,313000000.0,0.0,0.002,0.0,468000000.0,781000000.0,0.276,781000000.0,468000000.0,352000000.0,0.35,0.35,0.35,5275000000.0,,5275000000.0,23630520128.0,18.0,9.016,76000000.0,0.123,1.0,1093000000.0,0.387,5146000000.0,116000000.0,19080000000.0,,77000000.0,0.0,0.0,0.0,14523000000.0,3501000000.0,11022000000.0,16100520128.0,414000000.0,18000000.0,-187000000.0,469000000.0,0.0,282000000.0,-318000000.0,0.0,448000000.0,2000000.0,217000000.0,217000000.0,217000000.0,0.0,0.0,0.077,629000000.0,464000000.0,556000000.0,0.0,3.052,29.651,29.943,10485000000.0,0.0,26.05,1.448,1.448,1745000000.0,1412000000.0,2825000000.0,2825000000.0,0.0,,,,,0.0,316000000.0,1.0,618062193.0,618062193.0,,4.571,14682000000.0,419000000.0,135000000.0,1263000000.0,23.755,-381000000.0
77,WM,MRQ,2002-03-31,2002-03-31,2002-03-31,2021-07-27,-150000000.0,18807000000.0,,2564000000.0,16243000000.0,,8.322,-180000000.0,306000000.0,306000000.0,1565000000.0,138000000.0,0.827,2.59,7836000000.0,82000000.0,7754000000.0,7836000000.0,383000000.0,294000000.0,0.0,0.002,0.0,339000000.0,633000000.0,0.243,633000000.0,339000000.0,221000000.0,0.22,0.22,0.22,5232000000.0,,5232000000.0,24625827870.0,19.0,9.356,256000000.0,0.407,1.0,1044000000.0,0.4,5125000000.0,118000000.0,18112000000.0,,79000000.0,0.0,0.0,0.0,13549000000.0,3100000000.0,10449000000.0,17131827870.0,-424000000.0,-11000000.0,-290000000.0,-439000000.0,0.0,-729000000.0,-131000000.0,0.0,436000000.0,0.0,138000000.0,138000000.0,138000000.0,0.0,0.0,0.053,712000000.0,332000000.0,513000000.0,0.0,3.274,33.137,32.831,10298000000.0,0.0,27.25,1.528,1.528,1545000000.0,1195000000.0,2609000000.0,2609000000.0,0.0,,,,,0.0,387000000.0,1.0,628690931.0,628690931.0,,4.15,13682000000.0,425000000.0,83000000.0,1187000000.0,21.763,-536000000.0
78,WM,MRQ,2001-12-31,2001-12-31,2001-12-31,2021-07-27,-148000000.0,19490000000.0,,3124000000.0,16366000000.0,,8.568,-485000000.0,730000000.0,730000000.0,1595000000.0,158000000.0,0.84,2.619,8224000000.0,515000000.0,7709000000.0,8224000000.0,374000000.0,343000000.0,0.0,0.002,0.037,390000000.0,733000000.0,0.263,733000000.0,390000000.0,271000000.0,0.25,0.25,0.25,5379000000.0,,5379000000.0,27900148928.0,21.0,10.33,362000000.0,0.577,1.0,1196000000.0,0.429,5121000000.0,119000000.0,18142000000.0,,83000000.0,0.0,0.0,0.0,14085000000.0,3721000000.0,10364000000.0,20033148928.0,655000000.0,-5000000.0,4000000.0,255000000.0,-6000000.0,253000000.0,-445000000.0,0.0,847000000.0,0.0,158000000.0,158000000.0,158000000.0,0.0,0.0,0.057,813000000.0,383000000.0,672000000.0,0.148,3.724,39.827,39.888,10357000000.0,0.0,31.91,1.769,1.769,1669000000.0,1057000000.0,2791000000.0,2791000000.0,0.0,,,,,0.0,452000000.0,1.0,627801596.0,627801596.0,,4.446,14369000000.0,426000000.0,113000000.0,1127000000.0,22.888,-597000000.0
79,WM,MRQ,2001-09-30,2001-09-30,2001-09-30,2021-07-27,-151000000.0,18880000000.0,,2556000000.0,16324000000.0,,8.298,-369000000.0,75000000.0,75000000.0,1693000000.0,30000000.0,0.829,2.629,7942000000.0,88000000.0,7854000000.0,7942000000.0,383000000.0,352000000.0,0.0,0.0,0.01,122000000.0,474000000.0,0.164,474000000.0,122000000.0,-2000000.0,0.05,0.05,0.05,5197000000.0,,5197000000.0,24712285531.0,20.0,9.386,273000000.0,0.436,1.0,1204000000.0,0.416,5141000000.0,124000000.0,18523000000.0,,82000000.0,0.0,0.0,0.0,13663000000.0,3083000000.0,10580000000.0,16747285531.0,-321000000.0,-14000000.0,8000000.0,-632000000.0,0.0,-624000000.0,-338000000.0,0.0,642000000.0,-1000000.0,30000000.0,30000000.0,30000000.0,0.0,0.0,0.01,1089000000.0,115000000.0,740000000.0,0.2,3.222,43.613,43.129,10168000000.0,0.0,26.74,1.467,1.467,1745000000.0,899000000.0,2897000000.0,2897000000.0,0.0,,,,,0.0,383000000.0,1.0,626300880.0,626300880.0,,4.626,13739000000.0,424000000.0,-32000000.0,1060000000.0,21.937,-527000000.0
80,WM,MRQ,2001-06-30,2001-06-30,2001-06-30,2021-07-27,-111000000.0,18709000000.0,,2707000000.0,16002000000.0,,8.272,-330000000.0,396000000.0,396000000.0,1732000000.0,191000000.0,0.848,2.609,8361000000.0,690000000.0,7671000000.0,8361000000.0,382000000.0,341000000.0,0.0,0.0,0.0,451000000.0,792000000.0,0.272,792000000.0,451000000.0,304000000.0,0.31,0.3,0.31,5174000000.0,,5174000000.0,27359916380.0,22.0,10.348,136000000.0,0.217,1.0,1183000000.0,0.406,5150000000.0,147000000.0,18331000000.0,,73000000.0,0.0,0.0,0.0,13501000000.0,3193000000.0,10308000000.0,19277916380.0,-491000000.0,-23000000.0,20000000.0,-612000000.0,0.0,-611000000.0,-345000000.0,0.0,466000000.0,-1000000.0,191000000.0,191000000.0,191000000.0,0.0,0.0,0.066,742000000.0,441000000.0,712000000.0,0.0,3.726,118.269,118.538,10028000000.0,0.0,30.82,1.656,1.656,1613000000.0,875000000.0,2915000000.0,2915000000.0,0.0,,,,,0.0,398000000.0,1.0,625500207.0,625500207.0,,4.66,13559000000.0,299000000.0,113000000.0,1004000000.0,21.677,-486000000.0
81,WM,MRQ,2001-03-31,2001-03-31,2001-03-31,2021-07-27,-155000000.0,18958000000.0,,3080000000.0,15878000000.0,,7.861,-144000000.0,887000000.0,887000000.0,1646000000.0,124000000.0,0.957,2.857,8969000000.0,687000000.0,8282000000.0,8969000000.0,382000000.0,335000000.0,0.0,0.0,0.0,367000000.0,702000000.0,0.258,702000000.0,367000000.0,213000000.0,0.2,0.2,0.2,4907000000.0,,4907000000.0,23809839496.0,22.0,9.448,256000000.0,0.41,1.0,1073000000.0,0.395,5153000000.0,154000000.0,18668000000.0,,75000000.0,0.0,0.0,0.0,14019000000.0,3219000000.0,10800000000.0,15418839496.0,793000000.0,-16000000.0,18000000.0,479000000.0,0.0,497000000.0,-104000000.0,0.0,400000000.0,0.0,124000000.0,124000000.0,124000000.0,0.0,0.0,0.046,729000000.0,344000000.0,712000000.0,0.0,3.142,-550.673,-494.0,9949000000.0,0.0,24.7,1.286,1.286,1469000000.0,684000000.0,2719000000.0,2719000000.0,0.0,,,,,0.0,389000000.0,1.0,624244514.0,624244514.0,,4.356,13805000000.0,309000000.0,89000000.0,945000000.0,22.115,-139000000.0
82,WM,MRQ,2000-12-31,2000-12-31,2000-12-31,2021-07-27,-126000000.0,18565000000.0,,2457000000.0,16108000000.0,,7.699,-400000000.0,94000000.0,94000000.0,1762000000.0,39000000.0,0.808,2.873,8485000000.0,113000000.0,8372000000.0,8485000000.0,389000000.0,350000000.0,0.0,0.0,0.0,315000000.0,665000000.0,0.231,665000000.0,315000000.0,156000000.0,0.06,0.06,0.06,4786000000.0,,4786000000.0,26112698264.0,24.0,10.453,62000000.0,0.1,1.0,1122000000.0,0.389,5193000000.0,159000000.0,18724000000.0,,75000000.0,0.0,0.0,0.0,13749000000.0,3039000000.0,10710000000.0,17250329264.0,-51000000.0,416000000.0,19000000.0,-564000000.0,-6000000.0,-551000000.0,38000000.0,0.0,462000000.0,0.0,39000000.0,39000000.0,39000000.0,0.0,0.0,0.014,815000000.0,307000000.0,865000000.0,0.0,3.604,-177.838,-173.438,10126000000.0,0.0,27.75,1.381,1.381,1575000000.0,560000000.0,2884000000.0,2884000000.0,0.0,,,,,0.0,388000000.0,1.0,621633487.0,621633487.0,,4.639,13372000000.0,312000000.0,117000000.0,879000000.0,21.511,-582000000.0
83,WM,MRQ,2000-09-30,2000-09-30,2000-09-30,2021-07-27,-236549000.0,19175693000.0,,3104224000.0,16071469000.0,,7.424,-349000000.0,144797000.0,144797000.0,1871000000.0,-191000000.0,0.788,3.149,9007166000.0,1016550000.0,7990616000.0,9007166000.0,394428000.0,367000000.0,0.0,0.001,0.01,118000000.0,485000000.0,0.155,485000000.0,118000000.0,-60000000.0,-0.31,-0.31,-0.31,4614318000.0,,4614318000.0,20854787416.0,22.0,8.541,212000000.0,0.341,1.0,1254000000.0,0.401,5245954000.0,178000000.0,18854671000.0,,75031000.0,0.0,0.0,0.0,14532229000.0,3937437000.0,10594792000.0,10840616416.0,42000000.0,991000000.0,0.0,-1166000000.0,0.0,-1166000000.0,648000000.0,0.0,561000000.0,-1000000.0,-191000000.0,-191000000.0,-191000000.0,0.0,0.0,-0.061,1141000000.0,113000000.0,850882000.0,-0.032,2.349,-43.159,-42.537,10036218000.0,0.0,17.44,0.837,0.837,1601237000.0,521001000.0,3125000000.0,3125000000.0,0.0,,,,,0.0,411000000.0,1.0,621594978.0,621505000.0,621505000.0,5.028,13929739000.0,267349000.0,131000000.0,967276000.0,22.413,-833213000.0
84,WM,MRQ,2000-06-30,2000-06-30,2000-06-30,2021-07-27,-323405000.0,20656566000.0,,4376161000.0,16280405000.0,,7.601,-315000000.0,103545000.0,103545000.0,1949000000.0,0.0,0.816,3.372,10117716000.0,2063106000.0,8054610000.0,10117716000.0,387987000.0,362000000.0,0.0,0.001,0.0,306000000.0,668000000.0,0.205,668000000.0,306000000.0,105000000.0,0.0,0.0,0.0,4720667000.0,,4720667000.0,22766579101.0,-87.0,17.318,112000000.0,0.18,1.0,1317000000.0,0.403,5367231000.0,201000000.0,19939759000.0,,116468000.0,0.0,0.0,0.0,15917295000.0,5363747000.0,10553548000.0,11800681101.0,-44000000.0,966000000.0,0.0,-1146000000.0,0.0,-1146000000.0,677000000.0,0.0,427000000.0,-2000000.0,0.0,0.0,0.0,0.0,0.0,0.0,1024000000.0,293000000.0,940591000.0,,2.5,-11.708,-11.656,10123759000.0,0.0,19.0,0.893,0.893,1658558000.0,718064000.0,3266000000.0,3266000000.0,0.0,,,,,0.0,445000000.0,1.0,621088479.0,621065000.0,622860000.0,5.259,15289335000.0,293726000.0,105000000.0,848190000.0,24.618,-987586000.0
85,WM,MRQ,2000-03-31,2000-03-31,2000-03-31,2021-07-27,-594420000.0,22224181000.0,,5906022000.0,16318159000.0,,7.16,-249000000.0,147422000.0,147422000.0,1956000000.0,55000000.0,0.848,3.997,11113320000.0,2760371000.0,8352949000.0,11113320000.0,404881000.0,350000000.0,0.0,0.001,0.0,330000000.0,680000000.0,0.211,680000000.0,330000000.0,120000000.0,0.09,0.09,0.09,4443798000.0,,4443798000.0,19803728588.0,121.0,11.183,426000000.0,0.686,1.0,1261000000.0,0.392,5364781000.0,210000000.0,20863276000.0,,115160000.0,0.0,0.0,0.0,17762455000.0,6962022000.0,10800433000.0,8486997588.0,-34000000.0,-52000000.0,1000000.0,-417000000.0,0.0,-416000000.0,-291000000.0,54000000.0,675000000.0,-2000000.0,55000000.0,55000000.0,55000000.0,0.0,0.0,0.017,936000000.0,325000000.0,965868000.0,0.0,1.91,-12.306,-12.333,10136441000.0,0.0,13.69,0.639,0.64,1614113000.0,717749000.0,3217000000.0,3217000000.0,0.0,,,,,0.0,494000000.0,1.0,619941387.0,620633000.0,621542000.0,5.183,16859400000.0,291479000.0,65000000.0,807657000.0,27.165,-1056000000.0
86,WM,MRQ,1999-12-31,1999-12-31,1999-12-31,2021-07-27,-563000000.0,22681000000.0,,6221000000.0,16460000000.0,,7.097,-450100000.0,181000000.0,181000000.0,2193683000.0,-115177000.0,0.831,4.158,11498000000.0,3099000000.0,8399000000.0,11498000000.0,407000000.0,411265000.0,0.0,0.001,0.0,197331000.0,608596000.0,0.182,608596000.0,197331000.0,-22967000.0,-0.19,-0.19,-0.19,4394000000.0,,4394000000.0,21832817746.0,36.0,9.843,-2145000.0,-0.003,1.0,1142855000.0,0.343,5356000000.0,220298000.0,21152000000.0,,107000000.0,0.0,0.0,0.0,18271000000.0,7490000000.0,10781000000.0,10651435746.0,-40989000.0,-15085000.0,556000.0,-23045000.0,-6000000.0,-31489000.0,-455701000.0,-52039000.0,447955000.0,-1754000.0,-115177000.0,-115177000.0,-115177000.0,0.0,0.0,-0.035,959139000.0,183716000.0,1063000000.0,0.0,2.424,-26.762,-26.446,10304000000.0,0.0,17.19,0.811,0.803,1908000000.0,663000000.0,3336538000.0,3336538000.0,0.0,,,,,0.0,575171000.0,1.0,619629770.0,619157000.0,619157000.0,5.389,17325000000.0,298000000.0,92210000.0,730000000.0,27.982,-1269000000.0
87,WM,MRQ,1999-09-30,1999-09-30,1999-09-30,2021-07-27,-527851000.0,21425014000.0,,4797278000.0,16627736000.0,,7.343,-262815000.0,221862000.0,221862000.0,2578341000.0,-947773000.0,0.815,3.71,11403244000.0,2689698000.0,8713546000.0,11403244000.0,398015000.0,452970000.0,0.0,0.001,0.01,-1094963000.0,-641993000.0,-0.189,-641993000.0,-1094963000.0,-1283597000.0,-1.53,-1.53,-1.53,4546053000.0,,4546053000.0,23141455878.0,30.0,9.81,225915000.0,0.365,1.0,816711000.0,0.241,5505362000.0,188634000.0,21217732000.0,,90065000.0,0.0,0.0,0.0,16864971000.0,5883302000.0,10981669000.0,11920478878.0,140863000.0,-525094000.0,10334000.0,500679000.0,0.0,511013000.0,-854769000.0,17312000.0,488730000.0,-4111000.0,-947773000.0,-947773000.0,-947773000.0,0.0,0.0,-0.279,1936009000.0,-1119298000.0,1097881000.0,-0.007,2.622,-54.274,-60.156,10389877000.0,0.0,19.25,0.915,0.915,1960670000.0,777485000.0,3395052000.0,3395052000.0,0.0,,,,,0.0,771187000.0,1.0,619245656.0,619105000.0,619105000.0,5.484,15919652000.0,287191000.0,-335824000.0,463882000.0,25.714,-1086024000.0
88,WM,MRQ,1999-06-30,1999-06-30,1999-06-30,2021-07-27,-524820000.0,22991673000.0,,3506258000.0,19485415000.0,,8.733,-332813000.0,80999000.0,80999000.0,1836193000.0,318262000.0,0.916,3.257,11301976000.0,369592000.0,10932384000.0,11301976000.0,390984000.0,393433000.0,0.0,0.0,0.0,730815000.0,1124248000.0,0.338,1124248000.0,730815000.0,545904000.0,0.52,0.5,0.52,5334984000.0,,5334984000.0,44215564146.0,118.0,23.514,61038000.0,0.1,1.0,1488582000.0,0.448,6751228000.0,184911000.0,23633363000.0,,99804000.0,0.0,0.0,0.0,17374793000.0,3828059000.0,13546734000.0,32737035146.0,21635000.0,-92757000.0,165110000.0,-98162000.0,0.0,42879000.0,-418726000.0,193000.0,393851000.0,3631000.0,318262000.0,318262000.0,318262000.0,0.0,0.0,0.096,773098000.0,715484000.0,1068276000.0,0.0,6.136,-61.729,-59.722,11854311000.0,0.0,53.75,2.544,2.552,2805838000.0,1731456000.0,3324775000.0,3324775000.0,0.0,,,,,0.0,297704000.0,1.0,609061119.0,610904000.0,646716000.0,5.442,16240445000.0,164135000.0,227642000.0,560891000.0,26.584,-321801000.0
89,WM,MRQ,1999-03-31,1999-03-31,1999-03-31,2021-07-27,-482349000.0,22607919000.0,,3528866000.0,19079053000.0,,7.826,-281272000.0,59364000.0,59364000.0,1676783000.0,346688000.0,0.871,3.746,11537893000.0,556741000.0,10981152000.0,11537893000.0,346089000.0,356332000.0,0.0,0.0,0.0,770817000.0,1127149000.0,0.367,1127149000.0,770817000.0,594660000.0,0.57,0.55,0.57,4715389000.0,,4715389000.0,38319441559.0,156.0,21.968,77192000.0,0.128,1.0,1393852000.0,0.454,6482610000.0,176157000.0,23554459000.0,,98612000.0,0.0,0.0,0.0,17661906000.0,4049379000.0,13612527000.0,26708371559.0,-27509000.0,-5064000.0,0.0,-120472000.0,0.0,-96403000.0,-287804000.0,-6466000.0,358464000.0,-1766000.0,346688000.0,346688000.0,346688000.0,0.0,0.0,0.113,633754000.0,760098000.0,1033697000.0,0.0,5.664,-44.093,-44.38,11532775000.0,0.0,44.38,2.088,2.09,2508985000.0,1430780000.0,3070635000.0,3070635000.0,0.0,,,,,0.0,259938000.0,1.0,601810986.0,602522000.0,642481000.0,5.096,16125309000.0,203295000.0,247972000.0,510714000.0,26.763,-520513000.0
90,WM,MRQ,1998-12-31,1998-12-31,1998-12-31,2021-07-27,-420804000.0,22882164000.0,,3991205000.0,18890959000.0,,7.108,-971218000.0,86873000.0,86873000.0,1786856000.0,63187000.0,0.906,4.318,11732361000.0,597742000.0,11134619000.0,11732361000.0,381780000.0,373954000.0,0.0,0.0,0.01,375727000.0,749681000.0,0.232,749681000.0,375727000.0,197074000.0,0.12,0.12,0.12,4260420000.0,,4260420000.0,37050486310.0,-1684.0,25.085,-790908000.0,-1.32,1.0,1445979000.0,0.447,6250324000.0,178653000.0,23873854000.0,,128254000.0,0.0,0.0,0.0,18397592000.0,4403474000.0,13994118000.0,26782809310.0,-92467000.0,334835000.0,187000.0,1076017000.0,-10760000.0,1064700000.0,-1329827000.0,-710474000.0,180310000.0,-7650000.0,63187000.0,63187000.0,63187000.0,0.0,0.0,0.02,1081730000.0,364249000.0,1040601000.0,0.083,6.286,-34.738,-35.326,11625657000.0,0.0,46.63,2.121,2.158,2704123000.0,1066506000.0,3232835000.0,3232835000.0,0.0,,,,,0.0,283006000.0,1.0,574368632.0,599388000.0,599388000.0,5.394,16631840000.0,237616000.0,133887000.0,470107000.0,27.748,-412269000.0
91,WM,MRQ,1998-09-30,1998-09-30,1998-09-30,2021-07-27,-340314000.0,21374843000.0,,4016699000.0,17358144000.0,,5.405,-399243000.0,166173000.0,166173000.0,1857300000.0,-1258473000.0,0.925,5.172,10433850000.0,738538000.0,9695312000.0,10433850000.0,336817000.0,381381000.0,0.0,0.0,0.01,-1502092000.0,-1120711000.0,-0.346,-1120711000.0,-1502092000.0,-1676354000.0,-2.11,-2.11,-2.11,3218660000.0,,3218660000.0,31539373601.0,-20.0,-649.76,183594000.0,0.308,1.0,1380401000.0,0.426,5779346000.0,174262000.0,21520191000.0,,136652000.0,994000.0,994000.0,0.0,16647767000.0,4342983000.0,12304784000.0,27480202601.0,-230674000.0,-333303000.0,76050000.0,-172092000.0,-4000.0,-102635000.0,-712547000.0,-11131000.0,582837000.0,1671000.0,-1258473000.0,-1258473000.0,-1258473000.0,0.0,0.0,-0.389,2926145000.0,-1545744000.0,901918000.0,-0.005,8.538,-12.851,-12.919,10633522000.0,0.0,48.06,2.17,2.26,2551237000.0,992491000.0,3237701000.0,3237701000.0,0.0,,,,,0.0,310927000.0,1.0,571789484.0,595506000.0,595506000.0,5.437,15595497000.0,325000000.0,-417881000.0,480148000.0,26.189,-326284000.0
92,WM,MRQ,1998-06-30,1998-06-30,1998-06-30,2021-07-27,-62665000.0,8374800000.0,,775669000.0,7599131000.0,,5.123,-327932000.0,44990000.0,44990000.0,1912083000.0,242870000.0,1.348,1.839,4104161000.0,53172000.0,4050989000.0,4104161000.0,85120000.0,387363000.0,0.0,0.0,0.0,600863000.0,988226000.0,0.304,988226000.0,600863000.0,427309000.0,0.42,0.41,0.42,2950227000.0,,2950227000.0,14445450121.0,79.0,6.605,10874000.0,0.019,1.0,1338648000.0,0.412,2172005000.0,173554000.0,9686573000.0,,0.0,0.0,0.0,0.0,5424573000.0,575393000.0,4849180000.0,10860296121.0,47302000.0,-442903000.0,921763000.0,-400254000.0,-4638000.0,487092000.0,-778837000.0,1610000.0,338806000.0,241000.0,242870000.0,242870000.0,242870000.0,0.0,0.0,0.075,774387000.0,564261000.0,245611000.0,0.0,3.681,-13.072,-32.454,5123117000.0,0.0,49.33,0.866,2.246,653659000.0,497667000.0,3250731000.0,3250731000.0,0.0,,,,,0.0,379663000.0,1.0,220156013.0,575848000.0,613948000.0,5.645,6202795000.0,41924000.0,184439000.0,351446000.0,10.772,200276000.0
93,WM,MRQ,1998-03-31,1998-03-31,1998-03-31,2021-07-27,-37498000.0,7589405000.0,,676287000.0,6913118000.0,,4.899,47393000.0,46260000.0,46260000.0,1801261000.0,181416000.0,1.357,1.735,3631414000.0,46527000.0,3584887000.0,3631414000.0,69484000.0,356302000.0,0.0,0.0,0.0,503502000.0,859804000.0,0.29,859804000.0,503502000.0,347971000.0,0.32,0.31,0.32,2775122000.0,,2775122000.0,12462173937.0,-51.0,8.621,447440000.0,0.79,1.0,1168172000.0,0.393,2031811000.0,155531000.0,8644371000.0,,0.0,0.0,0.0,0.0,4814283000.0,498377000.0,4315906000.0,9749685937.0,172839000.0,-959629000.0,80000000.0,1491329000.0,-78598000.0,1506843000.0,-1733789000.0,-820005000.0,400047000.0,-262000.0,181416000.0,181416000.0,181416000.0,0.0,0.0,0.061,715924000.0,452248000.0,196735000.0,0.0,3.513,-9.884,-29.483,4601573000.0,0.0,44.52,0.981,0.932,547891000.0,374459000.0,2969433000.0,2969433000.0,0.0,,,,,0.0,349604000.0,1.0,218995641.0,566439000.0,602990000.0,5.242,5557594000.0,46196000.0,166555000.0,323320000.0,9.811,177910000.0
94,WM,MRQ,1997-12-31,1997-12-31,1997-12-31,2021-07-27,-283193000.0,20156424000.0,,2836676000.0,17319748000.0,,4.921,-1835703000.0,189942000.0,189942000.0,2030561000.0,-1304211000.0,0.59,5.536,9479961000.0,1598012000.0,7881949000.0,9479961000.0,300536000.0,410716000.0,0.0,0.0,0.0,-1186575000.0,-775859000.0,-0.242,-775859000.0,-1186575000.0,-1338732000.0,-2.35,-2.34,-2.35,2744248000.0,,2744248000.0,,,,-991303000.0,-1.778,1.0,1173996000.0,0.366,4848176000.0,152157000.0,19794313000.0,,152702000.0,59296000.0,59296000.0,0.0,15190814000.0,4803954000.0,10386860000.0,8586819084.0,-8756000.0,1062791000.0,-29373000.0,81312000.0,-77329000.0,-23235000.0,-829476000.0,-23994000.0,844400000.0,-445000.0,-1304211000.0,-1304211000.0,-1304211000.0,8412000.0,0.0,-0.407,2487985000.0,-1313989000.0,1007458000.0,0.0,3.129,-9.146,-23.339,11188530000.0,0.0,39.21,0.717,1.826,2353770000.0,1938027000.0,3204557000.0,3204557000.0,0.0,,,,,0.0,432779000.0,1.0,218995641.0,557675000.0,,5.746,15308248000.0,55961000.0,-34521000.0,523593000.0,27.45,-1967278000.0
95,WM,MRQ,1997-09-30,1997-09-30,1997-09-30,2021-07-27,,,,,,,,603208000.0,,,1949784000.0,49107000.0,,,,,,,,849510000.0,,0.0,0.0,265333000.0,1114843000.0,0.358,1114843000.0,265333000.0,129384000.0,0.09,0.09,0.09,,,,,,,1719138000.0,,1.0,1163155000.0,0.374,,135949000.0,,,,,,,,,,,-197285000.0,-82967000.0,-841947000.0,-553376000.0,-232248000.0,-1653389000.0,345391000.0,-206716000.0,1115930000.0,-5217000.0,49107000.0,49107000.0,49107000.0,-204000.0,0.0,0.016,880850000.0,282305000.0,,0.0,,,,,0.0,39.84,,,,,3112939000.0,3112939000.0,0.0,,,,,0.0,373885000.0,1.0,,,,,,,80277000.0,,,
96,WM,MRQ,1997-06-30,1997-06-30,1997-06-30,2021-07-27,,,,,,,,-40454000.0,,,340147000.0,87296000.0,,,,,,,,75406000.0,,0.0,0.0,171417000.0,246823000.0,0.376,246823000.0,171417000.0,146243000.0,0.43,0.4,0.43,,,,,,,40886000.0,0.2,1.0,316078000.0,0.482,,25174000.0,,,,,,,,,,,-29632000.0,-582624000.0,12252000.0,538466000.0,0.0,543294000.0,-653290000.0,0.0,81340000.0,-976000.0,87296000.0,87296000.0,87296000.0,0.0,0.0,0.133,150399000.0,165679000.0,,0.0,,,,,0.0,38.59,,,,,656225000.0,656225000.0,0.0,,,,,0.0,71730000.0,1.0,,204729000.0,232951000.0,3.205,,,58947000.0,,,
97,WM,MRQ,1997-03-31,1997-03-31,1997-03-31,2021-07-27,,,,,,,,-59258000.0,,,241318000.0,57962000.0,,,,,,,,56178000.0,,0.0,0.0,113014000.0,169192000.0,0.367,169192000.0,113014000.0,96916000.0,0.3,0.29,0.3,,,,,,,-35022000.0,-0.183,1.0,219166000.0,0.476,,16098000.0,,,,,,,,,,,73313000.0,-586053000.0,517868000.0,171364000.0,0.0,688380000.0,-640153000.0,0.0,24236000.0,850000.0,57962000.0,57962000.0,57962000.0,0.0,0.0,0.126,111851000.0,107315000.0,,0.0,,,,,0.0,35.47,,,,,460484000.0,460484000.0,0.0,,,,,0.0,53677000.0,1.0,,191125000.0,214405000.0,2.409,,,38954000.0,,,
98,WM,MRQ,1996-12-31,1996-12-31,1996-12-31,2021-07-27,-15843000.0,3631547000.0,,427502000.0,3204045000.0,,2.743,,26079000.0,26079000.0,,,1.08,1.464,1504888000.0,34606000.0,1470282000.0,1504888000.0,35640000.0,,0.0,0.0,0.0,,,,,,,,,,1473990000.0,,1473990000.0,,,,,,1.0,,,804251000.0,,3910445000.0,,0.0,0.0,0.0,0.0,2157557000.0,395660000.0,1761897000.0,,,,,,,,,,,,,,,,,,,,118823000.0,,,,636.8,2198231000.0,,31.84,,1.555,352556000.0,-15948000.0,,,,,,,,,,1.0,,537269000.0,,,2827296000.0,48561000.0,,45421000.0,5.262,31842000.0
0,WM,MRT,2021-06-30,2021-06-30,2021-06-30,2021-07-27,70000000.0,29037000000.0,28056000000.0,3226000000.0,25811000000.0,0.589,17.417,-1403000000.0,594000000.0,594000000.0,10082000000.0,1600000000.0,0.876,2.949,13244000000.0,361000000.0,12883000000.0,13244000000.0,557000000.0,1827000000.0,0.0,0.016,2.24,2453000000.0,4280000000.0,0.259,4280000000.0,2453000000.0,2064000000.0,3.79,3.77,3.79,7352000000.0,7346500000.0,7352000000.0,71708250399.0,29.0,16.754,2542000000.0,6.022,1.0,6434000000.0,0.39,9948000000.0,389000000.0,28056000000.0,27370250000.0,126000000.0,417000000.0,0.0,417000000.0,21683000000.0,3683000000.0,18000000000.0,59144250399.0,-2475000000.0,-3207000000.0,-438000000.0,-364000000.0,-950000000.0,-1794000000.0,-4637000000.0,0.0,3945000000.0,11000000.0,1600000000.0,1600000000.0,1600000000.0,0.0,0.0,0.097,3659000000.0,2775000000.0,1393000000.0,0.591,8.045,36.965,36.968,14110000000.0,0.0,140.11,3.581,3.581,2645000000.0,11444000000.0,16516000000.0,16516000000.0,0.0,0.057,0.218,0.09,0.149,116000000.0,1829000000.0,1.0,422127260.0,422127260.0,,39.126,19089000000.0,0.0,464000000.0,1744000000.0,45.221,-457000000.0
1,WM,MRT,2021-03-31,2021-03-31,2021-03-31,2021-07-27,48000000.0,29070000000.0,27451500000.0,3327000000.0,25743000000.0,0.568,17.552,-1443000000.0,924000000.0,924000000.0,9526000000.0,1556000000.0,1.013,2.914,13488000000.0,244000000.0,13244000000.0,13488000000.0,548000000.0,1741000000.0,0.0,0.017,2.21,2413000000.0,4154000000.0,0.266,4154000000.0,2413000000.0,2003000000.0,3.69,3.66,3.69,7427000000.0,7231250000.0,7427000000.0,67505193351.0,28.0,16.251,2315000000.0,5.471,1.0,6075000000.0,0.389,9970000000.0,410000000.0,28379000000.0,26257750000.0,124000000.0,426000000.0,0.0,426000000.0,21641000000.0,3285000000.0,18356000000.0,54595193351.0,-2631000000.0,-3203000000.0,-201000000.0,-543000000.0,-938000000.0,-1721000000.0,-4678000000.0,0.0,3758000000.0,10000000.0,1556000000.0,1556000000.0,1556000000.0,0.0,0.0,0.1,3564000000.0,2511000000.0,1212000000.0,0.599,7.351,35.087,34.965,14038000000.0,0.0,129.02,3.499,3.499,2427000000.0,11337000000.0,15601000000.0,15601000000.0,0.0,0.057,0.215,0.092,0.155,104000000.0,1761000000.0,1.0,423152948.0,423152948.0,,36.868,19100000000.0,0.0,447000000.0,1805000000.0,45.137,42000000.0
2,WM,MRT,2020-12-31,2020-12-31,2020-12-31,2021-07-27,39000000.0,29345000000.0,26978500000.0,3540000000.0,25805000000.0,0.564,17.633,-1632000000.0,900000000.0,900000000.0,9341000000.0,1496000000.0,0.996,2.938,13810000000.0,551000000.0,13259000000.0,13810000000.0,539000000.0,1671000000.0,0.0,0.018,2.18,2318000000.0,3989000000.0,0.262,3989000000.0,2318000000.0,1893000000.0,3.54,3.52,3.54,7452000000.0,7060250000.0,7452000000.0,59187948458.0,26.0,14.838,1771000000.0,4.191,1.0,5877000000.0,0.386,10018000000.0,425000000.0,28684000000.0,25927250000.0,124000000.0,426000000.0,0.0,426000000.0,21891000000.0,3553000000.0,18338000000.0,49837948458.0,-2999000000.0,-3200000000.0,-339000000.0,-239000000.0,-927000000.0,-1559000000.0,-4847000000.0,0.0,3403000000.0,4000000.0,1496000000.0,1496000000.0,1496000000.0,0.0,0.0,0.098,3443000000.0,2434000000.0,1121000000.0,0.616,6.688,33.314,33.314,14148000000.0,0.0,117.93,3.275,3.275,2624000000.0,11159000000.0,15218000000.0,15218000000.0,0.0,0.055,0.212,0.089,0.152,94000000.0,1728000000.0,1.0,422606194.0,422606194.0,,36.01,19327000000.0,0.0,397000000.0,1806000000.0,45.733,-13000000.0
3,WM,MRT,2020-09-30,2020-09-30,2020-09-30,2021-07-27,-16000000.0,24772000000.0,26578000000.0,3357000000.0,21415000000.0,0.564,16.936,-1524000000.0,1072000000.0,1072000000.0,9155000000.0,1505000000.0,1.196,2.462,10422000000.0,167000000.0,10255000000.0,10422000000.0,496000000.0,1630000000.0,0.0,0.019,2.147,2315000000.0,3945000000.0,0.263,3945000000.0,2315000000.0,1877000000.0,3.55,3.54,3.55,7155000000.0,6964250000.0,7155000000.0,57552932533.0,25.0,14.589,2148000000.0,5.084,1.0,5842000000.0,0.39,6954000000.0,438000000.0,24362000000.0,25548750000.0,117000000.0,425000000.0,0.0,425000000.0,17615000000.0,2806000000.0,14809000000.0,47809932533.0,-2207000000.0,29000000.0,-346000000.0,-3050000000.0,-914000000.0,-4360000000.0,-1521000000.0,0.0,3672000000.0,2000000.0,1505000000.0,1505000000.0,1505000000.0,0.0,0.0,0.1,3407000000.0,2435000000.0,884000000.0,0.605,6.682,31.767,31.879,12846000000.0,0.0,113.17,3.188,3.188,2217000000.0,10952000000.0,14997000000.0,14997000000.0,0.0,0.057,0.216,0.091,0.154,98000000.0,1663000000.0,1.0,422461187.0,422461187.0,,35.499,17818000000.0,0.0,372000000.0,1468000000.0,42.177,551000000.0
4,WM,MRT,2020-06-30,2020-06-30,2020-06-30,2021-07-27,-41000000.0,26619000000.0,27162250000.0,5106000000.0,21513000000.0,0.556,16.328,-1664000000.0,3045000000.0,3045000000.0,9264000000.0,1610000000.0,0.885,2.863,12788000000.0,3190000000.0,9598000000.0,12788000000.0,494000000.0,1615000000.0,0.0,0.02,2.115,2422000000.0,4037000000.0,0.267,4037000000.0,2422000000.0,1976000000.0,3.8,3.78,3.8,6891000000.0,6871750000.0,6891000000.0,54637670186.0,23.0,13.534,1931000000.0,4.576,1.0,5839000000.0,0.387,6984000000.0,446000000.0,23606000000.0,26241750000.0,118000000.0,439000000.0,0.0,439000000.0,19726000000.0,5772000000.0,13954000000.0,44696670186.0,430000000.0,-38000000.0,-338000000.0,-141000000.0,-902000000.0,-1433000000.0,-1729000000.0,0.0,3595000000.0,-3000000.0,1610000000.0,1610000000.0,1610000000.0,0.0,0.0,0.107,3350000000.0,2489000000.0,904000000.0,0.557,6.486,27.762,27.871,12917000000.0,0.0,105.91,2.959,2.959,2107000000.0,10795000000.0,15103000000.0,15103000000.0,0.0,0.059,0.234,0.092,0.16,66000000.0,1633000000.0,1.0,422025023.0,422025023.0,,35.787,19635000000.0,0.0,366000000.0,1367000000.0,46.526,-666000000.0
5,WM,MRT,2020-03-31,2020-03-31,2020-03-31,2021-07-27,-91000000.0,27178000000.0,27004000000.0,5635000000.0,21543000000.0,0.574,15.877,-1806000000.0,3511000000.0,3511000000.0,9527000000.0,1685000000.0,1.836,3.03,13452000000.0,387000000.0,13065000000.0,13452000000.0,497000000.0,1610000000.0,0.0,0.023,2.083,2504000000.0,4114000000.0,0.266,4114000000.0,2504000000.0,2077000000.0,3.97,3.95,3.97,6743000000.0,6765500000.0,6743000000.0,48935042640.0,20.0,11.895,1943000000.0,4.575,1.0,5961000000.0,0.385,6992000000.0,427000000.0,27057000000.0,26894250000.0,116000000.0,451000000.0,0.0,451000000.0,20433000000.0,3070000000.0,17363000000.0,39311042640.0,2922000000.0,-79000000.0,-509000000.0,2739000000.0,-889000000.0,1254000000.0,-2079000000.0,0.0,3749000000.0,-2000000.0,1684000000.0,1684000000.0,1684000000.0,0.0,1000000.0,0.109,3303000000.0,2658000000.0,1031000000.0,0.525,5.83,23.344,23.315,12900000000.0,0.0,92.56,2.538,2.538,2168000000.0,10718000000.0,15488000000.0,15488000000.0,0.0,0.062,0.249,0.093,0.162,72000000.0,1647000000.0,1.0,424708758.0,424708758.0,,36.467,20186000000.0,0.0,393000000.0,1387000000.0,47.529,2565000000.0
6,WM,MRT,2019-12-31,2019-12-31,2019-12-31,2021-07-27,-8000000.0,27743000000.0,26052750000.0,6209000000.0,21534000000.0,0.593,16.66,-1818000000.0,3874000000.0,3874000000.0,9496000000.0,1671000000.0,1.975,2.925,13498000000.0,218000000.0,13280000000.0,13498000000.0,534000000.0,1574000000.0,0.0,0.018,2.05,2515000000.0,4089000000.0,0.265,4089000000.0,2515000000.0,2104000000.0,3.93,3.91,3.93,7068000000.0,6683500000.0,7068000000.0,58453527152.0,23.0,14.295,2056000000.0,4.846,1.0,5959000000.0,0.386,7053000000.0,411000000.0,27170000000.0,25793750000.0,106000000.0,483000000.0,0.0,483000000.0,20673000000.0,3144000000.0,17529000000.0,48346527152.0,3464000000.0,-472000000.0,-181000000.0,3065000000.0,-876000000.0,1964000000.0,-2376000000.0,0.0,3874000000.0,2000000.0,1670000000.0,1670000000.0,1670000000.0,0.0,1000000.0,0.108,3253000000.0,2706000000.0,1065000000.0,0.522,6.84,28.95,28.997,12893000000.0,0.0,113.96,3.128,3.128,2319000000.0,10592000000.0,15455000000.0,15455000000.0,0.0,0.064,0.25,0.098,0.163,86000000.0,1631000000.0,1.0,424241200.0,424241200.0,,36.43,20690000000.0,0.0,434000000.0,1407000000.0,48.769,3065000000.0
7,WM,MRT,2019-09-30,2019-09-30,2019-09-30,2021-07-27,-33000000.0,27109000000.0,24779500000.0,5560000000.0,21549000000.0,0.624,15.994,-1986000000.0,3251000000.0,3251000000.0,9561000000.0,1755000000.0,1.86,2.995,13358000000.0,211000000.0,13147000000.0,13358000000.0,517000000.0,1549000000.0,0.0,0.017,2.002,2630000000.0,4179000000.0,0.27,4179000000.0,2630000000.0,2232000000.0,4.14,4.09,4.14,6785000000.0,6485250000.0,6785000000.0,58921700815.0,22.0,14.099,1778000000.0,4.191,1.0,5890000000.0,0.381,7093000000.0,398000000.0,27134000000.0,24553500000.0,109000000.0,494000000.0,0.0,494000000.0,20322000000.0,2989000000.0,17333000000.0,48786700815.0,2590000000.0,-500000000.0,-435000000.0,2925000000.0,-855000000.0,1587000000.0,-2759000000.0,0.0,3764000000.0,-2000000.0,1754000000.0,1754000000.0,1754000000.0,0.0,1000000.0,0.114,3072000000.0,2818000000.0,903000000.0,0.484,7.19,27.815,27.778,12805000000.0,0.0,115.0,3.158,3.158,2280000000.0,10364000000.0,15451000000.0,15451000000.0,0.0,0.071,0.27,0.107,0.17,88000000.0,1556000000.0,1.0,424232181.0,424232181.0,,36.421,20016000000.0,0.0,478000000.0,1331000000.0,47.182,2571000000.0
8,WM,MRT,2019-06-30,2019-06-30,2019-06-30,2021-07-27,-22000000.0,25986000000.0,23650000000.0,4836000000.0,21150000000.0,0.647,15.223,-1907000000.0,2604000000.0,2604000000.0,9493000000.0,1758000000.0,1.699,3.019,12739000000.0,116000000.0,12623000000.0,12739000000.0,526000000.0,1521000000.0,0.0,0.017,1.955,2601000000.0,4122000000.0,0.269,4122000000.0,2601000000.0,2215000000.0,4.13,4.09,4.13,6466000000.0,6348750000.0,6466000000.0,58947496477.0,23.0,14.301,1779000000.0,4.188,1.0,5813000000.0,0.38,7059000000.0,386000000.0,26216000000.0,23299000000.0,104000000.0,333000000.0,0.0,333000000.0,19519000000.0,2846000000.0,16673000000.0,49004496477.0,1923000000.0,-505000000.0,-638000000.0,2484000000.0,-836000000.0,961000000.0,-2724000000.0,0.0,3686000000.0,0.0,1758000000.0,1758000000.0,1758000000.0,0.0,0.0,0.115,3030000000.0,2783000000.0,908000000.0,0.473,7.579,27.875,27.935,12665000000.0,0.0,115.37,3.202,3.202,2260000000.0,10088000000.0,15306000000.0,15306000000.0,0.0,0.074,0.277,0.112,0.17,91000000.0,1515000000.0,1.0,424759439.0,424759439.0,,36.035,18927000000.0,0.0,457000000.0,1289000000.0,44.559,1990000000.0
9,WM,MRT,2019-03-31,2019-03-31,2019-03-31,2021-07-27,-53000000.0,23373000000.0,22657000000.0,2488000000.0,20885000000.0,0.666,15.138,-1765000000.0,423000000.0,423000000.0,9363000000.0,1875000000.0,0.689,2.643,10366000000.0,1043000000.0,9323000000.0,10366000000.0,512000000.0,1496000000.0,0.0,0.018,1.908,2707000000.0,4203000000.0,0.278,4203000000.0,2707000000.0,2328000000.0,4.39,4.35,4.39,6415000000.0,6245750000.0,6415000000.0,53703932001.0,20.0,12.778,1886000000.0,4.45,1.0,5736000000.0,0.38,7049000000.0,379000000.0,22655000000.0,22030000000.0,105000000.0,334000000.0,0.0,334000000.0,16956000000.0,3612000000.0,13344000000.0,44034932001.0,-111000000.0,-402000000.0,-768000000.0,162000000.0,-819000000.0,-1428000000.0,-2332000000.0,0.0,3651000000.0,-2000000.0,1876000000.0,1876000000.0,1876000000.0,0.0,-1000000.0,0.124,2934000000.0,2802000000.0,899000000.0,0.435,6.864,23.473,23.67,12390000000.0,0.0,103.91,2.916,2.916,2081000000.0,9924000000.0,15099000000.0,15099000000.0,0.0,0.083,0.3,0.123,0.179,93000000.0,1489000000.0,1.0,423779540.0,423779540.0,,35.629,16324000000.0,0.0,452000000.0,1297000000.0,38.52,-1124000000.0
10,WM,MRT,2018-12-31,2018-12-31,2018-12-31,2021-07-27,-87000000.0,22650000000.0,22340250000.0,2645000000.0,20005000000.0,0.668,14.718,-1694000000.0,357000000.0,357000000.0,9249000000.0,1923000000.0,0.851,2.609,10026000000.0,432000000.0,9594000000.0,10026000000.0,522000000.0,1477000000.0,0.0,0.021,1.86,2752000000.0,4229000000.0,0.284,4229000000.0,2752000000.0,2378000000.0,4.49,4.45,4.49,6275000000.0,6153000000.0,6275000000.0,47479621933.0,17.0,11.227,1876000000.0,4.4,1.0,5665000000.0,0.38,7002000000.0,374000000.0,22209000000.0,21689250000.0,102000000.0,406000000.0,0.0,406000000.0,16374000000.0,3108000000.0,13266000000.0,37940621933.0,-110000000.0,-252000000.0,-952000000.0,313000000.0,-802000000.0,-1508000000.0,-2169000000.0,0.0,3570000000.0,-3000000.0,1925000000.0,1925000000.0,1925000000.0,0.0,-2000000.0,0.129,2876000000.0,2789000000.0,1037000000.0,0.414,6.046,19.709,19.82,11942000000.0,0.0,88.99,2.544,2.544,2275000000.0,9797000000.0,14914000000.0,14914000000.0,0.0,0.086,0.313,0.127,0.185,89000000.0,1453000000.0,1.0,426347027.0,426347027.0,,34.981,15648000000.0,0.0,453000000.0,1291000000.0,36.702,-463000000.0
11,WM,MRT,2018-09-30,2018-09-30,2018-09-30,2021-07-27,-16000000.0,22591000000.0,22135000000.0,2675000000.0,19916000000.0,0.665,14.553,-1768000000.0,477000000.0,477000000.0,9133000000.0,2295000000.0,0.871,2.621,10016000000.0,447000000.0,9569000000.0,10016000000.0,512000000.0,1449000000.0,0.0,0.02,1.82,2671000000.0,4120000000.0,0.28,4120000000.0,2671000000.0,2303000000.0,5.3,5.27,5.3,6239000000.0,6089000000.0,6239000000.0,48068864506.0,18.0,11.667,1682000000.0,3.923,1.0,5591000000.0,0.38,6944000000.0,368000000.0,22116000000.0,21385250000.0,103000000.0,419000000.0,0.0,419000000.0,16350000000.0,3070000000.0,13280000000.0,38738864506.0,328000000.0,-276000000.0,-702000000.0,487000000.0,-789000000.0,-1045000000.0,-2076000000.0,0.0,3450000000.0,-1000000.0,2297000000.0,2297000000.0,2297000000.0,0.0,-2000000.0,0.156,2868000000.0,2723000000.0,940000000.0,0.343,6.209,16.865,17.049,11815000000.0,0.0,90.36,2.631,2.631,2342000000.0,9464000000.0,14724000000.0,14724000000.0,0.0,0.104,0.377,0.125,0.181,90000000.0,1452000000.0,1.0,428716960.0,428716960.0,,34.344,15647000000.0,0.0,6000000.0,1245000000.0,36.497,-395000000.0
12,WM,MRT,2018-06-30,2018-06-30,2018-06-30,2021-07-27,-49000000.0,22014000000.0,21724500000.0,2471000000.0,19543000000.0,0.673,14.037,-1714000000.0,466000000.0,466000000.0,9062000000.0,2185000000.0,0.748,2.636,9796000000.0,828000000.0,8968000000.0,9796000000.0,517000000.0,1423000000.0,0.0,0.022,1.78,2671000000.0,4094000000.0,0.28,4094000000.0,2671000000.0,2306000000.0,5.02,4.98,5.02,6054000000.0,5848750000.0,6054000000.0,44563625431.0,17.0,10.885,1715000000.0,3.976,1.0,5556000000.0,0.38,6899000000.0,365000000.0,21140000000.0,20899250000.0,100000000.0,254000000.0,0.0,254000000.0,15958000000.0,3305000000.0,12653000000.0,35080625431.0,322000000.0,-230000000.0,-1008000000.0,695000000.0,-775000000.0,-1149000000.0,-1957000000.0,0.0,3429000000.0,-1000000.0,2184000000.0,2184000000.0,2184000000.0,0.0,1000000.0,0.149,2831000000.0,2725000000.0,829000000.0,0.355,5.795,16.063,16.203,11625000000.0,0.0,81.34,2.4,2.4,2189000000.0,9166000000.0,14618000000.0,14618000000.0,0.0,0.101,0.373,0.128,0.183,88000000.0,1463000000.0,1.0,431283814.0,431283814.0,,33.894,15115000000.0,0.0,122000000.0,1250000000.0,35.047,-834000000.0
13,WM,MRT,2018-03-31,2018-03-31,2018-03-31,2021-07-27,-28000000.0,22106000000.0,21430750000.0,2491000000.0,19615000000.0,0.679,13.937,-1577000000.0,474000000.0,474000000.0,9039000000.0,2047000000.0,0.739,2.654,9957000000.0,1056000000.0,8901000000.0,9957000000.0,495000000.0,1395000000.0,0.0,0.021,1.74,2630000000.0,4025000000.0,0.277,4025000000.0,2630000000.0,2268000000.0,4.68,4.64,4.68,6044000000.0,5706750000.0,6044000000.0,45630646617.0,17.0,11.337,1690000000.0,3.897,1.0,5517000000.0,0.379,6924000000.0,362000000.0,21292000000.0,20682500000.0,98000000.0,266000000.0,0.0,266000000.0,16041000000.0,3373000000.0,12668000000.0,36480646617.0,332000000.0,-330000000.0,-959000000.0,806000000.0,-762000000.0,-1014000000.0,-1920000000.0,0.0,3267000000.0,-1000000.0,2047000000.0,2047000000.0,2047000000.0,0.0,0.0,0.141,2834000000.0,2683000000.0,791000000.0,0.372,6.036,17.822,17.974,11637000000.0,0.0,84.12,2.506,2.506,2204000000.0,8867000000.0,14556000000.0,14556000000.0,0.0,0.096,0.359,0.127,0.181,88000000.0,1451000000.0,1.0,433673878.0,433673878.0,,33.564,15182000000.0,0.0,221000000.0,1258000000.0,35.008,-882000000.0
14,WM,MRT,2017-12-31,2017-12-31,2017-12-31,2021-07-27,8000000.0,21829000000.0,21066750000.0,2694000000.0,19135000000.0,0.688,13.862,-1509000000.0,271000000.0,271000000.0,9021000000.0,1949000000.0,0.826,2.623,9491000000.0,739000000.0,8752000000.0,9491000000.0,503000000.0,1376000000.0,0.0,0.02,1.7,2554000000.0,3930000000.0,0.271,3930000000.0,2554000000.0,2191000000.0,4.44,4.41,4.44,6019000000.0,5575000000.0,6019000000.0,46782854522.0,18.0,11.904,1671000000.0,3.848,1.0,5464000000.0,0.377,6794000000.0,363000000.0,20993000000.0,20436750000.0,96000000.0,269000000.0,0.0,269000000.0,15787000000.0,3262000000.0,12525000000.0,37472854522.0,199000000.0,-99000000.0,-655000000.0,77000000.0,-750000000.0,-1361000000.0,-1620000000.0,0.0,3180000000.0,0.0,1949000000.0,1949000000.0,1949000000.0,0.0,0.0,0.135,2828000000.0,2636000000.0,1040000000.0,0.383,6.226,19.227,19.437,11559000000.0,0.0,86.3,2.587,2.587,2374000000.0,8588000000.0,14485000000.0,14485000000.0,0.0,0.093,0.35,0.125,0.176,101000000.0,1468000000.0,1.0,434216159.0,434216159.0,,33.359,15035000000.0,0.0,242000000.0,1248000000.0,34.626,-568000000.0
15,WM,MRT,2017-09-30,2017-09-30,2017-09-30,2021-07-27,14000000.0,20949000000.0,20824250000.0,2300000000.0,18649000000.0,0.686,11.994,-1358000000.0,35000000.0,35000000.0,8905000000.0,1380000000.0,0.706,2.965,9345000000.0,850000000.0,8495000000.0,9345000000.0,484000000.0,1347000000.0,0.0,0.022,1.685,2484000000.0,3831000000.0,0.268,3831000000.0,2484000000.0,2118000000.0,3.13,3.11,3.13,5278000000.0,5394500000.0,5278000000.0,43466602849.0,17.0,11.346,1781000000.0,4.047,1.0,5388000000.0,0.377,6828000000.0,366000000.0,20172000000.0,20296500000.0,99000000.0,287000000.0,0.0,287000000.0,15649000000.0,3259000000.0,12390000000.0,34441602849.0,7000000.0,-56000000.0,-877000000.0,-2000000.0,-746000000.0,-1704000000.0,-1429000000.0,0.0,3139000000.0,1000000.0,1381000000.0,1381000000.0,1381000000.0,0.0,-1000000.0,0.097,2842000000.0,2546000000.0,789000000.0,0.538,6.526,24.94,25.006,11136000000.0,0.0,78.27,2.41,2.41,2002000000.0,7871000000.0,14293000000.0,14293000000.0,0.0,0.066,0.256,0.122,0.174,97000000.0,1477000000.0,1.0,440035810.0,440035810.0,,32.481,14121000000.0,0.0,737000000.0,1452000000.0,32.091,-959000000.0
16,WM,MRT,2017-06-30,2017-06-30,2017-06-30,2021-07-27,-33000000.0,20839000000.0,20776000000.0,2326000000.0,18513000000.0,0.68,12.413,-1341000000.0,32000000.0,32000000.0,8819000000.0,1296000000.0,0.84,2.795,9057000000.0,390000000.0,8667000000.0,9057000000.0,497000000.0,1333000000.0,0.0,0.023,1.67,2342000000.0,3675000000.0,0.26,3675000000.0,2342000000.0,1972000000.0,2.93,2.92,2.93,5486000000.0,5414750000.0,5486000000.0,41428354526.0,18.0,11.273,1703000000.0,3.853,1.0,5306000000.0,0.376,6821000000.0,370000000.0,20273000000.0,20373250000.0,96000000.0,289000000.0,0.0,289000000.0,15332000000.0,2770000000.0,12562000000.0,32416354526.0,-7000000.0,-53000000.0,-370000000.0,-490000000.0,-743000000.0,-1634000000.0,-1416000000.0,0.0,3044000000.0,-1000000.0,1297000000.0,1297000000.0,1297000000.0,0.0,-1000000.0,0.092,2901000000.0,2405000000.0,808000000.0,0.57,5.909,24.993,25.034,11002000000.0,0.0,73.35,2.295,2.295,2077000000.0,7671000000.0,14125000000.0,14125000000.0,0.0,0.062,0.24,0.115,0.166,93000000.0,1451000000.0,1.0,441940757.0,441940757.0,,31.961,14018000000.0,0.0,675000000.0,1487000000.0,31.719,-444000000.0
17,WM,MRT,2017-03-31,2017-03-31,2017-03-31,2021-07-27,-66000000.0,20650000000.0,20754250000.0,2223000000.0,18427000000.0,0.668,12.547,-1354000000.0,30000000.0,30000000.0,8659000000.0,1221000000.0,0.869,2.739,9042000000.0,396000000.0,8646000000.0,9042000000.0,479000000.0,1317000000.0,0.0,0.023,1.655,2234000000.0,3551000000.0,0.256,3551000000.0,2234000000.0,1861000000.0,2.76,2.75,2.76,5517000000.0,5345250000.0,5517000000.0,41341143270.0,19.0,11.642,1639000000.0,3.728,1.0,5214000000.0,0.376,6795000000.0,373000000.0,20309000000.0,20448750000.0,95000000.0,295000000.0,0.0,295000000.0,15112000000.0,2558000000.0,12554000000.0,32063143270.0,-75000000.0,-42000000.0,-353000000.0,-556000000.0,-737000000.0,-1649000000.0,-1419000000.0,0.0,2993000000.0,0.0,1222000000.0,1222000000.0,1222000000.0,0.0,-1000000.0,0.088,2871000000.0,2343000000.0,720000000.0,0.6,5.812,26.238,26.42,10929000000.0,0.0,72.92,2.311,2.311,1972000000.0,7497000000.0,13873000000.0,13873000000.0,0.0,0.059,0.229,0.109,0.161,96000000.0,1438000000.0,1.0,439703007.0,439703007.0,,31.551,13855000000.0,0.0,639000000.0,1521000000.0,31.51,-335000000.0
18,WM,MRT,2016-12-31,2016-12-31,2016-12-31,2021-07-27,-80000000.0,20859000000.0,20787000000.0,2376000000.0,18483000000.0,0.655,11.984,-1339000000.0,137000000.0,137000000.0,8486000000.0,1180000000.0,0.85,2.934,9310000000.0,417000000.0,8893000000.0,9310000000.0,493000000.0,1301000000.0,0.0,0.023,1.64,2200000000.0,3501000000.0,0.257,3501000000.0,2200000000.0,1824000000.0,2.66,2.65,2.66,5297000000.0,5288500000.0,5297000000.0,40573438828.0,18.0,11.589,1664000000.0,3.765,1.0,5123000000.0,0.376,6806000000.0,376000000.0,20432000000.0,20584750000.0,90000000.0,320000000.0,0.0,320000000.0,15539000000.0,2794000000.0,12745000000.0,31342438828.0,-10000000.0,-565000000.0,-662000000.0,375000000.0,-726000000.0,-1084000000.0,-1929000000.0,0.0,3003000000.0,0.0,1182000000.0,1182000000.0,1182000000.0,0.0,-2000000.0,0.087,2827000000.0,2296000000.0,799000000.0,0.617,5.917,26.516,26.658,10950000000.0,0.0,70.91,2.303,2.303,2132000000.0,7388000000.0,13609000000.0,13609000000.0,0.0,0.057,0.224,0.107,0.162,90000000.0,1410000000.0,1.0,442003086.0,442003086.0,,30.789,14053000000.0,0.0,642000000.0,1482000000.0,31.794,-418000000.0
19,WM,MRT,2016-09-30,2016-09-30,2016-09-30,2021-07-27,-63000000.0,20756000000.0,20664000000.0,2293000000.0,18463000000.0,0.648,12.117,-1331000000.0,30000000.0,30000000.0,8366000000.0,1119000000.0,0.861,2.869,9261000000.0,432000000.0,8829000000.0,9261000000.0,475000000.0,1289000000.0,0.0,0.025,1.615,2083000000.0,3372000000.0,0.252,3372000000.0,2083000000.0,1710000000.0,2.51,2.5,2.51,5359000000.0,5300500000.0,5359000000.0,37691342687.0,18.0,11.178,1477000000.0,3.339,1.0,5029000000.0,0.375,6844000000.0,373000000.0,20479000000.0,20548250000.0,93000000.0,326000000.0,0.0,326000000.0,15373000000.0,2664000000.0,12709000000.0,28200342687.0,-83000000.0,-618000000.0,-419000000.0,260000000.0,-718000000.0,-913000000.0,-1977000000.0,0.0,2808000000.0,-1000000.0,1120000000.0,1120000000.0,1120000000.0,0.0,-1000000.0,0.084,2849000000.0,2180000000.0,689000000.0,0.643,5.262,25.179,25.402,10842000000.0,0.0,63.76,2.105,2.105,2040000000.0,7235000000.0,13395000000.0,13395000000.0,0.0,0.054,0.211,0.101,0.156,97000000.0,1375000000.0,1.0,442288938.0,442288938.0,,30.286,13912000000.0,0.0,590000000.0,1428000000.0,31.455,-371000000.0
20,WM,MRT,2016-06-30,2016-06-30,2016-06-30,2021-07-27,-49000000.0,20752000000.0,20575500000.0,2276000000.0,18476000000.0,0.642,11.723,-1333000000.0,39000000.0,39000000.0,8245000000.0,1152000000.0,0.811,2.981,9530000000.0,614000000.0,8916000000.0,9530000000.0,483000000.0,1283000000.0,0.0,0.024,1.59,2123000000.0,3406000000.0,0.258,3406000000.0,2123000000.0,1749000000.0,2.58,2.56,2.58,5208000000.0,5269500000.0,5208000000.0,38933220738.0,18.0,11.431,1374000000.0,3.093,1.0,4962000000.0,0.376,6862000000.0,374000000.0,20575000000.0,20557500000.0,93000000.0,321000000.0,0.0,321000000.0,15524000000.0,2806000000.0,12718000000.0,29441220738.0,-234000000.0,-581000000.0,-726000000.0,465000000.0,-708000000.0,-1025000000.0,-1915000000.0,0.0,2707000000.0,-1000000.0,1153000000.0,1153000000.0,1153000000.0,0.0,-1000000.0,0.087,2741000000.0,2221000000.0,620000000.0,0.616,5.653,25.534,25.686,10841000000.0,0.0,66.27,2.229,2.229,2023000000.0,7116000000.0,13207000000.0,13207000000.0,0.0,0.056,0.219,0.103,0.161,102000000.0,1375000000.0,1.0,444261668.0,444261668.0,,29.728,13890000000.0,0.0,596000000.0,1395000000.0,31.265,-530000000.0
21,WM,MRT,2016-03-31,2016-03-31,2016-03-31,2021-07-27,-58000000.0,20781000000.0,20532000000.0,2302000000.0,18479000000.0,0.638,11.87,-1317000000.0,104000000.0,104000000.0,8278000000.0,1139000000.0,0.899,2.925,9596000000.0,524000000.0,9072000000.0,9596000000.0,465000000.0,1265000000.0,0.0,0.027,1.565,2055000000.0,3320000000.0,0.253,3320000000.0,2055000000.0,1679000000.0,2.53,2.52,2.53,5290000000.0,5314000000.0,5290000000.0,35235489181.0,17.0,10.613,1444000000.0,3.24,1.0,4819000000.0,0.368,6860000000.0,376000000.0,20853000000.0,20549250000.0,92000000.0,371000000.0,0.0,371000000.0,15471000000.0,2560000000.0,12911000000.0,26293489181.0,-173000000.0,-507000000.0,-794000000.0,438000000.0,-702000000.0,-1107000000.0,-1827000000.0,0.0,2761000000.0,0.0,1140000000.0,1140000000.0,1140000000.0,0.0,-1000000.0,0.087,2707000000.0,2112000000.0,591000000.0,0.619,4.97,23.064,23.32,10796000000.0,0.0,59.0,2.008,2.008,1988000000.0,7012000000.0,13097000000.0,13097000000.0,0.0,0.056,0.215,0.1,0.157,89000000.0,1357000000.0,1.0,445652359.0,445652359.0,,29.388,13921000000.0,0.0,539000000.0,1438000000.0,31.237,-258000000.0
22,WM,MRT,2015-12-31,2015-12-31,2015-12-31,2021-07-27,-127000000.0,20367000000.0,20509500000.0,2345000000.0,18022000000.0,0.632,11.971,-1233000000.0,39000000.0,39000000.0,8231000000.0,752000000.0,0.934,2.806,8929000000.0,253000000.0,8676000000.0,8929000000.0,472000000.0,1245000000.0,0.0,0.029,1.54,1446000000.0,2691000000.0,0.208,2691000000.0,1446000000.0,1061000000.0,1.66,1.65,1.66,5345000000.0,5380000000.0,5345000000.0,32766453627.0,23.0,12.176,1295000000.0,2.9,1.0,4730000000.0,0.365,6461000000.0,385000000.0,20286000000.0,20568250000.0,92000000.0,360000000.0,0.0,360000000.0,15000000000.0,2510000000.0,12490000000.0,23829453627.0,-1268000000.0,-409000000.0,-523000000.0,-982000000.0,-695000000.0,-2185000000.0,-1608000000.0,0.0,2528000000.0,-3000000.0,753000000.0,753000000.0,753000000.0,0.0,-1000000.0,0.058,2685000000.0,2045000000.0,721000000.0,0.928,4.458,31.646,32.151,10665000000.0,0.0,53.37,1.839,1.839,2094000000.0,6939000000.0,12961000000.0,12961000000.0,0.0,0.037,0.14,0.07,0.112,72000000.0,1343000000.0,1.0,446495290.0,446495290.0,,29.028,13906000000.0,0.0,308000000.0,1391000000.0,31.145,-165000000.0
23,WM,MRT,2015-09-30,2015-09-30,2015-09-30,2021-07-27,-91000000.0,20402000000.0,20742000000.0,2399000000.0,18003000000.0,0.634,11.575,-1234000000.0,113000000.0,113000000.0,8374000000.0,1077000000.0,0.982,2.893,9050000000.0,215000000.0,8835000000.0,9050000000.0,461000000.0,1251000000.0,0.0,0.031,1.53,1663000000.0,2914000000.0,0.222,2914000000.0,1663000000.0,1255000000.0,2.34,2.33,2.34,5235000000.0,5510250000.0,5235000000.0,31359592972.0,19.0,10.762,1258000000.0,2.782,1.0,4778000000.0,0.363,6381000000.0,408000000.0,20516000000.0,20436750000.0,92000000.0,374000000.0,0.0,374000000.0,15145000000.0,2442000000.0,12703000000.0,22526592972.0,-70000000.0,1562000000.0,-524000000.0,-1639000000.0,-695000000.0,-2948000000.0,390000000.0,0.0,2492000000.0,-4000000.0,1070000000.0,1070000000.0,1070000000.0,0.0,7000000.0,0.081,2483000000.0,2295000000.0,671000000.0,0.654,4.303,21.053,21.286,10659000000.0,0.0,49.81,1.713,1.713,2002000000.0,6840000000.0,13152000000.0,13152000000.0,0.0,0.052,0.194,0.081,0.126,65000000.0,1376000000.0,1.0,452250411.0,452250411.0,,29.081,14021000000.0,79000000.0,185000000.0,1490000000.0,31.003,-43000000.0
24,WM,MRT,2015-06-30,2015-06-30,2015-06-30,2021-07-27,-34000000.0,20578000000.0,21194250000.0,2553000000.0,18025000000.0,0.632,11.764,-1206000000.0,273000000.0,273000000.0,8578000000.0,1021000000.0,1.031,2.817,9106000000.0,196000000.0,8910000000.0,9106000000.0,479000000.0,1250000000.0,0.0,0.033,1.52,1593000000.0,2843000000.0,0.212,2843000000.0,1593000000.0,1164000000.0,2.18,2.17,2.18,5386000000.0,5542500000.0,5386000000.0,30150056421.0,19.0,10.605,1301000000.0,2.842,1.0,4816000000.0,0.36,6392000000.0,429000000.0,20542000000.0,20851000000.0,102000000.0,390000000.0,0.0,390000000.0,15171000000.0,2477000000.0,12694000000.0,21220056421.0,136000000.0,1580000000.0,-791000000.0,-1196000000.0,-695000000.0,-2775000000.0,410000000.0,0.0,2507000000.0,-6000000.0,1005000000.0,1005000000.0,1005000000.0,0.0,16000000.0,0.075,2576000000.0,2240000000.0,707000000.0,0.697,3.94,21.114,21.261,10665000000.0,0.0,46.35,1.584,1.584,1953000000.0,6680000000.0,13394000000.0,13394000000.0,0.0,0.047,0.181,0.076,0.119,53000000.0,1423000000.0,1.0,457822145.0,457822145.0,,29.256,14186000000.0,82000000.0,159000000.0,1409000000.0,30.986,76000000.0
25,WM,MRT,2015-03-31,2015-03-31,2015-03-31,2021-07-27,-50000000.0,20691000000.0,21594500000.0,2617000000.0,18074000000.0,0.632,12.097,-1118000000.0,277000000.0,277000000.0,8716000000.0,970000000.0,1.151,2.722,9207000000.0,168000000.0,9039000000.0,9207000000.0,463000000.0,1267000000.0,0.0,0.028,1.51,1613000000.0,2880000000.0,0.211,2880000000.0,1613000000.0,1164000000.0,2.03,2.02,2.03,5554000000.0,5659250000.0,5554000000.0,33026535789.0,20.0,11.468,1128000000.0,2.457,1.0,4924000000.0,0.361,6419000000.0,449000000.0,20929000000.0,21283500000.0,109000000.0,397000000.0,0.0,397000000.0,15116000000.0,2273000000.0,12843000000.0,24898535789.0,-62000000.0,1608000000.0,-482000000.0,-1502000000.0,-695000000.0,-2791000000.0,489000000.0,0.0,2246000000.0,-6000000.0,941000000.0,941000000.0,941000000.0,0.0,29000000.0,0.069,2654000000.0,2270000000.0,634000000.0,0.744,4.483,26.46,26.714,10679000000.0,0.0,54.23,1.825,1.825,2008000000.0,6582000000.0,13640000000.0,13640000000.0,0.0,0.044,0.166,0.076,0.118,59000000.0,1454000000.0,1.0,459128449.0,459128449.0,,29.708,14272000000.0,70000000.0,223000000.0,1491000000.0,31.085,344000000.0
26,WM,MRT,2014-12-31,2014-12-31,2014-12-31,2021-07-27,23000000.0,21297000000.0,22032250000.0,3526000000.0,17771000000.0,0.635,12.81,-1151000000.0,1307000000.0,1307000000.0,9002000000.0,1338000000.0,1.012,2.627,9435000000.0,1090000000.0,8345000000.0,9435000000.0,475000000.0,1292000000.0,0.0,0.029,1.5,2177000000.0,3469000000.0,0.248,3469000000.0,2177000000.0,1711000000.0,2.8,2.79,2.8,5866000000.0,5705000000.0,5866000000.0,33481504334.0,15.0,9.652,1180000000.0,2.577,1.0,4994000000.0,0.357,6180000000.0,466000000.0,19760000000.0,21643500000.0,106000000.0,408000000.0,0.0,408000000.0,15408000000.0,3485000000.0,11923000000.0,23500504334.0,1249000000.0,2185000000.0,-507000000.0,-751000000.0,-693000000.0,-2072000000.0,995000000.0,0.0,2331000000.0,-5000000.0,1298000000.0,1298000000.0,1298000000.0,0.0,40000000.0,0.093,2695000000.0,2299000000.0,740000000.0,0.536,4.006,18.105,18.329,10657000000.0,0.0,51.32,1.679,1.679,1937000000.0,6888000000.0,13996000000.0,13996000000.0,0.0,0.059,0.228,0.101,0.156,60000000.0,1481000000.0,1.0,457920973.0,457920973.0,,30.564,15117000000.0,0.0,413000000.0,1338000000.0,33.012,41000000.0
27,WM,MRT,2014-09-30,2014-09-30,2014-09-30,2021-07-27,77000000.0,22211000000.0,22358750000.0,4116000000.0,18095000000.0,0.629,11.501,-1228000000.0,183000000.0,183000000.0,9099000000.0,141000000.0,1.086,3.085,10164000000.0,1141000000.0,9023000000.0,10164000000.0,467000000.0,1312000000.0,0.0,0.031,1.49,979000000.0,2291000000.0,0.163,2291000000.0,979000000.0,511000000.0,0.24,0.23,0.24,5364000000.0,5665250000.0,5364000000.0,31828067002.0,33.0,13.893,1180000000.0,2.53,1.0,4960000000.0,0.353,6230000000.0,468000000.0,22173000000.0,22493000000.0,106000000.0,443000000.0,0.0,443000000.0,16548000000.0,3789000000.0,12759000000.0,22168067002.0,26000000.0,259000000.0,-753000000.0,153000000.0,-692000000.0,-1335000000.0,-1044000000.0,0.0,2408000000.0,-3000000.0,103000000.0,103000000.0,103000000.0,0.0,38000000.0,0.007,3823000000.0,1137000000.0,712000000.0,6.208,4.133,215.224,198.042,10849000000.0,0.0,47.53,1.577,1.577,1713000000.0,6473000000.0,14059000000.0,14059000000.0,0.0,0.005,0.018,0.044,0.07,48000000.0,1481000000.0,1.0,466401578.0,466401578.0,,30.144,15981000000.0,139000000.0,408000000.0,1522000000.0,34.264,327000000.0
28,WM,MRT,2014-06-30,2014-06-30,2014-06-30,2021-07-27,135000000.0,22179000000.0,22709250000.0,2355000000.0,19824000000.0,0.62,12.577,-1244000000.0,137000000.0,137000000.0,9125000000.0,157000000.0,0.79,2.739,9797000000.0,786000000.0,9011000000.0,9797000000.0,471000000.0,1327000000.0,0.0,0.033,1.48,1025000000.0,2352000000.0,0.167,2352000000.0,1025000000.0,554000000.0,0.27,0.27,0.27,5853000000.0,6001250000.0,5853000000.0,30670651698.0,30.0,13.04,1228000000.0,2.639,1.0,4953000000.0,0.352,6587000000.0,471000000.0,22272000000.0,22822500000.0,166000000.0,419000000.0,0.0,419000000.0,16032000000.0,2980000000.0,13052000000.0,20815651698.0,-17000000.0,-230000000.0,-174000000.0,-73000000.0,-691000000.0,-988000000.0,-1501000000.0,0.0,2472000000.0,0.0,124000000.0,124000000.0,124000000.0,0.0,33000000.0,0.009,3785000000.0,1168000000.0,692000000.0,5.481,3.556,167.868,165.667,12031000000.0,0.0,44.73,1.479,1.479,1797000000.0,6376000000.0,14078000000.0,14078000000.0,0.0,0.005,0.021,0.045,0.073,49000000.0,1453000000.0,1.0,465362211.0,465362211.0,,30.252,15592000000.0,106000000.0,430000000.0,1796000000.0,33.505,-625000000.0
29,WM,MRT,2014-03-31,2014-03-31,2014-03-31,2021-07-27,89000000.0,22442000000.0,22917500000.0,2535000000.0,19907000000.0,0.613,12.342,-1271000000.0,339000000.0,339000000.0,9135000000.0,191000000.0,0.755,2.859,10194000000.0,1216000000.0,8978000000.0,10194000000.0,462000000.0,1327000000.0,0.0,0.035,1.47,1012000000.0,2339000000.0,0.167,2339000000.0,1012000000.0,535000000.0,0.34,0.34,0.34,5737000000.0,6165250000.0,5737000000.0,29723056281.0,29.0,12.708,1191000000.0,2.562,1.0,4908000000.0,0.349,6571000000.0,477000000.0,22369000000.0,22955500000.0,174000000.0,402000000.0,0.0,402000000.0,16403000000.0,3357000000.0,13046000000.0,19555056281.0,32000000.0,-313000000.0,-131000000.0,47000000.0,-687000000.0,-825000000.0,-1601000000.0,0.0,2462000000.0,-4000000.0,158000000.0,158000000.0,158000000.0,0.0,33000000.0,0.011,3762000000.0,1146000000.0,663000000.0,4.324,3.409,123.766,123.735,12170000000.0,0.0,42.07,1.393,1.393,1751000000.0,6342000000.0,14043000000.0,14043000000.0,0.0,0.007,0.026,0.044,0.072,47000000.0,1453000000.0,1.0,464821875.0,464821875.0,,30.212,15871000000.0,96000000.0,377000000.0,1815000000.0,34.144,-822000000.0
30,WM,MRT,2013-12-31,2013-12-31,2013-12-31,2021-07-27,154000000.0,22603000000.0,23095750000.0,2499000000.0,20104000000.0,0.605,12.164,-1271000000.0,58000000.0,58000000.0,9112000000.0,130000000.0,0.829,2.909,10226000000.0,726000000.0,9500000000.0,10226000000.0,475000000.0,1333000000.0,0.0,0.033,1.46,939000000.0,2272000000.0,0.162,2272000000.0,939000000.0,462000000.0,0.21,0.21,0.21,5707000000.0,6329750000.0,5707000000.0,30954382954.0,33.0,13.624,1184000000.0,2.524,1.0,4871000000.0,0.348,6599000000.0,477000000.0,23158000000.0,23074750000.0,178000000.0,591000000.0,177000000.0,414000000.0,16601000000.0,3014000000.0,13587000000.0,21052382954.0,-136000000.0,-619000000.0,-107000000.0,155000000.0,-683000000.0,-687000000.0,-1900000000.0,0.0,2455000000.0,-4000000.0,98000000.0,98000000.0,98000000.0,0.0,32000000.0,0.007,3792000000.0,1079000000.0,744000000.0,6.952,3.689,214.82,213.667,12344000000.0,0.0,44.87,1.506,1.506,1810000000.0,6289000000.0,13983000000.0,13983000000.0,0.0,0.004,0.015,0.041,0.067,48000000.0,1468000000.0,1.0,469186159.0,469186159.0,,29.803,16004000000.0,113000000.0,364000000.0,1842000000.0,34.11,-515000000.0
31,WM,MRT,2013-09-30,2013-09-30,2013-09-30,2021-07-27,169000000.0,23613000000.0,23219250000.0,2417000000.0,21196000000.0,0.599,14.31,-1202000000.0,157000000.0,157000000.0,9069000000.0,964000000.0,0.845,2.474,10059000000.0,568000000.0,9491000000.0,10059000000.0,472000000.0,1332000000.0,0.0,0.035,1.45,1888000000.0,3220000000.0,0.231,3220000000.0,1888000000.0,1409000000.0,1.98,1.98,1.98,6708000000.0,6491500000.0,6708000000.0,28948331519.0,15.0,8.99,1233000000.0,2.63,1.0,4848000000.0,0.348,7162000000.0,479000000.0,23491000000.0,23059000000.0,178000000.0,656000000.0,0.0,656000000.0,16598000000.0,2862000000.0,13736000000.0,19332331519.0,-241000000.0,-686000000.0,120000000.0,-116000000.0,-677000000.0,-770000000.0,-1901000000.0,0.0,2435000000.0,-5000000.0,927000000.0,927000000.0,927000000.0,0.0,37000000.0,0.067,2875000000.0,1973000000.0,763000000.0,0.732,2.882,20.855,20.828,12621000000.0,0.0,41.24,1.389,1.389,1860000000.0,7066000000.0,13917000000.0,13917000000.0,0.0,0.04,0.143,0.082,0.136,44000000.0,1448000000.0,1.0,468776225.0,468776225.0,,29.688,16451000000.0,84000000.0,482000000.0,1994000000.0,35.094,-445000000.0
32,WM,MRT,2013-06-30,2013-06-30,2013-06-30,2021-07-27,134000000.0,23012000000.0,23084250000.0,2404000000.0,20608000000.0,0.596,13.937,-1281000000.0,154000000.0,154000000.0,8973000000.0,890000000.0,0.795,2.488,9770000000.0,776000000.0,8994000000.0,9770000000.0,481000000.0,1319000000.0,0.0,0.036,1.44,1785000000.0,3104000000.0,0.226,3104000000.0,1785000000.0,1302000000.0,1.82,1.82,1.82,6509000000.0,6386500000.0,6509000000.0,28537138899.0,16.0,9.194,992000000.0,2.124,1.0,4784000000.0,0.348,6802000000.0,483000000.0,22804000000.0,22890250000.0,171000000.0,653000000.0,0.0,653000000.0,16194000000.0,3022000000.0,13172000000.0,18835138899.0,-83000000.0,-269000000.0,110000000.0,-116000000.0,-670000000.0,-733000000.0,-1620000000.0,0.0,2273000000.0,-3000000.0,850000000.0,850000000.0,850000000.0,0.0,40000000.0,0.062,2888000000.0,1896000000.0,696000000.0,0.791,2.894,22.159,22.159,12469000000.0,0.0,40.33,1.369,1.369,1853000000.0,6948000000.0,13757000000.0,13757000000.0,0.0,0.037,0.133,0.078,0.13,39000000.0,1434000000.0,1.0,467025512.0,467025512.0,,29.457,16210000000.0,83000000.0,452000000.0,1923000000.0,34.709,-618000000.0
33,WM,MRT,2013-03-31,2013-03-31,2013-03-31,2021-07-27,160000000.0,23155000000.0,23004000000.0,2497000000.0,20658000000.0,0.595,13.747,-1397000000.0,307000000.0,307000000.0,8922000000.0,853000000.0,0.783,2.571,10009000000.0,964000000.0,9045000000.0,10009000000.0,466000000.0,1303000000.0,0.0,0.036,1.43,1737000000.0,3040000000.0,0.222,3040000000.0,1737000000.0,1254000000.0,1.75,1.75,1.75,6395000000.0,6301250000.0,6395000000.0,27962497372.0,16.0,9.198,1000000000.0,2.15,1.0,4768000000.0,0.348,6823000000.0,483000000.0,22846000000.0,22799250000.0,177000000.0,658000000.0,0.0,658000000.0,16439000000.0,3188000000.0,13251000000.0,18240497372.0,118000000.0,-302000000.0,57000000.0,133000000.0,-664000000.0,-529000000.0,-1748000000.0,0.0,2397000000.0,-2000000.0,814000000.0,814000000.0,814000000.0,0.0,39000000.0,0.059,2916000000.0,1852000000.0,674000000.0,0.817,2.852,22.408,22.406,12512000000.0,0.0,39.21,1.332,1.332,1779000000.0,6875000000.0,13690000000.0,13690000000.0,0.0,0.035,0.129,0.076,0.127,26000000.0,1455000000.0,1.0,465200137.0,465200137.0,,29.428,16332000000.0,84000000.0,440000000.0,1928000000.0,35.107,-691000000.0
34,WM,MRT,2012-12-31,2012-12-31,2012-12-31,2021-07-27,193000000.0,23097000000.0,22849000000.0,2423000000.0,20674000000.0,0.597,13.697,-1510000000.0,194000000.0,194000000.0,8879000000.0,860000000.0,0.798,2.585,9916000000.0,743000000.0,9173000000.0,9916000000.0,465000000.0,1297000000.0,0.0,0.042,1.42,1744000000.0,3041000000.0,0.223,3041000000.0,1744000000.0,1260000000.0,1.76,1.76,1.76,6354000000.0,6242250000.0,6354000000.0,25245957287.0,14.0,8.302,785000000.0,1.692,1.0,4770000000.0,0.349,6688000000.0,484000000.0,23095000000.0,22703750000.0,174000000.0,667000000.0,0.0,667000000.0,16422000000.0,3036000000.0,13386000000.0,15651957287.0,-64000000.0,-283000000.0,43000000.0,122000000.0,-658000000.0,-530000000.0,-1830000000.0,0.0,2295000000.0,1000000.0,817000000.0,817000000.0,817000000.0,0.0,43000000.0,0.06,2919000000.0,1851000000.0,842000000.0,0.807,2.463,19.158,19.17,12651000000.0,0.0,33.74,1.147,1.147,1839000000.0,6879000000.0,13649000000.0,13649000000.0,0.0,0.036,0.131,0.077,0.128,18000000.0,1472000000.0,1.0,463899149.0,463899149.0,,29.422,16409000000.0,76000000.0,443000000.0,1947000000.0,35.372,-613000000.0
35,WM,MRT,2012-09-30,2012-09-30,2012-09-30,2021-07-27,200000000.0,23073000000.0,22717000000.0,2659000000.0,20414000000.0,0.6,13.565,-1547000000.0,398000000.0,398000000.0,8800000000.0,903000000.0,0.834,2.618,9992000000.0,826000000.0,9166000000.0,9992000000.0,459000000.0,1265000000.0,0.0,0.044,1.405,1811000000.0,3076000000.0,0.226,3076000000.0,1811000000.0,1322000000.0,1.86,1.86,1.86,6288000000.0,6171250000.0,6288000000.0,24459935186.0,14.0,7.952,903000000.0,1.948,1.0,4821000000.0,0.354,6664000000.0,489000000.0,22816000000.0,22511750000.0,155000000.0,652000000.0,0.0,652000000.0,16461000000.0,3187000000.0,13274000000.0,14870935186.0,116000000.0,-482000000.0,-3000000.0,334000000.0,-649000000.0,-326000000.0,-2011000000.0,0.0,2450000000.0,3000000.0,859000000.0,859000000.0,859000000.0,0.0,44000000.0,0.063,2902000000.0,1919000000.0,787000000.0,0.755,2.365,17.312,17.247,12518000000.0,0.0,32.08,1.092,1.092,1868000000.0,6820000000.0,13621000000.0,13621000000.0,0.0,0.038,0.139,0.08,0.133,17000000.0,1523000000.0,1.0,463557830.0,463557830.0,,29.384,16409000000.0,79000000.0,463000000.0,1896000000.0,35.398,-528000000.0
36,WM,MRT,2012-06-30,2012-06-30,2012-06-30,2021-07-27,163000000.0,22691000000.0,22461750000.0,2454000000.0,20237000000.0,0.609,13.324,-1458000000.0,237000000.0,237000000.0,8832000000.0,965000000.0,0.77,2.627,9826000000.0,853000000.0,8973000000.0,9826000000.0,469000000.0,1251000000.0,0.0,0.042,1.39,1875000000.0,3126000000.0,0.228,3126000000.0,1875000000.0,1391000000.0,1.98,1.98,1.98,6168000000.0,6086250000.0,6168000000.0,25121171121.0,13.0,8.036,1077000000.0,2.327,1.0,4850000000.0,0.354,6653000000.0,484000000.0,22440000000.0,22396500000.0,147000000.0,656000000.0,0.0,656000000.0,16204000000.0,3187000000.0,13017000000.0,15461171121.0,-134000000.0,-925000000.0,-366000000.0,649000000.0,-643000000.0,-403000000.0,-2264000000.0,0.0,2535000000.0,-2000000.0,917000000.0,917000000.0,917000000.0,0.0,48000000.0,0.067,2888000000.0,1962000000.0,720000000.0,0.702,2.507,16.861,16.869,12360000000.0,0.0,33.4,1.13,1.13,1831000000.0,6771000000.0,13682000000.0,13682000000.0,0.0,0.041,0.151,0.084,0.137,23000000.0,1568000000.0,1.0,462909315.0,462909315.0,,29.557,16038000000.0,73000000.0,474000000.0,1879000000.0,34.646,-733000000.0
37,WM,MRT,2012-03-31,2012-03-31,2012-03-31,2021-07-27,206000000.0,22535000000.0,22184750000.0,2285000000.0,20250000000.0,0.612,13.349,-1387000000.0,189000000.0,189000000.0,8712000000.0,996000000.0,0.75,2.607,9849000000.0,860000000.0,8989000000.0,9849000000.0,465000000.0,1247000000.0,0.0,0.039,1.375,1918000000.0,3165000000.0,0.233,3165000000.0,1918000000.0,1436000000.0,2.03,2.03,2.03,6159000000.0,6117000000.0,6159000000.0,25627648360.0,13.0,8.097,957000000.0,2.074,1.0,4858000000.0,0.358,6684000000.0,482000000.0,22464000000.0,22249250000.0,153000000.0,646000000.0,0.0,646000000.0,16054000000.0,3047000000.0,13007000000.0,16129648360.0,-487000000.0,-973000000.0,-466000000.0,542000000.0,-639000000.0,-605000000.0,-2226000000.0,0.0,2344000000.0,0.0,946000000.0,946000000.0,946000000.0,0.0,50000000.0,0.07,2856000000.0,2002000000.0,662000000.0,0.677,2.619,17.05,17.222,12299000000.0,0.0,34.96,1.189,1.189,1720000000.0,6727000000.0,13570000000.0,13570000000.0,0.0,0.043,0.155,0.086,0.141,31000000.0,1576000000.0,1.0,461374381.0,461374381.0,,29.412,15851000000.0,70000000.0,490000000.0,1889000000.0,34.356,-762000000.0
38,WM,MRT,2011-12-31,2011-12-31,2011-12-31,2021-07-27,172000000.0,22569000000.0,21963000000.0,2379000000.0,20190000000.0,0.609,13.186,-1324000000.0,258000000.0,258000000.0,8541000000.0,1009000000.0,0.775,2.665,9756000000.0,631000000.0,9125000000.0,9756000000.0,470000000.0,1229000000.0,0.0,0.042,1.36,1953000000.0,3182000000.0,0.238,3182000000.0,1953000000.0,1472000000.0,2.05,2.04,2.05,6070000000.0,6151750000.0,6070000000.0,24388394823.0,12.0,7.664,1145000000.0,2.487,1.0,4837000000.0,0.362,6672000000.0,481000000.0,22327000000.0,22055000000.0,153000000.0,637000000.0,0.0,637000000.0,16179000000.0,3068000000.0,13111000000.0,15057394823.0,-281000000.0,-986000000.0,-530000000.0,698000000.0,-637000000.0,-566000000.0,-2185000000.0,0.0,2469000000.0,1000000.0,961000000.0,961000000.0,961000000.0,0.0,48000000.0,0.072,2809000000.0,2028000000.0,838000000.0,0.663,2.481,15.668,15.956,12242000000.0,0.0,32.71,1.126,1.126,1775000000.0,6721000000.0,13378000000.0,13378000000.0,0.0,0.044,0.156,0.089,0.146,37000000.0,1551000000.0,1.0,460330016.0,460330016.0,,29.062,15897000000.0,78000000.0,511000000.0,1884000000.0,34.534,-689000000.0
39,WM,MRT,2011-09-30,2011-09-30,2011-09-30,2021-07-27,144000000.0,22052000000.0,21689750000.0,2419000000.0,19633000000.0,0.607,12.6,-1276000000.0,282000000.0,282000000.0,8337000000.0,1025000000.0,0.957,2.651,9613000000.0,225000000.0,9388000000.0,9613000000.0,473000000.0,1212000000.0,0.0,0.041,1.335,1990000000.0,3202000000.0,0.243,3202000000.0,1990000000.0,1513000000.0,2.05,2.06,2.05,5948000000.0,6199250000.0,5948000000.0,24036090385.0,12.0,7.507,1083000000.0,2.294,1.0,4822000000.0,0.366,6501000000.0,477000000.0,22355000000.0,21807750000.0,142000000.0,0.0,0.0,0.0,15767000000.0,2527000000.0,13240000000.0,15370090385.0,-268000000.0,-782000000.0,-520000000.0,529000000.0,-631000000.0,-663000000.0,-1966000000.0,0.0,2359000000.0,2000000.0,976000000.0,976000000.0,976000000.0,0.0,49000000.0,0.074,2772000000.0,2050000000.0,676000000.0,0.651,2.584,15.748,15.883,11911000000.0,0.0,32.56,1.168,1.168,1799000000.0,6613000000.0,13159000000.0,13159000000.0,0.0,0.045,0.157,0.091,0.151,34000000.0,1540000000.0,1.0,472054373.0,472054373.0,,27.876,15551000000.0,43000000.0,537000000.0,1695000000.0,32.943,-108000000.0
40,WM,MRT,2011-06-30,2011-06-30,2011-06-30,2021-07-27,259000000.0,21583000000.0,21511500000.0,2374000000.0,19209000000.0,0.598,13.267,-1225000000.0,371000000.0,371000000.0,8082000000.0,998000000.0,1.034,2.378,9037000000.0,198000000.0,8839000000.0,9037000000.0,465000000.0,1212000000.0,0.0,0.035,1.31,1987000000.0,3199000000.0,0.249,3199000000.0,1987000000.0,1502000000.0,1.98,1.99,1.98,6291000000.0,6239250000.0,6291000000.0,26164445777.0,13.0,8.179,1152000000.0,2.429,1.0,4790000000.0,0.372,6103000000.0,485000000.0,21851000000.0,21577750000.0,137000000.0,0.0,0.0,0.0,14960000000.0,2295000000.0,12665000000.0,17673445777.0,-798000000.0,-400000000.0,-307000000.0,-607000000.0,-622000000.0,-1575000000.0,-1607000000.0,0.0,2377000000.0,7000000.0,948000000.0,948000000.0,948000000.0,0.0,50000000.0,0.074,2739000000.0,2051000000.0,576000000.0,0.662,2.809,18.643,18.823,11919000000.0,0.0,37.27,1.373,1.373,1713000000.0,6499000000.0,12872000000.0,12872000000.0,0.0,0.044,0.152,0.092,0.154,28000000.0,1529000000.0,1.0,474200316.0,474200316.0,,27.145,15480000000.0,39000000.0,554000000.0,1704000000.0,32.644,79000000.0
41,WM,MRT,2011-03-31,2011-03-31,2011-03-31,2021-07-27,257000000.0,21648000000.0,21555500000.0,2548000000.0,19100000000.0,0.588,13.245,-1165000000.0,676000000.0,676000000.0,7938000000.0,1006000000.0,1.078,2.384,9167000000.0,285000000.0,8882000000.0,9167000000.0,458000000.0,1202000000.0,0.0,0.034,1.285,2068000000.0,3270000000.0,0.258,3270000000.0,2068000000.0,1586000000.0,1.99,2.0,1.99,6298000000.0,6191250000.0,6298000000.0,26122721323.0,13.0,7.989,1214000000.0,2.553,1.0,4745000000.0,0.374,6089000000.0,482000000.0,21687000000.0,21463500000.0,130000000.0,0.0,0.0,0.0,15016000000.0,2363000000.0,12653000000.0,17754721323.0,-195000000.0,-486000000.0,-374000000.0,89000000.0,-613000000.0,-945000000.0,-1633000000.0,0.0,2379000000.0,4000000.0,957000000.0,957000000.0,957000000.0,0.0,49000000.0,0.075,2614000000.0,2131000000.0,546000000.0,0.646,2.819,18.552,18.764,11855000000.0,0.0,37.34,1.4,1.4,1561000000.0,6424000000.0,12683000000.0,12683000000.0,0.0,0.044,0.155,0.096,0.163,28000000.0,1492000000.0,1.0,475487984.0,475487984.0,,26.674,15559000000.0,44000000.0,629000000.0,1670000000.0,32.722,185000000.0
42,WM,MRT,2010-12-31,2010-12-31,2010-12-31,2021-07-27,230000000.0,21476000000.0,21392250000.0,2482000000.0,18994000000.0,0.585,13.157,-1104000000.0,539000000.0,539000000.0,7824000000.0,1002000000.0,0.999,2.378,8907000000.0,233000000.0,8674000000.0,8907000000.0,460000000.0,1194000000.0,0.0,0.034,1.26,2055000000.0,3249000000.0,0.26,3249000000.0,2055000000.0,1582000000.0,1.98,1.98,1.98,6260000000.0,6175000000.0,6260000000.0,25951773800.0,13.0,7.988,1171000000.0,2.461,1.0,4691000000.0,0.375,6021000000.0,473000000.0,21338000000.0,21131000000.0,130000000.0,471000000.0,0.0,471000000.0,14885000000.0,2485000000.0,12400000000.0,17542773800.0,-601000000.0,-536000000.0,-447000000.0,-204000000.0,-604000000.0,-1273000000.0,-1606000000.0,0.0,2275000000.0,3000000.0,953000000.0,953000000.0,953000000.0,0.0,49000000.0,0.076,2575000000.0,2116000000.0,692000000.0,0.636,2.802,18.408,18.621,11868000000.0,0.0,36.87,1.402,1.402,1656000000.0,6400000000.0,12515000000.0,12515000000.0,0.0,0.045,0.154,0.097,0.164,27000000.0,1461000000.0,1.0,475800754.0,475800754.0,,26.303,15455000000.0,40000000.0,629000000.0,1662000000.0,32.482,-3000000.0
43,WM,MRT,2010-09-30,2010-09-30,2010-09-30,2021-07-27,184000000.0,21339000000.0,21311750000.0,2569000000.0,18770000000.0,0.579,12.793,-1093000000.0,550000000.0,550000000.0,7757000000.0,1039000000.0,1.112,2.439,8959000000.0,161000000.0,8798000000.0,8959000000.0,446000000.0,1191000000.0,0.0,0.035,1.235,1936000000.0,3127000000.0,0.254,3127000000.0,1936000000.0,1472000000.0,2.03,2.03,2.03,6108000000.0,6181250000.0,6108000000.0,25479555099.0,13.0,8.148,1280000000.0,2.681,1.0,4577000000.0,0.371,6002000000.0,464000000.0,21435000000.0,20825500000.0,124000000.0,0.0,0.0,0.0,14900000000.0,2311000000.0,12589000000.0,17063555099.0,-62000000.0,-631000000.0,-566000000.0,373000000.0,-595000000.0,-843000000.0,-1595000000.0,0.0,2373000000.0,3000000.0,987000000.0,987000000.0,987000000.0,0.0,52000000.0,0.08,2579000000.0,1998000000.0,561000000.0,0.608,2.794,17.288,17.606,11636000000.0,0.0,35.74,1.383,1.383,1691000000.0,6270000000.0,12334000000.0,12334000000.0,0.0,0.046,0.16,0.093,0.157,33000000.0,1430000000.0,1.0,477435789.0,477435789.0,,25.834,15337000000.0,62000000.0,485000000.0,1602000000.0,32.124,258000000.0
44,WM,MRT,2010-06-30,2010-06-30,2010-06-30,2021-07-27,164000000.0,21759000000.0,21075000000.0,3156000000.0,18603000000.0,0.575,12.627,-1071000000.0,1169000000.0,1169000000.0,7607000000.0,1073000000.0,1.104,2.517,9585000000.0,758000000.0,8827000000.0,9585000000.0,459000000.0,1175000000.0,0.0,0.039,1.21,1927000000.0,3102000000.0,0.256,3102000000.0,1927000000.0,1485000000.0,2.08,2.08,2.08,6099000000.0,6208250000.0,6099000000.0,23065693266.0,12.0,7.436,1200000000.0,2.484,1.0,4515000000.0,0.372,5923000000.0,442000000.0,21394000000.0,20326750000.0,110000000.0,0.0,0.0,0.0,15351000000.0,2858000000.0,12493000000.0,15113693266.0,641000000.0,-595000000.0,-487000000.0,1013000000.0,-589000000.0,-124000000.0,-1510000000.0,0.0,2271000000.0,4000000.0,1020000000.0,1020000000.0,1020000000.0,0.0,53000000.0,0.084,2536000000.0,1979000000.0,543000000.0,0.582,2.478,14.817,15.043,11575000000.0,0.0,31.29,1.247,1.247,1641000000.0,6176000000.0,12122000000.0,12122000000.0,0.0,0.048,0.164,0.095,0.159,36000000.0,1400000000.0,1.0,483019919.0,483019919.0,,25.096,15836000000.0,113000000.0,465000000.0,1518000000.0,32.785,298000000.0
45,WM,MRT,2010-03-31,2010-03-31,2010-03-31,2021-07-27,234000000.0,20995000000.0,20672250000.0,2719000000.0,18276000000.0,0.576,12.852,-1109000000.0,871000000.0,871000000.0,7397000000.0,1082000000.0,1.018,2.319,8823000000.0,632000000.0,8191000000.0,8823000000.0,450000000.0,1168000000.0,0.0,0.034,1.185,1876000000.0,3044000000.0,0.255,3044000000.0,1876000000.0,1443000000.0,2.07,2.07,2.07,6233000000.0,6200500000.0,6233000000.0,24430589988.0,13.0,8.026,1230000000.0,2.536,1.0,4519000000.0,0.379,5920000000.0,433000000.0,20357000000.0,19959750000.0,107000000.0,0.0,0.0,0.0,14454000000.0,2670000000.0,11784000000.0,16697589988.0,-76000000.0,-456000000.0,-323000000.0,-84000000.0,-579000000.0,-1033000000.0,-1389000000.0,0.0,2339000000.0,7000000.0,1021000000.0,1021000000.0,1021000000.0,0.0,61000000.0,0.086,2592000000.0,1927000000.0,500000000.0,0.572,2.679,16.354,16.633,11515000000.0,0.0,34.43,1.401,1.401,1493000000.0,6082000000.0,11916000000.0,11916000000.0,0.0,0.049,0.165,0.094,0.157,32000000.0,1378000000.0,1.0,484972117.0,484972117.0,,24.57,15075000000.0,105000000.0,422000000.0,1514000000.0,31.084,49000000.0
46,WM,MRT,2009-12-31,2009-12-31,2009-12-31,2021-07-27,208000000.0,21154000000.0,20523500000.0,3010000000.0,18144000000.0,0.575,12.836,-1179000000.0,1140000000.0,1140000000.0,7241000000.0,1060000000.0,1.038,2.317,8873000000.0,749000000.0,8124000000.0,8873000000.0,457000000.0,1166000000.0,0.0,0.034,1.16,1833000000.0,2999000000.0,0.254,2999000000.0,1833000000.0,1407000000.0,2.02,2.01,2.02,6285000000.0,6118000000.0,6285000000.0,24189133782.0,13.0,8.066,1183000000.0,2.416,1.0,4550000000.0,0.386,5870000000.0,426000000.0,20116000000.0,19876250000.0,110000000.0,0.0,0.0,0.0,14563000000.0,2901000000.0,11662000000.0,16555133782.0,660000000.0,-274000000.0,-206000000.0,414000000.0,-569000000.0,-457000000.0,-1250000000.0,0.0,2362000000.0,5000000.0,994000000.0,994000000.0,994000000.0,0.0,66000000.0,0.084,2663000000.0,1887000000.0,567000000.0,0.574,2.634,16.655,16.738,11541000000.0,0.0,33.81,1.404,1.404,1527000000.0,6053000000.0,11791000000.0,11791000000.0,0.0,0.048,0.162,0.092,0.155,26000000.0,1364000000.0,1.0,489651990.0,489651990.0,,24.08,15284000000.0,116000000.0,413000000.0,1509000000.0,31.214,109000000.0
47,WM,MRT,2009-09-30,2009-09-30,2009-09-30,2021-07-27,178000000.0,20392000000.0,20291750000.0,2510000000.0,17882000000.0,0.586,12.616,-1257000000.0,612000000.0,612000000.0,7339000000.0,955000000.0,0.895,2.231,8246000000.0,742000000.0,7504000000.0,8246000000.0,447000000.0,1189000000.0,0.0,0.038,1.14,1849000000.0,3038000000.0,0.255,3038000000.0,1849000000.0,1419000000.0,1.82,1.81,1.82,6216000000.0,6022250000.0,6216000000.0,22407007928.0,12.0,7.376,1058000000.0,2.147,1.0,4554000000.0,0.383,5781000000.0,430000000.0,19440000000.0,19701500000.0,106000000.0,0.0,0.0,0.0,13871000000.0,2805000000.0,11066000000.0,14692007928.0,108000000.0,-151000000.0,-54000000.0,-261000000.0,-560000000.0,-969000000.0,-1237000000.0,0.0,2315000000.0,-1000000.0,897000000.0,897000000.0,897000000.0,0.0,58000000.0,0.075,2664000000.0,1890000000.0,554000000.0,0.626,2.364,16.379,16.385,11356000000.0,0.0,29.82,1.235,1.235,1613000000.0,5880000000.0,11893000000.0,11893000000.0,0.0,0.044,0.149,0.094,0.155,27000000.0,1381000000.0,1.0,492689736.0,492689736.0,,24.139,14611000000.0,56000000.0,522000000.0,1518000000.0,29.656,-295000000.0
48,WM,MRT,2009-06-30,2009-06-30,2009-06-30,2021-07-27,119000000.0,20148000000.0,20279500000.0,2417000000.0,17731000000.0,0.611,12.333,-1318000000.0,528000000.0,528000000.0,7704000000.0,986000000.0,1.081,2.271,8243000000.0,244000000.0,7999000000.0,8243000000.0,455000000.0,1214000000.0,0.0,0.04,1.12,1960000000.0,3174000000.0,0.256,3174000000.0,1960000000.0,1520000000.0,1.89,1.88,1.89,6068000000.0,5942250000.0,6068000000.0,21696776630.0,11.0,6.836,1193000000.0,2.425,1.0,4691000000.0,0.378,5702000000.0,440000000.0,19926000000.0,19747000000.0,102000000.0,0.0,0.0,0.0,13781000000.0,2235000000.0,11546000000.0,13854776630.0,318000000.0,-138000000.0,4000000.0,-336000000.0,-550000000.0,-941000000.0,-1247000000.0,0.0,2511000000.0,-5000000.0,930000000.0,930000000.0,930000000.0,0.0,56000000.0,0.075,2694000000.0,1997000000.0,519000000.0,0.593,2.283,14.898,14.899,11262000000.0,0.0,28.16,1.118,1.118,1565000000.0,5747000000.0,12395000000.0,12395000000.0,0.0,0.046,0.157,0.099,0.158,32000000.0,1411000000.0,1.0,492002011.0,492002011.0,,25.193,14446000000.0,85000000.0,590000000.0,1504000000.0,29.362,182000000.0
49,WM,MRT,2009-03-31,2009-03-31,2009-03-31,2021-07-27,67000000.0,20400000000.0,20255000000.0,2704000000.0,17696000000.0,0.638,12.011,-1333000000.0,947000000.0,947000000.0,8099000000.0,1050000000.0,1.046,2.407,8789000000.0,693000000.0,8096000000.0,8789000000.0,431000000.0,1230000000.0,0.0,0.043,1.1,2065000000.0,3295000000.0,0.255,3295000000.0,2065000000.0,1627000000.0,2.04,2.02,2.04,5903000000.0,5855750000.0,5903000000.0,20427417754.0,10.0,6.2,1200000000.0,2.442,1.0,4833000000.0,0.374,5633000000.0,438000000.0,20023000000.0,19785750000.0,103000000.0,0.0,0.0,0.0,14207000000.0,2586000000.0,11621000000.0,12581417754.0,481000000.0,-139000000.0,-98000000.0,-76000000.0,-541000000.0,-768000000.0,-1279000000.0,0.0,2533000000.0,-5000000.0,1001000000.0,1001000000.0,1001000000.0,0.0,49000000.0,0.077,2738000000.0,2095000000.0,451000000.0,0.539,2.131,12.569,12.549,11206000000.0,0.0,25.6,0.973,0.973,1468000000.0,5642000000.0,12932000000.0,12932000000.0,0.0,0.049,0.171,0.104,0.16,37000000.0,1446000000.0,1.0,491461631.0,491461631.0,,26.313,14767000000.0,67000000.0,626000000.0,1494000000.0,30.047,118000000.0
50,WM,MRT,2008-12-31,2008-12-31,2008-12-31,2021-07-27,88000000.0,20227000000.0,20201000000.0,2335000000.0,17892000000.0,0.663,12.031,-1221000000.0,480000000.0,480000000.0,8466000000.0,1128000000.0,0.769,2.379,8326000000.0,835000000.0,7491000000.0,8326000000.0,451000000.0,1238000000.0,0.0,0.033,1.08,2211000000.0,3449000000.0,0.258,3449000000.0,2211000000.0,1756000000.0,2.21,2.19,2.21,5902000000.0,5782750000.0,5902000000.0,24182529203.0,11.0,7.011,1354000000.0,2.76,1.0,4922000000.0,0.368,5620000000.0,455000000.0,19417000000.0,19856750000.0,110000000.0,0.0,0.0,0.0,14042000000.0,3036000000.0,11006000000.0,16257529203.0,132000000.0,-177000000.0,-373000000.0,-260000000.0,-531000000.0,-1256000000.0,-1183000000.0,0.0,2575000000.0,-4000000.0,1087000000.0,1087000000.0,1087000000.0,0.0,41000000.0,0.081,2688000000.0,2234000000.0,716000000.0,0.489,2.755,14.956,14.995,11402000000.0,0.0,33.14,1.214,1.214,1610000000.0,5631000000.0,13388000000.0,13388000000.0,0.0,0.054,0.188,0.111,0.165,41000000.0,1477000000.0,1.0,490571189.0,490571189.0,,27.291,14607000000.0,39000000.0,669000000.0,1484000000.0,29.775,-701000000.0
51,WM,MRT,2008-09-30,2008-09-30,2008-09-30,2021-07-27,182000000.0,20343000000.0,20188000000.0,2593000000.0,17750000000.0,0.676,12.021,-1277000000.0,504000000.0,504000000.0,8627000000.0,1257000000.0,0.863,2.399,8429000000.0,816000000.0,7613000000.0,8429000000.0,454000000.0,1237000000.0,0.0,0.033,1.05,2336000000.0,3573000000.0,0.262,3573000000.0,2336000000.0,1869000000.0,2.38,2.36,2.38,5896000000.0,5755250000.0,5896000000.0,23627679587.0,10.0,6.613,1218000000.0,2.483,1.0,5014000000.0,0.368,5640000000.0,467000000.0,19622000000.0,20011500000.0,113000000.0,0.0,0.0,0.0,14143000000.0,3006000000.0,11137000000.0,15444679587.0,-33000000.0,-99000000.0,-731000000.0,-152000000.0,-520000000.0,-1397000000.0,-1130000000.0,117000000.0,2495000000.0,-1000000.0,1178000000.0,1178000000.0,1178000000.0,0.0,79000000.0,0.086,2664000000.0,2350000000.0,666000000.0,0.441,2.62,13.111,13.231,11291000000.0,0.0,31.49,1.132,1.132,1816000000.0,5547000000.0,13641000000.0,13641000000.0,0.0,0.058,0.205,0.117,0.171,68000000.0,1466000000.0,1.0,490462991.0,490462991.0,,27.812,14703000000.0,41000000.0,691000000.0,1466000000.0,29.978,-413000000.0
52,WM,MRT,2008-06-30,2008-06-30,2008-06-30,2021-07-27,206000000.0,20050000000.0,20171000000.0,2410000000.0,17640000000.0,0.67,11.661,-1216000000.0,210000000.0,210000000.0,8549000000.0,1212000000.0,0.934,2.451,8393000000.0,435000000.0,7958000000.0,8393000000.0,469000000.0,1242000000.0,0.0,0.027,1.02,2275000000.0,3517000000.0,0.26,3517000000.0,2275000000.0,1794000000.0,2.29,2.27,2.29,5722000000.0,5764250000.0,5722000000.0,26756467116.0,12.0,7.608,1279000000.0,2.607,1.0,4970000000.0,0.368,5572000000.0,481000000.0,20081000000.0,20043000000.0,111000000.0,0.0,0.0,0.0,14026000000.0,2580000000.0,11446000000.0,18503467116.0,-360000000.0,-71000000.0,-1076000000.0,-149000000.0,-510000000.0,-1780000000.0,-1076000000.0,124000000.0,2495000000.0,1000000.0,1146000000.0,1146000000.0,1146000000.0,0.0,66000000.0,0.085,2687000000.0,2283000000.0,600000000.0,0.445,3.234,16.146,16.467,11300000000.0,0.0,37.71,1.369,1.369,1904000000.0,5371000000.0,13519000000.0,13519000000.0,0.0,0.057,0.199,0.114,0.168,49000000.0,1462000000.0,1.0,490677993.0,490677993.0,,27.552,14478000000.0,43000000.0,648000000.0,1436000000.0,29.506,-170000000.0
53,WM,MRT,2008-03-31,2008-03-31,2008-03-31,2021-07-27,207000000.0,20184000000.0,20204500000.0,2565000000.0,17619000000.0,0.663,11.327,-1152000000.0,466000000.0,466000000.0,8460000000.0,1219000000.0,0.989,2.543,8719000000.0,490000000.0,8229000000.0,8719000000.0,453000000.0,1246000000.0,0.0,0.029,0.99,2265000000.0,3511000000.0,0.262,3511000000.0,2265000000.0,1757000000.0,2.29,2.27,2.29,5611000000.0,5851250000.0,5611000000.0,24612939691.0,11.0,7.01,1310000000.0,2.645,1.0,4928000000.0,0.368,5536000000.0,508000000.0,20307000000.0,19946500000.0,107000000.0,0.0,0.0,0.0,14266000000.0,2594000000.0,11672000000.0,16623939691.0,-5000000.0,66000000.0,-1097000000.0,111000000.0,-502000000.0,-1544000000.0,-925000000.0,46000000.0,2462000000.0,2000000.0,1166000000.0,1166000000.0,1166000000.0,0.0,53000000.0,0.087,2644000000.0,2284000000.0,525000000.0,0.432,2.963,14.257,14.655,11297000000.0,0.0,33.56,1.242,1.242,1816000000.0,5187000000.0,13388000000.0,13388000000.0,0.0,0.058,0.199,0.114,0.169,28000000.0,1447000000.0,1.0,495349812.0,495349812.0,,27.027,14648000000.0,46000000.0,591000000.0,1422000000.0,29.571,-29000000.0
54,WM,MRT,2007-12-31,2007-12-31,2007-12-31,2021-07-27,229000000.0,20175000000.0,20169250000.0,2480000000.0,17695000000.0,0.66,11.394,-1211000000.0,348000000.0,348000000.0,8402000000.0,1209000000.0,0.955,2.43,8337000000.0,329000000.0,8008000000.0,8337000000.0,462000000.0,1259000000.0,0.0,0.029,0.96,2224000000.0,3483000000.0,0.262,3483000000.0,2224000000.0,1703000000.0,2.25,2.23,2.25,5792000000.0,5893500000.0,5792000000.0,24348650229.0,11.0,6.991,1228000000.0,2.416,1.0,4908000000.0,0.369,5530000000.0,521000000.0,20036000000.0,19721000000.0,103000000.0,0.0,0.0,0.0,14073000000.0,2598000000.0,11475000000.0,16607650229.0,-266000000.0,188000000.0,-1279000000.0,-256000000.0,-495000000.0,-1946000000.0,-761000000.0,184000000.0,2439000000.0,2000000.0,1163000000.0,1163000000.0,1163000000.0,0.0,46000000.0,0.087,2654000000.0,2254000000.0,656000000.0,0.427,2.867,14.28,14.52,11351000000.0,0.0,32.67,1.248,1.248,1892000000.0,5080000000.0,13310000000.0,13310000000.0,0.0,0.058,0.197,0.113,0.167,11000000.0,1432000000.0,1.0,508345584.0,508345584.0,,26.183,14645000000.0,51000000.0,540000000.0,1411000000.0,28.809,-118000000.0
55,WM,MRT,2007-09-30,2007-09-30,2007-09-30,2021-07-27,222000000.0,20275000000.0,20275500000.0,2861000000.0,17414000000.0,0.653,11.427,-1204000000.0,537000000.0,537000000.0,8376000000.0,1100000000.0,1.044,2.367,8278000000.0,481000000.0,7797000000.0,8278000000.0,450000000.0,1284000000.0,0.0,0.025,0.94,2100000000.0,3384000000.0,0.256,3384000000.0,2100000000.0,1572000000.0,2.11,2.08,2.11,5932000000.0,6001000000.0,5932000000.0,27270161621.0,13.0,8.059,1295000000.0,2.495,1.0,4856000000.0,0.367,5528000000.0,528000000.0,19748000000.0,19617500000.0,104000000.0,0.0,0.0,0.0,14042000000.0,2740000000.0,11302000000.0,19591161621.0,-209000000.0,191000000.0,-984000000.0,-601000000.0,-492000000.0,-2106000000.0,-604000000.0,215000000.0,2499000000.0,2000000.0,1100000000.0,1100000000.0,1100000000.0,0.0,0.0,0.083,2705000000.0,2151000000.0,574000000.0,0.445,3.303,17.81,17.886,11162000000.0,0.0,37.74,1.481,1.481,1895000000.0,4894000000.0,13232000000.0,13232000000.0,0.0,0.054,0.183,0.107,0.159,-9000000.0,1409000000.0,1.0,519108681.0,519108681.0,,25.49,14747000000.0,73000000.0,472000000.0,1414000000.0,28.408,121000000.0
56,WM,MRT,2007-06-30,2007-06-30,2007-06-30,2021-07-27,180000000.0,20184000000.0,20436500000.0,2861000000.0,17323000000.0,0.649,11.731,-1283000000.0,570000000.0,570000000.0,8414000000.0,1122000000.0,1.063,2.278,8249000000.0,526000000.0,7723000000.0,8249000000.0,451000000.0,1293000000.0,0.0,0.024,0.92,2087000000.0,3380000000.0,0.255,3380000000.0,2087000000.0,1549000000.0,2.13,2.09,2.13,6070000000.0,6058000000.0,6070000000.0,27957637673.0,13.0,8.271,1152000000.0,2.226,1.0,4856000000.0,0.366,5477000000.0,538000000.0,19695000000.0,19685000000.0,102000000.0,0.0,0.0,0.0,13830000000.0,2691000000.0,11139000000.0,20205637673.0,1000000.0,250000000.0,-924000000.0,-584000000.0,-487000000.0,-2022000000.0,-413000000.0,390000000.0,2435000000.0,1000000.0,1122000000.0,1122000000.0,1122000000.0,0.0,0.0,0.085,2713000000.0,2143000000.0,563000000.0,0.432,3.329,18.009,18.333,11096000000.0,0.0,39.05,1.523,1.523,1823000000.0,4739000000.0,13270000000.0,13270000000.0,0.0,0.055,0.185,0.106,0.157,-6000000.0,1388000000.0,1.0,517429902.0,517429902.0,,25.646,14707000000.0,80000000.0,427000000.0,1315000000.0,28.423,170000000.0
57,WM,MRT,2007-03-31,2007-03-31,2007-03-31,2021-07-27,133000000.0,20043000000.0,20624250000.0,2772000000.0,17271000000.0,0.646,10.843,-1370000000.0,471000000.0,471000000.0,8521000000.0,1201000000.0,0.931,2.419,8223000000.0,759000000.0,7464000000.0,8223000000.0,442000000.0,1316000000.0,0.0,0.026,0.9,2060000000.0,3376000000.0,0.253,3376000000.0,2060000000.0,1516000000.0,2.25,2.21,2.25,5780000000.0,6098500000.0,5780000000.0,26046192233.0,13.0,7.715,1085000000.0,2.035,1.0,4801000000.0,0.36,5413000000.0,544000000.0,19405000000.0,19831500000.0,101000000.0,0.0,0.0,0.0,13981000000.0,2977000000.0,11004000000.0,18343192233.0,17000000.0,265000000.0,-980000000.0,-572000000.0,-481000000.0,-2027000000.0,-411000000.0,488000000.0,2455000000.0,0.0,1201000000.0,1201000000.0,1201000000.0,0.0,0.0,0.09,2726000000.0,2075000000.0,551000000.0,0.4,3.174,15.273,15.293,11063000000.0,0.0,34.41,1.377,1.377,1772000000.0,4421000000.0,13322000000.0,13322000000.0,0.0,0.058,0.197,0.104,0.155,-6000000.0,1373000000.0,1.0,533077368.0,533077368.0,,24.991,14630000000.0,84000000.0,315000000.0,1364000000.0,27.444,-205000000.0
58,WM,MRT,2006-12-31,2006-12-31,2006-12-31,2021-07-27,129000000.0,20600000000.0,20825000000.0,3182000000.0,17418000000.0,0.642,11.63,-1329000000.0,614000000.0,614000000.0,8587000000.0,1149000000.0,0.974,2.267,8317000000.0,822000000.0,7495000000.0,8317000000.0,455000000.0,1334000000.0,0.0,0.024,0.88,2019000000.0,3353000000.0,0.251,3353000000.0,2019000000.0,1474000000.0,2.13,2.1,2.13,6222000000.0,6171250000.0,6222000000.0,27568425252.0,14.0,8.222,1211000000.0,2.263,1.0,4776000000.0,0.357,5413000000.0,545000000.0,19622000000.0,20083250000.0,101000000.0,0.0,0.0,0.0,14103000000.0,3268000000.0,10835000000.0,19672425252.0,-52000000.0,208000000.0,-777000000.0,-500000000.0,-476000000.0,-1803000000.0,-788000000.0,122000000.0,2540000000.0,-1000000.0,1149000000.0,1149000000.0,1149000000.0,0.0,0.0,0.086,2747000000.0,2029000000.0,693000000.0,0.413,3.162,17.121,17.263,11179000000.0,0.0,36.77,1.472,1.472,1858000000.0,4410000000.0,13363000000.0,13363000000.0,0.0,0.055,0.186,0.101,0.151,-17000000.0,1388000000.0,1.0,535012925.0,535012925.0,,24.977,15187000000.0,82000000.0,325000000.0,1365000000.0,28.386,-86000000.0
59,WM,MRT,2006-09-30,2006-09-30,2006-09-30,2021-07-27,154000000.0,20919000000.0,20958750000.0,3600000000.0,17319000000.0,0.642,11.397,-1261000000.0,746000000.0,746000000.0,8692000000.0,1193000000.0,1.072,2.349,8642000000.0,862000000.0,7780000000.0,8642000000.0,443000000.0,1338000000.0,0.0,0.023,0.86,2029000000.0,3367000000.0,0.25,3367000000.0,2029000000.0,1490000000.0,2.2,2.17,2.2,6160000000.0,6146000000.0,6160000000.0,27856347577.0,14.0,8.273,1291000000.0,2.389,1.0,4760000000.0,0.354,5439000000.0,539000000.0,20018000000.0,20274000000.0,98000000.0,0.0,0.0,0.0,14471000000.0,3358000000.0,11113000000.0,19825347577.0,446000000.0,190000000.0,-787000000.0,131000000.0,-468000000.0,-1091000000.0,-1015000000.0,-151000000.0,2552000000.0,0.0,1193000000.0,1193000000.0,1193000000.0,0.0,0.0,0.089,2704000000.0,2056000000.0,605000000.0,0.391,3.218,16.618,16.673,10985000000.0,0.0,36.68,1.474,1.474,1963000000.0,4282000000.0,13452000000.0,13452000000.0,0.0,0.057,0.194,0.1,0.151,-34000000.0,1364000000.0,1.0,540494754.0,540494754.0,,24.888,15480000000.0,89000000.0,297000000.0,1373000000.0,28.64,242000000.0
60,WM,MRT,2006-06-30,2006-06-30,2006-06-30,2021-07-27,149000000.0,20935000000.0,20871250000.0,3582000000.0,17353000000.0,0.641,11.432,-1214000000.0,569000000.0,569000000.0,8713000000.0,1108000000.0,1.104,2.314,8600000000.0,863000000.0,7737000000.0,8600000000.0,462000000.0,1367000000.0,0.0,0.023,0.84,1829000000.0,3196000000.0,0.239,3196000000.0,1829000000.0,1303000000.0,2.03,2.0,2.03,6232000000.0,6132750000.0,6232000000.0,27724902335.0,15.0,8.675,1254000000.0,2.3,1.0,4673000000.0,0.349,5440000000.0,526000000.0,20281000000.0,20373000000.0,97000000.0,0.0,0.0,0.0,14423000000.0,3245000000.0,11178000000.0,19558902335.0,88000000.0,147000000.0,-775000000.0,162000000.0,-461000000.0,-1054000000.0,-1328000000.0,-480000000.0,2468000000.0,2000000.0,1108000000.0,1108000000.0,1108000000.0,0.0,0.0,0.083,2792000000.0,1881000000.0,616000000.0,0.414,3.138,17.652,17.675,10993000000.0,0.0,35.88,1.461,1.461,1947000000.0,4100000000.0,13386000000.0,13386000000.0,0.0,0.053,0.181,0.09,0.137,-31000000.0,1329000000.0,1.0,545119909.0,545119909.0,,24.556,15495000000.0,88000000.0,195000000.0,1417000000.0,28.425,337000000.0
61,WM,MRT,2006-03-31,2006-03-31,2006-03-31,2021-07-27,118000000.0,20846000000.0,20811000000.0,3387000000.0,17459000000.0,0.637,11.105,-1226000000.0,454000000.0,454000000.0,8687000000.0,1218000000.0,1.091,2.386,8620000000.0,600000000.0,8020000000.0,8620000000.0,482000000.0,1368000000.0,0.0,0.023,0.82,1677000000.0,3045000000.0,0.23,3045000000.0,1677000000.0,1161000000.0,2.19,2.16,2.19,6071000000.0,6124000000.0,6071000000.0,27318980041.0,16.0,8.972,1280000000.0,2.341,1.0,4578000000.0,0.345,5496000000.0,516000000.0,20412000000.0,20400000000.0,96000000.0,0.0,0.0,0.0,14485000000.0,3104000000.0,11381000000.0,19297980041.0,13000000.0,52000000.0,-754000000.0,71000000.0,-456000000.0,-1139000000.0,-1354000000.0,-533000000.0,2506000000.0,0.0,1218000000.0,1218000000.0,1218000000.0,0.0,0.0,0.092,2799000000.0,1779000000.0,575000000.0,0.374,3.179,15.844,16.119,11063000000.0,0.0,35.3,1.455,1.455,1875000000.0,3802000000.0,13265000000.0,13265000000.0,0.0,0.059,0.199,0.082,0.126,-18000000.0,1314000000.0,1.0,546684987.0,546684987.0,,24.264,15350000000.0,91000000.0,-57000000.0,1362000000.0,28.078,283000000.0
62,WM,MRT,2005-12-31,2005-12-31,2005-12-31,2021-07-27,126000000.0,21135000000.0,20764000000.0,3451000000.0,17684000000.0,0.63,11.092,-1180000000.0,666000000.0,666000000.0,8631000000.0,1182000000.0,1.06,2.407,8687000000.0,522000000.0,8165000000.0,8687000000.0,483000000.0,1361000000.0,0.0,0.026,0.8,1588000000.0,2949000000.0,0.226,2949000000.0,1588000000.0,1092000000.0,2.11,2.09,2.11,6121000000.0,6092000000.0,6121000000.0,24790212918.0,16.0,8.406,1211000000.0,2.194,1.0,4443000000.0,0.34,5514000000.0,496000000.0,20385000000.0,20319000000.0,99000000.0,0.0,0.0,0.0,14733000000.0,3257000000.0,11476000000.0,16748212918.0,242000000.0,52000000.0,-577000000.0,-11000000.0,-449000000.0,-1090000000.0,-1062000000.0,-295000000.0,2391000000.0,3000000.0,1182000000.0,1182000000.0,1182000000.0,0.0,0.0,0.09,2733000000.0,1710000000.0,719000000.0,0.379,2.736,14.169,14.384,11221000000.0,0.0,30.35,1.281,1.281,2004000000.0,3615000000.0,13074000000.0,13074000000.0,0.0,0.057,0.194,0.078,0.121,0.0,1276000000.0,1.0,551835681.0,551835681.0,,23.692,15621000000.0,94000000.0,-90000000.0,1364000000.0,28.307,194000000.0
63,WM,MRT,2005-09-30,2005-09-30,2005-09-30,2021-07-27,128000000.0,20569000000.0,20706500000.0,2905000000.0,17664000000.0,0.623,10.865,-1186000000.0,300000000.0,300000000.0,8536000000.0,1161000000.0,1.085,2.322,8342000000.0,174000000.0,8168000000.0,8342000000.0,469000000.0,1354000000.0,0.0,0.028,0.788,1569000000.0,2923000000.0,0.226,2923000000.0,1569000000.0,1089000000.0,2.05,2.02,2.05,6107000000.0,6054500000.0,6107000000.0,24031712900.0,15.0,8.222,1140000000.0,2.028,1.0,4374000000.0,0.339,5519000000.0,480000000.0,20414000000.0,20320000000.0,100000000.0,0.0,0.0,0.0,14183000000.0,2678000000.0,11505000000.0,16081712900.0,-319000000.0,31000000.0,-605000000.0,-560000000.0,-445000000.0,-1712000000.0,-937000000.0,-190000000.0,2326000000.0,4000000.0,1161000000.0,1161000000.0,1161000000.0,0.0,0.0,0.09,2715000000.0,1659000000.0,593000000.0,0.384,2.633,13.852,13.956,11160000000.0,0.0,28.61,1.246,1.246,1971000000.0,3557000000.0,12910000000.0,12910000000.0,0.0,0.056,0.192,0.077,0.122,0.0,1270000000.0,1.0,562101115.0,562101115.0,,22.967,15050000000.0,53000000.0,-72000000.0,1374000000.0,26.775,227000000.0
64,WM,MRT,2005-06-30,2005-06-30,2005-06-30,2021-07-27,59000000.0,20694000000.0,20921250000.0,2827000000.0,17867000000.0,0.612,10.909,-1225000000.0,481000000.0,481000000.0,8485000000.0,1248000000.0,1.027,2.292,8431000000.0,215000000.0,8216000000.0,8431000000.0,473000000.0,1330000000.0,0.0,0.027,0.775,1667000000.0,2997000000.0,0.234,2997000000.0,1667000000.0,1200000000.0,2.18,2.16,2.18,6197000000.0,5989250000.0,6197000000.0,24043517785.0,14.0,8.023,1077000000.0,1.896,1.0,4324000000.0,0.338,5502000000.0,467000000.0,20389000000.0,20339250000.0,95000000.0,0.0,0.0,0.0,14203000000.0,2753000000.0,11450000000.0,16098517785.0,90000000.0,41000000.0,-542000000.0,-591000000.0,-442000000.0,-1586000000.0,-630000000.0,113000000.0,2302000000.0,4000000.0,1248000000.0,1248000000.0,1248000000.0,0.0,0.0,0.097,2582000000.0,1742000000.0,600000000.0,0.356,2.598,12.899,13.0,11309000000.0,0.0,28.34,1.257,1.257,1922000000.0,3453000000.0,12809000000.0,12809000000.0,0.0,0.06,0.208,0.082,0.13,0.0,1277000000.0,1.0,568049322.0,568049322.0,,22.549,15192000000.0,55000000.0,-48000000.0,1337000000.0,26.744,74000000.0
65,WM,MRT,2005-03-31,2005-03-31,2005-03-31,2021-07-27,67000000.0,20658000000.0,21055250000.0,2682000000.0,17976000000.0,0.601,10.454,-1262000000.0,441000000.0,441000000.0,8352000000.0,937000000.0,0.889,2.427,8386000000.0,319000000.0,8067000000.0,8386000000.0,463000000.0,1332000000.0,0.0,0.026,0.762,1650000000.0,2982000000.0,0.236,2982000000.0,1650000000.0,1192000000.0,1.62,1.61,1.62,5943000000.0,5879500000.0,5943000000.0,24523473256.0,15.0,8.224,994000000.0,1.749,1.0,4306000000.0,0.34,5497000000.0,458000000.0,20088000000.0,20328000000.0,92000000.0,0.0,0.0,0.0,14426000000.0,3018000000.0,11408000000.0,16400473256.0,48000000.0,27000000.0,-400000000.0,-842000000.0,-437000000.0,-1709000000.0,-502000000.0,328000000.0,2256000000.0,3000000.0,937000000.0,937000000.0,937000000.0,0.0,0.0,0.074,2585000000.0,1721000000.0,588000000.0,0.47,2.76,17.503,17.809,11378000000.0,0.0,28.85,1.296,1.296,1834000000.0,3040000000.0,12658000000.0,12658000000.0,0.0,0.045,0.159,0.081,0.13,0.0,1281000000.0,1.0,568473943.0,568473943.0,,22.267,15161000000.0,55000000.0,255000000.0,1392000000.0,26.67,-336000000.0
66,WM,MRT,2004-12-31,2004-12-31,2004-12-31,2021-07-27,69000000.0,20905000000.0,21191000000.0,2819000000.0,18086000000.0,0.591,10.436,-1258000000.0,424000000.0,424000000.0,8228000000.0,939000000.0,0.88,2.454,8566000000.0,384000000.0,8182000000.0,8566000000.0,463000000.0,1336000000.0,0.0,0.025,0.75,1641000000.0,2977000000.0,0.238,2977000000.0,1641000000.0,1186000000.0,1.63,1.61,1.63,5971000000.0,5812500000.0,5971000000.0,25297566811.0,15.0,8.498,960000000.0,1.678,1.0,4288000000.0,0.343,5453000000.0,455000000.0,20389000000.0,20498500000.0,90000000.0,0.0,0.0,0.0,14652000000.0,3205000000.0,11447000000.0,17129566811.0,207000000.0,-34000000.0,-303000000.0,-386000000.0,-432000000.0,-1130000000.0,-882000000.0,-29000000.0,2218000000.0,1000000.0,939000000.0,939000000.0,939000000.0,0.0,0.0,0.075,2589000000.0,1699000000.0,772000000.0,0.46,2.869,18.242,18.368,11476000000.0,0.0,29.94,1.369,1.369,1949000000.0,3004000000.0,12516000000.0,12516000000.0,0.0,0.044,0.162,0.08,0.131,0.0,1267000000.0,1.0,572129820.0,572129820.0,,21.876,15452000000.0,58000000.0,247000000.0,1380000000.0,27.008,-386000000.0
67,WM,MRT,2004-09-30,2004-09-30,2004-09-30,2021-07-27,19000000.0,21428000000.0,21060250000.0,3305000000.0,18123000000.0,0.584,10.082,-1239000000.0,619000000.0,619000000.0,8046000000.0,853000000.0,0.918,2.618,8787000000.0,635000000.0,8152000000.0,8787000000.0,452000000.0,1331000000.0,0.0,0.021,0.562,1596000000.0,2927000000.0,0.238,2927000000.0,1596000000.0,1142000000.0,1.46,1.46,1.46,5846000000.0,5720250000.0,5846000000.0,24022564299.0,15.0,8.207,1019000000.0,1.757,1.0,4248000000.0,0.346,5504000000.0,454000000.0,20491000000.0,20382500000.0,86000000.0,0.0,0.0,0.0,15307000000.0,3601000000.0,11706000000.0,15853564299.0,34000000.0,-100000000.0,-458000000.0,-526000000.0,-332000000.0,-1320000000.0,-905000000.0,-23000000.0,2258000000.0,1000000.0,853000000.0,853000000.0,853000000.0,0.0,0.0,0.069,2556000000.0,1692000000.0,724000000.0,0.385,2.712,18.586,18.726,11395000000.0,0.0,27.34,1.29,1.29,1974000000.0,2841000000.0,12294000000.0,12294000000.0,0.0,0.041,0.149,0.078,0.13,0.0,1244000000.0,1.0,579867019.0,579867019.0,,21.201,15924000000.0,419000000.0,289000000.0,1671000000.0,27.461,-296000000.0
68,WM,MRT,2004-06-30,2004-06-30,2004-06-30,2021-07-27,-78000000.0,21230000000.0,20749750000.0,3121000000.0,18109000000.0,0.579,9.919,-1225000000.0,553000000.0,553000000.0,7836000000.0,761000000.0,0.872,2.641,8722000000.0,775000000.0,7947000000.0,8722000000.0,442000000.0,1311000000.0,0.0,0.013,0.385,1586000000.0,2897000000.0,0.241,2897000000.0,1586000000.0,1134000000.0,1.3,1.29,1.3,5758000000.0,5649250000.0,5758000000.0,26124241619.0,16.0,9.018,647000000.0,1.114,1.0,4180000000.0,0.348,5476000000.0,452000000.0,20344000000.0,20192250000.0,82000000.0,0.0,0.0,0.0,15204000000.0,3579000000.0,11625000000.0,17793241619.0,-432000000.0,-167000000.0,-424000000.0,-476000000.0,-224000000.0,-1187000000.0,-1117000000.0,-179000000.0,1872000000.0,0.0,761000000.0,761000000.0,761000000.0,0.0,0.0,0.063,2518000000.0,1662000000.0,677000000.0,0.296,3.09,23.381,23.577,11325000000.0,0.0,30.65,1.481,1.481,1863000000.0,2647000000.0,12016000000.0,12016000000.0,0.0,0.037,0.135,0.079,0.132,0.0,1225000000.0,1.0,580529906.0,580529906.0,,20.698,15754000000.0,415000000.0,373000000.0,1727000000.0,27.137,-458000000.0
69,WM,MRT,2004-03-31,2004-03-31,2004-03-31,2021-07-27,-65000000.0,21201000000.0,20556250000.0,3136000000.0,18065000000.0,0.575,9.838,-1169000000.0,689000000.0,689000000.0,7702000000.0,721000000.0,0.949,2.689,9020000000.0,575000000.0,8445000000.0,9020000000.0,427000000.0,1288000000.0,0.0,0.007,0.198,1562000000.0,2850000000.0,0.241,2850000000.0,1562000000.0,1119000000.0,1.23,1.22,1.23,5675000000.0,5594000000.0,5675000000.0,25786015883.0,17.0,9.048,798000000.0,1.383,1.0,4110000000.0,0.348,5459000000.0,443000000.0,20770000000.0,20030000000.0,79000000.0,0.0,0.0,0.0,15261000000.0,3303000000.0,11958000000.0,17410015883.0,-83000000.0,-245000000.0,-408000000.0,-103000000.0,-115000000.0,-694000000.0,-1358000000.0,-361000000.0,1967000000.0,2000000.0,721000000.0,721000000.0,721000000.0,0.0,0.0,0.061,2505000000.0,1605000000.0,590000000.0,0.161,3.068,24.147,24.537,11287000000.0,0.0,30.18,1.474,1.474,1754000000.0,2540000000.0,11812000000.0,11812000000.0,0.0,0.035,0.129,0.078,0.132,0.0,1209000000.0,1.0,576872627.0,576872627.0,,20.476,15742000000.0,419000000.0,398000000.0,1682000000.0,27.289,-167000000.0
70,WM,MRT,2003-12-31,2003-12-31,2003-12-31,2021-07-27,-14000000.0,20382000000.0,20235000000.0,2360000000.0,18022000000.0,0.576,9.618,-1200000000.0,217000000.0,217000000.0,7591000000.0,630000000.0,0.699,2.594,8511000000.0,514000000.0,7997000000.0,8511000000.0,429000000.0,1265000000.0,0.0,0.0,0.01,1473000000.0,2738000000.0,0.235,2738000000.0,1473000000.0,1034000000.0,1.07,1.06,1.07,5602000000.0,5499750000.0,5602000000.0,25277908530.0,17.0,9.232,726000000.0,1.246,1.0,4057000000.0,0.348,5376000000.0,439000000.0,19925000000.0,19710750000.0,82000000.0,0.0,0.0,0.0,14530000000.0,3375000000.0,11155000000.0,17240908530.0,-142000000.0,-263000000.0,-498000000.0,-456000000.0,-6000000.0,-986000000.0,-1084000000.0,-14000000.0,1926000000.0,2000000.0,630000000.0,630000000.0,630000000.0,0.0,0.0,0.054,2517000000.0,1540000000.0,668000000.0,0.009,3.078,27.367,27.664,11411000000.0,0.0,29.6,1.48,1.48,1811000000.0,2497000000.0,11648000000.0,11648000000.0,0.0,0.031,0.115,0.075,0.126,0.0,1216000000.0,1.0,582463126.0,582463126.0,,19.998,15006000000.0,111000000.0,404000000.0,1307000000.0,25.763,-1015000000.0
71,WM,MRT,2003-09-30,2003-09-30,2003-09-30,2021-07-27,-83000000.0,20186000000.0,20103500000.0,2826000000.0,17360000000.0,0.574,9.392,-1171000000.0,523000000.0,523000000.0,7517000000.0,683000000.0,0.908,2.613,8560000000.0,558000000.0,8002000000.0,8560000000.0,419000000.0,1256000000.0,0.0,0.0,0.01,1503000000.0,2759000000.0,0.239,2759000000.0,1503000000.0,1059000000.0,1.15,1.14,1.15,5562000000.0,5426250000.0,5562000000.0,23203218450.0,15.0,8.41,741000000.0,1.251,1.0,4026000000.0,0.349,5379000000.0,444000000.0,19730000000.0,19585500000.0,80000000.0,0.0,0.0,0.0,14536000000.0,3114000000.0,11422000000.0,15498218450.0,-96000000.0,-144000000.0,-662000000.0,-430000000.0,-6000000.0,-1068000000.0,-941000000.0,0.0,1912000000.0,1000000.0,683000000.0,683000000.0,683000000.0,0.0,0.0,0.059,2544000000.0,1482000000.0,534000000.0,0.009,2.786,22.691,22.757,10796000000.0,0.0,26.17,1.343,1.343,1649000000.0,2314000000.0,11543000000.0,11543000000.0,0.0,0.034,0.126,0.077,0.13,0.0,1279000000.0,1.0,592213162.0,592213162.0,,19.491,14807000000.0,417000000.0,376000000.0,1656000000.0,25.003,-288000000.0
72,WM,MRT,2003-06-30,2003-06-30,2003-06-30,2021-07-27,-83000000.0,20456000000.0,20054250000.0,3186000000.0,17270000000.0,0.571,9.363,-1236000000.0,753000000.0,753000000.0,7367000000.0,704000000.0,1.016,2.677,8458000000.0,108000000.0,8350000000.0,8458000000.0,415000000.0,1242000000.0,0.0,0.0,0.01,1534000000.0,2776000000.0,0.243,2776000000.0,1534000000.0,1082000000.0,1.17,1.17,1.17,5537000000.0,5384250000.0,5537000000.0,22195187808.0,14.0,7.995,1106000000.0,1.87,1.0,4076000000.0,0.356,5331000000.0,452000000.0,19695000000.0,19420000000.0,77000000.0,0.0,0.0,0.0,14825000000.0,3135000000.0,11690000000.0,14246187808.0,78000000.0,-132000000.0,-540000000.0,-728000000.0,-6000000.0,-1238000000.0,-1025000000.0,0.0,2342000000.0,-1000000.0,704000000.0,704000000.0,704000000.0,0.0,0.0,0.062,2564000000.0,1512000000.0,552000000.0,0.009,2.573,20.236,20.59,10812000000.0,0.0,24.09,1.245,1.245,1678000000.0,2110000000.0,11443000000.0,11443000000.0,0.0,0.035,0.131,0.079,0.134,0.0,1313000000.0,1.0,591373508.0,591373508.0,,19.35,15125000000.0,562000000.0,378000000.0,1625000000.0,25.576,51000000.0
73,WM,MRT,2003-03-31,2003-03-31,2003-03-31,2021-07-27,-141000000.0,19916000000.0,19897250000.0,2831000000.0,17085000000.0,0.57,8.905,-1319000000.0,381000000.0,381000000.0,7193000000.0,745000000.0,0.911,2.742,8330000000.0,166000000.0,8164000000.0,8330000000.0,415000000.0,1230000000.0,0.0,0.0,0.01,1610000000.0,2840000000.0,0.251,2840000000.0,1610000000.0,1152000000.0,1.22,1.22,1.22,5298000000.0,5318750000.0,5298000000.0,20630338833.0,13.0,7.264,827000000.0,1.39,1.0,4141000000.0,0.365,5266000000.0,458000000.0,19493000000.0,19266250000.0,78000000.0,0.0,0.0,0.0,14526000000.0,3106000000.0,11420000000.0,12601338833.0,145000000.0,-45000000.0,-731000000.0,-273000000.0,-6000000.0,-944000000.0,-1058000000.0,0.0,2146000000.0,1000000.0,745000000.0,745000000.0,745000000.0,0.0,0.0,0.066,2550000000.0,1591000000.0,501000000.0,0.008,2.379,16.915,17.361,10707000000.0,0.0,21.18,1.112,1.112,1623000000.0,1934000000.0,11334000000.0,11334000000.0,0.0,0.037,0.14,0.084,0.142,0.0,1328000000.0,1.0,594964062.0,594964062.0,,19.05,14650000000.0,557000000.0,407000000.0,1577000000.0,24.623,-275000000.0
74,WM,MRT,2002-12-31,2002-12-31,2002-12-31,2021-07-27,-179000000.0,19856000000.0,19620000000.0,2804000000.0,17052000000.0,0.571,8.721,-1287000000.0,264000000.0,264000000.0,6949000000.0,822000000.0,0.856,2.737,8293000000.0,231000000.0,8062000000.0,8293000000.0,414000000.0,1222000000.0,0.0,0.0,0.01,1711000000.0,2933000000.0,0.262,2933000000.0,1711000000.0,1244000000.0,1.34,1.33,1.34,5308000000.0,5302250000.0,5308000000.0,21820938036.0,13.0,7.44,866000000.0,1.423,1.0,4262000000.0,0.38,5184000000.0,467000000.0,19424000000.0,18921000000.0,80000000.0,0.0,0.0,0.0,14529000000.0,3277000000.0,11252000000.0,13950938036.0,-396000000.0,13000000.0,-955000000.0,-697000000.0,-6000000.0,-1588000000.0,-962000000.0,0.0,2153000000.0,1000000.0,822000000.0,822000000.0,822000000.0,0.0,0.0,0.073,2618000000.0,1644000000.0,526000000.0,0.007,2.628,16.972,17.104,10612000000.0,0.0,22.92,1.244,1.244,1748000000.0,1873000000.0,11211000000.0,11211000000.0,0.0,0.042,0.155,0.09,0.153,0.0,1392000000.0,1.0,608679670.0,608679670.0,,18.419,14672000000.0,551000000.0,422000000.0,1548000000.0,24.105,-473000000.0
75,WM,MRT,2002-09-30,2002-09-30,2002-09-30,2021-07-27,-194000000.0,19989000000.0,19528500000.0,3079000000.0,16910000000.0,0.569,8.819,-1399000000.0,656000000.0,656000000.0,6683000000.0,744000000.0,0.847,2.7,8526000000.0,375000000.0,8151000000.0,8526000000.0,407000000.0,1261000000.0,0.0,0.002,0.048,1667000000.0,2928000000.0,0.263,2928000000.0,1667000000.0,1196000000.0,1.2,1.2,1.2,5394000000.0,5320000000.0,5394000000.0,22162873048.0,13.0,7.569,975000000.0,1.594,1.0,4438000000.0,0.399,5156000000.0,471000000.0,19068000000.0,18600500000.0,81000000.0,0.0,0.0,0.0,14563000000.0,3635000000.0,10928000000.0,14263873048.0,581000000.0,-48000000.0,-532000000.0,-28000000.0,-6000000.0,-566000000.0,-1228000000.0,0.0,2374000000.0,1000000.0,744000000.0,744000000.0,744000000.0,0.0,0.0,0.067,2794000000.0,1644000000.0,533000000.0,0.04,2.644,19.172,19.433,10539000000.0,0.0,23.32,1.283,1.283,1755000000.0,1637000000.0,11121000000.0,11121000000.0,0.0,0.038,0.14,0.09,0.15,0.0,1486000000.0,1.0,611658364.0,611658364.0,,18.182,14833000000.0,439000000.0,452000000.0,1233000000.0,24.25,-556000000.0
76,WM,MRT,2002-06-30,2002-06-30,2002-06-30,2021-07-27,-140000000.0,19828000000.0,19251250000.0,3120000000.0,16708000000.0,0.578,8.535,-1406000000.0,720000000.0,720000000.0,6585000000.0,543000000.0,0.891,2.753,8619000000.0,383000000.0,8236000000.0,8619000000.0,398000000.0,1302000000.0,0.0,0.002,0.048,1319000000.0,2621000000.0,0.236,2621000000.0,1319000000.0,842000000.0,0.87,0.87,0.87,5275000000.0,5270750000.0,5275000000.0,23630520128.0,18.0,9.016,967000000.0,1.565,1.0,4537000000.0,0.408,5146000000.0,477000000.0,19080000000.0,18464250000.0,77000000.0,0.0,0.0,0.0,14523000000.0,3501000000.0,11022000000.0,16100520128.0,324000000.0,-12000000.0,-465000000.0,-347000000.0,-6000000.0,-818000000.0,-1232000000.0,0.0,2373000000.0,1000000.0,543000000.0,543000000.0,543000000.0,0.0,0.0,0.049,3243000000.0,1294000000.0,556000000.0,0.055,3.052,29.651,29.943,10485000000.0,0.0,26.05,1.448,1.448,1745000000.0,1412000000.0,11122000000.0,11122000000.0,0.0,0.028,0.103,0.071,0.119,0.0,1538000000.0,1.0,618062193.0,618062193.0,,17.995,14682000000.0,419000000.0,299000000.0,1263000000.0,23.755,-381000000.0
77,WM,MRT,2002-03-31,2002-03-31,2002-03-31,2021-07-27,-150000000.0,18807000000.0,18971500000.0,2564000000.0,16243000000.0,0.591,8.322,-1364000000.0,306000000.0,306000000.0,6585000000.0,517000000.0,0.827,2.59,7836000000.0,82000000.0,7754000000.0,7836000000.0,383000000.0,1330000000.0,0.0,0.002,0.048,1302000000.0,2632000000.0,0.235,2632000000.0,1302000000.0,794000000.0,0.83,0.82,0.83,5232000000.0,5245500000.0,5232000000.0,24625827870.0,19.0,9.356,1027000000.0,1.634,1.0,4627000000.0,0.413,5125000000.0,508000000.0,18112000000.0,18277000000.0,79000000.0,0.0,0.0,0.0,13549000000.0,3100000000.0,10449000000.0,17131827870.0,-581000000.0,-53000000.0,-258000000.0,-1428000000.0,-6000000.0,-1711000000.0,-1259000000.0,0.0,2391000000.0,-2000000.0,517000000.0,517000000.0,517000000.0,0.0,0.0,0.046,3356000000.0,1271000000.0,513000000.0,0.058,3.274,33.137,32.831,10298000000.0,0.0,27.25,1.528,1.528,1545000000.0,1195000000.0,11212000000.0,11212000000.0,0.0,0.027,0.099,0.071,0.116,0.0,1620000000.0,1.0,628690931.0,628690931.0,,17.834,13682000000.0,425000000.0,277000000.0,1187000000.0,21.763,-536000000.0
78,WM,MRT,2001-12-31,2001-12-31,2001-12-31,2021-07-27,-148000000.0,19490000000.0,19009250000.0,3124000000.0,16366000000.0,0.596,8.568,-1328000000.0,730000000.0,730000000.0,6666000000.0,503000000.0,0.84,2.619,8224000000.0,515000000.0,7709000000.0,8224000000.0,374000000.0,1371000000.0,0.0,0.002,0.048,1330000000.0,2701000000.0,0.239,2701000000.0,1330000000.0,786000000.0,0.8,0.8,0.8,5379000000.0,5164250000.0,5379000000.0,27900148928.0,21.0,10.33,1027000000.0,1.636,1.0,4656000000.0,0.411,5121000000.0,544000000.0,18142000000.0,18416000000.0,83000000.0,0.0,0.0,0.0,14085000000.0,3721000000.0,10364000000.0,20033148928.0,636000000.0,-58000000.0,50000000.0,-510000000.0,-6000000.0,-485000000.0,-1232000000.0,0.0,2355000000.0,-2000000.0,503000000.0,503000000.0,503000000.0,0.0,0.0,0.044,3373000000.0,1283000000.0,672000000.0,0.06,3.724,39.827,39.888,10357000000.0,0.0,31.91,1.769,1.769,1669000000.0,1057000000.0,11322000000.0,11322000000.0,0.0,0.026,0.097,0.072,0.117,0.0,1622000000.0,1.0,627801596.0,627801596.0,,18.034,14369000000.0,426000000.0,283000000.0,1127000000.0,22.888,-597000000.0
79,WM,MRT,2001-09-30,2001-09-30,2001-09-30,2021-07-27,-151000000.0,18880000000.0,18778000000.0,2556000000.0,16324000000.0,0.608,8.298,-1243000000.0,75000000.0,75000000.0,6833000000.0,384000000.0,0.829,2.629,7942000000.0,88000000.0,7854000000.0,7942000000.0,383000000.0,1378000000.0,0.0,0.0,0.01,1255000000.0,2633000000.0,0.231,2633000000.0,1255000000.0,671000000.0,0.62,0.61,0.62,5197000000.0,5016000000.0,5197000000.0,24712285531.0,20.0,9.386,727000000.0,1.161,1.0,4582000000.0,0.401,5141000000.0,584000000.0,18523000000.0,18561500000.0,82000000.0,0.0,0.0,0.0,13663000000.0,3083000000.0,10580000000.0,16747285531.0,-70000000.0,363000000.0,65000000.0,-1329000000.0,-6000000.0,-1289000000.0,-749000000.0,0.0,1970000000.0,-2000000.0,384000000.0,384000000.0,384000000.0,0.0,0.0,0.034,3375000000.0,1207000000.0,740000000.0,0.016,3.222,43.613,43.129,10168000000.0,0.0,26.74,1.467,1.467,1745000000.0,899000000.0,11415000000.0,11415000000.0,0.0,0.02,0.077,0.068,0.11,0.0,1558000000.0,1.0,626300880.0,626300880.0,,18.226,13739000000.0,424000000.0,287000000.0,1060000000.0,21.937,-527000000.0
80,WM,MRT,2001-06-30,2001-06-30,2001-06-30,2021-07-27,-111000000.0,18709000000.0,18851923250.0,2707000000.0,16002000000.0,0.618,8.272,-1223000000.0,396000000.0,396000000.0,7011000000.0,163000000.0,0.848,2.609,8361000000.0,690000000.0,7671000000.0,8361000000.0,382000000.0,1393000000.0,0.0,0.0,0.01,1251000000.0,2644000000.0,0.227,2644000000.0,1251000000.0,613000000.0,0.26,0.25,0.26,5174000000.0,4870329500.0,5174000000.0,27359916380.0,22.0,10.348,666000000.0,1.065,1.0,4632000000.0,0.398,5150000000.0,638000000.0,18331000000.0,18644417750.0,73000000.0,0.0,0.0,0.0,13501000000.0,3193000000.0,10308000000.0,19277916380.0,293000000.0,1368000000.0,57000000.0,-1863000000.0,-6000000.0,-1831000000.0,237000000.0,0.0,1889000000.0,-2000000.0,163000000.0,163000000.0,163000000.0,0.0,0.0,0.014,3427000000.0,1205000000.0,712000000.0,0.038,3.726,118.269,118.538,10028000000.0,0.0,30.82,1.656,1.656,1613000000.0,875000000.0,11643000000.0,11643000000.0,0.0,0.009,0.033,0.067,0.107,0.0,1586000000.0,1.0,625500207.0,625500207.0,,18.614,13559000000.0,299000000.0,450000000.0,1004000000.0,21.677,-486000000.0
81,WM,MRT,2001-03-31,2001-03-31,2001-03-31,2021-07-27,-155000000.0,18958000000.0,19338814750.0,3080000000.0,15878000000.0,0.62,7.861,-1208000000.0,887000000.0,887000000.0,7228000000.0,-28000000.0,0.957,2.857,8969000000.0,687000000.0,8282000000.0,8969000000.0,382000000.0,1414000000.0,0.0,0.0,0.01,1106000000.0,2520000000.0,0.21,2520000000.0,1106000000.0,414000000.0,-0.05,-0.05,-0.05,4907000000.0,4756996250.0,4907000000.0,23809839496.0,22.0,9.448,642000000.0,1.028,1.0,4766000000.0,0.397,5153000000.0,692000000.0,18668000000.0,19046607500.0,75000000.0,0.0,0.0,0.0,14019000000.0,3219000000.0,10800000000.0,15418839496.0,740000000.0,2357000000.0,37000000.0,-2397000000.0,-6000000.0,-2366000000.0,1259000000.0,0.0,1850000000.0,-3000000.0,-28000000.0,-28000000.0,-28000000.0,0.0,0.0,-0.002,3709000000.0,1057000000.0,712000000.0,-0.2,3.142,-550.673,-494.0,9949000000.0,0.0,24.7,1.286,1.286,1469000000.0,684000000.0,11994000000.0,11994000000.0,0.0,-0.001,-0.006,0.058,0.092,0.0,1633000000.0,1.0,624244514.0,624244514.0,,19.214,13805000000.0,309000000.0,442000000.0,945000000.0,22.115,-139000000.0
82,WM,MRT,2000-12-31,2000-12-31,2000-12-31,2021-07-27,-126000000.0,18565000000.0,20155360000.0,2457000000.0,16108000000.0,0.62,7.699,-1313000000.0,94000000.0,94000000.0,7538000000.0,-97000000.0,0.808,2.873,8485000000.0,113000000.0,8372000000.0,8485000000.0,389000000.0,1429000000.0,0.0,0.0,0.01,1069000000.0,2498000000.0,0.2,2498000000.0,1069000000.0,321000000.0,-0.16,-0.16,-0.16,4786000000.0,4641195750.0,4786000000.0,26112698264.0,24.0,10.453,812000000.0,1.306,1.0,4954000000.0,0.397,5193000000.0,748000000.0,18724000000.0,19595426500.0,75000000.0,0.0,0.0,0.0,13749000000.0,3039000000.0,10710000000.0,17250329264.0,-87000000.0,2321000000.0,20000000.0,-3293000000.0,-6000000.0,-3279000000.0,1072000000.0,54000000.0,2125000000.0,-5000000.0,-97000000.0,-97000000.0,-97000000.0,0.0,0.0,-0.008,3916000000.0,1038000000.0,865000000.0,-0.062,3.604,-177.838,-173.438,10126000000.0,0.0,27.75,1.381,1.381,1575000000.0,560000000.0,12492000000.0,12492000000.0,0.0,-0.005,-0.021,0.055,0.086,0.0,1738000000.0,1.0,621633487.0,621633487.0,,20.095,13372000000.0,312000000.0,418000000.0,879000000.0,21.511,-582000000.0
83,WM,MRT,2000-09-30,2000-09-30,2000-09-30,2021-07-27,-236549000.0,19175693000.0,21184360000.0,3104224000.0,16071469000.0,0.611,7.424,-1363100000.0,144797000.0,144797000.0,7969683000.0,-251177000.0,0.788,3.149,9007166000.0,1016550000.0,7990616000.0,9007166000.0,394428000.0,1490265000.0,0.0,0.001,0.01,951331000.0,2441596000.0,0.189,2441596000.0,951331000.0,142033000.0,-0.41,-0.41,-0.41,4614318000.0,4543195750.0,4614318000.0,20854787416.0,22.0,8.541,747855000.0,1.203,1.0,4974855000.0,0.384,5245954000.0,809298000.0,18854671000.0,20202426500.0,75031000.0,0.0,0.0,0.0,14532229000.0,3937437000.0,10594792000.0,10840616416.0,-76989000.0,1889915000.0,1556000.0,-2752045000.0,-6000000.0,-2759489000.0,578299000.0,1961000.0,2110955000.0,-6754000.0,-251177000.0,-251177000.0,-251177000.0,0.0,0.0,-0.019,4060139000.0,914716000.0,850882000.0,-0.024,2.349,-43.159,-42.537,10036218000.0,0.0,17.44,0.837,0.837,1601237000.0,521001000.0,12944538000.0,12944538000.0,0.0,-0.012,-0.055,0.047,0.073,0.0,1925171000.0,1.0,621594978.0,621505000.0,621505000.0,20.828,13929739000.0,267349000.0,393210000.0,967276000.0,22.413,-833213000.0
84,WM,MRT,2000-06-30,2000-06-30,2000-06-30,2021-07-27,-323405000.0,20656566000.0,21746690250.0,4376161000.0,16280405000.0,0.608,7.601,-1276915000.0,103545000.0,103545000.0,8677024000.0,-1007950000.0,0.816,3.372,10117716000.0,2063106000.0,8054610000.0,10117716000.0,387987000.0,1576235000.0,0.0,0.001,0.01,-261632000.0,1314603000.0,0.099,1314603000.0,-261632000.0,-1081564000.0,-1.63,-1.63,-1.63,4720667000.0,4526129500.0,4720667000.0,22766579101.0,-87.0,17.318,761770000.0,1.227,1.0,4537566000.0,0.343,5367231000.0,819932000.0,19939759000.0,20793191750.0,116468000.0,0.0,0.0,0.0,15917295000.0,5363747000.0,10553548000.0,11800681101.0,21874000.0,373821000.0,11890000.0,-1085366000.0,-6000000.0,-1082476000.0,-924470000.0,19273000.0,2038685000.0,-9865000.0,-1007950000.0,-1007950000.0,-1007950000.0,0.0,0.0,-0.076,4855148000.0,-317582000.0,940591000.0,-0.006,2.5,-11.708,-11.656,10123759000.0,0.0,19.0,0.893,0.893,1658558000.0,718064000.0,13214590000.0,13214590000.0,0.0,-0.046,-0.223,-0.013,-0.02,0.0,2285358000.0,1.0,621088479.0,621065000.0,622860000.0,21.277,15289335000.0,293726000.0,-73614000.0,848190000.0,24.618,-987586000.0
85,WM,MRT,2000-03-31,2000-03-31,2000-03-31,2021-07-27,-594420000.0,22224181000.0,22330467000.0,5906022000.0,16318159000.0,0.594,7.16,-1294728000.0,147422000.0,147422000.0,8564217000.0,-689688000.0,0.848,3.997,11113320000.0,2760371000.0,8352949000.0,11113320000.0,404881000.0,1607668000.0,0.0,0.001,0.01,163183000.0,1770851000.0,0.133,1770851000.0,163183000.0,-640660000.0,-1.11,-1.13,-1.11,4443798000.0,4679708750.0,4443798000.0,19803728588.0,121.0,11.183,710808000.0,1.145,1.0,4709148000.0,0.355,5364781000.0,803843000.0,20863276000.0,21716592750.0,115160000.0,0.0,0.0,0.0,17762455000.0,6962022000.0,10800433000.0,8486997588.0,87509000.0,-684936000.0,177000000.0,-37528000.0,-6000000.0,106403000.0,-2020196000.0,19466000.0,2005536000.0,-4234000.0,-689688000.0,-689688000.0,-689688000.0,0.0,0.0,-0.052,4604246000.0,104902000.0,965868000.0,-0.009,1.91,-12.306,-12.333,10136441000.0,0.0,13.69,0.639,0.64,1614113000.0,717749000.0,13273365000.0,13273365000.0,0.0,-0.031,-0.147,0.008,0.012,0.0,2138062000.0,1.0,619941387.0,620633000.0,621542000.0,21.387,16859400000.0,291479000.0,49028000.0,807657000.0,27.165,-1056000000.0
86,WM,MRT,1999-12-31,1999-12-31,1999-12-31,2021-07-27,-563000000.0,22681000000.0,22426401500.0,6221000000.0,16460000000.0,0.585,7.169,-1327000000.0,181000000.0,181000000.0,8269000000.0,-398000000.0,0.831,4.158,11498000000.0,3099000000.0,8399000000.0,11498000000.0,407000000.0,1614000000.0,0.0,0.001,0.01,604000000.0,2218000000.0,0.169,2218000000.0,604000000.0,-166000000.0,-0.65,-0.65,-0.65,4394000000.0,4747606500.0,4394000000.0,21832817746.0,36.0,9.843,362000000.0,0.591,1.0,4858000000.0,0.37,5356000000.0,770000000.0,21152000000.0,22389388500.0,107000000.0,0.0,0.0,0.0,18271000000.0,7490000000.0,10781000000.0,10651435746.0,94000000.0,-638000000.0,176000000.0,259000000.0,-6000000.0,426000000.0,-2017000000.0,-41000000.0,1689000000.0,-4000000.0,-398000000.0,-398000000.0,-398000000.0,0.0,0.0,-0.03,4318000000.0,540000000.0,1063000000.0,-0.015,2.424,-26.762,-26.446,10304000000.0,0.0,17.19,0.811,0.803,1908000000.0,663000000.0,13127000000.0,13127000000.0,0.0,-0.018,-0.084,0.027,0.046,0.0,1920000000.0,1.0,619629770.0,612932000.0,612932000.0,21.417,17325000000.0,298000000.0,232000000.0,730000000.0,28.266,-1269000000.0
87,WM,MRT,1999-09-30,1999-09-30,1999-09-30,2021-07-27,-527851000.0,21425014000.0,22476692500.0,4797278000.0,16627736000.0,0.579,7.343,-1848118000.0,221862000.0,221862000.0,7878173000.0,-219636000.0,0.815,3.71,11403244000.0,2689698000.0,8713546000.0,11403244000.0,398015000.0,1576689000.0,0.0,0.001,0.02,782396000.0,2359085000.0,0.181,2359085000.0,782396000.0,54041000.0,-0.32,-0.36,-0.32,4546053000.0,4714211500.0,4546053000.0,23141455878.0,30.0,9.81,-426763000.0,-0.689,1.0,5145124000.0,0.395,5505362000.0,728355000.0,21217732000.0,23069852000.0,90065000.0,0.0,0.0,0.0,16864971000.0,5883302000.0,10981669000.0,11920478878.0,42522000.0,-288080000.0,175631000.0,1358062000.0,-10760000.0,1522189000.0,-2891126000.0,-699435000.0,1421355000.0,-9896000.0,-219636000.0,-219636000.0,-219636000.0,0.0,0.0,-0.017,4424591000.0,720533000.0,1097881000.0,-0.062,2.622,-54.274,-60.156,10389877000.0,0.0,19.25,0.915,0.915,1960670000.0,777485000.0,13023297000.0,13023297000.0,0.0,-0.01,-0.047,0.034,0.06,0.0,1611835000.0,1.0,619245656.0,619105000.0,619105000.0,21.036,15919652000.0,287191000.0,273677000.0,463882000.0,25.714,-1086024000.0
88,WM,MRT,1999-06-30,1999-06-30,1999-06-30,2021-07-27,-524820000.0,22991673000.0,22464149750.0,3506258000.0,19485415000.0,0.573,8.733,-1984546000.0,80999000.0,80999000.0,7157132000.0,-530336000.0,0.916,3.257,11301976000.0,369592000.0,10932384000.0,11301976000.0,390984000.0,1505100000.0,0.0,0.0,0.02,375267000.0,1880367000.0,0.146,1880367000.0,375267000.0,-338716000.0,-0.9,-0.94,-0.9,5334984000.0,4382363250.0,5334984000.0,44215564146.0,118.0,23.514,-469084000.0,-0.768,1.0,5708814000.0,0.444,6751228000.0,713983000.0,23633363000.0,23145466750.0,99804000.0,0.0,0.0,0.0,17374793000.0,3828059000.0,13546734000.0,32737035146.0,-329015000.0,-96289000.0,241347000.0,685291000.0,-10764000.0,908541000.0,-2748904000.0,-727878000.0,1515462000.0,-4114000.0,-530336000.0,-530336000.0,-530336000.0,0.0,0.0,-0.041,5414727000.0,294087000.0,1068276000.0,-0.022,6.136,-61.729,-59.722,11854311000.0,0.0,53.75,2.544,2.552,2805838000.0,1731456000.0,12865946000.0,12865946000.0,0.0,-0.024,-0.121,0.016,0.029,0.0,1151575000.0,1.0,609061119.0,610904000.0,646716000.0,21.061,16240445000.0,164135000.0,191620000.0,560891000.0,26.584,-321801000.0
89,WM,MRT,1999-03-31,1999-03-31,1999-03-31,2021-07-27,-482349000.0,22607919000.0,18809931500.0,3528866000.0,19079053000.0,0.68,7.826,-1979665000.0,59364000.0,59364000.0,7233022000.0,-605728000.0,0.871,3.746,11537893000.0,556741000.0,10981152000.0,11537893000.0,346089000.0,1499030000.0,0.0,0.0,0.02,245315000.0,1744345000.0,0.136,1744345000.0,245315000.0,-457311000.0,-1.0,-1.03,-1.0,4715389000.0,3786174000.0,4715389000.0,38319441559.0,156.0,21.968,-519248000.0,-0.862,1.0,5558880000.0,0.435,6482610000.0,702626000.0,23554459000.0,19658769250.0,98612000.0,0.0,0.0,0.0,17661906000.0,4049379000.0,13612527000.0,26708371559.0,-303348000.0,-446435000.0,998000000.0,383199000.0,-15402000.0,1352754000.0,-3109015000.0,-726461000.0,1460417000.0,-7504000.0,-605728000.0,-605728000.0,-605728000.0,0.0,0.0,-0.047,5416016000.0,142864000.0,1033697000.0,-0.02,5.664,-44.093,-44.38,11532775000.0,0.0,44.38,2.088,2.09,2508985000.0,1430780000.0,12791902000.0,12791902000.0,0.0,-0.032,-0.16,0.012,0.019,0.0,1233534000.0,1.0,601810986.0,602522000.0,642481000.0,21.231,16125309000.0,203295000.0,148417000.0,510714000.0,26.763,-520513000.0
90,WM,MRT,1998-12-31,1998-12-31,1998-12-31,2021-07-27,-420804000.0,22882164000.0,15055303000.0,3991205000.0,18890959000.0,0.839,7.291,-1651000000.0,86873000.0,86873000.0,7283000000.0,-771000000.0,0.906,4.318,11732361000.0,597742000.0,11134619000.0,11732361000.0,381780000.0,1499000000.0,0.0,0.0,0.02,-22000000.0,1477000000.0,0.117,1477000000.0,-22000000.0,-704000000.0,-1.32,-1.32,-1.32,4260420000.0,3301107250.0,4260420000.0,37050486310.0,-1684.0,25.085,-149000000.0,-0.255,1.0,5343000000.0,0.423,6250324000.0,682000000.0,23873854000.0,15931247250.0,128254000.0,0.0,0.0,0.0,18397592000.0,4403474000.0,13994118000.0,26782809310.0,-103000000.0,-1401000000.0,1078000000.0,1995000000.0,-94000000.0,2956000000.0,-4555000000.0,-1540000000.0,1502000000.0,-6000000.0,-771000000.0,-771000000.0,-771000000.0,0.0,0.0,-0.061,5503000000.0,-160000000.0,1040601000.0,-0.015,6.286,-34.738,-35.326,11625657000.0,0.0,46.63,2.121,2.158,2704123000.0,1066506000.0,12626000000.0,12626000000.0,0.0,-0.051,-0.234,-0.001,-0.002,0.0,1333000000.0,1.0,574368632.0,584301000.0,584301000.0,21.609,16631840000.0,237616000.0,67000000.0,470107000.0,28.465,-412269000.0
91,WM,MRT,1998-09-30,1998-09-30,1998-09-30,2021-07-27,-340314000.0,21374843000.0,14373868000.0,4016699000.0,17358144000.0,0.881,5.405,-2515485000.0,166173000.0,166173000.0,7601205000.0,-2138398000.0,0.925,5.172,10433850000.0,738538000.0,9695312000.0,10433850000.0,336817000.0,1535762000.0,0.0,0.0,0.01,-1584302000.0,-48540000.0,-0.004,-48540000.0,-1584302000.0,-2239806000.0,-3.72,-3.73,-3.72,3218660000.0,2922064250.0,3218660000.0,31539373601.0,-20.0,-649.76,-349395000.0,-0.587,1.0,5061217000.0,0.4,5779346000.0,655504000.0,21520191000.0,14911362000.0,136652000.0,994000.0,994000.0,0.0,16647767000.0,4342983000.0,12304784000.0,27480202601.0,-19289000.0,-673044000.0,1048440000.0,1000295000.0,-160569000.0,1868065000.0,-4054649000.0,-853520000.0,2166090000.0,1205000.0,-2138398000.0,-2138398000.0,-2138398000.0,8412000.0,0.0,-0.169,6904441000.0,-1843224000.0,901918000.0,-0.003,8.538,-12.851,-12.919,10633522000.0,0.0,48.06,2.17,2.26,2551237000.0,992491000.0,12662422000.0,12662422000.0,0.0,-0.149,-0.732,-0.106,-0.125,0.0,1472973000.0,1.0,571789484.0,595506000.0,,21.263,15595497000.0,325000000.0,-101408000.0,480148000.0,26.189,-326284000.0
92,WM,MRT,1998-06-30,1998-06-30,1998-06-30,2021-07-27,-62665000.0,8374800000.0,,775669000.0,7599131000.0,,5.169,-1513034000.0,44990000.0,44990000.0,7693689000.0,-830818000.0,1.348,1.839,4104161000.0,53172000.0,4050989000.0,4104161000.0,85120000.0,2003891000.0,0.0,0.0,0.0,183123000.0,2187014000.0,0.174,2187014000.0,183123000.0,-434068000.0,-1.52,-1.53,-1.52,2950227000.0,,2950227000.0,14445450121.0,79.0,6.605,1186149000.0,2.078,1.0,4843971000.0,0.386,2172005000.0,617191000.0,9686573000.0,,0.0,0.0,0.0,0.0,5424573000.0,575393000.0,4849180000.0,10860296121.0,14100000.0,-422708000.0,130443000.0,619011000.0,-392813000.0,317311000.0,-2996711000.0,-1049105000.0,2699183000.0,-5683000.0,-830818000.0,-830818000.0,-830818000.0,8208000.0,0.0,-0.066,4859146000.0,-15175000.0,245611000.0,0.0,3.681,-13.072,-32.454,5123117000.0,0.0,49.33,0.866,2.246,653659000.0,497667000.0,12537660000.0,12537660000.0,0.0,,,,0.015,0.0,1535931000.0,1.0,220156013.0,570795000.0,607934000.0,21.965,6202795000.0,41924000.0,396750000.0,351446000.0,10.867,200276000.0
93,WM,MRT,1998-03-31,1998-03-31,1998-03-31,2021-07-27,-37498000.0,7589405000.0,,676287000.0,6913118000.0,,13.326,-1225556000.0,46260000.0,46260000.0,6121753000.0,-986392000.0,1.357,1.735,3631414000.0,46527000.0,3584887000.0,3631414000.0,69484000.0,1691934000.0,0.0,0.0,0.0,-246323000.0,1445611000.0,0.145,1445611000.0,-246323000.0,-715134000.0,-1.51,-1.54,-1.51,2775122000.0,,2775122000.0,12462173937.0,-51.0,8.621,1216161000.0,5.84,1.0,3821401000.0,0.384,2031811000.0,468811000.0,8644371000.0,,0.0,0.0,0.0,0.0,4814283000.0,498377000.0,4315906000.0,9749685937.0,-62834000.0,-562429000.0,-779068000.0,1557731000.0,-388175000.0,373513000.0,-2871164000.0,-1050715000.0,2441717000.0,-6900000.0,-986392000.0,-986392000.0,-986392000.0,8208000.0,0.0,-0.099,4235158000.0,-413757000.0,196735000.0,0.0,3.513,-9.884,-29.483,4601573000.0,0.0,44.52,0.981,0.932,547891000.0,374459000.0,9943154000.0,9943154000.0,0.0,,,,-0.025,0.0,1227998000.0,1.0,218995641.0,208246000.0,,47.747,5557594000.0,46196000.0,271258000.0,323320000.0,26.688,177910000.0
94,WM,MRT,1997-12-31,1997-12-31,1997-12-31,2021-07-27,-283193000.0,20156424000.0,11893985500.0,2836676000.0,17319748000.0,1.007,4.921,-1332207000.0,189942000.0,189942000.0,7482273000.0,-938895000.0,0.59,5.536,9479961000.0,1598012000.0,7881949000.0,9479961000.0,300536000.0,1391810000.0,0.0,0.0,0.0,-19978000.0,1371832000.0,0.115,1371832000.0,-19978000.0,-575554000.0,-1.68,-1.68,-1.68,2744248000.0,2109119000.0,2744248000.0,,,,733699000.0,1.316,1.0,4490225000.0,0.375,4848176000.0,555576000.0,19794313000.0,11852379000.0,152702000.0,59296000.0,59296000.0,0.0,15190814000.0,4803954000.0,10386860000.0,8586819084.0,-162360000.0,-188853000.0,-341200000.0,237766000.0,-309577000.0,-444950000.0,-1777528000.0,-230710000.0,2065906000.0,-5788000.0,-938895000.0,-938895000.0,-938895000.0,0.0,0.0,-0.078,4714204000.0,-223979000.0,1007458000.0,0.0,3.129,-9.146,-23.339,11188530000.0,0.0,39.21,0.717,1.826,2353770000.0,1938027000.0,11972498000.0,11972498000.0,0.0,-0.079,-0.445,-0.002,-0.002,0.0,1438501000.0,1.0,218995641.0,557675000.0,557675000.0,21.469,15308248000.0,55961000.0,363341000.0,523593000.0,27.45,-1967278000.0
95,WM,MRT,1997-09-30,1997-09-30,1997-09-30,2021-07-27,,,,,,,,,,,,,,,,,,,,,,0.0,0.0,,,,,,,,,,,,,,,,,,1.0,,,,,,,,,,,,,,,,,,,,,,,,,,,,,,,,,,,,,,,,39.84,,,,,,,,,,,,,,1.0,,,,,,,,,,
96,WM,MRT,1997-06-30,1997-06-30,1997-06-30,2021-07-27,,,,,,,,,,,,,,,,,,,,,,0.0,0.0,,,,,,,,,,,,,,,,,,1.0,,,,,,,,,,,,,,,,,,,,,,,,,,,,,,,,,,,,,,,,38.59,,,,,,,,,,,,,,1.0,,204729000.0,,,,,,,,
97,WM,MRT,1997-03-31,1997-03-31,1997-03-31,2021-07-27,,,,,,,,,,,,,,,,,,,,,,0.0,0.0,,,,,,,,,,,,,,,,,,1.0,,,,,,,,,,,,,,,,,,,,,,,,,,,,,,,,,,,,,,,,35.47,,,,,,,,,,,,,,1.0,,191125000.0,,,,,,,,
98,WM,MRT,1996-12-31,1996-12-31,1996-12-31,2021-07-27,-15843000.0,3631547000.0,,427502000.0,3204045000.0,,2.743,-688499000.0,26079000.0,26079000.0,6564234000.0,24231000.0,1.08,1.464,1504888000.0,34606000.0,1470282000.0,1504888000.0,35640000.0,1264196000.0,0.0,0.0,0.0,1036271000.0,2300467000.0,0.209,2300467000.0,1036271000.0,510931000.0,0.05,0.04,0.05,1473990000.0,,1473990000.0,,,,1242457000.0,2.313,1.0,4434368000.0,0.403,804251000.0,525340000.0,3910445000.0,,0.0,0.0,0.0,0.0,2157557000.0,395660000.0,1761897000.0,,150802000.0,-509608000.0,-354276000.0,448424000.0,-308265000.0,-192159000.0,-1590802000.0,-357236000.0,1930956000.0,2807000.0,24231000.0,24231000.0,24231000.0,-22620000.0,0.0,0.002,3236755000.0,1197613000.0,118823000.0,0.0,,,636.8,2198231000.0,0.0,31.84,,1.555,352556000.0,-15948000.0,10998602000.0,10998602000.0,0.0,,,,0.094,0.0,1316480000.0,1.0,,537269000.0,546916000.0,20.471,2827296000.0,48561000.0,486700000.0,45421000.0,5.262,31842000.0
99,WM,MRT,1995-12-31,1995-12-31,1995-12-31,2021-07-27,,,,,,,,-241467000.0,,,672117000.0,80776000.0,,,,,,,,143878000.0,,0.0,0.0,199129000.0,343007000.0,0.282,343007000.0,199129000.0,141089000.0,0.56,0.54,0.56,,,,,,,-112775000.0,-0.787,1.0,543965000.0,0.447,,58040000.0,,,,,,,,,,,-14787000.0,-268687000.0,265810000.0,136408000.0,0.0,382811000.0,-526112000.0,-14780000.0,128692000.0,-178000.0,80776000.0,80403000.0,80403000.0,0.0,0.0,0.066,344836000.0,199129000.0,,0.0,,,33.679,,373000.0,18.86,,2.223,,,1216082000.0,1216082000.0,0.0,,,,0.164,0.0,169686000.0,1.0,,143346000.0,150575000.0,8.484,,,60313000.0,,,
