None,ticker,dimension,calendardate,datekey,reportperiod,lastupdated,accoci,assets,assetsavg,assetsc,assetsnc,assetturnover,bvps,capex,cashneq,cashnequsd,cor,consolinc,currentratio,de,debt,debtc,debtnc,debtusd,deferredrev,depamor,deposits,divyield,dps,ebit,ebitda,ebitdamargin,ebitdausd,ebitusd,ebt,eps,epsdil,epsusd,equity,equityavg,equityusd,ev,evebit,evebitda,fcf,fcfps,fxusd,gp,grossmargin,intangibles,intexp,invcap,invcapavg,inventory,investments,investmentsc,investmentsnc,liabilities,liabilitiesc,liabilitiesnc,marketcap,ncf,ncfbus,ncfcommon,ncfdebt,ncfdiv,ncff,ncfi,ncfinv,ncfo,ncfx,netinc,netinccmn,netinccmnusd,netincdis,netincnci,netmargin,opex,opinc,payables,payoutratio,pb,pe,pe1,ppnenet,prefdivis,price,ps,ps1,receivables,retearn,revenue,revenueusd,rnd,roa,roe,roic,ros,sbcomp,sgna,sharefactor,sharesbas,shareswa,shareswadil,sps,tangibles,taxassets,taxexp,taxliabilities,tbvps,workingcapital
0,GOOGL,MRY,2020-12-31,2020-12-31,2020-12-31,2021-07-28,633000000.0,319616000000.0,292688500000.0,174296000000.0,145320000000.0,0.624,329.0,-22281000000.0,26465000000.0,26465000000.0,84732000000.0,40269000000.0,3.067,0.436,25078000000.0,0.0,25078000000.0,25078000000.0,10524000000.0,13697000000.0,0.0,0.0,0.0,48082000000.0,61779000000.0,0.338,61779000000.0,48082000000.0,48082000000.0,59.15,58.61,59.15,222544000000.0,211611250000.0,222544000000.0,1190288741358.0,25.0,19.267,42843000000.0,63.337,1.0,97795000000.0,0.536,22620000000.0,0.0,238775000000.0,221992750000.0,728000000.0,130932000000.0,110229000000.0,20703000000.0,97072000000.0,56834000000.0,40238000000.0,1185531741358.0,7967000000.0,-738000000.0,-36869000000.0,9661000000.0,0.0,-24408000000.0,-32773000000.0,-9822000000.0,65124000000.0,24000000.0,40269000000.0,40269000000.0,40269000000.0,0.0,0.0,0.221,56571000000.0,41224000000.0,5589000000.0,0.0,5.327,29.44,29.63,96960000000.0,0.0,1752.64,6.495,6.495,30930000000.0,163401000000.0,182527000000.0,182527000000.0,27573000000.0,0.138,0.19,0.217,0.263,12991000000.0,28998000000.0,1.0,676426272.0,676426272,,269.84,296996000000.0,1538000000.0,7813000000.0,13895000000.0,439.066,117462000000.0
1,GOOGL,MRY,2019-12-31,2019-12-31,2019-12-31,2021-07-28,-1232000000.0,275909000000.0,260350750000.0,152578000000.0,123331000000.0,0.622,292.077,-23548000000.0,18498000000.0,18498000000.0,71896000000.0,34343000000.0,3.374,0.37,14768000000.0,0.0,14768000000.0,14768000000.0,8182000000.0,11781000000.0,0.0,0.0,0.0,39625000000.0,51406000000.0,0.318,51406000000.0,39625000000.0,39625000000.0,49.59,49.16,49.59,201442000000.0,193018750000.0,201442000000.0,921476472316.0,23.0,17.925,30972000000.0,44.907,1.0,89961000000.0,0.556,22603000000.0,0.0,204355000000.0,196601500000.0,999000000.0,114255000000.0,101177000000.0,13078000000.0,74467000000.0,45221000000.0,29246000000.0,923760472316.0,1797000000.0,-2515000000.0,-23161000000.0,-268000000.0,0.0,-23209000000.0,-29491000000.0,-4017000000.0,54520000000.0,-23000000.0,34343000000.0,34343000000.0,34343000000.0,0.0,0.0,0.212,55730000000.0,34231000000.0,5561000000.0,0.0,4.586,26.898,27.009,84587000000.0,0.0,1339.39,5.707,5.707,25326000000.0,152122000000.0,161857000000.0,161857000000.0,26018000000.0,0.132,0.178,0.202,0.245,10794000000.0,28015000000.0,1.0,689687449.0,689687449,,234.682,253306000000.0,2887000000.0,5282000000.0,11860000000.0,367.277,107357000000.0
2,GOOGL,MRY,2018-12-31,2018-12-31,2018-12-31,2021-07-28,-2306000000.0,232792000000.0,218218750000.0,135676000000.0,97116000000.0,0.627,255.409,-25139000000.0,16701000000.0,16701000000.0,59549000000.0,30736000000.0,3.919,0.311,4012000000.0,0.0,4012000000.0,4012000000.0,6772000000.0,9035000000.0,0.0,0.0,0.0,34913000000.0,43948000000.0,0.321,43948000000.0,34913000000.0,34913000000.0,44.22,43.7,44.22,177628000000.0,167573250000.0,177628000000.0,717277149270.0,21.0,16.321,22832000000.0,32.83,1.0,77270000000.0,0.565,20108000000.0,0.0,165375000000.0,157577250000.0,1107000000.0,106298000000.0,92439000000.0,13859000000.0,55164000000.0,34620000000.0,20544000000.0,726734149270.0,5986000000.0,-1491000000.0,-14068000000.0,-61000000.0,0.0,-13179000000.0,-28504000000.0,-1972000000.0,47971000000.0,-302000000.0,30736000000.0,30736000000.0,30736000000.0,0.0,0.0,0.225,49746000000.0,27524000000.0,4378000000.0,0.0,4.091,23.644,23.631,59719000000.0,0.0,1044.96,5.312,5.312,20838000000.0,134885000000.0,136819000000.0,136819000000.0,21419000000.0,0.141,0.183,0.222,0.255,9353000000.0,23256000000.0,1.0,695465998.0,695465998,,196.73,212684000000.0,1092000000.0,4177000000.0,12660000000.0,305.815,101056000000.0
3,GOOGL,MRY,2017-12-31,2017-12-31,2017-12-31,2021-07-28,-992000000.0,197295000000.0,184552000000.0,124308000000.0,72987000000.0,0.601,219.49,-13184000000.0,10715000000.0,10715000000.0,45583000000.0,12662000000.0,5.14,0.294,3969000000.0,0.0,3969000000.0,3969000000.0,5747000000.0,6915000000.0,0.0,0.0,0.0,27193000000.0,34108000000.0,0.308,34108000000.0,27193000000.0,27193000000.0,18.27,18.0,18.27,152502000000.0,150709250000.0,152502000000.0,725287543727.0,27.0,21.264,23907000000.0,34.408,1.0,65272000000.0,0.589,19439000000.0,0.0,146927000000.0,135450750000.0,749000000.0,98969000000.0,91156000000.0,7813000000.0,44793000000.0,24183000000.0,20610000000.0,731904543727.0,-2203000000.0,-287000000.0,-9012000000.0,-86000000.0,0.0,-8298000000.0,-31401000000.0,-18029000000.0,37091000000.0,405000000.0,12662000000.0,12662000000.0,12662000000.0,0.0,0.0,0.114,39094000000.0,26178000000.0,3137000000.0,0.0,4.799,57.803,57.657,42383000000.0,0.0,1053.4,6.602,6.602,18336000000.0,113247000000.0,110855000000.0,110855000000.0,16625000000.0,0.069,0.084,0.201,0.245,7679000000.0,19733000000.0,1.0,694802111.0,694802111,,159.549,177856000000.0,1049000000.0,14531000000.0,14123000000.0,255.981,100125000000.0
4,GOOGL,MRY,2016-12-31,2016-12-31,2016-12-31,2021-07-28,-2402000000.0,167497000000.0,157871000000.0,105408000000.0,62089000000.0,0.572,201.724,-9972000000.0,12918000000.0,12918000000.0,35138000000.0,19478000000.0,6.291,0.205,3935000000.0,0.0,3935000000.0,3935000000.0,4243000000.0,6144000000.0,0.0,0.0,0.0,24150000000.0,30294000000.0,0.336,30294000000.0,24150000000.0,24150000000.0,28.32,27.85,28.32,139036000000.0,131146750000.0,139036000000.0,540719119853.0,22.0,17.849,26064000000.0,37.816,1.0,55134000000.0,0.611,19775000000.0,0.0,121983000000.0,113404000000.0,268000000.0,79293000000.0,73415000000.0,5878000000.0,28461000000.0,16756000000.0,11705000000.0,546187119853.0,-3631000000.0,-986000000.0,-6997000000.0,-1335000000.0,0.0,-8332000000.0,-31165000000.0,-20207000000.0,36036000000.0,-170000000.0,19478000000.0,19478000000.0,19478000000.0,0.0,0.0,0.216,31418000000.0,23716000000.0,2041000000.0,0.0,3.928,28.041,27.982,34234000000.0,0.0,792.45,6.05,6.05,14137000000.0,105131000000.0,90272000000.0,90272000000.0,13948000000.0,0.123,0.149,0.213,0.268,6703000000.0,17470000000.0,1.0,689238589.0,689238589,,130.974,147722000000.0,478000000.0,4672000000.0,5457000000.0,214.326,88652000000.0
5,GOOGL,MRY,2015-12-31,2015-12-31,2015-12-31,2021-07-28,-1874000000.0,147461000000.0,140987250000.0,90114000000.0,57347000000.0,0.532,174.97,-9915000000.0,16549000000.0,16549000000.0,28164000000.0,16348000000.0,4.667,0.225,5220000000.0,3225000000.0,1995000000.0,5220000000.0,3268000000.0,5063000000.0,0.0,0.0,0.0,19651000000.0,24714000000.0,0.33,24714000000.0,19651000000.0,19651000000.0,23.11,22.84,23.11,120331000000.0,114200750000.0,120331000000.0,522220054844.0,27.0,21.131,16657000000.0,24.22,1.0,46825000000.0,0.624,19716000000.0,0.0,97106000000.0,91541750000.0,491000000.0,61700000000.0,56517000000.0,5183000000.0,27130000000.0,19310000000.0,7820000000.0,535057054844.0,-1798000000.0,-236000000.0,-4155000000.0,-23000000.0,0.0,-4225000000.0,-23711000000.0,-13560000000.0,26572000000.0,-434000000.0,16348000000.0,15826000000.0,15826000000.0,0.0,0.0,0.211,27465000000.0,19360000000.0,4359000000.0,0.0,4.447,33.809,33.666,29016000000.0,522000000.0,778.01,7.135,7.135,12006000000.0,89223000000.0,74989000000.0,74989000000.0,12282000000.0,0.112,0.139,0.215,0.262,5203000000.0,15183000000.0,1.0,687725164.0,687725164,,109.039,127745000000.0,2154000000.0,3303000000.0,4154000000.0,185.75,70804000000.0
6,GOOGL,MRY,2014-12-31,2014-12-31,2014-12-31,2021-07-28,27000000.0,129187000000.0,123275500000.0,78656000000.0,50531000000.0,0.535,153.654,-10959000000.0,18347000000.0,18347000000.0,25691000000.0,14136000000.0,4.688,0.244,5237000000.0,2009000000.0,3228000000.0,5237000000.0,2808000000.0,4979000000.0,0.0,0.0,0.0,17775000000.0,22754000000.0,0.345,22754000000.0,17775000000.0,17775000000.0,20.91,20.57,20.91,103860000000.0,97533750000.0,103860000000.0,349615517952.0,20.0,15.365,12065000000.0,17.849,1.0,40310000000.0,0.611,20206000000.0,0.0,79092000000.0,74265000000.0,0.0,49127000000.0,46048000000.0,3079000000.0,25327000000.0,16779000000.0,8548000000.0,359981517952.0,-551000000.0,-4502000000.0,-2069000000.0,-18000000.0,0.0,-2087000000.0,-21055000000.0,-5594000000.0,23024000000.0,-433000000.0,14136000000.0,14136000000.0,14136000000.0,-516000000.0,0.0,0.214,23814000000.0,16496000000.0,4493000000.0,0.0,3.466,25.466,25.378,23883000000.0,0.0,530.66,5.454,5.435,10258000000.0,75066000000.0,66001000000.0,66001000000.0,9832000000.0,0.115,0.145,0.239,0.269,4279000000.0,13982000000.0,1.0,678365654.0,675935000,687070000.0,97.644,108981000000.0,767000000.0,3639000000.0,4194000000.0,161.23,61877000000.0
7,GOOGL,MRY,2013-12-31,2013-12-31,2013-12-31,2021-07-28,125000000.0,110920000000.0,103465500000.0,72886000000.0,38034000000.0,0.537,131.155,-8806000000.0,18898000000.0,18898000000.0,21993000000.0,12733000000.0,4.582,0.27,5245000000.0,3009000000.0,2236000000.0,5245000000.0,2930000000.0,3939000000.0,0.0,0.0,0.0,15472000000.0,19411000000.0,0.35,19411000000.0,15472000000.0,15472000000.0,19.13,18.79,19.13,87309000000.0,81155750000.0,87309000000.0,364794946213.0,24.0,18.793,9853000000.0,14.801,1.0,33526000000.0,0.604,17558000000.0,0.0,63801000000.0,59673000000.0,0.0,41795000000.0,39819000000.0,1976000000.0,23611000000.0,15908000000.0,7703000000.0,374789946213.0,4120000000.0,2525000000.0,-781000000.0,-557000000.0,0.0,-857000000.0,-13679000000.0,-7398000000.0,18659000000.0,-3000000.0,12733000000.0,12733000000.0,12733000000.0,427000000.0,0.0,0.229,18123000000.0,15403000000.0,3827000000.0,0.0,4.293,29.435,29.321,16524000000.0,0.0,560.916,6.751,6.726,8982000000.0,61262000000.0,55519000000.0,55519000000.0,7137000000.0,0.123,0.157,0.259,0.279,2862000000.0,10986000000.0,1.0,668174818.0,665692000,677618000.0,83.4,93362000000.0,1934000000.0,2739000000.0,4609000000.0,140.248,56978000000.0
8,GOOGL,MRY,2012-12-31,2012-12-31,2012-12-31,2021-07-28,538000000.0,93798000000.0,86680750000.0,60454000000.0,33344000000.0,0.531,109.585,-13841000000.0,14778000000.0,14778000000.0,17176000000.0,10737000000.0,4.217,0.308,5537000000.0,2549000000.0,2988000000.0,5537000000.0,2466000000.0,2962000000.0,0.0,0.0,0.0,13653000000.0,16615000000.0,0.361,16615000000.0,13653000000.0,13653000000.0,16.41,16.16,16.41,71715000000.0,66544000000.0,71715000000.0,222619604225.0,16.0,13.399,2778000000.0,4.245,1.0,28863000000.0,0.627,18010000000.0,0.0,52210000000.0,46226250000.0,505000000.0,34779000000.0,33310000000.0,1469000000.0,22083000000.0,14337000000.0,7746000000.0,232673604225.0,4795000000.0,0.0,-287000000.0,1328000000.0,0.0,1229000000.0,-13056000000.0,785000000.0,16619000000.0,3000000.0,10737000000.0,10737000000.0,10737000000.0,816000000.0,0.0,0.233,15029000000.0,13834000000.0,3685000000.0,0.0,3.244,21.67,21.575,11854000000.0,0.0,354.044,5.054,5.033,8585000000.0,48342000000.0,46039000000.0,46039000000.0,6083000000.0,0.124,0.161,0.295,0.297,2504000000.0,8946000000.0,1.0,657188384.0,654426000,664610000.0,70.35,75788000000.0,1144000000.0,2916000000.0,4158000000.0,115.808,46117000000.0
9,GOOGL,MRY,2011-12-31,2011-12-31,2011-12-31,2021-07-28,276000000.0,72574000000.0,66620750000.0,52758000000.0,19816000000.0,0.569,89.761,-5338000000.0,9983000000.0,9983000000.0,13188000000.0,9737000000.0,5.919,0.248,4204000000.0,1218000000.0,2986000000.0,4204000000.0,1759000000.0,1851000000.0,0.0,0.0,0.0,12326000000.0,14177000000.0,0.374,14177000000.0,12326000000.0,12326000000.0,15.085,14.88,15.085,58145000000.0,53454250000.0,58145000000.0,202982161756.0,16.0,14.318,9227000000.0,14.244,1.0,24717000000.0,0.652,8924000000.0,0.0,48958000000.0,42815250000.0,35000000.0,35433000000.0,34643000000.0,790000000.0,14429000000.0,8913000000.0,5516000000.0,209408161756.0,-3647000000.0,0.0,-5000000.0,726000000.0,0.0,807000000.0,-19041000000.0,-13703000000.0,14565000000.0,22000000.0,9737000000.0,9737000000.0,9737000000.0,0.0,0.0,0.257,12975000000.0,11742000000.0,2595000000.0,0.0,3.601,21.506,21.43,9603000000.0,0.0,323.273,5.525,5.525,6172000000.0,37605000000.0,37905000000.0,37905000000.0,5162000000.0,0.146,0.182,0.288,0.325,1888000000.0,7313000000.0,1.0,647774982.0,647774982,,58.516,63650000000.0,215000000.0,2589000000.0,2177000000.0,98.259,43845000000.0
10,GOOGL,MRY,2010-12-31,2010-12-31,2010-12-31,2021-07-28,138000000.0,57851000000.0,50527250000.0,41562000000.0,16289000000.0,0.58,72.302,-5085000000.0,13630000000.0,13630000000.0,10417000000.0,8505000000.0,4.158,0.251,3465000000.0,3465000000.0,0.0,3465000000.0,1314000000.0,1396000000.0,0.0,0.0,0.0,10796000000.0,12192000000.0,0.416,12192000000.0,10796000000.0,10796000000.0,13.345,13.155,13.345,46241000000.0,42106750000.0,46241000000.0,180991770880.0,17.0,14.845,5996000000.0,9.375,1.0,18904000000.0,0.645,7300000000.0,0.0,30390000000.0,27178250000.0,0.0,21868000000.0,21345000000.0,523000000.0,11610000000.0,9996000000.0,1614000000.0,190126770880.0,3432000000.0,0.0,-507000000.0,3463000000.0,0.0,3050000000.0,-10680000000.0,-5595000000.0,11081000000.0,-19000000.0,8505000000.0,8505000000.0,8505000000.0,0.0,0.0,0.29,8523000000.0,10381000000.0,2844000000.0,0.0,4.112,22.355,22.277,7759000000.0,0.0,297.282,6.484,6.484,5002000000.0,27868000000.0,29321000000.0,29321000000.0,3762000000.0,0.168,0.202,0.397,0.368,1282000000.0,4761000000.0,1.0,639550228.0,639550228,,45.846,50551000000.0,524000000.0,2291000000.0,1237000000.0,79.041,31566000000.0
11,GOOGL,MRY,2009-12-31,2009-12-31,2009-12-31,2021-07-28,105000000.0,40497000000.0,36717908500.0,29167000000.0,11330000000.0,0.644,56.74,-810000000.0,10198000000.0,10198000000.0,8844000000.0,6520000000.0,10.618,0.125,0.0,0.0,0.0,0.0,1021000000.0,1524000000.0,0.0,0.0,0.0,8381000000.0,9905000000.0,0.419,9905000000.0,8381000000.0,8381000000.0,10.31,10.205,10.31,36004000000.0,32792176000.0,36004000000.0,184810867313.0,22.0,18.658,8506000000.0,13.405,1.0,14807000000.0,0.626,5678000000.0,0.0,21874000000.0,17552716000.0,0.0,14416000000.0,14287000000.0,129000000.0,4493000000.0,2747000000.0,1746000000.0,196897982313.0,1541000000.0,-108000000.0,143000000.0,0.0,0.0,233000000.0,-8019000000.0,-7101000000.0,9316000000.0,11000000.0,6520000000.0,6520000000.0,6520000000.0,0.0,0.0,0.276,6495000000.0,8312000000.0,216000000.0,0.0,5.469,30.199,30.097,4845000000.0,0.0,310.3,8.325,8.325,3178000000.0,20082000000.0,23651000000.0,23651000000.0,2843000000.0,0.178,0.199,0.477,0.354,1074000000.0,3652000000.0,1.0,634540710.0,634540710,,37.273,34819000000.0,930000000.0,1861000000.0,1392000000.0,54.873,26420000000.0
12,GOOGL,MRY,2008-12-31,2008-12-31,2008-12-31,2021-07-28,226579000.0,31767575000.0,29839829250.0,20178182000.0,11589393000.0,0.73,44.859,-5679000000.0,8656672000.0,8656672000.0,8622000000.0,4227000000.0,8.765,0.125,0.0,0.0,0.0,0.0,780449000.0,1500000000.0,0.0,0.0,0.0,5853000000.0,7353000000.0,0.337,7353000000.0,5853000000.0,5853000000.0,6.73,6.655,6.73,28238862000.0,26491068500.0,28238862000.0,88560578131.0,15.0,12.044,2174000000.0,3.453,1.0,13174000000.0,0.604,5836544000.0,0.0,14972269000.0,13855615000.0,0.0,7274259000.0,7189099000.0,85160000.0,3528713000.0,2302090000.0,1226623000.0,96931047131.0,2575000000.0,0.0,-72000000.0,0.0,0.0,87000000.0,-5319000000.0,360000000.0,7853000000.0,-46000000.0,4227000000.0,4227000000.0,4227000000.0,0.0,0.0,0.194,6542000000.0,6632000000.0,178004000.0,0.0,3.433,22.931,22.879,5233843000.0,0.0,153.979,4.447,4.447,2642192000.0,13561630000.0,21796000000.0,21796000000.0,2793000000.0,0.142,0.16,0.422,0.269,961000000.0,3749000000.0,1.0,629508226.0,629508226,,34.624,25931031000.0,286105000.0,1626000000.0,984179000.0,41.193,17876092000.0
13,GOOGL,MRY,2007-12-31,2007-12-31,2007-12-31,2021-07-28,113373000.0,25335806000.0,22528944750.0,17289138000.0,8046668000.0,0.737,36.264,-3309491000.0,6081593000.0,6081593000.0,6649085000.0,4203720000.0,8.493,0.117,0.0,0.0,0.0,0.0,730323000.0,967658000.0,0.0,0.0,0.0,5673980000.0,6641638000.0,0.4,6641638000.0,5673980000.0,5673980000.0,6.765,6.645,6.765,22689679000.0,20440817000.0,22689679000.0,211433020183.0,37.0,31.834,2465919000.0,3.941,1.0,9944901000.0,0.599,2745964000.0,0.0,14472647000.0,13610641250.0,0.0,9196714000.0,8137020000.0,1059694000.0,2646127000.0,2035602000.0,610525000.0,216539424183.0,2536922000.0,0.0,23861000.0,0.0,0.0,403067000.0,-3681589000.0,-372098000.0,5775410000.0,40034000.0,4203720000.0,4203720000.0,4203720000.0,0.0,0.0,0.253,4860501000.0,5084400000.0,282106000.0,0.0,9.544,51.511,51.158,4039261000.0,0.0,346.086,13.049,13.049,2162521000.0,9334772000.0,16593986000.0,16593986000.0,2119985000.0,0.187,0.206,0.417,0.342,489440000.0,2740516000.0,1.0,625680970.0,625680970,,26.521,22589842000.0,247010000.0,1470260000.0,478372000.0,36.104,15253536000.0
14,GOOGL,MRY,2006-12-31,2006-12-31,2006-12-31,2021-07-28,23311000.0,18473351000.0,14964364750.0,13039847000.0,5433504000.0,0.709,27.829,-2305244000.0,3544671000.0,3544671000.0,4225027000.0,3077446000.0,9.995,0.084,0.0,0.0,0.0,0.0,495506000.0,494430000.0,0.0,0.0,0.0,4011040000.0,4505470000.0,0.425,4505470000.0,4011040000.0,4011040000.0,5.105,4.97,5.105,17039840000.0,13759300750.0,17039840000.0,138081700229.0,34.0,30.648,1275264000.0,2.083,1.0,6379890000.0,0.602,1891960000.0,0.0,11732133000.0,9623542500.0,0.0,8731093000.0,7699243000.0,1031850000.0,1433511000.0,1304587000.0,128924000.0,141120041229.0,-332503000.0,0.0,2384666000.0,0.0,0.0,2966398000.0,-6899150000.0,-4593906000.0,3580508000.0,19741000.0,3077446000.0,3077446000.0,3077446000.0,0.0,0.0,0.29,2829894000.0,3549996000.0,211169000.0,0.0,8.282,45.856,45.146,2395239000.0,0.0,230.47,13.307,13.307,1322340000.0,5133314000.0,10604917000.0,10604917000.0,1228589000.0,0.206,0.224,0.417,0.378,-123632000.0,1601305000.0,1.0,612314146.0,612314146,,17.319,16581391000.0,29713000.0,933594000.0,40421000.0,27.08,11735260000.0
15,GOOGL,MRY,2005-12-31,2005-12-31,2005-12-31,2021-07-28,4019000.0,10271813000.0,7021432750.0,9001071000.0,1270742000.0,0.874,17.073,-838217000.0,3877174000.0,3877174000.0,2577088000.0,1465397000.0,12.076,0.091,0.0,0.0,0.0,0.0,299338000.0,256812000.0,0.0,0.0,0.0,2141677000.0,2398489000.0,0.391,2398489000.0,2141677000.0,2141677000.0,2.655,2.51,2.655,9418957000.0,6398186000.0,9418957000.0,117215487480.0,55.0,48.871,1621205000.0,2.939,1.0,3561472000.0,0.58,277683000.0,0.0,5371572000.0,3599871000.0,0.0,4171442000.0,4157073000.0,14369000.0,852856000.0,745384000.0,107472000.0,122734046480.0,3450301000.0,-101310000.0,4372255000.0,-1425000.0,0.0,4370830000.0,-3358193000.0,-2418666000.0,2459422000.0,-21758000.0,1465397000.0,1465397000.0,1465397000.0,0.0,0.0,0.239,1544194000.0,2017278000.0,115575000.0,0.0,13.031,83.755,78.206,961749000.0,0.0,207.638,19.994,18.661,687976000.0,2055868000.0,6138560000.0,6138560000.0,599510000.0,0.209,0.229,0.595,0.349,634433000.0,854684000.0,1.0,591096266.0,551688000,583748000.0,11.127,9994130000.0,49341000.0,676280000.0,63193000.0,18.116,8255687000.0
16,GOOGL,MRY,2004-12-31,2004-12-31,2004-12-31,2021-07-28,5436000.0,3313351000.0,2152336250.0,2693465000.0,619886000.0,1.482,7.581,-318995000.0,426873000.0,426873000.0,1468967000.0,399119000.0,7.913,0.131,1902000.0,1902000.0,0.0,1902000.0,166495000.0,128523000.0,0.0,0.0,0.0,650234000.0,778757000.0,0.244,778757000.0,650234000.0,650234000.0,1.035,0.73,1.035,2929056000.0,1815714500.0,2929056000.0,52422976863.0,81.0,67.316,658049000.0,1.703,1.0,1720256000.0,0.539,193887000.0,0.0,2354125000.0,1407628500.0,0.0,1705424000.0,1705424000.0,0.0,384295000.0,340368000.0,43927000.0,52764356863.0,277878000.0,-58863000.0,1195025000.0,-4707000.0,0.0,1194618000.0,-1901356000.0,-1523498000.0,977044000.0,7572000.0,399119000.0,399119000.0,399119000.0,0.0,0.0,0.125,1080064000.0,640192000.0,32672000.0,0.0,18.014,132.202,93.228,378916000.0,0.0,96.491,16.545,11.689,311836000.0,590471000.0,3189223000.0,3189223000.0,395164000.0,0.185,0.22,0.462,0.204,470316000.0,483900000.0,1.0,546831900.0,386352000,545562000.0,8.255,3119464000.0,101562000.0,251115000.0,0.0,8.074,2353097000.0
17,GOOGL,MRY,2003-12-31,2003-12-31,2003-12-31,2021-07-28,1660000.0,871458000.0,579175000.0,560234000.0,311224000.0,2.531,2.138,-176801000.0,148995000.0,148995000.0,625854000.0,105648000.0,2.379,0.48,6609000.0,4621000.0,1988000.0,6609000.0,109032000.0,55049000.0,0.0,,0.0,346654000.0,401703000.0,0.274,401703000.0,346654000.0,346654000.0,0.385,0.205,0.385,588770000.0,381361500.0,588770000.0,,,,218644000.0,0.794,1.0,840080000.0,0.573,105556000.0,0.0,388064000.0,269231000.0,0.0,185723000.0,185723000.0,0.0,282688000.0,235452000.0,47236000.0,,91243000.0,-39958000.0,15476000.0,-7386000.0,0.0,8090000.0,-313954000.0,-97195000.0,395445000.0,1662000.0,105648000.0,105648000.0,105648000.0,0.0,0.0,0.072,497616000.0,342464000.0,46175000.0,0.0,,,,188255000.0,0.0,,,,154690000.0,191352000.0,1465934000.0,1465934000.0,91228000.0,0.182,0.277,1.288,0.236,229361000.0,177027000.0,1.0,,275394000,513276000.0,5.323,765902000.0,22105000.0,241006000.0,39215000.0,2.781,324782000.0
18,GOOGL,MRY,2002-12-31,2002-12-31,2002-12-31,2021-07-28,49000.0,286892000.0,,231796000.0,55096000.0,,0.755,-37099000.0,57752000.0,57752000.0,131510000.0,99656000.0,2.59,0.649,10862000.0,4350000.0,6512000.0,10862000.0,26346000.0,28983000.0,0.0,,0.0,184915000.0,213898000.0,0.487,213898000.0,184915000.0,184915000.0,0.43,0.225,0.43,173953000.0,,173953000.0,,,,118166000.0,0.513,1.0,307998000.0,0.701,96000.0,0.0,150398000.0,,0.0,88579000.0,88579000.0,0.0,112939000.0,89508000.0,23431000.0,,40075000.0,0.0,2262000.0,-7735000.0,0.0,-5473000.0,-109717000.0,-72618000.0,155265000.0,0.0,99656000.0,99656000.0,99656000.0,0.0,0.0,0.227,121532000.0,186466000.0,9394000.0,0.0,,,,53873000.0,0.0,,,,61994000.0,85704000.0,439508000.0,439508000.0,31748000.0,,,,0.421,21635000.0,68149000.0,1.0,,230484000,441266000.0,1.907,286796000.0,12646000.0,85259000.0,26561000.0,1.244,142288000.0
19,GOOGL,MRY,2001-12-31,2001-12-31,2001-12-31,2021-07-28,,,,,,,,-13060000.0,,,15104000.0,6985000.0,,,,,,,,14182000.0,,,0.0,10068000.0,24250000.0,0.281,24250000.0,10068000.0,10068000.0,0.035,0.02,0.035,,,,,,,18029000.0,0.095,1.0,71322000.0,0.825,,0.0,,,,,,,,,,,-441000.0,0.0,988000.0,-4503000.0,0.0,-2439000.0,-29091000.0,-14929000.0,31089000.0,0.0,6985000.0,6985000.0,6985000.0,0.0,0.0,0.081,72741000.0,-1419000.0,,0.0,,,,,0.0,,,,,,86426000.0,86426000.0,20940000.0,,,,0.116,12383000.0,39418000.0,1.0,,189046000,373552000.0,0.457,,,3083000.0,,,
0,GOOGL,MRQ,2021-06-30,2021-06-30,2021-06-30,2021-07-28,190000000.0,335387000000.0,,175697000000.0,159690000000.0,,354.488,-5496000000.0,23630000000.0,23630000000.0,26227000000.0,18525000000.0,3.152,0.412,25947000000.0,0.0,25947000000.0,25947000000.0,10663000000.0,2945000000.0,0.0,0.0,0.0,21985000000.0,24930000000.0,0.403,24930000000.0,21985000000.0,21985000000.0,27.69,27.26,27.69,237565000000.0,,237565000000.0,1635046248109.0,22.0,18.534,16394000000.0,24.463,1.0,35653000000.0,0.576,24032000000.0,0.0,257931000000.0,,907000000.0,137765000000.0,112233000000.0,25532000000.0,97822000000.0,55741000000.0,42081000000.0,1636399248109.0,-2992000000.0,-308000000.0,-15249000000.0,-1042000000.0,0.0,-15991000000.0,-9074000000.0,-3293000000.0,21890000000.0,183000000.0,18525000000.0,18525000000.0,18525000000.0,0.0,0.0,0.299,16292000000.0,19361000000.0,4708000000.0,0.0,6.888,26.004,26.163,104675000000.0,0.0,2441.79,7.429,7.429,31967000000.0,176939000000.0,61880000000.0,61880000000.0,7675000000.0,,,,,3803000000.0,8617000000.0,1.0,670163793.0,670163793,,92.336,311355000000.0,2037000000.0,3460000000.0,15165000000.0,464.595,119956000000.0
1,GOOGL,MRQ,2021-03-31,2021-03-31,2021-03-31,2021-07-28,-3000000.0,327095000000.0,,172137000000.0,154958000000.0,,341.196,-5942000000.0,26622000000.0,26622000000.0,24103000000.0,17930000000.0,3.104,0.422,25269000000.0,0.0,25269000000.0,25269000000.0,10182000000.0,2753000000.0,0.0,0.0,0.0,21283000000.0,24036000000.0,0.435,24036000000.0,21283000000.0,21283000000.0,26.63,26.29,26.63,230013000000.0,,230013000000.0,1389033354296.0,23.0,18.533,13347000000.0,19.799,1.0,31211000000.0,0.564,24164000000.0,0.0,246125000000.0,,888000000.0,133776000000.0,108482000000.0,25294000000.0,97082000000.0,55453000000.0,41629000000.0,1390420354296.0,157000000.0,-1666000000.0,-13579000000.0,-37000000.0,0.0,-13606000000.0,-5383000000.0,2195000000.0,19289000000.0,-143000000.0,17930000000.0,17930000000.0,17930000000.0,0.0,0.0,0.324,14774000000.0,16437000000.0,4801000000.0,0.0,6.045,27.07,27.192,100204000000.0,0.0,2062.52,7.069,7.069,28006000000.0,170580000000.0,55314000000.0,55314000000.0,7485000000.0,,,,,3745000000.0,7289000000.0,1.0,674136665.0,674136665,,82.052,302931000000.0,1622000000.0,3353000000.0,15577000000.0,449.361,116684000000.0
2,GOOGL,MRQ,2020-12-31,2020-12-31,2020-12-31,2021-07-28,633000000.0,319616000000.0,,174296000000.0,145320000000.0,,329.0,-5479000000.0,26465000000.0,26465000000.0,26080000000.0,15227000000.0,3.067,0.436,25078000000.0,0.0,25078000000.0,25078000000.0,10524000000.0,3725000000.0,0.0,0.0,0.0,18689000000.0,22414000000.0,0.394,22414000000.0,18689000000.0,18689000000.0,22.46,22.23,22.46,222544000000.0,,222544000000.0,1190288741358.0,25.0,19.267,17198000000.0,25.425,1.0,30818000000.0,0.542,22620000000.0,0.0,238775000000.0,,728000000.0,130932000000.0,110229000000.0,20703000000.0,97072000000.0,56834000000.0,40238000000.0,1185531741358.0,6336000000.0,-370000000.0,-9551000000.0,-57000000.0,0.0,-9270000000.0,-7281000000.0,-1375000000.0,22677000000.0,210000000.0,15227000000.0,15227000000.0,15227000000.0,0.0,0.0,0.268,15167000000.0,15651000000.0,5589000000.0,0.0,5.327,29.44,29.63,96960000000.0,0.0,1752.64,6.495,6.495,30930000000.0,163401000000.0,56898000000.0,56898000000.0,7022000000.0,,,,,3223000000.0,8145000000.0,1.0,676426272.0,676426272,,84.116,296996000000.0,1538000000.0,3462000000.0,13895000000.0,439.066,117462000000.0
3,GOOGL,MRQ,2020-09-30,2020-09-30,2020-09-30,2021-07-28,46000000.0,299243000000.0,,164369000000.0,134874000000.0,,313.042,-5406000000.0,20129000000.0,20129000000.0,21117000000.0,11247000000.0,3.41,0.405,24886000000.0,0.0,24886000000.0,24886000000.0,8786000000.0,3478000000.0,0.0,0.0,0.0,13359000000.0,16837000000.0,0.365,16837000000.0,13359000000.0,13359000000.0,16.55,16.4,16.55,212920000000.0,,212920000000.0,993832823456.0,25.0,18.583,11597000000.0,17.05,1.0,25056000000.0,0.543,22390000000.0,0.0,233410000000.0,,835000000.0,127123000000.0,112467000000.0,14656000000.0,86323000000.0,48200000000.0,38123000000.0,996847823456.0,2387000000.0,-13000000.0,-9254000000.0,9802000000.0,0.0,546000000.0,-15197000000.0,-9372000000.0,17003000000.0,35000000.0,11247000000.0,11247000000.0,11247000000.0,0.0,0.0,0.244,13843000000.0,11213000000.0,4391000000.0,0.0,4.682,27.913,28.082,93582000000.0,0.0,1465.6,5.806,5.806,24925000000.0,155567000000.0,46173000000.0,46173000000.0,6856000000.0,,,,,3195000000.0,6987000000.0,1.0,680163635.0,680163635,,67.885,276853000000.0,1560000000.0,2112000000.0,11688000000.0,407.039,116169000000.0
4,GOOGL,MRQ,2020-06-30,2020-06-30,2020-06-30,2021-07-28,-296000000.0,278492000000.0,,149069000000.0,129423000000.0,,303.715,-5391000000.0,17742000000.0,17742000000.0,18553000000.0,6959000000.0,3.414,0.343,14727000000.0,0.0,14727000000.0,14727000000.0,7463000000.0,3386000000.0,0.0,0.0,0.0,8277000000.0,11663000000.0,0.305,11663000000.0,8277000000.0,8277000000.0,10.21,10.13,10.21,207322000000.0,,207322000000.0,963837593045.0,27.0,20.0,8602000000.0,12.601,1.0,19744000000.0,0.516,22521000000.0,0.0,209298000000.0,,815000000.0,116299000000.0,103338000000.0,12961000000.0,71170000000.0,43658000000.0,27512000000.0,967989593045.0,-1902000000.0,-165000000.0,-8327000000.0,-35000000.0,0.0,-7498000000.0,-8448000000.0,-3011000000.0,13993000000.0,51000000.0,6959000000.0,6959000000.0,6959000000.0,0.0,0.0,0.182,13361000000.0,6383000000.0,4064000000.0,0.0,4.669,30.697,30.935,90315000000.0,0.0,1418.05,5.83,5.83,21201000000.0,151681000000.0,38297000000.0,38297000000.0,6875000000.0,,,,,3382000000.0,6486000000.0,1.0,682620213.0,682620213,,56.103,255971000000.0,1289000000.0,1318000000.0,11371000000.0,374.983,105411000000.0
5,GOOGL,MRQ,2020-03-31,2020-03-31,2020-03-31,2021-07-28,-1097000000.0,273403000000.0,,147018000000.0,126385000000.0,,296.323,-6005000000.0,19644000000.0,19644000000.0,18982000000.0,6836000000.0,3.658,0.342,15492000000.0,0.0,15492000000.0,15492000000.0,7270000000.0,3108000000.0,0.0,0.0,0.0,7757000000.0,10865000000.0,0.264,10865000000.0,7757000000.0,7757000000.0,9.96,9.87,9.96,203659000000.0,,203659000000.0,794862072276.0,20.0,15.431,5446000000.0,7.924,1.0,22177000000.0,0.539,22574000000.0,0.0,206488000000.0,,889000000.0,109952000000.0,97585000000.0,12367000000.0,69744000000.0,40189000000.0,29555000000.0,798592072276.0,1146000000.0,-190000000.0,-9737000000.0,-49000000.0,0.0,-8186000000.0,-1847000000.0,3936000000.0,11451000000.0,-272000000.0,6836000000.0,6836000000.0,6836000000.0,0.0,0.0,0.166,14200000000.0,7977000000.0,4099000000.0,0.0,3.921,23.133,23.258,87966000000.0,0.0,1161.95,4.791,4.791,21825000000.0,151068000000.0,41159000000.0,41159000000.0,6820000000.0,,,,,3191000000.0,7380000000.0,1.0,687286090.0,687286090,,59.886,250829000000.0,2640000000.0,921000000.0,12199000000.0,364.956,106829000000.0
6,GOOGL,MRQ,2019-12-31,2019-12-31,2019-12-31,2021-07-28,-1232000000.0,275909000000.0,,152578000000.0,123331000000.0,,292.077,-6052000000.0,18498000000.0,18498000000.0,21020000000.0,10671000000.0,3.374,0.37,14768000000.0,0.0,14768000000.0,14768000000.0,8182000000.0,3413000000.0,0.0,0.0,0.0,10704000000.0,14117000000.0,0.306,14117000000.0,10704000000.0,10704000000.0,15.47,15.33,15.47,201442000000.0,,201442000000.0,921476472316.0,23.0,17.925,8375000000.0,12.143,1.0,25055000000.0,0.544,22603000000.0,0.0,204355000000.0,,999000000.0,114255000000.0,101177000000.0,13078000000.0,74467000000.0,45221000000.0,29246000000.0,923760472316.0,2466000000.0,-2142000000.0,-7297000000.0,-47000000.0,0.0,-7326000000.0,-4703000000.0,3370000000.0,14427000000.0,68000000.0,10671000000.0,10671000000.0,10671000000.0,0.0,0.0,0.232,15789000000.0,9266000000.0,5561000000.0,0.0,4.586,26.898,27.009,84587000000.0,0.0,1339.39,5.707,5.707,25326000000.0,152122000000.0,46075000000.0,46075000000.0,7222000000.0,,,,,2645000000.0,8567000000.0,1.0,689687449.0,689687449,,66.806,253306000000.0,2887000000.0,33000000.0,11860000000.0,367.277,107357000000.0
7,GOOGL,MRQ,2019-09-30,2019-09-30,2019-09-30,2021-07-28,-1196000000.0,263044000000.0,,148358000000.0,114686000000.0,,281.179,-6732000000.0,16032000000.0,16032000000.0,17568000000.0,7068000000.0,3.782,0.349,13748000000.0,0.0,13748000000.0,13748000000.0,6878000000.0,2920000000.0,0.0,0.0,0.0,8628000000.0,11548000000.0,0.285,11548000000.0,8628000000.0,8628000000.0,10.2,10.12,10.2,194969000000.0,,194969000000.0,843311461119.0,22.0,16.886,8734000000.0,12.596,1.0,22931000000.0,0.566,19816000000.0,0.0,201720000000.0,,1401000000.0,117633000000.0,105145000000.0,12488000000.0,68075000000.0,39224000000.0,28851000000.0,846736461119.0,-555000000.0,-126000000.0,-6827000000.0,-145000000.0,0.0,-6954000000.0,-8945000000.0,-2466000000.0,15466000000.0,-122000000.0,7068000000.0,7068000000.0,7068000000.0,0.0,0.0,0.175,13754000000.0,9177000000.0,4142000000.0,0.0,4.343,25.958,25.987,79593000000.0,0.0,1221.14,5.461,5.461,20889000000.0,147125000000.0,40499000000.0,40499000000.0,6554000000.0,,,,,2624000000.0,7200000000.0,1.0,693398350.0,693398350,,58.407,243228000000.0,756000000.0,1560000000.0,13233000000.0,350.777,109134000000.0
8,GOOGL,MRQ,2019-06-30,2019-06-30,2019-06-30,2021-07-28,-1091000000.0,257101000000.0,,147437000000.0,109664000000.0,,276.836,-6126000000.0,16587000000.0,16587000000.0,17296000000.0,9947000000.0,3.985,0.338,13162000000.0,0.0,13162000000.0,13162000000.0,6671000000.0,2835000000.0,0.0,0.0,0.0,12147000000.0,14982000000.0,0.385,14982000000.0,12147000000.0,12147000000.0,14.33,14.21,14.33,192192000000.0,,192192000000.0,744851202882.0,18.0,14.653,6501000000.0,9.364,1.0,21648000000.0,0.556,19902000000.0,0.0,196774000000.0,,964000000.0,116581000000.0,104469000000.0,12112000000.0,64909000000.0,37000000000.0,27909000000.0,751727202882.0,-2561000000.0,-148000000.0,-4837000000.0,-46000000.0,0.0,-4746000000.0,-10455000000.0,-4236000000.0,12627000000.0,13000000.0,9947000000.0,9947000000.0,9947000000.0,0.0,0.0,0.255,12468000000.0,9180000000.0,3925000000.0,0.0,3.911,21.636,21.656,74604000000.0,0.0,1082.8,5.069,5.069,20965000000.0,145346000000.0,38944000000.0,38944000000.0,6213000000.0,,,,,2756000000.0,6255000000.0,1.0,694243815.0,694243815,,56.096,237199000000.0,937000000.0,2200000000.0,13397000000.0,341.665,110437000000.0
9,GOOGL,MRQ,2019-03-31,2019-03-31,2019-03-31,2021-07-28,-1780000000.0,245349000000.0,,138207000000.0,107142000000.0,,263.918,-4638000000.0,19148000000.0,19148000000.0,16012000000.0,6657000000.0,3.959,0.337,12272000000.0,0.0,12272000000.0,12272000000.0,6376000000.0,2613000000.0,0.0,0.0,0.0,8146000000.0,10759000000.0,0.296,10759000000.0,8146000000.0,8146000000.0,9.58,9.5,9.58,183472000000.0,,183472000000.0,805468917588.0,25.0,19.097,7362000000.0,10.59,1.0,20327000000.0,0.559,20006000000.0,0.0,183557000000.0,,1053000000.0,108814000000.0,94340000000.0,14474000000.0,61877000000.0,34910000000.0,26967000000.0,818157917588.0,2447000000.0,-99000000.0,-4200000000.0,-30000000.0,0.0,-4183000000.0,-5388000000.0,-685000000.0,12000000000.0,18000000.0,6657000000.0,6657000000.0,6657000000.0,0.0,0.0,0.183,13719000000.0,6608000000.0,3710000000.0,0.0,4.459,29.228,29.225,69365000000.0,0.0,1176.89,5.761,5.761,19149000000.0,138720000000.0,36339000000.0,36339000000.0,6029000000.0,,,,,2769000000.0,5993000000.0,1.0,695186396.0,695186396,,52.272,225343000000.0,861000000.0,1489000000.0,13648000000.0,324.148,103297000000.0
10,GOOGL,MRQ,2018-12-31,2018-12-31,2018-12-31,2021-07-28,-2306000000.0,232792000000.0,,135676000000.0,97116000000.0,,255.409,-7081000000.0,16701000000.0,16701000000.0,17918000000.0,8948000000.0,3.919,0.311,4012000000.0,0.0,4012000000.0,4012000000.0,6772000000.0,2580000000.0,0.0,0.0,0.0,10072000000.0,12652000000.0,0.322,12652000000.0,10072000000.0,10072000000.0,12.88,12.75,12.88,177628000000.0,,177628000000.0,717277149270.0,21.0,16.321,5906000000.0,8.492,1.0,21358000000.0,0.544,20108000000.0,0.0,165375000000.0,,1107000000.0,106298000000.0,92439000000.0,13859000000.0,55164000000.0,34620000000.0,20544000000.0,726734149270.0,3258000000.0,-39000000.0,-3691000000.0,-5000000.0,0.0,-2746000000.0,-6876000000.0,215000000.0,12987000000.0,-107000000.0,8948000000.0,8948000000.0,8948000000.0,0.0,0.0,0.228,13137000000.0,8221000000.0,4378000000.0,0.0,4.091,23.644,23.631,59719000000.0,0.0,1044.96,5.312,5.312,20838000000.0,134885000000.0,39276000000.0,39276000000.0,6034000000.0,,,,,2253000000.0,7103000000.0,1.0,695465998.0,695465998,,56.474,212684000000.0,1092000000.0,1124000000.0,12660000000.0,305.815,101056000000.0
11,GOOGL,MRQ,2018-09-30,2018-09-30,2018-09-30,2021-07-28,-1676000000.0,221538000000.0,,129702000000.0,91836000000.0,,244.136,-5282000000.0,13443000000.0,13443000000.0,14281000000.0,9192000000.0,4.144,0.304,3986000000.0,0.0,3986000000.0,3986000000.0,5947000000.0,2355000000.0,0.0,0.0,0.0,10083000000.0,12438000000.0,0.369,12438000000.0,10083000000.0,10083000000.0,13.21,13.06,13.21,169840000000.0,,169840000000.0,829571726233.0,25.0,20.067,7928000000.0,11.396,1.0,19459000000.0,0.577,20343000000.0,0.0,160437000000.0,,1212000000.0,105646000000.0,92973000000.0,12673000000.0,51698000000.0,31301000000.0,20397000000.0,839738726233.0,-705000000.0,-18000000.0,-3453000000.0,-25000000.0,0.0,-3478000000.0,-10408000000.0,-5128000000.0,13210000000.0,-29000000.0,9192000000.0,9192000000.0,9192000000.0,0.0,0.0,0.272,10834000000.0,8625000000.0,3789000000.0,0.0,4.944,44.743,44.773,55300000000.0,0.0,1207.08,6.466,6.466,17897000000.0,128405000000.0,33740000000.0,33740000000.0,5232000000.0,,,,,2230000000.0,5602000000.0,1.0,695677773.0,695677773,,48.499,201195000000.0,852000000.0,891000000.0,12880000000.0,289.207,98401000000.0
12,GOOGL,MRQ,2018-06-30,2018-06-30,2018-06-30,2021-07-28,-1525000000.0,211610000000.0,,124157000000.0,87453000000.0,,233.245,-5507000000.0,14148000000.0,14148000000.0,13883000000.0,3195000000.0,4.152,0.306,3981000000.0,0.0,3981000000.0,3981000000.0,5800000000.0,2114000000.0,0.0,0.0,0.0,4215000000.0,6329000000.0,0.194,6329000000.0,4215000000.0,4215000000.0,4.6,4.54,4.6,162000000000.0,,162000000000.0,776921517692.0,25.0,20.106,4625000000.0,6.659,1.0,18774000000.0,0.575,20557000000.0,0.0,150983000000.0,,698000000.0,99593000000.0,88106000000.0,11487000000.0,49610000000.0,29903000000.0,19707000000.0,784277517692.0,1490000000.0,-184000000.0,-3593000000.0,-1344000000.0,0.0,-4937000000.0,-3374000000.0,2268000000.0,10132000000.0,-331000000.0,3195000000.0,3195000000.0,3195000000.0,0.0,0.0,0.098,15729000000.0,3045000000.0,3369000000.0,0.0,4.841,48.092,48.133,51672000000.0,0.0,1129.19,6.33,6.33,17043000000.0,121282000000.0,32657000000.0,32657000000.0,5114000000.0,,,,,2413000000.0,5544000000.0,1.0,694548763.0,694548763,,47.019,191053000000.0,886000000.0,1020000000.0,13320000000.0,275.075,94254000000.0
13,GOOGL,MRQ,2018-03-31,2018-03-31,2018-03-31,2021-07-28,-670000000.0,206935000000.0,,123761000000.0,83174000000.0,,231.304,-7269000000.0,12658000000.0,12658000000.0,13467000000.0,9401000000.0,4.874,0.287,5302000000.0,1329000000.0,3973000000.0,5302000000.0,5634000000.0,1986000000.0,0.0,0.0,0.0,10543000000.0,12529000000.0,0.402,12529000000.0,10543000000.0,10543000000.0,13.53,13.33,13.53,160825000000.0,,160825000000.0,714374880264.0,23.0,18.645,4373000000.0,6.289,1.0,17679000000.0,0.568,20671000000.0,0.0,153514000000.0,,636000000.0,101203000000.0,90227000000.0,10976000000.0,46110000000.0,25394000000.0,20716000000.0,721120880264.0,1943000000.0,-1250000000.0,-3331000000.0,1313000000.0,0.0,-2018000000.0,-7846000000.0,673000000.0,11642000000.0,165000000.0,9401000000.0,9401000000.0,9401000000.0,0.0,0.0,0.302,10046000000.0,7633000000.0,3526000000.0,0.0,4.484,43.344,43.304,48845000000.0,0.0,1037.14,6.15,6.15,16777000000.0,120008000000.0,31146000000.0,31146000000.0,5039000000.0,,,,,2457000000.0,5007000000.0,1.0,695297530.0,695297530,,44.795,186264000000.0,715000000.0,1142000000.0,14622000000.0,267.891,98367000000.0
14,GOOGL,MRQ,2017-12-31,2017-12-31,2017-12-31,2021-07-28,-992000000.0,197295000000.0,,124308000000.0,72987000000.0,,219.49,-4388000000.0,10715000000.0,10715000000.0,14267000000.0,-3020000000.0,5.14,0.294,3969000000.0,0.0,3969000000.0,3969000000.0,5747000000.0,2026000000.0,0.0,0.0,0.0,8018000000.0,10044000000.0,0.311,10044000000.0,8018000000.0,8018000000.0,-4.38,-4.3,-4.38,152502000000.0,,152502000000.0,725287543727.0,27.0,21.264,5880000000.0,8.463,1.0,18056000000.0,0.559,19439000000.0,0.0,146927000000.0,,749000000.0,98969000000.0,91156000000.0,7813000000.0,44793000000.0,24183000000.0,20610000000.0,731904543727.0,134000000.0,-14000000.0,-3156000000.0,-22000000.0,0.0,-3178000000.0,-6974000000.0,-2671000000.0,10268000000.0,18000000.0,-3020000000.0,-3020000000.0,-3020000000.0,0.0,0.0,-0.093,10360000000.0,7696000000.0,3137000000.0,0.0,4.799,57.803,57.657,42383000000.0,0.0,1053.4,6.602,6.602,18336000000.0,113247000000.0,32323000000.0,32323000000.0,4306000000.0,,,,,1847000000.0,6054000000.0,1.0,694802111.0,694802111,,46.521,177856000000.0,1049000000.0,11038000000.0,14123000000.0,255.981,100125000000.0
15,GOOGL,MRQ,2017-09-30,2017-09-30,2017-09-30,2021-07-28,-746000000.0,189536000000.0,,119345000000.0,70191000000.0,,226.735,-3511000000.0,10581000000.0,10581000000.0,11148000000.0,6732000000.0,5.767,0.206,3964000000.0,0.0,3964000000.0,3964000000.0,4815000000.0,1761000000.0,0.0,0.0,0.0,7979000000.0,9740000000.0,0.351,9740000000.0,7979000000.0,7979000000.0,9.71,9.57,9.71,157100000000.0,,157100000000.0,662914615055.0,25.0,20.33,6361000000.0,9.181,1.0,16624000000.0,0.599,19614000000.0,0.0,142612000000.0,,765000000.0,96831000000.0,89562000000.0,7269000000.0,32436000000.0,20693000000.0,11743000000.0,674670615055.0,-5130000000.0,-130000000.0,-1018000000.0,-8000000.0,0.0,-706000000.0,-14404000000.0,-10763000000.0,9872000000.0,108000000.0,6732000000.0,6732000000.0,6732000000.0,0.0,0.0,0.242,8842000000.0,7782000000.0,2674000000.0,0.0,4.295,32.104,32.051,40120000000.0,0.0,973.72,6.45,6.45,15295000000.0,118237000000.0,27772000000.0,27772000000.0,4205000000.0,,,,,1820000000.0,4637000000.0,1.0,692879488.0,692879488,,40.082,169922000000.0,787000000.0,1247000000.0,4730000000.0,245.24,98652000000.0
16,GOOGL,MRQ,2017-06-30,2017-06-30,2017-06-30,2021-07-28,-1728000000.0,178621000000.0,,112386000000.0,66235000000.0,,214.364,-2818000000.0,15711000000.0,15711000000.0,10373000000.0,3524000000.0,6.015,0.205,3955000000.0,0.0,3955000000.0,3955000000.0,4578000000.0,1625000000.0,0.0,0.0,0.0,4377000000.0,6002000000.0,0.231,6002000000.0,4377000000.0,4377000000.0,5.09,5.01,5.09,148286000000.0,,148286000000.0,628909841237.0,26.0,20.614,4585000000.0,6.628,1.0,15637000000.0,0.601,19537000000.0,0.0,128643000000.0,,398000000.0,85644000000.0,79002000000.0,6642000000.0,30335000000.0,18685000000.0,11650000000.0,643104841237.0,-2421000000.0,-42000000.0,-2702000000.0,-38000000.0,0.0,-2740000000.0,-7172000000.0,-4312000000.0,7403000000.0,88000000.0,3524000000.0,3524000000.0,3524000000.0,0.0,0.0,0.135,11505000000.0,4132000000.0,2488000000.0,0.0,4.337,33.246,33.167,37676000000.0,0.0,929.68,6.478,6.478,14003000000.0,111505000000.0,26010000000.0,26010000000.0,4172000000.0,,,,,2003000000.0,4597000000.0,1.0,691748603.0,691748603,,37.6,159084000000.0,1250000000.0,853000000.0,4630000000.0,229.974,93701000000.0
17,GOOGL,MRQ,2017-03-31,2017-03-31,2017-03-31,2021-07-28,-2169000000.0,172756000000.0,,108794000000.0,63962000000.0,,209.639,-2467000000.0,18132000000.0,18132000000.0,9795000000.0,5426000000.0,7.131,0.192,3937000000.0,0.0,3937000000.0,3937000000.0,4359000000.0,1503000000.0,0.0,0.0,0.0,6819000000.0,8322000000.0,0.336,8322000000.0,6819000000.0,6819000000.0,7.85,7.73,7.85,144949000000.0,,144949000000.0,577203153231.0,22.0,17.972,7081000000.0,10.241,1.0,14955000000.0,0.604,19684000000.0,0.0,123621000000.0,,280000000.0,80438000000.0,74307000000.0,6131000000.0,27807000000.0,15256000000.0,12551000000.0,586186153231.0,5214000000.0,-101000000.0,-2136000000.0,-18000000.0,0.0,-1674000000.0,-2851000000.0,-283000000.0,9548000000.0,191000000.0,5426000000.0,5426000000.0,5426000000.0,0.0,0.0,0.219,8387000000.0,6568000000.0,2306000000.0,0.0,4.044,28.322,28.213,35936000000.0,0.0,847.8,6.186,6.186,12913000000.0,109420000000.0,24750000000.0,24750000000.0,3942000000.0,,,,,2009000000.0,4445000000.0,1.0,691420327.0,691420327,,35.796,153072000000.0,421000000.0,1393000000.0,6331000000.0,221.388,93538000000.0
18,GOOGL,MRQ,2016-12-31,2016-12-31,2016-12-31,2021-07-28,-2402000000.0,167497000000.0,,105408000000.0,62089000000.0,,201.724,-3064000000.0,12918000000.0,12918000000.0,10661000000.0,5333000000.0,6.291,0.205,3935000000.0,0.0,3935000000.0,3935000000.0,4243000000.0,1687000000.0,0.0,0.0,0.0,6857000000.0,8544000000.0,0.328,8544000000.0,6857000000.0,6857000000.0,7.73,7.59,7.73,139036000000.0,,139036000000.0,540719119853.0,22.0,17.849,6349000000.0,9.212,1.0,15403000000.0,0.591,19775000000.0,0.0,121983000000.0,,268000000.0,79293000000.0,73415000000.0,5878000000.0,28461000000.0,16756000000.0,11705000000.0,546187119853.0,3512000000.0,-662000000.0,-879000000.0,-13000000.0,0.0,-892000000.0,-4702000000.0,-976000000.0,9413000000.0,-307000000.0,5333000000.0,5333000000.0,5333000000.0,0.0,0.0,0.205,8764000000.0,6639000000.0,2041000000.0,0.0,3.928,28.041,27.982,34234000000.0,0.0,792.45,6.05,6.05,14137000000.0,105131000000.0,26064000000.0,26064000000.0,3622000000.0,,,,,1846000000.0,5142000000.0,1.0,689238589.0,689238589,,37.816,147722000000.0,478000000.0,1524000000.0,5457000000.0,214.326,88652000000.0
19,GOOGL,MRQ,2016-09-30,2016-09-30,2016-09-30,2021-07-28,-1032000000.0,159948000000.0,,98546000000.0,61402000000.0,,195.123,-2357000000.0,9406000000.0,9406000000.0,8699000000.0,5061000000.0,6.88,0.193,3938000000.0,0.0,3938000000.0,3938000000.0,3634000000.0,1596000000.0,0.0,0.0,0.0,6045000000.0,7641000000.0,0.34,7641000000.0,6045000000.0,6045000000.0,7.36,7.25,7.36,134103000000.0,,134103000000.0,543185369216.0,24.0,19.157,7488000000.0,10.895,1.0,13752000000.0,0.613,19395000000.0,0.0,120762000000.0,,559000000.0,79355000000.0,73650000000.0,5705000000.0,25845000000.0,14323000000.0,11522000000.0,552609369216.0,-4221000000.0,-252000000.0,-815000000.0,-274000000.0,0.0,-1089000000.0,-13045000000.0,-10436000000.0,9845000000.0,68000000.0,5061000000.0,5061000000.0,5061000000.0,0.0,0.0,0.225,7985000000.0,5767000000.0,2175000000.0,0.0,4.121,28.981,28.975,32753000000.0,0.0,804.06,6.46,6.46,11979000000.0,99798000000.0,22451000000.0,22451000000.0,3596000000.0,,,,,1860000000.0,4389000000.0,1.0,687273797.0,687273797,,32.667,140553000000.0,689000000.0,984000000.0,5025000000.0,204.508,84223000000.0
20,GOOGL,MRQ,2016-06-30,2016-06-30,2016-06-30,2021-07-28,-1151000000.0,154292000000.0,,94238000000.0,60054000000.0,,186.262,-2123000000.0,13627000000.0,13627000000.0,8130000000.0,4877000000.0,5.434,0.207,4203000000.0,2219000000.0,1984000000.0,4203000000.0,3396000000.0,1490000000.0,0.0,0.0,0.0,6119000000.0,7609000000.0,0.354,7609000000.0,6119000000.0,6119000000.0,7.11,7.0,7.11,127879000000.0,,127879000000.0,473109203072.0,22.0,17.619,6997000000.0,10.191,1.0,13370000000.0,0.622,19293000000.0,0.0,108234000000.0,,0.0,70653000000.0,64833000000.0,5820000000.0,26413000000.0,17341000000.0,9072000000.0,483012203072.0,-1484000000.0,-38000000.0,-2398000000.0,-1042000000.0,0.0,-3440000000.0,-7173000000.0,-5012000000.0,9120000000.0,9000000.0,4877000000.0,4877000000.0,4877000000.0,0.0,0.0,0.227,7402000000.0,5968000000.0,3781000000.0,0.0,3.777,26.855,26.863,31413000000.0,0.0,703.53,5.908,5.908,12186000000.0,94737000000.0,21500000000.0,21500000000.0,3363000000.0,,,,,1503000000.0,4039000000.0,1.0,686555233.0,686555233,,31.316,134999000000.0,829000000.0,1242000000.0,4971000000.0,196.632,76897000000.0
21,GOOGL,MRQ,2016-03-31,2016-03-31,2016-03-31,2021-07-28,-1294000000.0,149747000000.0,,90955000000.0,58792000000.0,,179.523,-2428000000.0,15111000000.0,15111000000.0,7648000000.0,4207000000.0,5.143,0.212,5208000000.0,3221000000.0,1987000000.0,5208000000.0,3291000000.0,1371000000.0,0.0,0.0,0.0,5129000000.0,6500000000.0,0.321,6500000000.0,5129000000.0,5129000000.0,6.12,6.02,6.12,123569000000.0,,123569000000.0,513790150244.0,25.0,20.202,5230000000.0,7.598,1.0,12609000000.0,0.622,19523000000.0,0.0,102637000000.0,,0.0,65730000000.0,60153000000.0,5577000000.0,26178000000.0,17684000000.0,8494000000.0,525119150244.0,-1438000000.0,-34000000.0,-2905000000.0,-6000000.0,0.0,-2911000000.0,-6245000000.0,-3783000000.0,7658000000.0,60000000.0,4207000000.0,4207000000.0,4207000000.0,0.0,0.0,0.208,7267000000.0,5342000000.0,3838000000.0,0.0,4.25,31.791,31.695,30162000000.0,0.0,762.9,6.733,6.733,11168000000.0,91168000000.0,20257000000.0,20257000000.0,3367000000.0,,,,,1494000000.0,3900000000.0,1.0,688319767.0,688319767,,29.43,130224000000.0,2037000000.0,922000000.0,4741000000.0,189.191,73271000000.0
22,GOOGL,MRQ,2015-12-31,2015-12-31,2015-12-31,2021-07-28,-1874000000.0,147461000000.0,,90114000000.0,57347000000.0,,174.97,-2100000000.0,16549000000.0,16549000000.0,8188000000.0,4923000000.0,4.667,0.225,5220000000.0,3225000000.0,1995000000.0,5220000000.0,3268000000.0,1404000000.0,0.0,0.0,0.0,5200000000.0,6604000000.0,0.31,6604000000.0,5200000000.0,5200000000.0,7.16,7.07,7.16,120331000000.0,,120331000000.0,522220054844.0,27.0,21.131,4509000000.0,6.556,1.0,13141000000.0,0.616,19716000000.0,0.0,97106000000.0,,491000000.0,61700000000.0,56517000000.0,5183000000.0,27130000000.0,19310000000.0,7820000000.0,535057054844.0,-1519000000.0,8000000.0,-2545000000.0,-14000000.0,0.0,-2559000000.0,-5487000000.0,-3395000000.0,6609000000.0,-82000000.0,4923000000.0,4923000000.0,4923000000.0,0.0,0.0,0.231,7761000000.0,5380000000.0,4359000000.0,0.0,4.447,33.809,33.666,29016000000.0,0.0,778.01,7.135,7.135,12006000000.0,89223000000.0,21329000000.0,21329000000.0,3510000000.0,,,,,1436000000.0,4251000000.0,1.0,687725164.0,687725164,,31.014,127745000000.0,2154000000.0,277000000.0,4154000000.0,185.75,70804000000.0
23,GOOGL,MRQ,2015-09-30,2015-09-30,2015-09-30,2021-07-28,-1592000000.0,144281000000.0,,88103000000.0,56178000000.0,,169.562,-2373000000.0,18068000000.0,18068000000.0,7037000000.0,3979000000.0,4.773,0.241,5231000000.0,3237000000.0,1994000000.0,5231000000.0,2737000000.0,1248000000.0,0.0,0.0,0.0,4891000000.0,6139000000.0,0.329,6139000000.0,4891000000.0,4891000000.0,5.8,5.73,5.8,116241000000.0,,116241000000.0,424405136904.0,21.0,17.064,3772000000.0,5.502,1.0,11638000000.0,0.623,19698000000.0,0.0,93289000000.0,,0.0,59512000000.0,54699000000.0,4813000000.0,28040000000.0,18457000000.0,9583000000.0,437625136904.0,-385000000.0,-102000000.0,-606000000.0,-3000000.0,0.0,-609000000.0,-5817000000.0,-3342000000.0,6145000000.0,-104000000.0,3979000000.0,3979000000.0,3979000000.0,0.0,0.0,0.213,6930000000.0,4708000000.0,4815000000.0,0.0,3.765,28.093,27.95,28338000000.0,0.0,638.37,6.098,6.098,10149000000.0,85969000000.0,18675000000.0,18675000000.0,3230000000.0,,,,,1432000000.0,3700000000.0,1.0,685535249.0,685535249,,27.241,124583000000.0,2499000000.0,912000000.0,5787000000.0,181.731,69646000000.0
24,GOOGL,MRQ,2015-06-30,2015-06-30,2015-06-30,2021-07-28,-929000000.0,138807000000.0,,84164000000.0,54643000000.0,,163.806,-2515000000.0,18453000000.0,18453000000.0,6583000000.0,3931000000.0,4.848,0.242,5233000000.0,3008000000.0,2225000000.0,5233000000.0,2643000000.0,1234000000.0,0.0,0.0,0.0,4956000000.0,6190000000.0,0.349,6190000000.0,4956000000.0,4956000000.0,4.99,4.93,4.99,111783000000.0,,111783000000.0,356787353475.0,19.0,14.897,4581000000.0,6.713,1.0,11144000000.0,0.629,19823000000.0,0.0,88402000000.0,,0.0,55736000000.0,51327000000.0,4409000000.0,27024000000.0,17362000000.0,9662000000.0,368528353475.0,1477000000.0,-78000000.0,-511000000.0,-3000000.0,0.0,-561000000.0,-5103000000.0,-2510000000.0,7096000000.0,45000000.0,3931000000.0,3409000000.0,3409000000.0,0.0,0.0,0.192,6319000000.0,4825000000.0,4009000000.0,0.0,3.297,25.703,25.606,27008000000.0,522000000.0,540.04,5.294,5.294,10019000000.0,81990000000.0,17727000000.0,17727000000.0,2789000000.0,,,,,1132000000.0,3530000000.0,1.0,682409365.0,682409365,,25.977,118984000000.0,1316000000.0,1025000000.0,6317000000.0,174.359,66802000000.0
25,GOOGL,MRQ,2015-03-31,2015-03-31,2015-03-31,2021-07-28,-371000000.0,133400000000.0,,80313000000.0,53087000000.0,,159.268,-2927000000.0,16976000000.0,16976000000.0,6356000000.0,3515000000.0,5.602,0.23,5235000000.0,2009000000.0,3226000000.0,5235000000.0,2547000000.0,1177000000.0,0.0,0.0,0.0,4604000000.0,5781000000.0,0.335,5781000000.0,4604000000.0,4604000000.0,5.16,5.1,5.16,108448000000.0,,108448000000.0,364431457175.0,20.0,15.725,3795000000.0,5.573,1.0,10902000000.0,0.632,19953000000.0,0.0,87370000000.0,,0.0,52550000000.0,48460000000.0,4090000000.0,24952000000.0,14336000000.0,10616000000.0,377541457175.0,-1371000000.0,-64000000.0,-493000000.0,-3000000.0,0.0,-496000000.0,-7304000000.0,-4313000000.0,6722000000.0,-293000000.0,3515000000.0,3515000000.0,3515000000.0,0.0,0.0,0.204,6455000000.0,4447000000.0,3345000000.0,0.0,3.481,26.438,26.339,25448000000.0,0.0,554.7,5.565,5.568,9409000000.0,79292000000.0,17258000000.0,17258000000.0,2753000000.0,,,,,1203000000.0,3702000000.0,1.0,680622782.0,680915000,689498000.0,25.345,113447000000.0,1748000000.0,1089000000.0,5685000000.0,166.61,65977000000.0
26,GOOGL,MRQ,2014-12-31,2014-12-31,2014-12-31,2021-07-28,27000000.0,129187000000.0,,78656000000.0,50531000000.0,,152.974,1081000000.0,18347000000.0,18347000000.0,6921000000.0,4675000000.0,4.688,0.244,5237000000.0,2009000000.0,3228000000.0,5237000000.0,2808000000.0,1267000000.0,0.0,0.0,0.0,5494000000.0,6761000000.0,0.373,6761000000.0,5494000000.0,5494000000.0,6.89,6.79,6.89,103860000000.0,,103860000000.0,349615517952.0,20.0,15.365,8093000000.0,11.92,1.0,11182000000.0,0.618,20206000000.0,0.0,79092000000.0,,0.0,49127000000.0,46048000000.0,3079000000.0,25327000000.0,16779000000.0,8548000000.0,359981517952.0,2582000000.0,-4502000000.0,-521000000.0,-4000000.0,0.0,-992000000.0,-3241000000.0,180000000.0,7012000000.0,-197000000.0,4675000000.0,4675000000.0,4675000000.0,-967000000.0,0.0,0.258,6783000000.0,4399000000.0,4493000000.0,0.0,3.466,25.466,25.378,23883000000.0,0.0,530.66,5.454,5.435,10258000000.0,75066000000.0,18103000000.0,18103000000.0,2813000000.0,,,,,1654000000.0,3970000000.0,1.0,678365654.0,678941000,688489000.0,26.664,108981000000.0,767000000.0,819000000.0,4194000000.0,160.516,61877000000.0
27,GOOGL,MRQ,2014-09-30,2014-09-30,2014-09-30,2021-07-28,-82000000.0,125781000000.0,,80115000000.0,45666000000.0,,145.939,-3559000000.0,15605000000.0,15605000000.0,6695000000.0,2739000000.0,4.471,0.273,5239000000.0,2009000000.0,3230000000.0,5239000000.0,2735000000.0,1547000000.0,0.0,0.0,0.0,3672000000.0,5219000000.0,0.316,5219000000.0,3672000000.0,3672000000.0,4.05,3.98,4.05,98815000000.0,,98815000000.0,383616808482.0,24.0,18.212,2435000000.0,3.596,1.0,9828000000.0,0.595,20205000000.0,0.0,77290000000.0,,279000000.0,49022000000.0,46552000000.0,2470000000.0,26966000000.0,17920000000.0,9046000000.0,397995808482.0,-4015000000.0,0.0,-627000000.0,-3000000.0,0.0,-455000000.0,-9327000000.0,-5768000000.0,5994000000.0,-227000000.0,2739000000.0,2739000000.0,2739000000.0,185000000.0,0.0,0.166,6104000000.0,3724000000.0,4770000000.0,0.0,4.028,31.262,31.133,20981000000.0,0.0,588.41,6.257,6.264,9062000000.0,70949000000.0,16523000000.0,16523000000.0,2655000000.0,,,,,1115000000.0,3449000000.0,1.0,676391986.0,677097000,688215000.0,24.403,105576000000.0,2329000000.0,933000000.0,4671000000.0,155.924,62195000000.0
28,GOOGL,MRQ,2014-06-30,2014-06-30,2014-06-30,2021-07-28,502000000.0,121608000000.0,,77905000000.0,43703000000.0,,141.826,-3189000000.0,19620000000.0,19620000000.0,6114000000.0,3351000000.0,4.557,0.27,5241000000.0,2009000000.0,3232000000.0,5241000000.0,2661000000.0,1079000000.0,0.0,0.0,0.0,4335000000.0,5414000000.0,0.339,5414000000.0,4335000000.0,4335000000.0,4.96,4.88,4.96,95749000000.0,,95749000000.0,383960334481.0,24.0,18.821,2438000000.0,3.611,1.0,9841000000.0,0.617,19820000000.0,0.0,70312000000.0,,293000000.0,43999000000.0,41584000000.0,2415000000.0,25859000000.0,17097000000.0,8762000000.0,394356334481.0,2981000000.0,0.0,-595000000.0,-1004000000.0,0.0,-1462000000.0,-1180000000.0,2009000000.0,5627000000.0,-4000000.0,3351000000.0,3351000000.0,3351000000.0,68000000.0,0.0,0.21,5583000000.0,4258000000.0,4431000000.0,0.0,4.119,30.424,30.294,19486000000.0,0.0,584.67,6.482,6.488,8421000000.0,68136000000.0,15955000000.0,15955000000.0,2238000000.0,,,,,778000000.0,3345000000.0,1.0,674493876.0,675115000,686363000.0,23.633,101788000000.0,2276000000.0,984000000.0,4627000000.0,150.771,60808000000.0
29,GOOGL,MRQ,2014-03-31,2014-03-31,2014-03-31,2021-07-28,345000000.0,116526000000.0,,75314000000.0,41212000000.0,,136.356,-5292000000.0,16639000000.0,16639000000.0,5961000000.0,3452000000.0,4.629,0.271,6243000000.0,3009000000.0,3234000000.0,6243000000.0,2724000000.0,1086000000.0,0.0,0.0,0.0,4274000000.0,5360000000.0,0.348,5360000000.0,4274000000.0,4274000000.0,5.13,5.04,5.13,91711000000.0,,91711000000.0,361254044385.0,23.0,17.909,-901000000.0,-1.34,1.0,9459000000.0,0.613,19494000000.0,0.0,70366000000.0,,337000000.0,44863000000.0,42740000000.0,2123000000.0,24815000000.0,16270000000.0,8545000000.0,374907044385.0,-2099000000.0,0.0,-326000000.0,993000000.0,0.0,822000000.0,-7307000000.0,-2015000000.0,4391000000.0,-5000000.0,3452000000.0,3452000000.0,3452000000.0,198000000.0,0.0,0.224,5344000000.0,4115000000.0,3776000000.0,0.0,4.088,29.201,29.068,17877000000.0,0.0,557.813,6.465,6.47,7877000000.0,64714000000.0,15420000000.0,15420000000.0,2126000000.0,,,,,732000000.0,3218000000.0,1.0,672101662.0,672587000,685212000.0,22.926,97032000000.0,1710000000.0,822000000.0,4674000000.0,144.267,59044000000.0
30,GOOGL,MRQ,2013-12-31,2013-12-31,2013-12-31,2021-07-28,125000000.0,110920000000.0,,72886000000.0,38034000000.0,,130.376,-2375000000.0,18898000000.0,18898000000.0,6253000000.0,3189000000.0,4.582,0.27,5245000000.0,3009000000.0,2236000000.0,5245000000.0,2930000000.0,1036000000.0,0.0,0.0,0.0,4035000000.0,5071000000.0,0.323,5071000000.0,4035000000.0,4035000000.0,4.76,4.67,4.76,87309000000.0,,87309000000.0,364794946213.0,24.0,18.793,2863000000.0,4.275,1.0,9454000000.0,0.602,17558000000.0,0.0,63801000000.0,,0.0,41795000000.0,39819000000.0,1976000000.0,23611000000.0,15908000000.0,7703000000.0,374789946213.0,3656000000.0,0.0,-144000000.0,-3000000.0,0.0,32000000.0,-1617000000.0,758000000.0,5238000000.0,3000000.0,3189000000.0,3189000000.0,3189000000.0,506000000.0,0.0,0.203,5025000000.0,4429000000.0,3827000000.0,0.0,4.293,29.435,29.321,16524000000.0,0.0,560.916,6.751,6.726,8982000000.0,61262000000.0,15707000000.0,15707000000.0,1933000000.0,,,,,723000000.0,3092000000.0,1.0,668174818.0,669670000,682004000.0,23.455,93362000000.0,1934000000.0,846000000.0,4609000000.0,139.415,56978000000.0
31,GOOGL,MRQ,2013-09-30,2013-09-30,2013-09-30,2021-07-28,99000000.0,105068000000.0,,68858000000.0,36210000000.0,,124.378,-2316000000.0,15242000000.0,15242000000.0,5409000000.0,2970000000.0,4.757,0.266,5247000000.0,3009000000.0,2238000000.0,5247000000.0,2504000000.0,974000000.0,0.0,0.0,0.0,3582000000.0,4556000000.0,0.331,4556000000.0,3582000000.0,3582000000.0,4.45,4.38,4.45,82989000000.0,,82989000000.0,280813126833.0,18.0,14.675,2767000000.0,4.147,1.0,8345000000.0,0.607,17716000000.0,0.0,62882000000.0,,235000000.0,43124000000.0,41281000000.0,1843000000.0,22079000000.0,14475000000.0,7604000000.0,291988126833.0,-922000000.0,174000000.0,-369000000.0,-2000000.0,0.0,-267000000.0,-5818000000.0,-3676000000.0,5083000000.0,80000000.0,2970000000.0,2970000000.0,2970000000.0,193000000.0,0.0,0.216,4584000000.0,3761000000.0,4017000000.0,0.0,3.518,23.491,23.387,14867000000.0,0.0,438.393,5.829,5.839,8021000000.0,57886000000.0,13754000000.0,13754000000.0,1821000000.0,,,,,782000000.0,2763000000.0,1.0,666041946.0,667232000,678470000.0,20.614,87352000000.0,1725000000.0,612000000.0,4531000000.0,130.917,54383000000.0
32,GOOGL,MRQ,2013-06-30,2013-06-30,2013-06-30,2021-07-28,-398000000.0,101182000000.0,,66861000000.0,34321000000.0,,118.582,-2661000000.0,16164000000.0,16164000000.0,5195000000.0,3228000000.0,4.362,0.283,4989000000.0,3000000000.0,1989000000.0,4989000000.0,2389000000.0,1030000000.0,0.0,0.0,0.0,4155000000.0,5185000000.0,0.396,5185000000.0,4155000000.0,4155000000.0,4.85,4.77,4.85,78852000000.0,,78852000000.0,282133506551.0,19.0,15.475,2044000000.0,3.074,1.0,7912000000.0,0.604,17954000000.0,0.0,56724000000.0,,342000000.0,39832000000.0,38268000000.0,1564000000.0,22330000000.0,15329000000.0,7001000000.0,292369506551.0,789000000.0,2351000000.0,-58000000.0,-151000000.0,0.0,-105000000.0,-3803000000.0,-3493000000.0,4705000000.0,-8000000.0,3228000000.0,3228000000.0,3228000000.0,-454000000.0,0.0,0.246,4447000000.0,3465000000.0,4969000000.0,0.0,3.708,25.126,25.014,12912000000.0,0.0,440.626,5.889,5.902,8091000000.0,54916000000.0,13107000000.0,13107000000.0,1766000000.0,,,,,743000000.0,2681000000.0,1.0,663532126.0,664960000,676674000.0,19.711,83228000000.0,1220000000.0,927000000.0,4176000000.0,125.162,51532000000.0
33,GOOGL,MRQ,2013-03-31,2013-03-31,2013-03-31,2021-07-28,356000000.0,96692000000.0,,62808000000.0,33884000000.0,,114.196,-1454000000.0,15375000000.0,15375000000.0,5136000000.0,3346000000.0,4.74,0.281,5139000000.0,2150000000.0,2989000000.0,5139000000.0,2398000000.0,899000000.0,0.0,0.0,0.0,3700000000.0,4599000000.0,0.355,4599000000.0,3700000000.0,3700000000.0,5.06,4.97,5.06,75473000000.0,,75473000000.0,252835978929.0,18.0,14.736,2179000000.0,3.297,1.0,7815000000.0,0.603,17919000000.0,0.0,55285000000.0,,648000000.0,36193000000.0,34723000000.0,1470000000.0,21219000000.0,13252000000.0,7967000000.0,262076978929.0,597000000.0,0.0,-210000000.0,-401000000.0,0.0,-517000000.0,-2441000000.0,-987000000.0,3633000000.0,-78000000.0,3346000000.0,3346000000.0,3346000000.0,182000000.0,0.0,0.258,4067000000.0,3748000000.0,4331000000.0,0.0,3.472,23.414,23.334,12300000000.0,0.0,397.492,5.421,5.434,8312000000.0,51688000000.0,12951000000.0,12951000000.0,1617000000.0,,,,,614000000.0,2450000000.0,1.0,659326424.0,660908000,673326000.0,19.596,78773000000.0,1375000000.0,354000000.0,4162000000.0,119.189,49556000000.0
34,GOOGL,MRQ,2012-12-31,2012-12-31,2012-12-31,2021-07-28,538000000.0,93798000000.0,,60454000000.0,33344000000.0,,108.825,-916000000.0,14778000000.0,14778000000.0,2755000000.0,2886000000.0,4.217,0.308,5537000000.0,2549000000.0,2988000000.0,5537000000.0,2466000000.0,953000000.0,0.0,0.0,0.0,3843000000.0,4796000000.0,0.466,4796000000.0,3843000000.0,3843000000.0,4.385,4.315,4.385,71715000000.0,,71715000000.0,222619604225.0,16.0,13.399,3753000000.0,5.695,1.0,7528000000.0,0.732,18010000000.0,0.0,52210000000.0,,505000000.0,34779000000.0,33310000000.0,1469000000.0,22083000000.0,14337000000.0,7746000000.0,232673604225.0,-1482000000.0,-201000000.0,-98000000.0,-669000000.0,0.0,-692000000.0,-5514000000.0,-4397000000.0,4669000000.0,55000000.0,2886000000.0,2886000000.0,2886000000.0,786000000.0,0.0,0.281,3060000000.0,4468000000.0,3685000000.0,0.0,3.244,21.67,21.575,11854000000.0,0.0,354.044,5.054,5.033,8585000000.0,48342000000.0,10283000000.0,10283000000.0,1225000000.0,,,,,641000000.0,1835000000.0,1.0,657188384.0,658992000,669956000.0,15.604,75788000000.0,1144000000.0,957000000.0,4158000000.0,115.006,46117000000.0
35,GOOGL,MRQ,2012-09-30,2012-09-30,2012-09-30,2021-07-28,368000000.0,89730000000.0,,56821000000.0,32909000000.0,,103.769,-1397000000.0,16260000000.0,16260000000.0,5955000000.0,2176000000.0,3.937,0.319,6206000000.0,3218000000.0,2988000000.0,6206000000.0,2113000000.0,828000000.0,0.0,0.0,0.0,2823000000.0,3651000000.0,0.274,3651000000.0,2823000000.0,2823000000.0,3.32,3.265,3.32,68028000000.0,,68028000000.0,237761880151.0,18.0,15.038,2607000000.0,3.977,1.0,7349000000.0,0.552,18239000000.0,0.0,47003000000.0,,618000000.0,30527000000.0,29464000000.0,1063000000.0,21702000000.0,14434000000.0,7268000000.0,246993880151.0,823000000.0,0.0,-5000000.0,-1000000.0,0.0,52000000.0,-3307000000.0,-1910000000.0,4004000000.0,74000000.0,2176000000.0,2176000000.0,2176000000.0,-18000000.0,0.0,0.164,4609000000.0,2740000000.0,3919000000.0,0.0,3.631,23.401,23.303,11401000000.0,0.0,377.628,5.33,5.342,7809000000.0,45456000000.0,13304000000.0,13304000000.0,1879000000.0,,,,,704000000.0,2730000000.0,1.0,654066648.0,655570000,666628000.0,20.294,71491000000.0,230000000.0,647000000.0,3540000000.0,109.052,42387000000.0
36,GOOGL,MRQ,2012-06-30,2012-06-30,2012-06-30,2021-07-28,84000000.0,86051000000.0,,53857000000.0,32194000000.0,,99.183,-10829000000.0,15437000000.0,15437000000.0,4677000000.0,2785000000.0,3.839,0.33,6205000000.0,3218000000.0,2987000000.0,6205000000.0,2039000000.0,670000000.0,0.0,0.0,0.0,3442000000.0,4112000000.0,0.348,4112000000.0,3442000000.0,3442000000.0,4.27,4.21,4.27,64721000000.0,,64721000000.0,171642637644.0,12.0,10.72,-6577000000.0,-10.079,1.0,7130000000.0,0.604,17982000000.0,0.0,44809000000.0,,634000000.0,28725000000.0,27685000000.0,1040000000.0,21330000000.0,14028000000.0,7302000000.0,189295637644.0,-7671000000.0,201000000.0,-137000000.0,749000000.0,0.0,639000000.0,-12386000000.0,-1758000000.0,4252000000.0,-176000000.0,2785000000.0,2785000000.0,2785000000.0,48000000.0,0.0,0.236,3893000000.0,3237000000.0,4335000000.0,0.0,2.925,17.041,16.973,10909000000.0,0.0,290.325,4.427,4.431,7341000000.0,43280000000.0,11807000000.0,11807000000.0,1538000000.0,,,,,631000000.0,2355000000.0,1.0,652012874.0,652544000,661586000.0,18.094,68069000000.0,146000000.0,657000000.0,3564000000.0,104.313,39829000000.0
37,GOOGL,MRQ,2012-03-31,2012-03-31,2012-03-31,2021-07-28,422000000.0,77144000000.0,,56859000000.0,20285000000.0,,94.854,-699000000.0,23108000000.0,23108000000.0,3789000000.0,2890000000.0,5.836,0.25,5455000000.0,2468000000.0,2987000000.0,5455000000.0,1800000000.0,511000000.0,0.0,0.0,0.0,3545000000.0,4056000000.0,0.381,4056000000.0,3545000000.0,3545000000.0,4.44,4.375,4.44,61712000000.0,,61712000000.0,202920157773.0,15.0,13.142,2995000000.0,4.603,1.0,6856000000.0,0.644,8866000000.0,0.0,40883000000.0,,0.0,27088000000.0,26208000000.0,880000000.0,15432000000.0,9742000000.0,5690000000.0,208699157773.0,13125000000.0,0.0,-47000000.0,1249000000.0,0.0,1230000000.0,8151000000.0,8850000000.0,3694000000.0,50000000.0,2890000000.0,2890000000.0,2890000000.0,0.0,0.0,0.271,3467000000.0,3389000000.0,3012000000.0,0.0,3.382,19.274,19.195,9875000000.0,0.0,320.941,5.221,5.223,5713000000.0,40495000000.0,10645000000.0,10645000000.0,1441000000.0,,,,,528000000.0,2026000000.0,1.0,650272660.0,650598000,660272000.0,16.362,68278000000.0,51000000.0,655000000.0,2410000000.0,104.947,47117000000.0
38,GOOGL,MRQ,2011-12-31,2011-12-31,2011-12-31,2021-07-28,276000000.0,72574000000.0,,52758000000.0,19816000000.0,,89.761,-1501000000.0,9983000000.0,9983000000.0,3703000000.0,2704000000.0,5.919,0.248,4204000000.0,1218000000.0,2986000000.0,4204000000.0,1759000000.0,503000000.0,0.0,0.0,0.0,3489000000.0,3992000000.0,0.377,3992000000.0,3489000000.0,3489000000.0,4.175,4.115,4.175,58145000000.0,,58145000000.0,202982161756.0,16.0,14.318,2423000000.0,3.74,1.0,6880000000.0,0.65,8924000000.0,0.0,48958000000.0,,35000000.0,35433000000.0,34643000000.0,790000000.0,14429000000.0,8913000000.0,5516000000.0,209408161756.0,-647000000.0,0.0,15000000.0,0.0,0.0,40000000.0,-4559000000.0,-3058000000.0,3924000000.0,-52000000.0,2704000000.0,2704000000.0,2704000000.0,0.0,0.0,0.256,3373000000.0,3507000000.0,2595000000.0,0.0,3.601,21.506,21.43,9603000000.0,0.0,323.273,5.525,5.525,6172000000.0,37605000000.0,10583000000.0,10583000000.0,1301000000.0,,,,,512000000.0,2072000000.0,1.0,647774982.0,647774982,,16.337,63650000000.0,215000000.0,785000000.0,2177000000.0,98.259,43845000000.0
39,GOOGL,MRQ,2011-09-30,2011-09-30,2011-09-30,2021-07-28,232000000.0,69088000000.0,,50042000000.0,19046000000.0,,84.906,-1167000000.0,10630000000.0,10630000000.0,3378000000.0,2729000000.0,5.63,0.26,4204000000.0,1218000000.0,2986000000.0,4204000000.0,1482000000.0,492000000.0,0.0,0.0,0.0,3360000000.0,3852000000.0,0.396,3852000000.0,3360000000.0,3360000000.0,4.22,4.165,4.22,54830000000.0,,54830000000.0,160348723541.0,13.0,11.697,2783000000.0,4.31,1.0,6342000000.0,0.652,8463000000.0,0.0,45311000000.0,,0.0,32821000000.0,31930000000.0,891000000.0,14258000000.0,8888000000.0,5370000000.0,166466723541.0,310000000.0,0.0,-108000000.0,0.0,0.0,-80000000.0,-3447000000.0,-2280000000.0,3950000000.0,-113000000.0,2729000000.0,2729000000.0,2729000000.0,0.0,0.0,0.281,3284000000.0,3058000000.0,3618000000.0,0.0,3.036,17.386,17.324,9204000000.0,0.0,257.778,4.655,4.655,5728000000.0,34901000000.0,9720000000.0,9720000000.0,1404000000.0,,,,,543000000.0,1880000000.0,1.0,645775526.0,645775526,,15.052,60625000000.0,348000000.0,631000000.0,1857000000.0,93.879,41154000000.0
40,GOOGL,MRQ,2011-06-30,2011-06-30,2011-06-30,2021-07-28,603000000.0,64861000000.0,,46442000000.0,18419000000.0,,80.668,-1780000000.0,10320000000.0,10320000000.0,3172000000.0,2505000000.0,5.956,0.248,4202000000.0,1217000000.0,2985000000.0,4202000000.0,1433000000.0,455000000.0,0.0,0.0,0.0,3085000000.0,3540000000.0,0.392,3540000000.0,3085000000.0,3085000000.0,3.885,3.84,3.885,51991000000.0,,51991000000.0,154145938567.0,14.0,11.938,1739000000.0,2.698,1.0,5854000000.0,0.649,8058000000.0,0.0,42887000000.0,,0.0,29691000000.0,28798000000.0,893000000.0,12870000000.0,7798000000.0,5072000000.0,163344938567.0,-2095000000.0,148000000.0,-28000000.0,977000000.0,0.0,958000000.0,-6614000000.0,-4982000000.0,3519000000.0,42000000.0,2505000000.0,2505000000.0,2505000000.0,0.0,0.0,0.278,2973000000.0,2881000000.0,2503000000.0,0.0,3.142,18.123,18.026,9003000000.0,0.0,253.443,4.901,4.901,5496000000.0,32172000000.0,9026000000.0,9026000000.0,1234000000.0,,,,,425000000.0,1739000000.0,1.0,644503650.0,644503650,,14.005,56803000000.0,500000000.0,580000000.0,1598000000.0,88.134,38644000000.0
41,GOOGL,MRQ,2011-03-31,2011-03-31,2011-03-31,2021-07-28,381000000.0,59960000000.0,,43310000000.0,16650000000.0,,75.968,-890000000.0,12415000000.0,12415000000.0,2936000000.0,1798000000.0,4.641,0.227,3216000000.0,3216000000.0,0.0,3216000000.0,1343000000.0,401000000.0,0.0,0.0,0.0,2392000000.0,2793000000.0,0.326,2793000000.0,2392000000.0,2392000000.0,2.795,2.755,2.795,48851000000.0,,48851000000.0,178680365328.0,17.0,14.709,2282000000.0,3.549,1.0,5639000000.0,0.658,7324000000.0,0.0,34105000000.0,,0.0,24926000000.0,24260000000.0,666000000.0,11109000000.0,9332000000.0,1777000000.0,188845365328.0,-1215000000.0,-148000000.0,116000000.0,-251000000.0,0.0,-111000000.0,-4421000000.0,-3383000000.0,3172000000.0,145000000.0,1798000000.0,1798000000.0,1798000000.0,0.0,0.0,0.21,3343000000.0,2296000000.0,2396000000.0,0.0,3.866,22.622,22.478,8249000000.0,0.0,293.674,6.068,6.068,4791000000.0,29666000000.0,8575000000.0,8575000000.0,1226000000.0,,,,,408000000.0,1617000000.0,1.0,643044210.0,643044210,,13.335,52636000000.0,368000000.0,594000000.0,1322000000.0,81.854,33978000000.0
42,GOOGL,MRQ,2010-12-31,2010-12-31,2010-12-31,2021-07-28,138000000.0,57851000000.0,,41562000000.0,16289000000.0,,72.302,-3612000000.0,13630000000.0,13630000000.0,2946000000.0,2543000000.0,4.158,0.251,3465000000.0,3465000000.0,0.0,3465000000.0,1314000000.0,381000000.0,0.0,0.0,0.0,3142000000.0,3523000000.0,0.417,3523000000.0,3142000000.0,3142000000.0,3.98,3.91,3.98,46241000000.0,,46241000000.0,180991770880.0,17.0,14.845,-86000000.0,-0.134,1.0,5494000000.0,0.651,7300000000.0,0.0,30390000000.0,,0.0,21868000000.0,21345000000.0,523000000.0,11610000000.0,9996000000.0,1614000000.0,190126770880.0,2373000000.0,859000000.0,359000000.0,1342000000.0,0.0,1752000000.0,-2849000000.0,-96000000.0,3526000000.0,-56000000.0,2543000000.0,2543000000.0,2543000000.0,0.0,0.0,0.301,2512000000.0,2982000000.0,2844000000.0,0.0,4.112,22.355,22.277,7759000000.0,0.0,297.282,6.484,6.484,5002000000.0,27868000000.0,8440000000.0,8440000000.0,1051000000.0,,,,,345000000.0,1461000000.0,1.0,639550228.0,639550228,,13.197,50551000000.0,524000000.0,599000000.0,1237000000.0,79.041,31566000000.0
43,GOOGL,MRQ,2010-09-30,2010-09-30,2010-09-30,2021-07-28,531000000.0,53342000000.0,,39447000000.0,13895000000.0,,67.915,-758000000.0,11257000000.0,11257000000.0,2552000000.0,2167000000.0,4.625,0.232,2122000000.0,2122000000.0,0.0,2122000000.0,1107000000.0,342000000.0,0.0,0.0,0.0,2714000000.0,3056000000.0,0.419,3056000000.0,2714000000.0,2714000000.0,3.4,3.36,3.4,43290000000.0,,43290000000.0,157027126043.0,15.0,13.533,2128000000.0,3.338,1.0,4734000000.0,0.65,7092000000.0,0.0,28585000000.0,,0.0,22608000000.0,22123000000.0,485000000.0,10052000000.0,8530000000.0,1522000000.0,167740126043.0,544000000.0,-440000000.0,-66000000.0,2121000000.0,0.0,2067000000.0,-4546000000.0,-3348000000.0,2886000000.0,137000000.0,2167000000.0,2167000000.0,2167000000.0,0.0,0.0,0.297,2187000000.0,2547000000.0,3389000000.0,0.0,3.875,21.137,21.086,5506000000.0,0.0,263.158,6.087,6.087,4491000000.0,25324000000.0,7286000000.0,7286000000.0,994000000.0,,,,,368000000.0,1193000000.0,1.0,637412224.0,637412224,,11.431,46250000000.0,772000000.0,547000000.0,1098000000.0,72.559,30917000000.0
44,GOOGL,MRQ,2010-06-30,2010-06-30,2010-06-30,2021-07-28,346000000.0,48045000000.0,,35161000000.0,12884000000.0,,63.759,-476000000.0,10713000000.0,10713000000.0,2467000000.0,1840000000.0,6.118,0.183,0.0,0.0,0.0,0.0,1010000000.0,342000000.0,0.0,0.0,0.0,2434000000.0,2776000000.0,0.407,2776000000.0,2434000000.0,2434000000.0,2.89,2.855,2.89,40613000000.0,,40613000000.0,132660617163.0,14.0,12.068,1609000000.0,2.526,1.0,4353000000.0,0.638,6692000000.0,0.0,24893000000.0,,0.0,19723000000.0,19346000000.0,377000000.0,7432000000.0,5747000000.0,1685000000.0,141852617163.0,1521000000.0,-229000000.0,-665000000.0,0.0,0.0,-646000000.0,139000000.0,844000000.0,2085000000.0,-57000000.0,1840000000.0,1840000000.0,1840000000.0,0.0,0.0,0.27,1988000000.0,2365000000.0,3267000000.0,0.0,3.493,19.149,19.083,4920000000.0,0.0,222.698,5.411,5.411,3308000000.0,23158000000.0,6820000000.0,6820000000.0,898000000.0,,,,,290000000.0,1090000000.0,1.0,636973018.0,636973018,,10.707,41353000000.0,818000000.0,594000000.0,1318000000.0,64.921,29414000000.0
45,GOOGL,MRQ,2010-03-31,2010-03-31,2010-03-31,2021-07-28,163000000.0,42871000000.0,,31132000000.0,11739000000.0,,60.197,-239000000.0,9192000000.0,9192000000.0,2452000000.0,1955000000.0,10.654,0.12,0.0,0.0,0.0,0.0,1025000000.0,331000000.0,0.0,0.0,0.0,2506000000.0,2837000000.0,0.419,2837000000.0,2506000000.0,2506000000.0,3.075,3.03,3.075,38283000000.0,,38283000000.0,170315439749.0,19.0,16.298,2345000000.0,3.687,1.0,4323000000.0,0.638,5912000000.0,0.0,24845000000.0,,0.0,17476000000.0,17322000000.0,154000000.0,4588000000.0,2922000000.0,1666000000.0,180513027749.0,-1006000000.0,-190000000.0,-135000000.0,0.0,0.0,-123000000.0,-3424000000.0,-2995000000.0,2584000000.0,-43000000.0,1955000000.0,1955000000.0,1955000000.0,0.0,0.0,0.289,1835000000.0,2488000000.0,329000000.0,0.0,4.715,25.594,25.503,4773000000.0,0.0,283.844,7.245,7.245,3084000000.0,21949000000.0,6775000000.0,6775000000.0,818000000.0,,,,,279000000.0,1017000000.0,1.0,635958582.0,635958582,,10.653,36959000000.0,845000000.0,551000000.0,1750000000.0,58.115,28210000000.0
46,GOOGL,MRQ,2009-12-31,2009-12-31,2009-12-31,2021-07-28,105000000.0,40497000000.0,,29167000000.0,11330000000.0,,56.74,-221000000.0,10198000000.0,10198000000.0,2408000000.0,1974000000.0,10.618,0.125,0.0,0.0,0.0,0.0,1021000000.0,365000000.0,0.0,0.0,0.0,2569000000.0,2934000000.0,0.44,2934000000.0,2569000000.0,2569000000.0,3.115,3.07,3.115,36004000000.0,,36004000000.0,184810867313.0,22.0,18.658,2510000000.0,3.956,1.0,4266000000.0,0.639,5678000000.0,0.0,21874000000.0,,0.0,14416000000.0,14287000000.0,129000000.0,4493000000.0,2747000000.0,1746000000.0,196897982313.0,-1889000000.0,-68000000.0,132000000.0,0.0,0.0,158000000.0,-4773000000.0,-4484000000.0,2731000000.0,-5000000.0,1974000000.0,1974000000.0,1974000000.0,0.0,0.0,0.296,1785000000.0,2481000000.0,216000000.0,0.0,5.469,30.199,30.097,4845000000.0,0.0,310.3,8.325,8.325,3178000000.0,20082000000.0,6674000000.0,6674000000.0,736000000.0,,,,,250000000.0,1049000000.0,1.0,634540710.0,634540710,,10.518,34819000000.0,930000000.0,595000000.0,1392000000.0,54.873,26420000000.0
47,GOOGL,MRQ,2009-09-30,2009-09-30,2009-09-30,2021-07-28,232785000.0,37702845000.0,,26353544000.0,11349301000.0,,53.261,-187000000.0,12087115000.0,12087115000.0,2226000000.0,1639000000.0,11.351,0.118,0.0,0.0,0.0,0.0,887350000.0,379000000.0,0.0,0.0,0.0,2067000000.0,2446000000.0,0.411,2446000000.0,2067000000.0,2067000000.0,2.59,2.565,2.59,33721753000.0,,33721753000.0,145217547966.0,22.0,17.271,2539000000.0,4.01,1.0,3719000000.0,0.626,5672465000.0,0.0,17621491000.0,,0.0,10017648000.0,9907276000.0,110372000.0,3981092000.0,2321774000.0,1659318000.0,157128898966.0,176000000.0,-35000000.0,1000000.0,0.0,0.0,29000000.0,-2610000000.0,-2388000000.0,2726000000.0,31000000.0,1639000000.0,1639000000.0,1639000000.0,0.0,0.0,0.276,1645000000.0,2074000000.0,192743000.0,0.0,4.66,31.875,31.817,4917491000.0,0.0,248.173,6.929,6.929,2807341000.0,18107978000.0,5945000000.0,5945000000.0,758000000.0,,,,,289000000.0,887000000.0,1.0,633142602.0,633142602,,9.39,32030380000.0,969545000.0,428000000.0,1318315000.0,50.59,24031770000.0
48,GOOGL,MRQ,2009-06-30,2009-06-30,2009-06-30,2021-07-28,81434000.0,35158760000.0,,23834853000.0,11323907000.0,,50.001,-139000000.0,11911351000.0,11911351000.0,2108000000.0,1485000000.0,11.912,0.113,0.0,0.0,0.0,0.0,809635000.0,377000000.0,0.0,0.0,0.0,1856000000.0,2233000000.0,0.404,2233000000.0,1856000000.0,1856000000.0,2.35,2.33,2.35,31594856000.0,,31594856000.0,122903867569.0,20.0,15.479,1470000000.0,2.326,1.0,3415000000.0,0.618,5693299000.0,0.0,15553148000.0,,0.0,7526580000.0,7432655000.0,93925000.0,3563904000.0,2000962000.0,1562942000.0,133330158569.0,1485000000.0,-3000000.0,47000000.0,0.0,0.0,51000000.0,-217000000.0,-75000000.0,1609000000.0,42000000.0,1485000000.0,1485000000.0,1485000000.0,0.0,0.0,0.269,1541000000.0,1874000000.0,221914000.0,0.0,4.22,29.108,29.064,5005900000.0,0.0,211.006,5.986,5.986,2701912000.0,16469003000.0,5523000000.0,5523000000.0,708000000.0,,,,,290000000.0,833000000.0,1.0,631878518.0,631878518,,8.741,29465461000.0,846466000.0,371000000.0,1232984000.0,46.632,21833891000.0
49,GOOGL,MRQ,2009-03-31,2009-03-31,2009-03-31,2021-07-28,168820000.0,33513029000.0,,22080802000.0,11432227000.0,,47.334,-263000000.0,10426291000.0,10426291000.0,2102000000.0,1423000000.0,10.111,0.123,0.0,0.0,0.0,0.0,769918000.0,403000000.0,0.0,0.0,0.0,1890000000.0,2293000000.0,0.416,2293000000.0,1890000000.0,1890000000.0,2.255,2.245,2.255,29848095000.0,,29848095000.0,101194177868.0,17.0,13.225,1987000000.0,3.151,1.0,3407000000.0,0.618,5740659000.0,0.0,15162225000.0,,0.0,7459641000.0,7358642000.0,100999000.0,3664934000.0,2183854000.0,1481080000.0,109850849868.0,1769000000.0,-2000000.0,-37000000.0,0.0,0.0,-5000000.0,-419000000.0,-154000000.0,2250000000.0,-57000000.0,1423000000.0,1423000000.0,1423000000.0,0.0,0.0,0.258,1523000000.0,1884000000.0,196220000.0,0.0,3.68,25.294,25.265,5122105000.0,0.0,174.204,4.966,4.966,2543105000.0,14984458000.0,5509000000.0,5509000000.0,642000000.0,,,,,245000000.0,881000000.0,1.0,630587414.0,630587414,,8.736,27772370000.0,487199000.0,467000000.0,1477957000.0,44.042,19896948000.0
50,GOOGL,MRQ,2008-12-31,2008-12-31,2008-12-31,2021-07-28,226579000.0,31767575000.0,,20178182000.0,11589393000.0,,44.859,-400675000.0,8656672000.0,8656672000.0,2190499000.0,382584000.0,8.765,0.125,0.0,0.0,0.0,0.0,780449000.0,601238000.0,0.0,0.0,0.0,834751000.0,1435989000.0,0.252,1435989000.0,834751000.0,834751000.0,0.605,0.605,0.605,28238862000.0,,28238862000.0,88560578131.0,15.0,12.044,1721767000.0,2.735,1.0,3510855000.0,0.616,5836544000.0,0.0,14972269000.0,,0.0,7274259000.0,7189099000.0,85160000.0,3528713000.0,2302090000.0,1226623000.0,96931047131.0,286124000.0,0.0,-33748000.0,0.0,0.0,10482000.0,-1816416000.0,-1415741000.0,2122442000.0,-30384000.0,382584000.0,382584000.0,382584000.0,0.0,0.0,0.067,1650619000.0,1860236000.0,178004000.0,0.0,3.433,22.931,22.879,5233843000.0,0.0,153.979,4.447,4.447,2642192000.0,13561630000.0,5701354000.0,5701354000.0,733149000.0,,,,,242176000.0,917470000.0,1.0,629508226.0,629508226,,9.057,25931031000.0,286105000.0,452167000.0,984179000.0,41.193,17876092000.0
51,GOOGL,MRQ,2008-09-30,2008-09-30,2008-09-30,2021-07-28,101162000.0,30806974000.0,,17962851000.0,12844123000.0,,43.688,-3739211000.0,8370469000.0,8370469000.0,2173390000.0,1289938000.0,8.076,0.121,0.0,0.0,0.0,0.0,746319000.0,309482000.0,0.0,0.0,0.0,1668782000.0,1978264000.0,0.357,1978264000.0,1668782000.0,1668782000.0,2.05,2.03,2.05,27474862000.0,,27474862000.0,118704330324.0,18.0,14.975,-1554253000.0,-2.471,1.0,3368001000.0,0.608,5869363000.0,0.0,14342865000.0,,0.0,7143036000.0,6042140000.0,1100896000.0,3332112000.0,2224277000.0,1107835000.0,126067866324.0,1006933000.0,3312270000.0,-15506000.0,0.0,0.0,4285000.0,-1136957000.0,-710016000.0,2184958000.0,-45353000.0,1289938000.0,1289938000.0,1289938000.0,0.0,0.0,0.233,1720436000.0,1647565000.0,240706000.0,0.0,4.588,24.96,24.886,5213167000.0,0.0,200.46,6.026,6.026,2541492000.0,13179188000.0,5541391000.0,5541391000.0,704571000.0,,,,,260248000.0,1015865000.0,1.0,628892878.0,628892878,,8.811,24937611000.0,315720000.0,378844000.0,903727000.0,39.653,15738574000.0
52,GOOGL,MRQ,2008-06-30,2008-06-30,2008-06-30,2021-07-28,119181000.0,29179786000.0,,16316837000.0,12862949000.0,,41.251,-697517000.0,7363536000.0,7363536000.0,2147575000.0,1247391000.0,6.957,0.126,0.0,0.0,0.0,0.0,745653000.0,308716000.0,0.0,0.0,0.0,1635888000.0,1944604000.0,0.362,1944604000.0,1635888000.0,1635888000.0,1.985,1.96,1.985,25913015000.0,,25913015000.0,158990218247.0,25.0,20.842,1068637000.0,1.701,1.0,3219637000.0,0.6,5992796000.0,0.0,13477939000.0,,0.0,6437653000.0,5370133000.0,1067520000.0,3266771000.0,2345515000.0,921256000.0,165509967247.0,843787000.0,-187157000.0,-301000.0,0.0,0.0,43577000.0,-958633000.0,-73959000.0,1766154000.0,-7311000.0,1247391000.0,1247391000.0,1247391000.0,0.0,0.0,0.232,1641672000.0,1577965000.0,439281000.0,0.0,6.387,34.261,34.107,5137710000.0,0.0,263.473,8.44,8.44,2641901000.0,11889249000.0,5367212000.0,5367212000.0,682210000.0,,,,,228898000.0,959462000.0,1.0,628185686.0,628185686,,8.544,23186990000.0,314481000.0,388497000.0,877137000.0,36.911,13971322000.0
53,GOOGL,MRQ,2008-03-31,2008-03-31,2008-03-31,2021-07-28,133415000.0,27604982000.0,,15464931000.0,12140051000.0,,38.831,-841597000.0,6519749000.0,6519749000.0,2110536000.0,1307086000.0,6.285,0.134,0.0,0.0,0.0,0.0,751578000.0,280564000.0,0.0,0.0,0.0,1713578000.0,1994142000.0,0.385,1994142000.0,1713578000.0,1713578000.0,2.085,2.06,2.085,24337535000.0,,24337535000.0,132090292508.0,22.0,18.569,937849000.0,1.496,1.0,3075507000.0,0.593,5995371000.0,0.0,12629387000.0,,0.0,6671725000.0,5614759000.0,1056966000.0,3267447000.0,2460475000.0,806972000.0,138171885508.0,438156000.0,-3125113000.0,-22445000.0,0.0,0.0,28656000.0,-1406994000.0,2559716000.0,1779446000.0,37048000.0,1307086000.0,1307086000.0,1307086000.0,0.0,0.0,0.252,1529272000.0,1546235000.0,358122000.0,0.0,5.677,30.646,30.492,4741724000.0,0.0,220.455,7.627,7.627,2560909000.0,10641858000.0,5186043000.0,5186043000.0,673069000.0,,,,,229678000.0,856203000.0,1.0,626757776.0,626757776,,8.274,21609611000.0,227310000.0,406492000.0,810452000.0,34.478,13004456000.0
54,GOOGL,MRQ,2007-12-31,2007-12-31,2007-12-31,2021-07-28,113373000.0,25335806000.0,,17289138000.0,8046668000.0,,36.264,-761768000.0,6081593000.0,6081593000.0,1955824000.0,1206449000.0,8.493,0.117,0.0,0.0,0.0,0.0,730323000.0,401817000.0,0.0,0.0,0.0,1608027000.0,2009844000.0,0.416,2009844000.0,1608027000.0,1608027000.0,1.935,1.895,1.935,22689679000.0,,22689679000.0,211433020183.0,37.0,31.834,931480000.0,1.489,1.0,2870855000.0,0.595,2745964000.0,0.0,14472647000.0,,0.0,9196714000.0,8137020000.0,1059694000.0,2646127000.0,2035602000.0,610525000.0,216539424183.0,975189000.0,0.0,4788000.0,0.0,0.0,145417000.0,-875432000.0,-113664000.0,1693248000.0,11956000.0,1206449000.0,1206449000.0,1206449000.0,0.0,0.0,0.25,1430121000.0,1440734000.0,282106000.0,0.0,9.544,51.511,51.158,4039261000.0,0.0,346.086,13.049,13.049,2162521000.0,9334772000.0,4826679000.0,4826679000.0,630783000.0,,,,,104671000.0,799338000.0,1.0,625680970.0,625680970,,7.714,22589842000.0,247010000.0,401578000.0,478372000.0,36.104,15253536000.0
55,GOOGL,MRQ,2007-09-30,2007-09-30,2007-09-30,2021-07-28,81544000.0,23340650000.0,,15733761000.0,7606889000.0,,33.698,-1375732000.0,5106404000.0,5106404000.0,1662579000.0,1069989000.0,8.826,0.11,0.0,0.0,0.0,0.0,677498000.0,207415000.0,0.0,0.0,0.0,1472270000.0,1679685000.0,0.397,1679685000.0,1472270000.0,1472270000.0,1.72,1.69,1.72,21036771000.0,,21036771000.0,172748563205.0,33.0,28.91,256911000.0,0.412,1.0,2568772000.0,0.607,2762649000.0,0.0,13688930000.0,,0.0,9029079000.0,7980941000.0,1048138000.0,2303879000.0,1782667000.0,521212000.0,177242215205.0,612752000.0,207540000.0,-9751000.0,0.0,0.0,49011000.0,-1089686000.0,78506000.0,1632643000.0,20784000.0,1069989000.0,1069989000.0,1069989000.0,0.0,0.0,0.253,1250930000.0,1317842000.0,231883000.0,0.0,8.425,44.003,43.546,3588814000.0,0.0,283.919,11.838,11.838,1887860000.0,8123478000.0,4231351000.0,4231351000.0,548712000.0,,,,,139194000.0,702218000.0,1.0,624270356.0,624270356,,6.778,20578001000.0,125182000.0,402281000.0,406555000.0,32.963,13951094000.0
56,GOOGL,MRQ,2007-06-30,2007-06-30,2007-06-30,2021-07-28,29248000.0,21423885000.0,,14857523000.0,6566362000.0,,31.552,-575098000.0,4493652000.0,4493652000.0,1560255000.0,925120000.0,11.263,0.09,0.0,0.0,0.0,0.0,596711000.0,188137000.0,0.0,0.0,0.0,1241745000.0,1429882000.0,0.369,1429882000.0,1241745000.0,1241745000.0,1.49,1.465,1.49,19659608000.0,,19659608000.0,158927805360.0,33.0,29.083,654828000.0,1.051,1.0,2311730000.0,0.597,2062703000.0,0.0,13548335000.0,,0.0,9048687000.0,8009883000.0,1038804000.0,1764277000.0,1319195000.0,445082000.0,163009145360.0,412312000.0,-173099000.0,14398000.0,0.0,0.0,120129000.0,-939341000.0,-191144000.0,1229926000.0,1598000.0,925120000.0,925120000.0,925120000.0,0.0,0.0,0.239,1207115000.0,1104615000.0,136483000.0,0.0,8.292,44.16,43.529,3219280000.0,0.0,261.612,12.137,12.137,1648680000.0,7053489000.0,3871985000.0,3871985000.0,532106000.0,,,,,135793000.0,675009000.0,1.0,623095062.0,623095062,,6.214,19361182000.0,176489000.0,316625000.0,340762000.0,31.073,13538328000.0
57,GOOGL,MRQ,2007-03-31,2007-03-31,2007-03-31,2021-07-28,36942000.0,20015438000.0,,14080774000.0,5934664000.0,,29.549,-596893000.0,4081340000.0,4081340000.0,1470426000.0,1002162000.0,11.226,0.089,0.0,0.0,0.0,0.0,574871000.0,170289000.0,0.0,0.0,0.0,1351937000.0,1522226000.0,0.415,1522226000.0,1351937000.0,1351937000.0,1.62,1.59,1.62,18377210000.0,,18377210000.0,139065897232.0,31.0,27.155,622700000.0,1.001,1.0,2193545000.0,0.599,1947092000.0,0.0,12732653000.0,,0.0,8885531000.0,7854579000.0,1030952000.0,1638228000.0,1254353000.0,383875000.0,142610568232.0,536669000.0,-34441000.0,14426000.0,0.0,0.0,88510000.0,-777130000.0,-145796000.0,1219593000.0,5696000.0,1002162000.0,1002162000.0,1002162000.0,0.0,0.0,0.274,972336000.0,1221209000.0,181828000.0,0.0,7.76,40.894,40.124,2826717000.0,0.0,229.309,11.869,11.869,1477090000.0,6128368000.0,3663971000.0,3663971000.0,408384000.0,,,,,109782000.0,563952000.0,1.0,621914396.0,621914396,,5.891,18068346000.0,51259000.0,349775000.0,323887000.0,29.053,12826421000.0
58,GOOGL,MRQ,2006-12-31,2006-12-31,2006-12-31,2021-07-28,23311000.0,18473351000.0,,13039847000.0,5433504000.0,,27.829,-769084000.0,3544671000.0,3544671000.0,1283148000.0,1030717000.0,9.995,0.084,0.0,0.0,0.0,0.0,495506000.0,158801000.0,0.0,0.0,0.0,1184734000.0,1343535000.0,0.419,1343535000.0,1184734000.0,1184734000.0,1.69,1.65,1.69,17039840000.0,,17039840000.0,138081700229.0,34.0,30.648,141710000.0,0.231,1.0,1922350000.0,0.6,1891960000.0,0.0,11732133000.0,,0.0,8731093000.0,7699243000.0,1031850000.0,1433511000.0,1304587000.0,128924000.0,141120041229.0,506330000.0,257812000.0,165364000.0,0.0,0.0,418028000.0,-828539000.0,-317267000.0,910794000.0,6047000.0,1030717000.0,1030717000.0,1030717000.0,0.0,0.0,0.322,861756000.0,1060594000.0,211169000.0,0.0,8.282,45.856,45.146,2395239000.0,0.0,230.47,13.307,13.307,1322340000.0,5133314000.0,3205498000.0,3205498000.0,386806000.0,,,,,-118237000.0,474950000.0,1.0,612314146.0,612314146,,5.235,16581391000.0,29713000.0,154017000.0,40421000.0,27.08,11735260000.0
59,GOOGL,MRQ,2006-09-30,2006-09-30,2006-09-30,2021-07-28,4462000.0,15693232000.0,,11858243000.0,3834989000.0,,23.726,-492222000.0,3038341000.0,3038341000.0,1048728000.0,733361000.0,9.751,0.09,0.0,0.0,0.0,0.0,412163000.0,129550000.0,0.0,0.0,0.0,1039511000.0,1169061000.0,0.435,1169061000.0,1039511000.0,1039511000.0,1.21,1.18,1.21,14397087000.0,,14397087000.0,118428959722.0,34.0,30.685,512102000.0,0.844,1.0,1640945000.0,0.61,514551000.0,0.0,10924293000.0,,0.0,8418965000.0,7390374000.0,1028591000.0,1296145000.0,1216047000.0,80098000.0,122444881722.0,-977581000.0,-69306000.0,58437000.0,0.0,0.0,129418000.0,-2114356000.0,-1552828000.0,1004324000.0,3033000.0,733361000.0,733361000.0,733361000.0,0.0,0.0,0.273,709614000.0,931331000.0,207348000.0,0.0,8.505,50.619,49.667,2174314000.0,0.0,201.151,13.14,13.098,1031055000.0,4102597000.0,2689673000.0,2689673000.0,312632000.0,,,,,28879000.0,396982000.0,1.0,608721218.0,606800000,621148000.0,4.433,15178681000.0,101175000.0,306150000.0,188613000.0,25.014,10642196000.0
60,GOOGL,MRQ,2006-06-30,2006-06-30,2006-06-30,2021-07-28,-26924000.0,14396006000.0,,11058107000.0,3337899000.0,,22.158,-699000000.0,4015922000.0,4015922000.0,989032000.0,721077000.0,11.313,0.078,0.0,0.0,0.0,0.0,371921000.0,110211000.0,0.0,0.0,0.0,976177000.0,1086388000.0,0.442,1086388000.0,976177000.0,976177000.0,1.195,1.165,1.195,13357008000.0,,13357008000.0,124284939057.0,42.0,37.476,141586000.0,0.235,1.0,1466959000.0,0.597,465198000.0,0.0,8937456000.0,,0.0,6824301000.0,5805710000.0,1018591000.0,1038998000.0,977430000.0,61568000.0,127220118057.0,1080743000.0,-542000.0,2118254000.0,0.0,0.0,2299056000.0,-2067638000.0,-1368096000.0,840586000.0,8739000.0,721077000.0,721077000.0,721077000.0,0.0,0.0,0.294,651587000.0,815372000.0,179441000.0,0.0,9.525,61.555,59.371,1799766000.0,0.0,209.875,15.501,15.415,885088000.0,3369236000.0,2455991000.0,2455991000.0,282552000.0,,,,,-71653000.0,369035000.0,1.0,606170902.0,602820000,620076000.0,4.074,13930808000.0,90281000.0,255100000.0,108283000.0,23.109,10080677000.0
61,GOOGL,MRQ,2006-03-31,2006-03-31,2006-03-31,2021-07-28,-10363000.0,11294870000.0,,9555957000.0,1738913000.0,,17.427,-344938000.0,2935179000.0,2935179000.0,904119000.0,592291000.0,9.751,0.103,0.0,0.0,0.0,0.0,364497000.0,95868000.0,0.0,0.0,0.0,810618000.0,906486000.0,0.402,906486000.0,810618000.0,810618000.0,1.01,0.975,1.01,10243268000.0,,10243268000.0,112161266268.0,45.0,40.168,479866000.0,0.816,1.0,1349636000.0,0.599,479379000.0,0.0,6900288000.0,,0.0,5493849000.0,5493849000.0,0.0,1051602000.0,980024000.0,71578000.0,116038440268.0,-941995000.0,-187964000.0,42611000.0,0.0,0.0,119896000.0,-1888617000.0,-1355715000.0,824804000.0,1922000.0,592291000.0,592291000.0,592291000.0,0.0,0.0,0.263,606937000.0,742699000.0,145911000.0,0.0,11.328,68.723,65.612,1209681000.0,0.0,195.195,16.261,16.079,844378000.0,2648159000.0,2253755000.0,2253755000.0,246599000.0,,,,,37379000.0,360338000.0,1.0,594474450.0,587792000,608246000.0,3.834,10815491000.0,26317000.0,218327000.0,211560000.0,18.4,8575933000.0
62,GOOGL,MRQ,2005-12-31,2005-12-31,2005-12-31,2021-07-28,4019000.0,10271813000.0,,9001071000.0,1270742000.0,,16.161,-245831000.0,3877174000.0,3877174000.0,777035000.0,372208000.0,12.076,0.091,0.0,0.0,0.0,0.0,299338000.0,57725000.0,0.0,0.0,0.0,639833000.0,697558000.0,0.363,697558000.0,639833000.0,639833000.0,0.635,0.61,0.635,9418957000.0,,9418957000.0,117215487480.0,55.0,48.871,412603000.0,0.708,1.0,1142057000.0,0.595,277683000.0,0.0,5371572000.0,,0.0,4171442000.0,4157073000.0,14369000.0,852856000.0,745384000.0,107472000.0,122734046480.0,-1641395000.0,-59562000.0,51088000.0,-12000.0,0.0,51076000.0,-2348276000.0,-2042883000.0,658434000.0,-2629000.0,372208000.0,372208000.0,372208000.0,0.0,0.0,0.194,572418000.0,569639000.0,115575000.0,0.0,13.031,83.755,78.206,961749000.0,0.0,207.638,19.994,18.661,687976000.0,2055868000.0,1919092000.0,1919092000.0,189871000.0,,,,,220178000.0,292547000.0,1.0,591096266.0,582822000,607946000.0,3.293,9994130000.0,49341000.0,267625000.0,63193000.0,17.148,8255687000.0
63,GOOGL,MRQ,2005-09-30,2005-09-30,2005-09-30,2021-07-28,17398000.0,9451001000.0,,8382685000.0,1068316000.0,,15.98,-292532000.0,5518569000.0,5518569000.0,655154000.0,381182000.0,14.973,0.075,10000.0,10000.0,0.0,10000.0,240334000.0,75965000.0,0.0,0.0,0.0,549968000.0,625933000.0,0.397,625933000.0,549968000.0,549968000.0,0.695,0.66,0.695,8793068000.0,,8793068000.0,87704691103.0,48.0,42.916,354215000.0,0.644,1.0,923302000.0,0.585,228603000.0,0.0,3143991000.0,,0.0,2111578000.0,2111578000.0,0.0,657933000.0,559848000.0,98085000.0,88457872103.0,4765097000.0,-22546000.0,4308095000.0,198000.0,0.0,4308293000.0,-189090000.0,125988000.0,646747000.0,-853000.0,381182000.0,381182000.0,381182000.0,0.0,0.0,0.241,394131000.0,529171000.0,87346000.0,0.0,10.06,68.187,63.61,803078000.0,0.0,158.388,16.846,16.598,541815000.0,1683660000.0,1578456000.0,1578456000.0,177793000.0,,,,,121846000.0,216338000.0,1.0,558488472.0,550260000,579346000.0,2.869,9222398000.0,18275000.0,168786000.0,63141000.0,16.76,7822837000.0
64,GOOGL,MRQ,2005-06-30,2005-06-30,2005-06-30,2021-07-28,-10696000.0,4497718000.0,,3649210000.0,848508000.0,,7.302,-157463000.0,753472000.0,753472000.0,598119000.0,342814000.0,8.139,0.138,291000.0,291000.0,0.0,291000.0,211509000.0,66929000.0,0.0,0.0,0.0,495420000.0,562349000.0,0.406,562349000.0,495420000.0,495420000.0,0.635,0.595,0.635,3953857000.0,,3953857000.0,81308458933.0,64.0,55.162,467156000.0,0.863,1.0,786376000.0,0.568,216604000.0,0.0,3079563000.0,,0.0,2194495000.0,2194495000.0,0.0,543861000.0,448370000.0,95491000.0,81789720933.0,270900000.0,-14202000.0,8975000.0,-1019000.0,0.0,7956000.0,-348499000.0,-176834000.0,624619000.0,-13176000.0,342814000.0,342814000.0,342814000.0,0.0,0.0,0.248,310678000.0,475698000.0,105572000.0,0.0,20.686,84.486,76.678,576597000.0,0.0,147.222,18.263,17.8,419238000.0,1302478000.0,1384495000.0,1384495000.0,123134000.0,,,,,166124000.0,187544000.0,1.0,555553660.0,541458000,574476000.0,2.557,4281114000.0,105172000.0,152606000.0,44180000.0,7.907,3200840000.0
65,GOOGL,MRQ,2005-03-31,2005-03-31,2005-03-31,2021-07-28,-5298000.0,3865199000.0,,3158474000.0,706725000.0,,6.439,-142391000.0,482572000.0,482572000.0,546781000.0,369193000.0,8.03,0.128,1310000.0,1310000.0,0.0,1310000.0,203114000.0,56193000.0,0.0,0.0,0.0,456456000.0,512649000.0,0.408,512649000.0,456456000.0,456456000.0,0.695,0.645,0.695,3426862000.0,,3426862000.0,49689260827.0,52.0,44.68,387231000.0,0.728,1.0,709735000.0,0.565,186251000.0,0.0,2804358000.0,,0.0,2024726000.0,2024726000.0,0.0,438337000.0,393328000.0,45009000.0,50114231827.0,55699000.0,-5000000.0,4097000.0,-592000.0,0.0,3505000.0,-472328000.0,-324937000.0,529622000.0,-5100000.0,369193000.0,369193000.0,369193000.0,0.0,0.0,0.294,266965000.0,442770000.0,75444000.0,0.0,14.624,71.151,58.666,474829000.0,0.0,90.345,13.208,12.673,371905000.0,959664000.0,1256516000.0,1256516000.0,108711000.0,,,,,126285000.0,158254000.0,1.0,554698454.0,532212000,573224000.0,2.361,3678948000.0,95356000.0,87263000.0,0.0,6.913,2765146000.0
66,GOOGL,MRQ,2004-12-31,2004-12-31,2004-12-31,2021-07-28,5436000.0,3313351000.0,,2693465000.0,619886000.0,,7.581,-51081000.0,426873000.0,426873000.0,465093000.0,204100000.0,7.913,0.131,1902000.0,1902000.0,0.0,1902000.0,166495000.0,32510000.0,0.0,0.0,0.0,310173000.0,342683000.0,0.332,342683000.0,310173000.0,310173000.0,0.465,0.365,0.465,2929056000.0,,2929056000.0,52422976863.0,81.0,67.316,317016000.0,0.821,1.0,566408000.0,0.549,193887000.0,0.0,2354125000.0,,0.0,1705424000.0,1705424000.0,0.0,384295000.0,340368000.0,43927000.0,52764356863.0,82404000.0,-51030000.0,1476000.0,-1186000.0,0.0,290000.0,-296634000.0,-194523000.0,368097000.0,10651000.0,204100000.0,204100000.0,204100000.0,0.0,0.0,0.198,263609000.0,302799000.0,32672000.0,0.0,18.014,132.202,93.228,378916000.0,0.0,96.491,16.545,11.689,311836000.0,590471000.0,1031501000.0,1031501000.0,256974000.0,,,,,106130000.0,225850000.0,1.0,546831900.0,386352000,571884000.0,2.67,3119464000.0,101562000.0,106073000.0,0.0,8.074,2353097000.0
67,GOOGL,MRQ,2004-09-30,2004-09-30,2004-09-30,2021-07-28,-2230000.0,2888518000.0,,2360211000.0,528307000.0,,6.314,-82631000.0,344469000.0,344469000.0,362099000.0,51983000.0,8.599,0.116,3089000.0,3026000.0,63000.0,3089000.0,130205000.0,41326000.0,0.0,0.0,0.0,14978000.0,56304000.0,0.07,56304000.0,14978000.0,14978000.0,0.125,0.095,0.125,2589023000.0,,2589023000.0,32747694200.0,76.0,60.268,155712000.0,0.38,1.0,443788000.0,0.551,145475000.0,0.0,2127193000.0,,0.0,1513887000.0,1513887000.0,0.0,299495000.0,274470000.0,25025000.0,32998185200.0,89771000.0,-7295000.0,1163119000.0,-1118000.0,0.0,1162001000.0,-1309728000.0,-1219802000.0,238343000.0,-845000.0,51983000.0,51983000.0,51983000.0,0.0,0.0,0.065,432676000.0,11112000.0,49557000.0,0.0,12.745,148.458,94.693,362609000.0,0.0,64.865,12.359,9.961,233057000.0,386371000.0,805887000.0,805887000.0,57409000.0,,,,,119708000.0,106286000.0,1.0,508720962.0,410014000,549470000.0,1.966,2743043000.0,163525000.0,-37005000.0,0.0,6.69,2085741000.0
68,GOOGL,MRQ,2004-06-30,2004-06-30,2004-06-30,2021-07-28,-1481000.0,1328022000.0,,881889000.0,446133000.0,,3.271,-96246000.0,254698000.0,254698000.0,328923000.0,79063000.0,3.496,0.306,4207000.0,3751000.0,456000.0,4207000.0,117714000.0,31012000.0,0.0,,0.0,169460000.0,200472000.0,0.286,200472000.0,169460000.0,169460000.0,0.255,0.15,0.255,1016999000.0,,1016999000.0,,,,66313000.0,0.213,1.0,371289000.0,0.53,103755000.0,0.0,721519000.0,,0.0,293989000.0,293989000.0,0.0,311023000.0,252257000.0,58766000.0,,3344000.0,-538000.0,25516000.0,-1199000.0,0.0,28617000.0,-188151000.0,-91367000.0,162559000.0,319000.0,79063000.0,79063000.0,79063000.0,0.0,0.0,0.113,275092000.0,96197000.0,61830000.0,0.0,,,,320718000.0,0.0,,,,191187000.0,334388000.0,700212000.0,700212000.0,91598000.0,,,,,168005000.0,108733000.0,1.0,542439286.0,310882000,532526000.0,2.252,1224267000.0,75381000.0,90397000.0,42199000.0,3.938,629632000.0
69,GOOGL,MRQ,2004-03-31,2004-03-31,2004-03-31,2021-07-28,-888000.0,1079454000.0,,703386000.0,376068000.0,,2.409,-89037000.0,251354000.0,251354000.0,320474000.0,63973000.0,2.348,0.483,5405000.0,4388000.0,1017000.0,5405000.0,120410000.0,23675000.0,0.0,,0.0,155623000.0,179298000.0,0.275,179298000.0,155623000.0,155623000.0,0.21,0.12,0.21,727780000.0,,727780000.0,,,,119008000.0,0.394,1.0,331149000.0,0.508,106197000.0,0.0,427677000.0,,0.0,203534000.0,203534000.0,0.0,351674000.0,299631000.0,52043000.0,,102359000.0,0.0,4914000.0,-1204000.0,0.0,3710000.0,-106843000.0,-17806000.0,208045000.0,-2553000.0,63973000.0,63973000.0,63973000.0,0.0,0.0,0.098,252299000.0,78850000.0,37781000.0,0.0,,,,253006000.0,0.0,,,,179505000.0,255325000.0,651623000.0,651623000.0,81284000.0,,,,,76473000.0,94542000.0,1.0,542439286.0,302168000,528366000.0,2.156,973257000.0,15714000.0,91650000.0,105884000.0,3.221,403755000.0
70,GOOGL,MRQ,2003-12-31,2003-12-31,2003-12-31,2021-07-28,1660000.0,871458000.0,,560234000.0,311224000.0,,2.012,-56491000.0,148995000.0,148995000.0,245047000.0,27254000.0,2.379,0.48,6609000.0,4621000.0,1988000.0,6609000.0,109032000.0,17871000.0,0.0,,0.0,89425000.0,107296000.0,0.209,107296000.0,89425000.0,89425000.0,0.095,0.05,0.095,588770000.0,,588770000.0,,,,30052000.0,0.103,1.0,267128000.0,0.522,105556000.0,0.0,388064000.0,,0.0,185723000.0,185723000.0,0.0,282688000.0,235452000.0,47236000.0,,-86421000.0,0.0,4827000.0,-951000.0,0.0,3876000.0,-178606000.0,-122115000.0,86543000.0,1766000.0,27254000.0,27254000.0,27254000.0,0.0,0.0,0.053,36333000.0,230795000.0,46175000.0,0.0,,,,188255000.0,0.0,,,,154690000.0,191352000.0,512175000.0,512175000.0,-53658000.0,,,,,84984000.0,5007000.0,1.0,,292656000,525120000.0,1.75,765902000.0,22105000.0,62171000.0,39215000.0,2.617,324782000.0
71,GOOGL,MRQ,2003-09-30,2003-09-30,2003-09-30,2021-07-28,,,,,,,,-59757000.0,,,173398000.0,20426000.0,,,,,,,,19179000.0,,,0.0,67020000.0,86199000.0,0.219,86199000.0,67020000.0,67020000.0,0.07,0.04,0.07,,,,,,,71971000.0,0.254,1.0,220544000.0,0.56,,0.0,,,,,,,,,,,89339000.0,-506000.0,2804000.0,-2489000.0,0.0,315000.0,-43289000.0,16974000.0,131728000.0,585000.0,20426000.0,20426000.0,20426000.0,0.0,0.0,0.052,227782000.0,-7238000.0,,0.0,,,,,0.0,,,,,,393942000.0,393942000.0,76652000.0,,,,,73794000.0,77336000.0,1.0,,282820000,515888000.0,1.393,,,46594000.0,,,
72,GOOGL,MRQ,2003-06-30,2003-06-30,2003-06-30,2021-07-28,,,,,,,,-31003000.0,,,118762000.0,32168000.0,,,,,,,,10827000.0,,,0.0,105550000.0,116377000.0,0.374,116377000.0,105550000.0,105550000.0,0.12,0.06,0.12,,,,,,,32973000.0,0.121,1.0,192437000.0,0.618,,0.0,,,,,,,,,,,31427000.0,-39474000.0,2255000.0,-1707000.0,0.0,548000.0,-32597000.0,37880000.0,63976000.0,-500000.0,32168000.0,32168000.0,32168000.0,0.0,0.0,0.103,121818000.0,70619000.0,,0.0,,,,,0.0,,,,,,311199000.0,311199000.0,36306000.0,,,,,34165000.0,51347000.0,1.0,,271420000,514722000.0,1.147,,,73382000.0,,,
73,GOOGL,MRQ,2003-03-31,2003-03-31,2003-03-31,2021-07-28,,,,,,,,-29550000.0,,,18923000.0,25800000.0,,,,,,,,7172000.0,,,0.0,84659000.0,91831000.0,0.513,91831000.0,84659000.0,84659000.0,0.1,0.05,0.1,,,,,,,83648000.0,0.328,1.0,159971000.0,0.894,,0.0,,,,,,,,,,,56898000.0,22000.0,5590000.0,-2239000.0,0.0,3351000.0,-59462000.0,-29934000.0,113198000.0,-189000.0,25800000.0,25800000.0,25800000.0,0.0,0.0,0.144,111683000.0,48288000.0,,0.0,,,,,0.0,,,,,,178894000.0,178894000.0,31928000.0,,,,,36418000.0,43337000.0,1.0,,254678000,254678000.0,0.702,,,58859000.0,,,
74,GOOGL,MRQ,2002-12-31,2002-12-31,2002-12-31,2021-07-28,49000.0,286892000.0,,231796000.0,55096000.0,,0.755,,57752000.0,57752000.0,,,2.59,0.649,10862000.0,4350000.0,6512000.0,10862000.0,26346000.0,,0.0,,0.0,,,,,,,,,,173953000.0,,173953000.0,,,,,,1.0,,,96000.0,,150398000.0,,0.0,88579000.0,88579000.0,0.0,112939000.0,89508000.0,23431000.0,,,,,,,,,,,,,,,,,,,,9394000.0,,,,,53873000.0,,,,,61994000.0,85704000.0,,,,,,,,,,1.0,,230484000,,,286796000.0,12646000.0,,26561000.0,1.244,142288000.0
0,GOOGL,MRT,2021-06-30,2021-06-30,2021-06-30,2021-07-28,190000000.0,335387000000.0,320335250000.0,175697000000.0,159690000000.0,0.688,354.488,-22323000000.0,23630000000.0,23630000000.0,97527000000.0,62929000000.0,3.152,0.412,25947000000.0,0.0,25947000000.0,25947000000.0,10663000000.0,12901000000.0,0.0,0.0,0.0,75316000000.0,88217000000.0,0.401,88217000000.0,75316000000.0,75316000000.0,93.33,92.18,93.33,237565000000.0,225760500000.0,237565000000.0,1635046248109.0,22.0,18.534,58536000000.0,87.346,1.0,122738000000.0,0.557,24032000000.0,0.0,257931000000.0,244060250000.0,907000000.0,137765000000.0,112233000000.0,25532000000.0,97822000000.0,55741000000.0,42081000000.0,1636399248109.0,5888000000.0,-2357000000.0,-47633000000.0,8666000000.0,0.0,-38321000000.0,-36935000000.0,-11845000000.0,80859000000.0,285000000.0,62929000000.0,62929000000.0,62929000000.0,0.0,0.0,0.286,60076000000.0,62662000000.0,4708000000.0,0.0,6.888,26.004,26.163,104675000000.0,0.0,2441.79,7.429,7.429,31967000000.0,176939000000.0,220265000000.0,220265000000.0,29038000000.0,0.196,0.279,0.309,0.342,13966000000.0,31038000000.0,1.0,670163793.0,670163793,,328.673,311355000000.0,2037000000.0,12387000000.0,15165000000.0,464.595,119956000000.0
1,GOOGL,MRT,2021-03-31,2021-03-31,2021-03-31,2021-07-28,-3000000.0,327095000000.0,306111500000.0,172137000000.0,154958000000.0,0.643,341.196,-22218000000.0,26622000000.0,26622000000.0,89853000000.0,51363000000.0,3.104,0.422,25269000000.0,0.0,25269000000.0,25269000000.0,10182000000.0,13342000000.0,0.0,0.0,0.0,61608000000.0,74950000000.0,0.381,74950000000.0,61608000000.0,61608000000.0,75.85,75.05,75.85,230013000000.0,218199750000.0,230013000000.0,1389033354296.0,23.0,18.533,50744000000.0,75.273,1.0,106829000000.0,0.543,24164000000.0,0.0,246125000000.0,231902000000.0,888000000.0,133776000000.0,108482000000.0,25294000000.0,97082000000.0,55453000000.0,41629000000.0,1390420354296.0,6978000000.0,-2214000000.0,-40711000000.0,9673000000.0,0.0,-29828000000.0,-36309000000.0,-11563000000.0,72962000000.0,153000000.0,51363000000.0,51363000000.0,51363000000.0,0.0,0.0,0.261,57145000000.0,49684000000.0,4801000000.0,0.0,6.045,27.07,27.192,100204000000.0,0.0,2062.52,7.069,7.069,28006000000.0,170580000000.0,196682000000.0,196682000000.0,28238000000.0,0.168,0.235,0.266,0.313,13545000000.0,28907000000.0,1.0,674136665.0,674136665,,291.754,302931000000.0,1622000000.0,10245000000.0,15577000000.0,449.361,116684000000.0
2,GOOGL,MRT,2020-12-31,2020-12-31,2020-12-31,2021-07-28,633000000.0,319616000000.0,292688500000.0,174296000000.0,145320000000.0,0.624,329.0,-22281000000.0,26465000000.0,26465000000.0,84732000000.0,40269000000.0,3.067,0.436,25078000000.0,0.0,25078000000.0,25078000000.0,10524000000.0,13697000000.0,0.0,0.0,0.0,48082000000.0,61779000000.0,0.338,61779000000.0,48082000000.0,48082000000.0,59.15,58.61,59.15,222544000000.0,211611250000.0,222544000000.0,1190288741358.0,25.0,19.267,42843000000.0,63.337,1.0,97795000000.0,0.536,22620000000.0,0.0,238775000000.0,221992750000.0,728000000.0,130932000000.0,110229000000.0,20703000000.0,97072000000.0,56834000000.0,40238000000.0,1185531741358.0,7967000000.0,-738000000.0,-36869000000.0,9661000000.0,0.0,-24408000000.0,-32773000000.0,-9822000000.0,65124000000.0,24000000.0,40269000000.0,40269000000.0,40269000000.0,0.0,0.0,0.221,56571000000.0,41224000000.0,5589000000.0,0.0,5.327,29.44,29.63,96960000000.0,0.0,1752.64,6.495,6.495,30930000000.0,163401000000.0,182527000000.0,182527000000.0,27573000000.0,0.138,0.19,0.217,0.263,12991000000.0,28998000000.0,1.0,676426272.0,676426272,,269.84,296996000000.0,1538000000.0,7813000000.0,13895000000.0,439.066,117462000000.0
3,GOOGL,MRT,2020-09-30,2020-09-30,2020-09-30,2021-07-28,46000000.0,299243000000.0,281761750000.0,164369000000.0,134874000000.0,0.609,313.042,-22854000000.0,20129000000.0,20129000000.0,79672000000.0,35713000000.0,3.41,0.405,24886000000.0,0.0,24886000000.0,24886000000.0,8786000000.0,13385000000.0,0.0,0.0,0.0,40097000000.0,53482000000.0,0.311,53482000000.0,40097000000.0,40097000000.0,52.19,51.73,52.19,212920000000.0,206335750000.0,212920000000.0,993832823456.0,25.0,18.583,34020000000.0,50.017,1.0,92032000000.0,0.536,22390000000.0,0.0,233410000000.0,213387750000.0,835000000.0,127123000000.0,112467000000.0,14656000000.0,86323000000.0,48200000000.0,38123000000.0,996847823456.0,4097000000.0,-2510000000.0,-34615000000.0,9671000000.0,0.0,-22464000000.0,-30195000000.0,-5077000000.0,56874000000.0,-118000000.0,35713000000.0,35713000000.0,35713000000.0,0.0,0.0,0.208,57193000000.0,34839000000.0,4391000000.0,0.0,4.682,27.913,28.082,93582000000.0,0.0,1465.6,5.806,5.806,24925000000.0,155567000000.0,171704000000.0,171704000000.0,27773000000.0,0.127,0.173,0.188,0.234,12413000000.0,29420000000.0,1.0,680163635.0,680163635,,252.445,276853000000.0,1560000000.0,4384000000.0,11688000000.0,407.039,116169000000.0
4,GOOGL,MRT,2020-06-30,2020-06-30,2020-06-30,2021-07-28,-296000000.0,278492000000.0,272712000000.0,149069000000.0,129423000000.0,0.609,303.715,-24180000000.0,17742000000.0,17742000000.0,76123000000.0,31534000000.0,3.414,0.343,14727000000.0,0.0,14727000000.0,14727000000.0,7463000000.0,12827000000.0,0.0,0.0,0.0,35366000000.0,48193000000.0,0.29,48193000000.0,35366000000.0,35366000000.0,45.84,45.45,45.84,207322000000.0,201848000000.0,207322000000.0,963837593045.0,27.0,20.0,31157000000.0,45.643,1.0,89907000000.0,0.542,22521000000.0,0.0,209298000000.0,205465250000.0,815000000.0,116299000000.0,103338000000.0,12961000000.0,71170000000.0,43658000000.0,27512000000.0,967989593045.0,1155000000.0,-2623000000.0,-32188000000.0,-276000000.0,0.0,-29964000000.0,-23943000000.0,1829000000.0,55337000000.0,-275000000.0,31534000000.0,31534000000.0,31534000000.0,0.0,0.0,0.19,57104000000.0,32803000000.0,4064000000.0,0.0,4.669,30.697,30.935,90315000000.0,0.0,1418.05,5.83,5.83,21201000000.0,151681000000.0,166030000000.0,166030000000.0,27471000000.0,0.116,0.156,0.172,0.213,11842000000.0,29633000000.0,1.0,682620213.0,682620213,,243.225,255971000000.0,1289000000.0,3832000000.0,11371000000.0,374.983,105411000000.0
5,GOOGL,MRT,2020-03-31,2020-03-31,2020-03-31,2021-07-28,-1097000000.0,273403000000.0,267364250000.0,147018000000.0,126385000000.0,0.623,296.323,-24915000000.0,19644000000.0,19644000000.0,74866000000.0,34522000000.0,3.658,0.342,15492000000.0,0.0,15492000000.0,15492000000.0,7270000000.0,12276000000.0,0.0,0.0,0.0,39236000000.0,51512000000.0,0.309,51512000000.0,39236000000.0,39236000000.0,49.96,49.53,49.96,203659000000.0,198065500000.0,203659000000.0,794862072276.0,20.0,15.431,29056000000.0,42.276,1.0,91811000000.0,0.551,22574000000.0,0.0,206488000000.0,202334250000.0,889000000.0,109952000000.0,97585000000.0,12367000000.0,69744000000.0,40189000000.0,29555000000.0,798592072276.0,496000000.0,-2606000000.0,-28698000000.0,-287000000.0,0.0,-27212000000.0,-25950000000.0,604000000.0,53971000000.0,-313000000.0,34522000000.0,34522000000.0,34522000000.0,0.0,0.0,0.207,56211000000.0,35600000000.0,4099000000.0,0.0,3.921,23.133,23.258,87966000000.0,0.0,1161.95,4.791,4.791,21825000000.0,151068000000.0,166677000000.0,166677000000.0,26809000000.0,0.129,0.174,0.194,0.235,11216000000.0,29402000000.0,1.0,687286090.0,687286090,,242.515,250829000000.0,2640000000.0,4714000000.0,12199000000.0,364.956,106829000000.0
6,GOOGL,MRT,2019-12-31,2019-12-31,2019-12-31,2021-07-28,-1232000000.0,275909000000.0,260350750000.0,152578000000.0,123331000000.0,0.622,292.077,-23548000000.0,18498000000.0,18498000000.0,71896000000.0,34343000000.0,3.374,0.37,14768000000.0,0.0,14768000000.0,14768000000.0,8182000000.0,11781000000.0,0.0,0.0,0.0,39625000000.0,51406000000.0,0.318,51406000000.0,39625000000.0,39625000000.0,49.59,49.16,49.59,201442000000.0,193018750000.0,201442000000.0,921476472316.0,23.0,17.925,30972000000.0,44.907,1.0,89961000000.0,0.556,22603000000.0,0.0,204355000000.0,196601500000.0,999000000.0,114255000000.0,101177000000.0,13078000000.0,74467000000.0,45221000000.0,29246000000.0,923760472316.0,1797000000.0,-2515000000.0,-23161000000.0,-268000000.0,0.0,-23209000000.0,-29491000000.0,-4017000000.0,54520000000.0,-23000000.0,34343000000.0,34343000000.0,34343000000.0,0.0,0.0,0.212,55730000000.0,34231000000.0,5561000000.0,0.0,4.586,26.898,27.009,84587000000.0,0.0,1339.39,5.707,5.707,25326000000.0,152122000000.0,161857000000.0,161857000000.0,26018000000.0,0.132,0.178,0.202,0.245,10794000000.0,28015000000.0,1.0,689687449.0,689687449,,234.682,253306000000.0,2887000000.0,5282000000.0,11860000000.0,367.277,107357000000.0
7,GOOGL,MRT,2019-09-30,2019-09-30,2019-09-30,2021-07-28,-1196000000.0,263044000000.0,249571500000.0,148358000000.0,114686000000.0,0.621,281.179,-24577000000.0,16032000000.0,16032000000.0,68794000000.0,32620000000.0,3.782,0.349,13748000000.0,0.0,13748000000.0,13748000000.0,6878000000.0,10948000000.0,0.0,0.0,0.0,38993000000.0,49941000000.0,0.322,49941000000.0,38993000000.0,38993000000.0,46.99,46.58,46.99,194969000000.0,187065250000.0,194969000000.0,843311461119.0,22.0,16.886,28503000000.0,41.106,1.0,86264000000.0,0.556,19816000000.0,0.0,201720000000.0,186856500000.0,1401000000.0,117633000000.0,105145000000.0,12488000000.0,68075000000.0,39224000000.0,28851000000.0,846736461119.0,2589000000.0,-412000000.0,-19555000000.0,-226000000.0,0.0,-18629000000.0,-31664000000.0,-7172000000.0,53080000000.0,-198000000.0,32620000000.0,32620000000.0,32620000000.0,0.0,0.0,0.21,53078000000.0,33186000000.0,4142000000.0,0.0,4.343,25.958,25.987,79593000000.0,0.0,1221.14,5.461,5.461,20889000000.0,147125000000.0,155058000000.0,155058000000.0,24830000000.0,0.131,0.174,0.209,0.251,10402000000.0,26551000000.0,1.0,693398350.0,693398350,,223.62,243228000000.0,756000000.0,6373000000.0,13233000000.0,350.777,109134000000.0
8,GOOGL,MRT,2019-06-30,2019-06-30,2019-06-30,2021-07-28,-1091000000.0,257101000000.0,239195000000.0,147437000000.0,109664000000.0,0.62,276.836,-23127000000.0,16587000000.0,16587000000.0,65507000000.0,34744000000.0,3.985,0.338,13162000000.0,0.0,13162000000.0,13162000000.0,6671000000.0,10383000000.0,0.0,0.0,0.0,40448000000.0,50831000000.0,0.343,50831000000.0,40448000000.0,40448000000.0,50.0,49.52,50.0,192192000000.0,180783000000.0,192192000000.0,744851202882.0,18.0,14.653,27697000000.0,39.895,1.0,82792000000.0,0.558,19902000000.0,0.0,196774000000.0,176535750000.0,964000000.0,116581000000.0,104469000000.0,12112000000.0,64909000000.0,37000000000.0,27909000000.0,751727202882.0,2439000000.0,-304000000.0,-16181000000.0,-106000000.0,0.0,-15153000000.0,-33127000000.0,-9834000000.0,50824000000.0,-105000000.0,34744000000.0,34744000000.0,34744000000.0,0.0,0.0,0.234,50158000000.0,32634000000.0,3925000000.0,0.0,3.911,21.636,21.656,74604000000.0,0.0,1082.8,5.069,5.069,20965000000.0,145346000000.0,148299000000.0,148299000000.0,23508000000.0,0.145,0.192,0.229,0.273,10008000000.0,24953000000.0,1.0,694243815.0,694243815,,213.612,237199000000.0,937000000.0,5704000000.0,13397000000.0,341.665,110437000000.0
9,GOOGL,MRT,2019-03-31,2019-03-31,2019-03-31,2021-07-28,-1780000000.0,245349000000.0,227822250000.0,138207000000.0,107142000000.0,0.623,263.918,-22508000000.0,19148000000.0,19148000000.0,62094000000.0,27992000000.0,3.959,0.337,12272000000.0,0.0,12272000000.0,12272000000.0,6376000000.0,9662000000.0,0.0,0.0,0.0,32516000000.0,42178000000.0,0.297,42178000000.0,32516000000.0,32516000000.0,40.27,39.85,40.27,183472000000.0,173235000000.0,183472000000.0,805468917588.0,25.0,19.097,25821000000.0,37.143,1.0,79918000000.0,0.563,20006000000.0,0.0,183557000000.0,165088000000.0,1053000000.0,108814000000.0,94340000000.0,14474000000.0,61877000000.0,34910000000.0,26967000000.0,818157917588.0,6490000000.0,-340000000.0,-14937000000.0,-1404000000.0,0.0,-15344000000.0,-26046000000.0,-3330000000.0,48329000000.0,-449000000.0,27992000000.0,27992000000.0,27992000000.0,0.0,0.0,0.197,53419000000.0,26499000000.0,3710000000.0,0.0,4.459,29.228,29.225,69365000000.0,0.0,1176.89,5.761,5.761,19149000000.0,138720000000.0,142012000000.0,142012000000.0,22409000000.0,0.123,0.162,0.197,0.229,9665000000.0,24242000000.0,1.0,695186396.0,695186396,,204.279,225343000000.0,861000000.0,4524000000.0,13648000000.0,324.148,103297000000.0
10,GOOGL,MRT,2018-12-31,2018-12-31,2018-12-31,2021-07-28,-2306000000.0,232792000000.0,218218750000.0,135676000000.0,97116000000.0,0.627,255.409,-25139000000.0,16701000000.0,16701000000.0,59549000000.0,30736000000.0,3.919,0.311,4012000000.0,0.0,4012000000.0,4012000000.0,6772000000.0,9035000000.0,0.0,0.0,0.0,34913000000.0,43948000000.0,0.321,43948000000.0,34913000000.0,34913000000.0,44.22,43.7,44.22,177628000000.0,167573250000.0,177628000000.0,717277149270.0,21.0,16.321,22832000000.0,32.83,1.0,77270000000.0,0.565,20108000000.0,0.0,165375000000.0,157577250000.0,1107000000.0,106298000000.0,92439000000.0,13859000000.0,55164000000.0,34620000000.0,20544000000.0,726734149270.0,5986000000.0,-1491000000.0,-14068000000.0,-61000000.0,0.0,-13179000000.0,-28504000000.0,-1972000000.0,47971000000.0,-302000000.0,30736000000.0,30736000000.0,30736000000.0,0.0,0.0,0.225,49746000000.0,27524000000.0,4378000000.0,0.0,4.091,23.644,23.631,59719000000.0,0.0,1044.96,5.312,5.312,20838000000.0,134885000000.0,136819000000.0,136819000000.0,21419000000.0,0.141,0.183,0.222,0.255,9353000000.0,23256000000.0,1.0,695465998.0,695465998,,196.73,212684000000.0,1092000000.0,4177000000.0,12660000000.0,305.815,101056000000.0
11,GOOGL,MRT,2018-09-30,2018-09-30,2018-09-30,2021-07-28,-1676000000.0,221538000000.0,209344500000.0,129702000000.0,91836000000.0,0.62,244.136,-22446000000.0,13443000000.0,13443000000.0,55898000000.0,18768000000.0,4.144,0.304,3986000000.0,0.0,3986000000.0,3986000000.0,5947000000.0,8481000000.0,0.0,0.0,0.0,32859000000.0,41340000000.0,0.318,41340000000.0,32859000000.0,32859000000.0,26.96,26.63,26.96,169840000000.0,161291750000.0,169840000000.0,829571726233.0,25.0,20.067,22806000000.0,32.782,1.0,73968000000.0,0.57,20343000000.0,0.0,160437000000.0,152965250000.0,1212000000.0,105646000000.0,92973000000.0,12673000000.0,51698000000.0,31301000000.0,20397000000.0,839738726233.0,2862000000.0,-1466000000.0,-13533000000.0,-78000000.0,0.0,-13611000000.0,-28602000000.0,-4858000000.0,45252000000.0,-177000000.0,18768000000.0,18768000000.0,18768000000.0,0.0,0.0,0.145,46969000000.0,26999000000.0,3789000000.0,0.0,4.944,44.743,44.773,55300000000.0,0.0,1207.08,6.466,6.466,17897000000.0,128405000000.0,129866000000.0,129866000000.0,19691000000.0,0.09,0.116,0.215,0.253,8947000000.0,22207000000.0,1.0,695677773.0,695677773,,186.676,201195000000.0,852000000.0,14091000000.0,12880000000.0,289.207,98401000000.0
12,GOOGL,MRT,2018-06-30,2018-06-30,2018-06-30,2021-07-28,-1525000000.0,211610000000.0,201344000000.0,124157000000.0,87453000000.0,0.615,233.245,-20675000000.0,14148000000.0,14148000000.0,52765000000.0,16308000000.0,4.152,0.306,3981000000.0,0.0,3981000000.0,3981000000.0,5800000000.0,7887000000.0,0.0,0.0,0.0,30755000000.0,38642000000.0,0.312,38642000000.0,30755000000.0,30755000000.0,23.46,23.14,23.46,162000000000.0,158106750000.0,162000000000.0,776921517692.0,25.0,20.106,21239000000.0,30.58,1.0,71133000000.0,0.574,20557000000.0,0.0,150983000000.0,148509000000.0,698000000.0,99593000000.0,88106000000.0,11487000000.0,49610000000.0,29903000000.0,19707000000.0,784277517692.0,-1563000000.0,-1578000000.0,-11098000000.0,-61000000.0,0.0,-10839000000.0,-32598000000.0,-10493000000.0,41914000000.0,-40000000.0,16308000000.0,16308000000.0,16308000000.0,0.0,0.0,0.132,44977000000.0,26156000000.0,3369000000.0,0.0,4.841,48.092,48.133,51672000000.0,0.0,1129.19,6.33,6.33,17043000000.0,121282000000.0,123898000000.0,123898000000.0,18664000000.0,0.081,0.103,0.207,0.248,8537000000.0,21242000000.0,1.0,694548763.0,694548763,,178.386,191053000000.0,886000000.0,14447000000.0,13320000000.0,275.075,94254000000.0
13,GOOGL,MRT,2018-03-31,2018-03-31,2018-03-31,2021-07-28,-670000000.0,206935000000.0,193096750000.0,123761000000.0,83174000000.0,0.607,231.304,-17986000000.0,12658000000.0,12658000000.0,49255000000.0,16637000000.0,4.874,0.287,5302000000.0,1329000000.0,3973000000.0,5302000000.0,5634000000.0,7398000000.0,0.0,0.0,0.0,30917000000.0,38315000000.0,0.327,38315000000.0,30917000000.0,30917000000.0,23.95,23.61,23.95,160825000000.0,154678250000.0,160825000000.0,714374880264.0,23.0,18.645,21199000000.0,30.489,1.0,67996000000.0,0.58,20671000000.0,0.0,153514000000.0,142924000000.0,636000000.0,101203000000.0,90227000000.0,10976000000.0,46110000000.0,25394000000.0,20716000000.0,721120880264.0,-5474000000.0,-1436000000.0,-10207000000.0,1245000000.0,0.0,-8642000000.0,-36396000000.0,-17073000000.0,39185000000.0,379000000.0,16637000000.0,16637000000.0,16637000000.0,0.0,0.0,0.142,40753000000.0,27243000000.0,3526000000.0,0.0,4.484,43.344,43.304,48845000000.0,0.0,1037.14,6.15,6.15,16777000000.0,120008000000.0,117251000000.0,117251000000.0,17722000000.0,0.086,0.108,0.216,0.264,8127000000.0,20295000000.0,1.0,695297530.0,695297530,,168.634,186264000000.0,715000000.0,14280000000.0,14622000000.0,267.891,98367000000.0
14,GOOGL,MRT,2017-12-31,2017-12-31,2017-12-31,2021-07-28,-992000000.0,197295000000.0,184552000000.0,124308000000.0,72987000000.0,0.601,219.49,-13184000000.0,10715000000.0,10715000000.0,45583000000.0,12662000000.0,5.14,0.294,3969000000.0,0.0,3969000000.0,3969000000.0,5747000000.0,6915000000.0,0.0,0.0,0.0,27193000000.0,34108000000.0,0.308,34108000000.0,27193000000.0,27193000000.0,18.27,18.0,18.27,152502000000.0,150709250000.0,152502000000.0,725287543727.0,27.0,21.264,23907000000.0,34.408,1.0,65272000000.0,0.589,19439000000.0,0.0,146927000000.0,135450750000.0,749000000.0,98969000000.0,91156000000.0,7813000000.0,44793000000.0,24183000000.0,20610000000.0,731904543727.0,-2203000000.0,-287000000.0,-9012000000.0,-86000000.0,0.0,-8298000000.0,-31401000000.0,-18029000000.0,37091000000.0,405000000.0,12662000000.0,12662000000.0,12662000000.0,0.0,0.0,0.114,39094000000.0,26178000000.0,3137000000.0,0.0,4.799,57.803,57.657,42383000000.0,0.0,1053.4,6.602,6.602,18336000000.0,113247000000.0,110855000000.0,110855000000.0,16625000000.0,0.069,0.084,0.201,0.245,7679000000.0,19733000000.0,1.0,694802111.0,694802111,,159.549,177856000000.0,1049000000.0,14531000000.0,14123000000.0,255.981,100125000000.0
15,GOOGL,MRT,2017-09-30,2017-09-30,2017-09-30,2021-07-28,-746000000.0,189536000000.0,177102500000.0,119345000000.0,70191000000.0,0.591,226.735,-11860000000.0,10581000000.0,10581000000.0,41977000000.0,21015000000.0,5.767,0.206,3964000000.0,0.0,3964000000.0,3964000000.0,4815000000.0,6576000000.0,0.0,0.0,0.0,26032000000.0,32608000000.0,0.312,32608000000.0,26032000000.0,26032000000.0,30.38,29.9,30.38,157100000000.0,147342750000.0,157100000000.0,662914615055.0,25.0,20.33,24376000000.0,35.181,1.0,62619000000.0,0.599,19614000000.0,0.0,142612000000.0,129214750000.0,765000000.0,96831000000.0,89562000000.0,7269000000.0,32436000000.0,20693000000.0,11743000000.0,674670615055.0,1175000000.0,-935000000.0,-6735000000.0,-77000000.0,0.0,-6012000000.0,-29129000000.0,-16334000000.0,36236000000.0,80000000.0,21015000000.0,21015000000.0,21015000000.0,0.0,0.0,0.201,37498000000.0,25121000000.0,2674000000.0,0.0,4.295,32.104,32.051,40120000000.0,0.0,973.72,6.45,6.45,15295000000.0,118237000000.0,104596000000.0,104596000000.0,15941000000.0,0.119,0.143,0.201,0.249,7678000000.0,18821000000.0,1.0,692879488.0,692879488,,150.958,169922000000.0,787000000.0,5017000000.0,4730000000.0,245.24,98652000000.0
16,GOOGL,MRT,2017-06-30,2017-06-30,2017-06-30,2021-07-28,-1728000000.0,178621000000.0,169705500000.0,112386000000.0,66235000000.0,0.585,214.364,-10706000000.0,15711000000.0,15711000000.0,39528000000.0,19344000000.0,6.015,0.205,3955000000.0,0.0,3955000000.0,3955000000.0,4578000000.0,6411000000.0,0.0,0.0,0.0,24098000000.0,30509000000.0,0.307,30509000000.0,24098000000.0,24098000000.0,28.03,27.58,28.03,148286000000.0,141593500000.0,148286000000.0,628909841237.0,26.0,20.614,25503000000.0,36.867,1.0,59747000000.0,0.602,19537000000.0,0.0,128643000000.0,123752250000.0,398000000.0,85644000000.0,79002000000.0,6642000000.0,30335000000.0,18685000000.0,11650000000.0,643104841237.0,2084000000.0,-1057000000.0,-6532000000.0,-343000000.0,0.0,-6395000000.0,-27770000000.0,-16007000000.0,36209000000.0,40000000.0,19344000000.0,19344000000.0,19344000000.0,0.0,0.0,0.195,36641000000.0,23106000000.0,2488000000.0,0.0,4.337,33.246,33.167,37676000000.0,0.0,929.68,6.478,6.478,14003000000.0,111505000000.0,99275000000.0,99275000000.0,15332000000.0,0.114,0.137,0.195,0.243,7718000000.0,18573000000.0,1.0,691748603.0,691748603,,143.513,159084000000.0,1250000000.0,4754000000.0,4630000000.0,229.974,93701000000.0
17,GOOGL,MRT,2017-03-31,2017-03-31,2017-03-31,2021-07-28,-2169000000.0,172756000000.0,163623250000.0,108794000000.0,63962000000.0,0.579,209.639,-10011000000.0,18132000000.0,18132000000.0,37285000000.0,20697000000.0,7.131,0.192,3937000000.0,0.0,3937000000.0,3937000000.0,4359000000.0,6276000000.0,0.0,0.0,0.0,25840000000.0,32116000000.0,0.339,32116000000.0,25840000000.0,25840000000.0,30.05,29.57,30.05,144949000000.0,136491750000.0,144949000000.0,577203153231.0,22.0,17.972,27915000000.0,40.373,1.0,57480000000.0,0.607,19684000000.0,0.0,123621000000.0,118650000000.0,280000000.0,80438000000.0,74307000000.0,6131000000.0,27807000000.0,15256000000.0,12551000000.0,586186153231.0,3021000000.0,-1053000000.0,-6228000000.0,-1347000000.0,0.0,-7095000000.0,-27771000000.0,-16707000000.0,37926000000.0,-39000000.0,20697000000.0,20697000000.0,20697000000.0,0.0,0.0,0.218,32538000000.0,24942000000.0,2306000000.0,0.0,4.044,28.322,28.213,35936000000.0,0.0,847.8,6.186,6.186,12913000000.0,109420000000.0,94765000000.0,94765000000.0,14523000000.0,0.126,0.152,0.218,0.273,7218000000.0,18015000000.0,1.0,691420327.0,691420327,,137.058,153072000000.0,421000000.0,5143000000.0,6331000000.0,221.388,93538000000.0
18,GOOGL,MRT,2016-12-31,2016-12-31,2016-12-31,2021-07-28,-2402000000.0,167497000000.0,157871000000.0,105408000000.0,62089000000.0,0.572,201.724,-9972000000.0,12918000000.0,12918000000.0,35138000000.0,19478000000.0,6.291,0.205,3935000000.0,0.0,3935000000.0,3935000000.0,4243000000.0,6144000000.0,0.0,0.0,0.0,24150000000.0,30294000000.0,0.336,30294000000.0,24150000000.0,24150000000.0,28.32,27.85,28.32,139036000000.0,131146750000.0,139036000000.0,540719119853.0,22.0,17.849,26064000000.0,37.816,1.0,55134000000.0,0.611,19775000000.0,0.0,121983000000.0,113404000000.0,268000000.0,79293000000.0,73415000000.0,5878000000.0,28461000000.0,16756000000.0,11705000000.0,546187119853.0,-3631000000.0,-986000000.0,-6997000000.0,-1335000000.0,0.0,-8332000000.0,-31165000000.0,-20207000000.0,36036000000.0,-170000000.0,19478000000.0,19478000000.0,19478000000.0,0.0,0.0,0.216,31418000000.0,23716000000.0,2041000000.0,0.0,3.928,28.041,27.982,34234000000.0,0.0,792.45,6.05,6.05,14137000000.0,105131000000.0,90272000000.0,90272000000.0,13948000000.0,0.123,0.149,0.213,0.268,6703000000.0,17470000000.0,1.0,689238589.0,689238589,,130.974,147722000000.0,478000000.0,4672000000.0,5457000000.0,214.326,88652000000.0
19,GOOGL,MRT,2016-09-30,2016-09-30,2016-09-30,2021-07-28,-1032000000.0,159948000000.0,152862000000.0,98546000000.0,61402000000.0,0.56,195.123,-9008000000.0,9406000000.0,9406000000.0,32665000000.0,19068000000.0,6.88,0.193,3938000000.0,0.0,3938000000.0,3938000000.0,3634000000.0,5861000000.0,0.0,0.0,0.0,22493000000.0,28354000000.0,0.331,28354000000.0,22493000000.0,22493000000.0,27.75,27.34,27.75,134103000000.0,126470500000.0,134103000000.0,543185369216.0,24.0,19.157,24224000000.0,35.247,1.0,52872000000.0,0.618,19395000000.0,0.0,120762000000.0,107184750000.0,559000000.0,79355000000.0,73650000000.0,5705000000.0,25845000000.0,14323000000.0,11522000000.0,552609369216.0,-8662000000.0,-316000000.0,-8663000000.0,-1336000000.0,0.0,-9999000000.0,-31950000000.0,-22626000000.0,33232000000.0,55000000.0,19068000000.0,19068000000.0,19068000000.0,0.0,0.0,0.223,30415000000.0,22457000000.0,2175000000.0,0.0,4.121,28.981,28.975,32753000000.0,0.0,804.06,6.46,6.46,11979000000.0,99798000000.0,85537000000.0,85537000000.0,13836000000.0,0.125,0.151,0.21,0.263,6293000000.0,16579000000.0,1.0,687273797.0,687273797,,124.458,140553000000.0,689000000.0,3425000000.0,5025000000.0,204.508,84223000000.0
20,GOOGL,MRT,2016-06-30,2016-06-30,2016-06-30,2021-07-28,-1151000000.0,154292000000.0,148945250000.0,94238000000.0,60054000000.0,0.549,186.262,-9024000000.0,13627000000.0,13627000000.0,31003000000.0,17986000000.0,5.434,0.207,4203000000.0,2219000000.0,1984000000.0,4203000000.0,3396000000.0,5513000000.0,0.0,0.0,0.0,21339000000.0,26852000000.0,0.328,26852000000.0,21339000000.0,21339000000.0,26.19,25.82,26.19,127879000000.0,122005000000.0,127879000000.0,473109203072.0,22.0,17.619,20508000000.0,29.871,1.0,50758000000.0,0.621,19293000000.0,0.0,108234000000.0,100316500000.0,0.0,70653000000.0,64833000000.0,5820000000.0,26413000000.0,17341000000.0,9072000000.0,483012203072.0,-4826000000.0,-166000000.0,-8454000000.0,-1065000000.0,0.0,-9519000000.0,-24722000000.0,-15532000000.0,29532000000.0,-117000000.0,17986000000.0,17986000000.0,17986000000.0,0.0,0.0,0.22,29360000000.0,21398000000.0,3781000000.0,0.0,3.777,26.855,26.863,31413000000.0,0.0,703.53,5.908,5.908,12186000000.0,94737000000.0,81761000000.0,81761000000.0,13470000000.0,0.121,0.147,0.213,0.261,5865000000.0,15890000000.0,1.0,686555233.0,686555233,,119.089,134999000000.0,829000000.0,3353000000.0,4971000000.0,196.632,76897000000.0
21,GOOGL,MRT,2016-03-31,2016-03-31,2016-03-31,2021-07-28,-1294000000.0,149747000000.0,145074000000.0,90955000000.0,58792000000.0,0.538,179.523,-9416000000.0,15111000000.0,15111000000.0,29456000000.0,17040000000.0,5.143,0.212,5208000000.0,3221000000.0,1987000000.0,5208000000.0,3291000000.0,5257000000.0,0.0,0.0,0.0,20176000000.0,25433000000.0,0.326,25433000000.0,20176000000.0,20176000000.0,24.07,23.75,24.07,123569000000.0,117981000000.0,123569000000.0,513790150244.0,25.0,20.202,18092000000.0,26.284,1.0,48532000000.0,0.622,19523000000.0,0.0,102637000000.0,95358500000.0,0.0,65730000000.0,60153000000.0,5577000000.0,26178000000.0,17684000000.0,8494000000.0,525119150244.0,-1865000000.0,-206000000.0,-6567000000.0,-26000000.0,0.0,-6640000000.0,-22652000000.0,-13030000000.0,27508000000.0,-81000000.0,17040000000.0,16518000000.0,16518000000.0,0.0,0.0,0.212,28277000000.0,20255000000.0,3838000000.0,0.0,4.25,31.791,31.695,30162000000.0,522000000.0,762.9,6.733,6.733,11168000000.0,91168000000.0,77988000000.0,77988000000.0,12896000000.0,0.114,0.14,0.212,0.259,5494000000.0,15381000000.0,1.0,688319767.0,688319767,,113.302,130224000000.0,2037000000.0,3136000000.0,4741000000.0,189.191,73271000000.0
22,GOOGL,MRT,2015-12-31,2015-12-31,2015-12-31,2021-07-28,-1874000000.0,147461000000.0,140987250000.0,90114000000.0,57347000000.0,0.532,174.97,-9915000000.0,16549000000.0,16549000000.0,28164000000.0,16348000000.0,4.667,0.225,5220000000.0,3225000000.0,1995000000.0,5220000000.0,3268000000.0,5063000000.0,0.0,0.0,0.0,19651000000.0,24714000000.0,0.33,24714000000.0,19651000000.0,19651000000.0,23.11,22.84,23.11,120331000000.0,114200750000.0,120331000000.0,522220054844.0,27.0,21.131,16657000000.0,24.22,1.0,46825000000.0,0.624,19716000000.0,0.0,97106000000.0,91541750000.0,491000000.0,61700000000.0,56517000000.0,5183000000.0,27130000000.0,19310000000.0,7820000000.0,535057054844.0,-1798000000.0,-236000000.0,-4155000000.0,-23000000.0,0.0,-4225000000.0,-23711000000.0,-13560000000.0,26572000000.0,-434000000.0,16348000000.0,15826000000.0,15826000000.0,0.0,0.0,0.211,27465000000.0,19360000000.0,4359000000.0,0.0,4.447,33.809,33.666,29016000000.0,522000000.0,778.01,7.135,7.135,12006000000.0,89223000000.0,74989000000.0,74989000000.0,12282000000.0,0.112,0.139,0.215,0.262,5203000000.0,15183000000.0,1.0,687725164.0,687725164,,109.039,127745000000.0,2154000000.0,3303000000.0,4154000000.0,185.75,70804000000.0
23,GOOGL,MRT,2015-09-30,2015-09-30,2015-09-30,2021-07-28,-1592000000.0,144281000000.0,136418750000.0,88103000000.0,56178000000.0,0.526,169.562,-6734000000.0,18068000000.0,18068000000.0,26897000000.0,16100000000.0,4.773,0.241,5231000000.0,3237000000.0,1994000000.0,5231000000.0,2737000000.0,4926000000.0,0.0,0.0,0.0,19945000000.0,24871000000.0,0.347,24871000000.0,19945000000.0,19945000000.0,22.84,22.55,22.84,116241000000.0,110083000000.0,116241000000.0,424405136904.0,21.0,17.064,20241000000.0,29.526,1.0,44866000000.0,0.625,19698000000.0,0.0,93289000000.0,87038250000.0,0.0,59512000000.0,54699000000.0,4813000000.0,28040000000.0,18457000000.0,9583000000.0,437625136904.0,2303000000.0,-4746000000.0,-2131000000.0,-13000000.0,0.0,-2658000000.0,-21465000000.0,-9985000000.0,26975000000.0,-549000000.0,16100000000.0,15578000000.0,15578000000.0,-967000000.0,0.0,0.217,26487000000.0,18379000000.0,4815000000.0,0.0,3.765,28.093,27.95,28338000000.0,522000000.0,638.37,6.098,6.098,10149000000.0,85969000000.0,71763000000.0,71763000000.0,11585000000.0,0.114,0.142,0.229,0.278,5421000000.0,14902000000.0,1.0,685535249.0,685535249,,104.682,124583000000.0,2499000000.0,3845000000.0,5787000000.0,181.731,69646000000.0
24,GOOGL,MRT,2015-06-30,2015-06-30,2015-06-30,2021-07-28,-929000000.0,138807000000.0,131793750000.0,84164000000.0,54643000000.0,0.528,163.806,-7920000000.0,18453000000.0,18453000000.0,26555000000.0,14860000000.0,4.848,0.242,5233000000.0,3008000000.0,2225000000.0,5233000000.0,2643000000.0,5225000000.0,0.0,0.0,0.0,18726000000.0,23951000000.0,0.344,23951000000.0,18726000000.0,18726000000.0,21.09,20.8,21.09,111783000000.0,105726500000.0,111783000000.0,356787353475.0,19.0,14.897,18904000000.0,27.702,1.0,43056000000.0,0.619,19823000000.0,0.0,88402000000.0,83038500000.0,0.0,55736000000.0,51327000000.0,4409000000.0,27024000000.0,17362000000.0,9662000000.0,368528353475.0,-1327000000.0,-4644000000.0,-2152000000.0,-13000000.0,0.0,-2504000000.0,-24975000000.0,-12411000000.0,26824000000.0,-672000000.0,14860000000.0,14338000000.0,14338000000.0,-782000000.0,0.0,0.206,25661000000.0,17395000000.0,4009000000.0,0.0,3.297,25.703,25.606,27008000000.0,522000000.0,540.04,5.294,5.294,10019000000.0,81990000000.0,69611000000.0,69611000000.0,11010000000.0,0.109,0.136,0.226,0.269,5104000000.0,14651000000.0,1.0,682409365.0,682409365,,102.008,118984000000.0,1316000000.0,3866000000.0,6317000000.0,174.359,66802000000.0
25,GOOGL,MRT,2015-03-31,2015-03-31,2015-03-31,2021-07-28,-371000000.0,133400000000.0,127494000000.0,80313000000.0,53087000000.0,0.532,159.268,-8594000000.0,16976000000.0,16976000000.0,26086000000.0,14280000000.0,5.602,0.23,5235000000.0,2009000000.0,3226000000.0,5235000000.0,2547000000.0,5070000000.0,0.0,0.0,0.0,18105000000.0,23175000000.0,0.342,23175000000.0,18105000000.0,18105000000.0,21.06,20.75,21.06,108448000000.0,101718000000.0,108448000000.0,364431457175.0,20.0,15.725,16761000000.0,24.615,1.0,41753000000.0,0.615,19953000000.0,0.0,87370000000.0,78516000000.0,0.0,52550000000.0,48460000000.0,4090000000.0,24952000000.0,14336000000.0,10616000000.0,377541457175.0,177000000.0,-4566000000.0,-2236000000.0,-1014000000.0,0.0,-3405000000.0,-21052000000.0,-7892000000.0,25355000000.0,-721000000.0,14280000000.0,14280000000.0,14280000000.0,-714000000.0,0.0,0.21,24925000000.0,16828000000.0,3345000000.0,0.0,3.481,26.438,26.339,25448000000.0,0.0,554.7,5.565,5.568,9409000000.0,79292000000.0,67839000000.0,67839000000.0,10459000000.0,0.112,0.14,0.231,0.267,4750000000.0,14466000000.0,1.0,680622782.0,680915000,689498000.0,99.629,113447000000.0,1748000000.0,3825000000.0,5685000000.0,166.61,65977000000.0
26,GOOGL,MRT,2014-12-31,2014-12-31,2014-12-31,2021-07-28,27000000.0,129187000000.0,123275500000.0,78656000000.0,50531000000.0,0.535,153.654,-10959000000.0,18347000000.0,18347000000.0,25691000000.0,14136000000.0,4.688,0.244,5237000000.0,2009000000.0,3228000000.0,5237000000.0,2808000000.0,4979000000.0,0.0,0.0,0.0,17775000000.0,22754000000.0,0.345,22754000000.0,17775000000.0,17775000000.0,20.91,20.57,20.91,103860000000.0,97533750000.0,103860000000.0,349615517952.0,20.0,15.365,12065000000.0,17.849,1.0,40310000000.0,0.611,20206000000.0,0.0,79092000000.0,74265000000.0,0.0,49127000000.0,46048000000.0,3079000000.0,25327000000.0,16779000000.0,8548000000.0,359981517952.0,-551000000.0,-4502000000.0,-2069000000.0,-18000000.0,0.0,-2087000000.0,-21055000000.0,-5594000000.0,23024000000.0,-433000000.0,14136000000.0,14136000000.0,14136000000.0,-516000000.0,0.0,0.214,23814000000.0,16496000000.0,4493000000.0,0.0,3.466,25.466,25.378,23883000000.0,0.0,530.66,5.454,5.435,10258000000.0,75066000000.0,66001000000.0,66001000000.0,9832000000.0,0.115,0.145,0.239,0.269,4279000000.0,13982000000.0,1.0,678365654.0,675935000,687070000.0,97.644,108981000000.0,767000000.0,3639000000.0,4194000000.0,161.23,61877000000.0
27,GOOGL,MRT,2014-09-30,2014-09-30,2014-09-30,2021-07-28,-82000000.0,125781000000.0,118708750000.0,80115000000.0,45666000000.0,0.536,145.939,-14415000000.0,15605000000.0,15605000000.0,25023000000.0,12731000000.0,4.471,0.273,5239000000.0,2009000000.0,3230000000.0,5239000000.0,2735000000.0,4748000000.0,0.0,0.0,0.0,16316000000.0,21064000000.0,0.331,21064000000.0,16316000000.0,16316000000.0,18.9,18.57,18.9,98815000000.0,93396000000.0,98815000000.0,383616808482.0,24.0,18.212,6835000000.0,10.095,1.0,38582000000.0,0.607,20205000000.0,0.0,77290000000.0,70442250000.0,279000000.0,49022000000.0,46552000000.0,2470000000.0,26966000000.0,17920000000.0,9046000000.0,397995808482.0,523000000.0,0.0,-1692000000.0,-17000000.0,0.0,-1063000000.0,-19431000000.0,-5016000000.0,21250000000.0,-233000000.0,12731000000.0,12731000000.0,12731000000.0,957000000.0,0.0,0.2,22056000000.0,16526000000.0,4770000000.0,0.0,4.028,31.262,31.133,20981000000.0,0.0,588.41,6.257,6.264,9062000000.0,70949000000.0,63605000000.0,63605000000.0,8952000000.0,0.107,0.136,0.232,0.257,3348000000.0,13104000000.0,1.0,676391986.0,677097000,688215000.0,93.938,105576000000.0,2329000000.0,3585000000.0,4671000000.0,155.924,62195000000.0
28,GOOGL,MRT,2014-06-30,2014-06-30,2014-06-30,2021-07-28,502000000.0,121608000000.0,113530500000.0,77905000000.0,43703000000.0,0.536,141.826,-13172000000.0,19620000000.0,19620000000.0,23737000000.0,12962000000.0,4.557,0.27,5241000000.0,2009000000.0,3232000000.0,5241000000.0,2661000000.0,4175000000.0,0.0,0.0,0.0,16226000000.0,20401000000.0,0.335,20401000000.0,16226000000.0,16226000000.0,19.3,18.97,19.3,95749000000.0,89439500000.0,95749000000.0,383960334481.0,24.0,18.821,7167000000.0,10.616,1.0,37099000000.0,0.61,19820000000.0,0.0,70312000000.0,66840250000.0,293000000.0,43999000000.0,41584000000.0,2415000000.0,25859000000.0,17097000000.0,8762000000.0,394356334481.0,3616000000.0,174000000.0,-1434000000.0,-16000000.0,0.0,-875000000.0,-15922000000.0,-2924000000.0,20339000000.0,74000000.0,12962000000.0,12962000000.0,12962000000.0,965000000.0,0.0,0.213,20536000000.0,16563000000.0,4431000000.0,0.0,4.119,30.424,30.294,19486000000.0,0.0,584.67,6.482,6.488,8421000000.0,68136000000.0,60836000000.0,60836000000.0,8118000000.0,0.114,0.145,0.243,0.267,3015000000.0,12418000000.0,1.0,674493876.0,675115000,686363000.0,90.112,101788000000.0,2276000000.0,3264000000.0,4627000000.0,150.771,60808000000.0
29,GOOGL,MRT,2014-03-31,2014-03-31,2014-03-31,2021-07-28,345000000.0,116526000000.0,108424000000.0,75314000000.0,41212000000.0,0.535,136.356,-12644000000.0,16639000000.0,16639000000.0,22818000000.0,12839000000.0,4.629,0.271,6243000000.0,3009000000.0,3234000000.0,6243000000.0,2724000000.0,4126000000.0,0.0,0.0,0.0,16046000000.0,20172000000.0,0.348,20172000000.0,16046000000.0,16046000000.0,19.19,18.86,19.19,91711000000.0,85215250000.0,91711000000.0,361254044385.0,23.0,17.909,6773000000.0,10.07,1.0,35170000000.0,0.607,19494000000.0,0.0,70366000000.0,63443250000.0,337000000.0,44863000000.0,42740000000.0,2123000000.0,24815000000.0,16270000000.0,8545000000.0,374907044385.0,1424000000.0,2525000000.0,-897000000.0,837000000.0,0.0,482000000.0,-18545000000.0,-8426000000.0,19417000000.0,70000000.0,12839000000.0,12839000000.0,12839000000.0,443000000.0,0.0,0.221,19400000000.0,15770000000.0,3776000000.0,0.0,4.088,29.201,29.068,17877000000.0,0.0,557.813,6.465,6.47,7877000000.0,64714000000.0,57988000000.0,57988000000.0,7646000000.0,0.118,0.151,0.253,0.277,2980000000.0,11754000000.0,1.0,672101662.0,672587000,685212000.0,86.216,97032000000.0,1710000000.0,3207000000.0,4674000000.0,144.267,59044000000.0
30,GOOGL,MRT,2013-12-31,2013-12-31,2013-12-31,2021-07-28,125000000.0,110920000000.0,103465500000.0,72886000000.0,38034000000.0,0.537,131.155,-8806000000.0,18898000000.0,18898000000.0,21993000000.0,12733000000.0,4.582,0.27,5245000000.0,3009000000.0,2236000000.0,5245000000.0,2930000000.0,3939000000.0,0.0,0.0,0.0,15472000000.0,19411000000.0,0.35,19411000000.0,15472000000.0,15472000000.0,19.13,18.79,19.13,87309000000.0,81155750000.0,87309000000.0,364794946213.0,24.0,18.793,9853000000.0,14.801,1.0,33526000000.0,0.604,17558000000.0,0.0,63801000000.0,59673000000.0,0.0,41795000000.0,39819000000.0,1976000000.0,23611000000.0,15908000000.0,7703000000.0,374789946213.0,4120000000.0,2525000000.0,-781000000.0,-557000000.0,0.0,-857000000.0,-13679000000.0,-7398000000.0,18659000000.0,-3000000.0,12733000000.0,12733000000.0,12733000000.0,427000000.0,0.0,0.229,18123000000.0,15403000000.0,3827000000.0,0.0,4.293,29.435,29.321,16524000000.0,0.0,560.916,6.751,6.726,8982000000.0,61262000000.0,55519000000.0,55519000000.0,7137000000.0,0.123,0.157,0.259,0.279,2862000000.0,10986000000.0,1.0,668174818.0,665692000,677618000.0,83.4,93362000000.0,1934000000.0,2739000000.0,4609000000.0,140.248,56978000000.0
31,GOOGL,MRT,2013-09-30,2013-09-30,2013-09-30,2021-07-28,99000000.0,105068000000.0,99185000000.0,68858000000.0,36210000000.0,0.505,124.378,-7347000000.0,15242000000.0,15242000000.0,18495000000.0,12430000000.0,4.757,0.266,5247000000.0,3009000000.0,2238000000.0,5247000000.0,2504000000.0,3856000000.0,0.0,0.0,0.0,15280000000.0,19136000000.0,0.382,19136000000.0,15280000000.0,15280000000.0,18.745,18.435,18.745,82989000000.0,77257250000.0,82989000000.0,280813126833.0,18.0,14.675,10743000000.0,16.101,1.0,31600000000.0,0.631,17716000000.0,0.0,62882000000.0,56775250000.0,235000000.0,43124000000.0,41281000000.0,1843000000.0,22079000000.0,14475000000.0,7604000000.0,291988126833.0,-1018000000.0,2324000000.0,-735000000.0,-1223000000.0,0.0,-1581000000.0,-17576000000.0,-12553000000.0,18090000000.0,49000000.0,12430000000.0,12430000000.0,12430000000.0,707000000.0,0.0,0.248,16158000000.0,15442000000.0,4017000000.0,0.0,3.518,23.491,23.387,14867000000.0,0.0,438.393,5.829,5.839,8021000000.0,57886000000.0,50095000000.0,50095000000.0,6429000000.0,0.125,0.161,0.269,0.305,2780000000.0,9729000000.0,1.0,666041946.0,667232000,678470000.0,75.079,87352000000.0,1725000000.0,2850000000.0,4531000000.0,130.917,54383000000.0
32,GOOGL,MRT,2013-06-30,2013-06-30,2013-06-30,2021-07-28,-398000000.0,101182000000.0,95350500000.0,66861000000.0,34321000000.0,0.521,118.582,-6428000000.0,16164000000.0,16164000000.0,19041000000.0,11636000000.0,4.362,0.283,4989000000.0,3000000000.0,1989000000.0,4989000000.0,2389000000.0,3710000000.0,0.0,0.0,0.0,14521000000.0,18231000000.0,0.367,18231000000.0,14521000000.0,14521000000.0,17.615,17.32,17.615,78852000000.0,73517000000.0,78852000000.0,282133506551.0,19.0,15.475,10583000000.0,15.915,1.0,30604000000.0,0.616,17954000000.0,0.0,56724000000.0,52805500000.0,342000000.0,39832000000.0,38268000000.0,1564000000.0,22330000000.0,15329000000.0,7001000000.0,292369506551.0,727000000.0,2150000000.0,-371000000.0,-1222000000.0,0.0,-1262000000.0,-15065000000.0,-10787000000.0,17011000000.0,43000000.0,11636000000.0,11636000000.0,11636000000.0,496000000.0,0.0,0.234,16183000000.0,14421000000.0,4969000000.0,0.0,3.708,25.126,25.014,12912000000.0,0.0,440.626,5.889,5.902,8091000000.0,54916000000.0,49645000000.0,49645000000.0,6487000000.0,0.122,0.158,0.275,0.292,2702000000.0,9696000000.0,1.0,663532126.0,664960000,676674000.0,74.659,83228000000.0,1220000000.0,2885000000.0,4176000000.0,125.162,51532000000.0
33,GOOGL,MRT,2013-03-31,2013-03-31,2013-03-31,2021-07-28,356000000.0,96692000000.0,91567750000.0,62808000000.0,33884000000.0,0.528,114.196,-14596000000.0,15375000000.0,15375000000.0,18523000000.0,11193000000.0,4.74,0.281,5139000000.0,2150000000.0,2989000000.0,5139000000.0,2398000000.0,3350000000.0,0.0,0.0,0.0,13808000000.0,17158000000.0,0.355,17158000000.0,13808000000.0,13808000000.0,17.035,16.76,17.035,75473000000.0,69984250000.0,75473000000.0,252835978929.0,18.0,14.736,1962000000.0,2.969,1.0,29822000000.0,0.617,17919000000.0,0.0,55285000000.0,49826750000.0,648000000.0,36193000000.0,34723000000.0,1470000000.0,21219000000.0,13252000000.0,7967000000.0,262076978929.0,-7733000000.0,0.0,-450000000.0,-322000000.0,0.0,-518000000.0,-23648000000.0,-9052000000.0,16558000000.0,-125000000.0,11193000000.0,11193000000.0,11193000000.0,998000000.0,0.0,0.232,15629000000.0,14193000000.0,4331000000.0,0.0,3.472,23.414,23.334,12300000000.0,0.0,397.492,5.421,5.434,8312000000.0,51688000000.0,48345000000.0,48345000000.0,6259000000.0,0.122,0.16,0.277,0.286,2590000000.0,9370000000.0,1.0,659326424.0,660908000,673326000.0,73.149,78773000000.0,1375000000.0,2615000000.0,4162000000.0,119.189,49556000000.0
34,GOOGL,MRT,2012-12-31,2012-12-31,2012-12-31,2021-07-28,538000000.0,93798000000.0,86680750000.0,60454000000.0,33344000000.0,0.531,109.585,-13841000000.0,14778000000.0,14778000000.0,17176000000.0,10737000000.0,4.217,0.308,5537000000.0,2549000000.0,2988000000.0,5537000000.0,2466000000.0,2962000000.0,0.0,0.0,0.0,13653000000.0,16615000000.0,0.361,16615000000.0,13653000000.0,13653000000.0,16.41,16.16,16.41,71715000000.0,66544000000.0,71715000000.0,222619604225.0,16.0,13.399,2778000000.0,4.245,1.0,28863000000.0,0.627,18010000000.0,0.0,52210000000.0,46226250000.0,505000000.0,34779000000.0,33310000000.0,1469000000.0,22083000000.0,14337000000.0,7746000000.0,232673604225.0,4795000000.0,0.0,-287000000.0,1328000000.0,0.0,1229000000.0,-13056000000.0,785000000.0,16619000000.0,3000000.0,10737000000.0,10737000000.0,10737000000.0,816000000.0,0.0,0.233,15029000000.0,13834000000.0,3685000000.0,0.0,3.244,21.67,21.575,11854000000.0,0.0,354.044,5.054,5.033,8585000000.0,48342000000.0,46039000000.0,46039000000.0,6083000000.0,0.124,0.161,0.295,0.297,2504000000.0,8946000000.0,1.0,657188384.0,654426000,664610000.0,70.35,75788000000.0,1144000000.0,2916000000.0,4158000000.0,115.808,46117000000.0
35,GOOGL,MRT,2012-09-30,2012-09-30,2012-09-30,2021-07-28,368000000.0,89730000000.0,81374750000.0,56821000000.0,32909000000.0,0.569,103.769,-14426000000.0,16260000000.0,16260000000.0,18124000000.0,10555000000.0,3.937,0.319,6206000000.0,3218000000.0,2988000000.0,6206000000.0,2113000000.0,2512000000.0,0.0,0.0,0.0,13299000000.0,15811000000.0,0.341,15811000000.0,13299000000.0,13299000000.0,16.205,15.965,16.205,68028000000.0,63151500000.0,68028000000.0,237761880151.0,18.0,15.038,1448000000.0,2.209,1.0,28215000000.0,0.609,18239000000.0,0.0,47003000000.0,45413250000.0,618000000.0,30527000000.0,29464000000.0,1063000000.0,21702000000.0,14434000000.0,7268000000.0,246993880151.0,5630000000.0,201000000.0,-174000000.0,1997000000.0,0.0,1961000000.0,-12101000000.0,2124000000.0,15874000000.0,-104000000.0,10555000000.0,10555000000.0,10555000000.0,30000000.0,0.0,0.228,15342000000.0,12873000000.0,3919000000.0,0.0,3.631,23.401,23.303,11401000000.0,0.0,377.628,5.33,5.342,7809000000.0,45456000000.0,46339000000.0,46339000000.0,6159000000.0,0.13,0.167,0.293,0.287,2375000000.0,9183000000.0,1.0,654066648.0,655570000,,70.685,71491000000.0,230000000.0,2744000000.0,3540000000.0,109.052,42387000000.0
36,GOOGL,MRT,2012-06-30,2012-06-30,2012-06-30,2021-07-28,84000000.0,86051000000.0,76214250000.0,53857000000.0,32194000000.0,0.561,99.183,-14196000000.0,15437000000.0,15437000000.0,15547000000.0,11108000000.0,3.839,0.33,6205000000.0,3218000000.0,2987000000.0,6205000000.0,2039000000.0,2176000000.0,0.0,0.0,0.0,13836000000.0,16012000000.0,0.375,16012000000.0,13836000000.0,13836000000.0,17.105,16.865,17.105,64721000000.0,59852000000.0,64721000000.0,171642637644.0,12.0,10.72,1624000000.0,2.489,1.0,27208000000.0,0.636,17982000000.0,0.0,44809000000.0,44990250000.0,634000000.0,28725000000.0,27685000000.0,1040000000.0,21330000000.0,14028000000.0,7302000000.0,189295637644.0,5117000000.0,201000000.0,-277000000.0,1998000000.0,0.0,1829000000.0,-12241000000.0,1754000000.0,15820000000.0,-291000000.0,11108000000.0,11108000000.0,11108000000.0,48000000.0,0.0,0.26,14017000000.0,13191000000.0,4335000000.0,0.0,2.925,17.041,16.973,10909000000.0,0.0,290.325,4.427,4.431,7341000000.0,43280000000.0,42755000000.0,42755000000.0,5684000000.0,0.146,0.186,0.308,0.324,2214000000.0,8333000000.0,1.0,652012874.0,652544000,,65.52,68069000000.0,146000000.0,2728000000.0,3564000000.0,104.313,39829000000.0
37,GOOGL,MRT,2012-03-31,2012-03-31,2012-03-31,2021-07-28,422000000.0,77144000000.0,70916750000.0,56859000000.0,20285000000.0,0.564,94.854,-5147000000.0,23108000000.0,23108000000.0,14042000000.0,10828000000.0,5.836,0.25,5455000000.0,2468000000.0,2987000000.0,5455000000.0,1800000000.0,1961000000.0,0.0,0.0,0.0,13479000000.0,15440000000.0,0.386,15440000000.0,13479000000.0,13479000000.0,16.72,16.495,16.72,61712000000.0,56669500000.0,61712000000.0,202920157773.0,15.0,13.142,9940000000.0,15.278,1.0,25932000000.0,0.649,8866000000.0,0.0,40883000000.0,44509750000.0,0.0,27088000000.0,26208000000.0,880000000.0,15432000000.0,9742000000.0,5690000000.0,208699157773.0,10693000000.0,148000000.0,-168000000.0,2226000000.0,0.0,2148000000.0,-6469000000.0,-1470000000.0,15087000000.0,-73000000.0,10828000000.0,10828000000.0,10828000000.0,0.0,0.0,0.271,13097000000.0,12835000000.0,3012000000.0,0.0,3.382,19.274,19.195,9875000000.0,0.0,320.941,5.221,5.223,5713000000.0,40495000000.0,39974000000.0,39974000000.0,5380000000.0,0.153,0.191,0.303,0.337,2008000000.0,7717000000.0,1.0,650272660.0,650598000,,61.442,68278000000.0,51000000.0,2651000000.0,2410000000.0,104.947,47117000000.0
38,GOOGL,MRT,2011-12-31,2011-12-31,2011-12-31,2021-07-28,276000000.0,72574000000.0,66620750000.0,52758000000.0,19816000000.0,0.569,89.761,-5338000000.0,9983000000.0,9983000000.0,13188000000.0,9737000000.0,5.919,0.248,4204000000.0,1218000000.0,2986000000.0,4204000000.0,1759000000.0,1851000000.0,0.0,0.0,0.0,12326000000.0,14177000000.0,0.374,14177000000.0,12326000000.0,12326000000.0,15.085,14.88,15.085,58145000000.0,53454250000.0,58145000000.0,202982161756.0,16.0,14.318,9227000000.0,14.244,1.0,24717000000.0,0.652,8924000000.0,0.0,48958000000.0,42815250000.0,35000000.0,35433000000.0,34643000000.0,790000000.0,14429000000.0,8913000000.0,5516000000.0,209408161756.0,-3647000000.0,0.0,-5000000.0,726000000.0,0.0,807000000.0,-19041000000.0,-13703000000.0,14565000000.0,22000000.0,9737000000.0,9737000000.0,9737000000.0,0.0,0.0,0.257,12975000000.0,11742000000.0,2595000000.0,0.0,3.601,21.506,21.43,9603000000.0,0.0,323.273,5.525,5.525,6172000000.0,37605000000.0,37905000000.0,37905000000.0,5162000000.0,0.146,0.182,0.288,0.325,1888000000.0,7313000000.0,1.0,647774982.0,647774982,,58.516,63650000000.0,215000000.0,2589000000.0,2177000000.0,98.259,43845000000.0
39,GOOGL,MRT,2011-09-30,2011-09-30,2011-09-30,2021-07-28,232000000.0,69088000000.0,62940000000.0,50042000000.0,19046000000.0,0.568,84.906,-7449000000.0,10630000000.0,10630000000.0,12432000000.0,9575000000.0,5.63,0.26,4204000000.0,1218000000.0,2986000000.0,4204000000.0,1482000000.0,1729000000.0,0.0,0.0,0.0,11979000000.0,13708000000.0,0.383,13708000000.0,11979000000.0,11979000000.0,14.88,14.67,14.88,54830000000.0,50478250000.0,54830000000.0,160348723541.0,13.0,11.697,6718000000.0,10.403,1.0,23329000000.0,0.652,8463000000.0,0.0,45311000000.0,38173250000.0,0.0,32821000000.0,31930000000.0,891000000.0,14258000000.0,8888000000.0,5370000000.0,166466723541.0,-627000000.0,859000000.0,339000000.0,2068000000.0,0.0,2519000000.0,-17331000000.0,-10741000000.0,14167000000.0,18000000.0,9575000000.0,9575000000.0,9575000000.0,0.0,0.0,0.268,12112000000.0,11217000000.0,3618000000.0,0.0,3.036,17.386,17.324,9204000000.0,0.0,257.778,4.655,4.655,5728000000.0,34901000000.0,35761000000.0,35761000000.0,4915000000.0,0.152,0.19,0.314,0.335,1721000000.0,6697000000.0,1.0,645775526.0,645775526,,55.377,60625000000.0,348000000.0,2404000000.0,1857000000.0,93.879,41154000000.0
40,GOOGL,MRT,2011-06-30,2011-06-30,2011-06-30,2021-07-28,603000000.0,64861000000.0,59003500000.0,46442000000.0,18419000000.0,0.565,80.668,-7040000000.0,10320000000.0,10320000000.0,11606000000.0,9013000000.0,5.956,0.248,4202000000.0,1217000000.0,2985000000.0,4202000000.0,1433000000.0,1579000000.0,0.0,0.0,0.0,11333000000.0,12912000000.0,0.387,12912000000.0,11333000000.0,11333000000.0,14.06,13.865,14.06,51991000000.0,47593250000.0,51991000000.0,154145938567.0,14.0,11.938,6063000000.0,9.407,1.0,21721000000.0,0.652,8058000000.0,0.0,42887000000.0,33991750000.0,0.0,29691000000.0,28798000000.0,893000000.0,12870000000.0,7798000000.0,5072000000.0,163344938567.0,-393000000.0,419000000.0,381000000.0,4189000000.0,0.0,4666000000.0,-18430000000.0,-11809000000.0,13103000000.0,268000000.0,9013000000.0,9013000000.0,9013000000.0,0.0,0.0,0.27,11015000000.0,10706000000.0,2503000000.0,0.0,3.142,18.123,18.026,9003000000.0,0.0,253.443,4.901,4.901,5496000000.0,32172000000.0,33327000000.0,33327000000.0,4505000000.0,0.153,0.189,0.333,0.34,1546000000.0,6010000000.0,1.0,644503650.0,644503650,,51.71,56803000000.0,500000000.0,2320000000.0,1598000000.0,88.134,38644000000.0
41,GOOGL,MRT,2011-03-31,2011-03-31,2011-03-31,2021-07-28,381000000.0,59960000000.0,54799500000.0,43310000000.0,16650000000.0,0.568,75.968,-5736000000.0,12415000000.0,12415000000.0,10901000000.0,8348000000.0,4.641,0.227,3216000000.0,3216000000.0,0.0,3216000000.0,1343000000.0,1466000000.0,0.0,0.0,0.0,10682000000.0,12148000000.0,0.39,12148000000.0,10682000000.0,10682000000.0,13.065,12.88,13.065,48851000000.0,44748750000.0,48851000000.0,178680365328.0,17.0,14.709,5933000000.0,9.226,1.0,20220000000.0,0.65,7324000000.0,0.0,34105000000.0,29493250000.0,0.0,24926000000.0,24260000000.0,666000000.0,11109000000.0,9332000000.0,1777000000.0,188845365328.0,3223000000.0,42000000.0,-256000000.0,3212000000.0,0.0,3062000000.0,-11677000000.0,-5983000000.0,11669000000.0,169000000.0,8348000000.0,8348000000.0,8348000000.0,0.0,0.0,0.268,10030000000.0,10190000000.0,2396000000.0,0.0,3.866,22.622,22.478,8249000000.0,0.0,293.674,6.068,6.068,4791000000.0,29666000000.0,31121000000.0,31121000000.0,4169000000.0,0.152,0.187,0.362,0.343,1411000000.0,5361000000.0,1.0,643044210.0,643044210,,48.396,52636000000.0,368000000.0,2334000000.0,1322000000.0,81.854,33978000000.0
42,GOOGL,MRT,2010-12-31,2010-12-31,2010-12-31,2021-07-28,138000000.0,57851000000.0,50527250000.0,41562000000.0,16289000000.0,0.58,72.302,-5085000000.0,13630000000.0,13630000000.0,10417000000.0,8505000000.0,4.158,0.251,3465000000.0,3465000000.0,0.0,3465000000.0,1314000000.0,1396000000.0,0.0,0.0,0.0,10796000000.0,12192000000.0,0.416,12192000000.0,10796000000.0,10796000000.0,13.345,13.155,13.345,46241000000.0,42106750000.0,46241000000.0,180991770880.0,17.0,14.845,5996000000.0,9.375,1.0,18904000000.0,0.645,7300000000.0,0.0,30390000000.0,27178250000.0,0.0,21868000000.0,21345000000.0,523000000.0,11610000000.0,9996000000.0,1614000000.0,190126770880.0,3432000000.0,0.0,-507000000.0,3463000000.0,0.0,3050000000.0,-10680000000.0,-5595000000.0,11081000000.0,-19000000.0,8505000000.0,8505000000.0,8505000000.0,0.0,0.0,0.29,8523000000.0,10381000000.0,2844000000.0,0.0,4.112,22.355,22.277,7759000000.0,0.0,297.282,6.484,6.484,5002000000.0,27868000000.0,29321000000.0,29321000000.0,3762000000.0,0.168,0.202,0.397,0.368,1282000000.0,4761000000.0,1.0,639550228.0,639550228,,45.846,50551000000.0,524000000.0,2291000000.0,1237000000.0,79.041,31566000000.0
43,GOOGL,MRT,2010-09-30,2010-09-30,2010-09-30,2021-07-28,531000000.0,53342000000.0,46188750000.0,39447000000.0,13895000000.0,0.597,67.915,-1694000000.0,11257000000.0,11257000000.0,9879000000.0,7936000000.0,4.625,0.232,2122000000.0,2122000000.0,0.0,2122000000.0,1107000000.0,1380000000.0,0.0,0.0,0.0,10223000000.0,11603000000.0,0.421,11603000000.0,10223000000.0,10223000000.0,12.48,12.315,12.48,43290000000.0,39547500000.0,43290000000.0,157027126043.0,15.0,13.533,8592000000.0,13.48,1.0,17676000000.0,0.641,7092000000.0,0.0,28585000000.0,25049250000.0,0.0,22608000000.0,22123000000.0,485000000.0,10052000000.0,8530000000.0,1522000000.0,167740126043.0,-830000000.0,-927000000.0,-734000000.0,2121000000.0,0.0,1456000000.0,-12604000000.0,-9983000000.0,10286000000.0,32000000.0,7936000000.0,7936000000.0,7936000000.0,0.0,0.0,0.288,7795000000.0,9881000000.0,3389000000.0,0.0,3.875,21.137,21.086,5506000000.0,0.0,263.158,6.087,6.087,4491000000.0,25324000000.0,27555000000.0,27555000000.0,3446000000.0,0.172,0.201,0.408,0.371,1187000000.0,4349000000.0,1.0,637412224.0,637412224,,43.229,46250000000.0,772000000.0,2287000000.0,1098000000.0,72.559,30917000000.0
44,GOOGL,MRT,2010-06-30,2010-06-30,2010-06-30,2021-07-28,346000000.0,48045000000.0,42278961250.0,35161000000.0,12884000000.0,0.62,63.759,-1123000000.0,10713000000.0,10713000000.0,9553000000.0,7408000000.0,6.118,0.183,0.0,0.0,0.0,0.0,1010000000.0,1417000000.0,0.0,0.0,0.0,9576000000.0,10993000000.0,0.419,10993000000.0,9576000000.0,9576000000.0,11.67,11.52,11.67,40613000000.0,37155438250.0,40613000000.0,132660617163.0,14.0,12.068,9003000000.0,14.134,1.0,16661000000.0,0.636,6692000000.0,0.0,24893000000.0,22308372750.0,0.0,19723000000.0,19346000000.0,377000000.0,7432000000.0,5747000000.0,1685000000.0,141852617163.0,-1198000000.0,-522000000.0,-667000000.0,0.0,0.0,-582000000.0,-10668000000.0,-9023000000.0,10126000000.0,-74000000.0,7408000000.0,7408000000.0,7408000000.0,0.0,0.0,0.283,7253000000.0,9408000000.0,3267000000.0,0.0,3.493,19.149,19.083,4920000000.0,0.0,222.698,5.411,5.411,3308000000.0,23158000000.0,26214000000.0,26214000000.0,3210000000.0,0.175,0.199,0.429,0.365,1108000000.0,4043000000.0,1.0,636973018.0,636973018,,41.154,41353000000.0,818000000.0,2168000000.0,1318000000.0,64.921,29414000000.0
45,GOOGL,MRT,2010-03-31,2010-03-31,2010-03-31,2021-07-28,163000000.0,42871000000.0,39057401250.0,31132000000.0,11739000000.0,0.638,60.197,-786000000.0,9192000000.0,9192000000.0,9194000000.0,7053000000.0,10.654,0.12,0.0,0.0,0.0,0.0,1025000000.0,1452000000.0,0.0,0.0,0.0,8998000000.0,10450000000.0,0.419,10450000000.0,8998000000.0,8998000000.0,11.13,10.995,11.13,38283000000.0,34900902250.0,38283000000.0,170315439749.0,19.0,16.298,8864000000.0,13.938,1.0,15723000000.0,0.631,5912000000.0,0.0,24845000000.0,19973409750.0,0.0,17476000000.0,17322000000.0,154000000.0,4588000000.0,2922000000.0,1666000000.0,180513027749.0,-1234000000.0,-296000000.0,45000000.0,0.0,0.0,115000000.0,-11024000000.0,-9942000000.0,9650000000.0,25000000.0,7053000000.0,7053000000.0,7053000000.0,0.0,0.0,0.283,6806000000.0,8917000000.0,329000000.0,0.0,4.715,25.594,25.503,4773000000.0,0.0,283.844,7.245,7.245,3084000000.0,21949000000.0,24917000000.0,24917000000.0,3020000000.0,0.181,0.202,0.45,0.361,1108000000.0,3786000000.0,1.0,635958582.0,635958582,,39.18,36959000000.0,845000000.0,1945000000.0,1750000000.0,58.115,28210000000.0
46,GOOGL,MRT,2009-12-31,2009-12-31,2009-12-31,2021-07-28,105000000.0,40497000000.0,36717908500.0,29167000000.0,11330000000.0,0.644,56.74,-810000000.0,10198000000.0,10198000000.0,8844000000.0,6520000000.0,10.618,0.125,0.0,0.0,0.0,0.0,1021000000.0,1524000000.0,0.0,0.0,0.0,8381000000.0,9905000000.0,0.419,9905000000.0,8381000000.0,8381000000.0,10.31,10.205,10.31,36004000000.0,32792176000.0,36004000000.0,184810867313.0,22.0,18.658,8506000000.0,13.405,1.0,14807000000.0,0.626,5678000000.0,0.0,21874000000.0,17552716000.0,0.0,14416000000.0,14287000000.0,129000000.0,4493000000.0,2747000000.0,1746000000.0,196897982313.0,1541000000.0,-108000000.0,143000000.0,0.0,0.0,233000000.0,-8019000000.0,-7101000000.0,9316000000.0,11000000.0,6520000000.0,6520000000.0,6520000000.0,0.0,0.0,0.276,6495000000.0,8312000000.0,216000000.0,0.0,5.469,30.199,30.097,4845000000.0,0.0,310.3,8.325,8.325,3178000000.0,20082000000.0,23651000000.0,23651000000.0,2843000000.0,0.178,0.199,0.477,0.354,1074000000.0,3652000000.0,1.0,634540710.0,634540710,,37.273,34819000000.0,930000000.0,1861000000.0,1392000000.0,54.873,26420000000.0
47,GOOGL,MRT,2009-09-30,2009-09-30,2009-09-30,2021-07-28,232785000.0,37702845000.0,34535552250.0,26353544000.0,11349301000.0,0.657,53.261,-989675000.0,12087115000.0,12087115000.0,8626499000.0,4929584000.0,11.351,0.118,0.0,0.0,0.0,0.0,887350000.0,1760238000.0,0.0,0.0,0.0,6647751000.0,8407989000.0,0.371,8407989000.0,6647751000.0,6647751000.0,7.8,7.745,7.8,33721753000.0,30850891500.0,33721753000.0,145217547966.0,22.0,17.271,7717767000.0,12.19,1.0,14051855000.0,0.62,5672465000.0,0.0,17621491000.0,15827283250.0,0.0,10017648000.0,9907276000.0,110372000.0,3981092000.0,2321774000.0,1659318000.0,157128898966.0,3716124000.0,-40000000.0,-22748000.0,0.0,0.0,85482000.0,-5062416000.0,-4032741000.0,8707442000.0,-14384000.0,4929584000.0,4929584000.0,4929584000.0,0.0,0.0,0.217,6359619000.0,7692236000.0,192743000.0,0.0,4.66,31.875,31.817,4917491000.0,0.0,248.173,6.929,6.929,2807341000.0,18107978000.0,22678354000.0,22678354000.0,2841149000.0,0.143,0.16,0.42,0.293,1066176000.0,3518470000.0,1.0,633142602.0,633142602,,35.819,32030380000.0,969545000.0,1718167000.0,1318315000.0,50.59,24031770000.0
48,GOOGL,MRT,2009-06-30,2009-06-30,2009-06-30,2021-07-28,81434000.0,35158760000.0,32811584500.0,23834853000.0,11323907000.0,0.679,50.001,-4541886000.0,11911351000.0,11911351000.0,8573889000.0,4580522000.0,11.912,0.113,0.0,0.0,0.0,0.0,809635000.0,1690720000.0,0.0,0.0,0.0,6249533000.0,7940253000.0,0.356,7940253000.0,6249533000.0,6249533000.0,7.26,7.21,7.26,31594856000.0,29289168750.0,31594856000.0,122903867569.0,20.0,15.479,3624514000.0,5.736,1.0,13700856000.0,0.615,5693299000.0,0.0,15553148000.0,15007626750.0,0.0,7526580000.0,7432655000.0,93925000.0,3563904000.0,2000962000.0,1562942000.0,133330158569.0,4547057000.0,3307270000.0,-39254000.0,0.0,0.0,60767000.0,-3589373000.0,-2354757000.0,8166400000.0,-90737000.0,4580522000.0,4580522000.0,4580522000.0,0.0,0.0,0.206,6435055000.0,7265801000.0,221914000.0,0.0,4.22,29.108,29.064,5005900000.0,0.0,211.006,5.986,5.986,2701912000.0,16469003000.0,22274745000.0,22274745000.0,2787720000.0,0.14,0.156,0.416,0.281,1037424000.0,3647335000.0,1.0,631878518.0,631878518,,35.252,29465461000.0,846466000.0,1669011000.0,1232984000.0,46.632,21833891000.0
49,GOOGL,MRT,2009-03-31,2009-03-31,2009-03-31,2021-07-28,168820000.0,33513029000.0,31316841000.0,22080802000.0,11432227000.0,0.706,47.334,-5100403000.0,10426291000.0,10426291000.0,8613464000.0,4342913000.0,10.111,0.123,0.0,0.0,0.0,0.0,769918000.0,1622436000.0,0.0,0.0,0.0,6029421000.0,7651857000.0,0.346,7651857000.0,6029421000.0,6029421000.0,6.895,6.84,6.895,29848095000.0,27868708500.0,29848095000.0,101194177868.0,17.0,13.225,3223151000.0,5.111,1.0,13505493000.0,0.611,5740659000.0,0.0,15162225000.0,14488824500.0,0.0,7459641000.0,7358642000.0,100999000.0,3664934000.0,2183854000.0,1481080000.0,109850849868.0,3905844000.0,3123113000.0,-86555000.0,0.0,0.0,53344000.0,-4331006000.0,-2353716000.0,8323554000.0,-140048000.0,4342913000.0,4342913000.0,4342913000.0,0.0,0.0,0.196,6535727000.0,6969766000.0,196220000.0,0.0,3.68,25.294,25.265,5122105000.0,0.0,174.204,4.966,4.966,2543105000.0,14984458000.0,22118957000.0,22118957000.0,2761930000.0,0.139,0.156,0.416,0.273,976322000.0,3773797000.0,1.0,630587414.0,630587414,,35.077,27772370000.0,487199000.0,1686508000.0,1477957000.0,44.042,19896948000.0
50,GOOGL,MRT,2008-12-31,2008-12-31,2008-12-31,2021-07-28,226579000.0,31767575000.0,29839829250.0,20178182000.0,11589393000.0,0.73,44.859,-5679000000.0,8656672000.0,8656672000.0,8622000000.0,4227000000.0,8.765,0.125,0.0,0.0,0.0,0.0,780449000.0,1500000000.0,0.0,0.0,0.0,5853000000.0,7353000000.0,0.337,7353000000.0,5853000000.0,5853000000.0,6.73,6.655,6.73,28238862000.0,26491068500.0,28238862000.0,88560578131.0,15.0,12.044,2174000000.0,3.453,1.0,13174000000.0,0.604,5836544000.0,0.0,14972269000.0,13855615000.0,0.0,7274259000.0,7189099000.0,85160000.0,3528713000.0,2302090000.0,1226623000.0,96931047131.0,2575000000.0,0.0,-72000000.0,0.0,0.0,87000000.0,-5319000000.0,360000000.0,7853000000.0,-46000000.0,4227000000.0,4227000000.0,4227000000.0,0.0,0.0,0.194,6542000000.0,6632000000.0,178004000.0,0.0,3.433,22.931,22.879,5233843000.0,0.0,153.979,4.447,4.447,2642192000.0,13561630000.0,21796000000.0,21796000000.0,2793000000.0,0.142,0.16,0.422,0.269,961000000.0,3749000000.0,1.0,629508226.0,629508226,,34.624,25931031000.0,286105000.0,1626000000.0,984179000.0,41.193,17876092000.0
51,GOOGL,MRT,2008-09-30,2008-09-30,2008-09-30,2021-07-28,101162000.0,30806974000.0,28231887000.0,17962851000.0,12844123000.0,0.741,43.688,-6040093000.0,8370469000.0,8370469000.0,8387325000.0,5050864000.0,8.076,0.121,0.0,0.0,0.0,0.0,746319000.0,1300579000.0,0.0,0.0,0.0,6626275000.0,7926854000.0,0.379,7926854000.0,6626275000.0,6626275000.0,8.055,7.945,8.055,27474862000.0,25103772750.0,27474862000.0,118704330324.0,18.0,14.975,1383713000.0,2.2,1.0,12534000000.0,0.599,5869363000.0,0.0,14342865000.0,13730709500.0,0.0,7143036000.0,6042140000.0,1100896000.0,3332112000.0,2224277000.0,1107835000.0,126067866324.0,3264065000.0,0.0,-33464000.0,0.0,0.0,221935000.0,-4378016000.0,1662077000.0,7423806000.0,-3660000.0,5050864000.0,5050864000.0,5050864000.0,0.0,0.0,0.241,6321501000.0,6212499000.0,240706000.0,0.0,4.588,24.96,24.886,5213167000.0,0.0,200.46,6.026,6.026,2541492000.0,13179188000.0,20921325000.0,20921325000.0,2690633000.0,0.179,0.201,0.483,0.317,823495000.0,3630868000.0,1.0,628892878.0,628892878,,33.267,24937611000.0,315720000.0,1575411000.0,903727000.0,39.653,15738574000.0
52,GOOGL,MRT,2008-06-30,2008-06-30,2008-06-30,2021-07-28,119181000.0,29179786000.0,26365306000.0,16316837000.0,12862949000.0,0.744,41.251,-3676614000.0,7363536000.0,7363536000.0,7876514000.0,4830915000.0,6.957,0.126,0.0,0.0,0.0,0.0,745653000.0,1198512000.0,0.0,0.0,0.0,6429763000.0,7628275000.0,0.389,7628275000.0,6429763000.0,6429763000.0,7.725,7.605,7.725,25913015000.0,23494250000.0,25913015000.0,158990218247.0,25.0,20.842,3194877000.0,5.086,1.0,11734771000.0,0.598,5992796000.0,0.0,13477939000.0,13567225750.0,0.0,6437653000.0,5370133000.0,1067520000.0,3266771000.0,2345515000.0,921256000.0,165509967247.0,2869884000.0,-3104730000.0,-27709000.0,0.0,0.0,266661000.0,-4330745000.0,2450599000.0,6871491000.0,62477000.0,4830915000.0,4830915000.0,4830915000.0,0.0,0.0,0.246,5851995000.0,5882776000.0,439281000.0,0.0,6.387,34.261,34.107,5137710000.0,0.0,263.473,8.44,8.44,2641901000.0,11889249000.0,19611285000.0,19611285000.0,2534774000.0,0.183,0.206,0.474,0.328,702441000.0,3317221000.0,1.0,628185686.0,628185686,,31.219,23186990000.0,314481000.0,1598848000.0,877137000.0,36.911,13971322000.0
53,GOOGL,MRT,2008-03-31,2008-03-31,2008-03-31,2021-07-28,133415000.0,27604982000.0,24426330750.0,15464931000.0,12140051000.0,0.742,38.831,-3554195000.0,6519749000.0,6519749000.0,7289194000.0,4508644000.0,6.285,0.134,0.0,0.0,0.0,0.0,751578000.0,1077933000.0,0.0,0.0,0.0,6035620000.0,7113553000.0,0.393,7113553000.0,6035620000.0,6035620000.0,7.23,7.11,7.23,24337535000.0,21930898250.0,24337535000.0,132090292508.0,22.0,18.569,2781068000.0,4.437,1.0,10826864000.0,0.598,5995371000.0,0.0,12629387000.0,13584824750.0,0.0,6671725000.0,5614759000.0,1056966000.0,3267447000.0,2460475000.0,806972000.0,138171885508.0,2438409000.0,-3090672000.0,-13010000.0,0.0,0.0,343213000.0,-4311453000.0,2333414000.0,6335263000.0,71386000.0,4508644000.0,4508644000.0,4508644000.0,0.0,0.0,0.249,5417438000.0,5409426000.0,358122000.0,0.0,5.677,30.646,30.492,4741724000.0,0.0,220.455,7.627,7.627,2560909000.0,10641858000.0,18116058000.0,18116058000.0,2384670000.0,0.185,0.206,0.444,0.333,609336000.0,3032768000.0,1.0,626757776.0,626757776,,28.904,21609611000.0,227310000.0,1526976000.0,810452000.0,34.478,13004456000.0
54,GOOGL,MRT,2007-12-31,2007-12-31,2007-12-31,2021-07-28,113373000.0,25335806000.0,22528944750.0,17289138000.0,8046668000.0,0.737,36.264,-3309491000.0,6081593000.0,6081593000.0,6649085000.0,4203720000.0,8.493,0.117,0.0,0.0,0.0,0.0,730323000.0,967658000.0,0.0,0.0,0.0,5673980000.0,6641638000.0,0.4,6641638000.0,5673980000.0,5673980000.0,6.765,6.645,6.765,22689679000.0,20440817000.0,22689679000.0,211433020183.0,37.0,31.834,2465919000.0,3.941,1.0,9944901000.0,0.599,2745964000.0,0.0,14472647000.0,13610641250.0,0.0,9196714000.0,8137020000.0,1059694000.0,2646127000.0,2035602000.0,610525000.0,216539424183.0,2536922000.0,0.0,23861000.0,0.0,0.0,403067000.0,-3681589000.0,-372098000.0,5775410000.0,40034000.0,4203720000.0,4203720000.0,4203720000.0,0.0,0.0,0.253,4860501000.0,5084400000.0,282106000.0,0.0,9.544,51.511,51.158,4039261000.0,0.0,346.086,13.049,13.049,2162521000.0,9334772000.0,16593986000.0,16593986000.0,2119985000.0,0.187,0.206,0.417,0.342,489440000.0,2740516000.0,1.0,625680970.0,625680970,,26.521,22589842000.0,247010000.0,1470260000.0,478372000.0,36.104,15253536000.0
55,GOOGL,MRT,2007-09-30,2007-09-30,2007-09-30,2021-07-28,81544000.0,23340650000.0,20813331000.0,15733761000.0,7606889000.0,0.719,33.698,-3316807000.0,5106404000.0,5106404000.0,5976408000.0,4027988000.0,8.826,0.11,0.0,0.0,0.0,0.0,677498000.0,724642000.0,0.0,0.0,0.0,5250686000.0,5975328000.0,0.399,5975328000.0,5250686000.0,5250686000.0,6.52,6.395,6.52,21036771000.0,19028357250.0,21036771000.0,172748563205.0,33.0,28.91,1676149000.0,2.685,1.0,8996397000.0,0.601,2762649000.0,0.0,13688930000.0,12925512750.0,0.0,9029079000.0,7980941000.0,1048138000.0,2303879000.0,1782667000.0,521212000.0,177242215205.0,2068063000.0,257812000.0,184437000.0,0.0,0.0,675678000.0,-3634696000.0,-575701000.0,4992956000.0,34125000.0,4027988000.0,4027988000.0,4027988000.0,0.0,0.0,0.269,4292137000.0,4704260000.0,231883000.0,0.0,8.425,44.003,43.546,3588814000.0,0.0,283.919,11.838,11.838,1887860000.0,8123478000.0,14972805000.0,14972805000.0,1876008000.0,0.194,0.212,0.406,0.351,266532000.0,2416129000.0,1.0,624270356.0,624270356,,23.984,20578001000.0,125182000.0,1222698000.0,406555000.0,32.963,13951094000.0
56,GOOGL,MRT,2007-06-30,2007-06-30,2007-06-30,2021-07-28,29248000.0,21423885000.0,18901476500.0,14857523000.0,6566362000.0,0.711,31.552,-2433297000.0,4493652000.0,4493652000.0,5362557000.0,3691360000.0,11.263,0.09,0.0,0.0,0.0,0.0,596711000.0,646777000.0,0.0,0.0,0.0,4817927000.0,5464704000.0,0.407,5464704000.0,4817927000.0,4817927000.0,6.01,5.885,6.01,19659608000.0,17368436250.0,19659608000.0,158927805360.0,33.0,29.083,1931340000.0,3.1,1.0,8068570000.0,0.601,2062703000.0,0.0,13548335000.0,12234353500.0,0.0,9048687000.0,8009883000.0,1038804000.0,1764277000.0,1319195000.0,445082000.0,163009145360.0,477730000.0,-19034000.0,252625000.0,0.0,0.0,756085000.0,-4659366000.0,-2207035000.0,4364637000.0,16374000.0,3691360000.0,3691360000.0,3691360000.0,0.0,0.0,0.275,3750821000.0,4317749000.0,136483000.0,0.0,8.292,44.16,43.529,3219280000.0,0.0,261.612,12.137,12.137,1648680000.0,7053489000.0,13431127000.0,13431127000.0,1639928000.0,0.195,0.213,0.394,0.359,156217000.0,2110893000.0,1.0,623095062.0,623095062,,21.556,19361182000.0,176489000.0,1126567000.0,340762000.0,31.073,13538328000.0
57,GOOGL,MRT,2007-03-31,2007-03-31,2007-03-31,2021-07-28,36942000.0,20015438000.0,17144506750.0,14080774000.0,5934664000.0,0.701,29.549,-2557199000.0,4081340000.0,4081340000.0,4791334000.0,3487317000.0,11.226,0.089,0.0,0.0,0.0,0.0,574871000.0,568851000.0,0.0,0.0,0.0,4552359000.0,5121210000.0,0.426,5121210000.0,4552359000.0,4552359000.0,5.715,5.585,5.715,18377210000.0,15792786250.0,18377210000.0,139065897232.0,31.0,27.155,1418098000.0,2.28,1.0,7223799000.0,0.601,1947092000.0,0.0,12732653000.0,11081633750.0,0.0,8885531000.0,7854579000.0,1030952000.0,1638228000.0,1254353000.0,383875000.0,142610568232.0,1146161000.0,153523000.0,2356481000.0,0.0,0.0,2935012000.0,-5787663000.0,-3383987000.0,3975297000.0,23515000.0,3487317000.0,3487317000.0,3487317000.0,0.0,0.0,0.29,3195293000.0,4028506000.0,181828000.0,0.0,7.76,40.894,40.124,2826717000.0,0.0,229.309,11.869,11.869,1477090000.0,6128368000.0,12015133000.0,12015133000.0,1390374000.0,0.203,0.221,0.411,0.379,-51229000.0,1804919000.0,1.0,621914396.0,621914396,,19.32,18068346000.0,51259000.0,1065042000.0,323887000.0,29.053,12826421000.0
58,GOOGL,MRT,2006-12-31,2006-12-31,2006-12-31,2021-07-28,23311000.0,18473351000.0,14964364750.0,13039847000.0,5433504000.0,0.709,27.829,-2305244000.0,3544671000.0,3544671000.0,4225027000.0,3077446000.0,9.995,0.084,0.0,0.0,0.0,0.0,495506000.0,494430000.0,0.0,0.0,0.0,4011040000.0,4505470000.0,0.425,4505470000.0,4011040000.0,4011040000.0,5.105,4.97,5.105,17039840000.0,13759300750.0,17039840000.0,138081700229.0,34.0,30.648,1275264000.0,2.083,1.0,6379890000.0,0.602,1891960000.0,0.0,11732133000.0,9623542500.0,0.0,8731093000.0,7699243000.0,1031850000.0,1433511000.0,1304587000.0,128924000.0,141120041229.0,-332503000.0,0.0,2384666000.0,0.0,0.0,2966398000.0,-6899150000.0,-4593906000.0,3580508000.0,19741000.0,3077446000.0,3077446000.0,3077446000.0,0.0,0.0,0.29,2829894000.0,3549996000.0,211169000.0,0.0,8.282,45.856,45.146,2395239000.0,0.0,230.47,13.307,13.307,1322340000.0,5133314000.0,10604917000.0,10604917000.0,1228589000.0,0.206,0.224,0.417,0.378,-123632000.0,1601305000.0,1.0,612314146.0,612314146,,17.319,16581391000.0,29713000.0,933594000.0,40421000.0,27.08,11735260000.0
59,GOOGL,MRT,2006-09-30,2006-09-30,2006-09-30,2021-07-28,4462000.0,15693232000.0,12913980250.0,11858243000.0,3834989000.0,0.722,23.726,-1781991000.0,3038341000.0,3038341000.0,3718914000.0,2418937000.0,9.751,0.09,0.0,0.0,0.0,0.0,412163000.0,393354000.0,0.0,0.0,0.0,3466139000.0,3859493000.0,0.414,3859493000.0,3466139000.0,3466139000.0,4.05,3.93,4.05,14397087000.0,11854080000.0,14397087000.0,118428959722.0,34.0,30.685,1546157000.0,2.548,1.0,5599597000.0,0.601,514551000.0,0.0,10924293000.0,8033402250.0,0.0,8418965000.0,7390374000.0,1028591000.0,1296145000.0,1216047000.0,80098000.0,122444881722.0,-2480228000.0,-317374000.0,2270390000.0,-12000.0,0.0,2599446000.0,-8418887000.0,-6319522000.0,3328148000.0,11065000.0,2418937000.0,2418937000.0,2418937000.0,0.0,0.0,0.26,2540556000.0,3059041000.0,207348000.0,0.0,8.505,50.619,49.667,2174314000.0,0.0,201.151,13.14,13.098,1031055000.0,4102597000.0,9318511000.0,9318511000.0,1031654000.0,0.187,0.204,0.431,0.372,214783000.0,1418902000.0,1.0,608721218.0,606800000,621148000.0,15.357,15178681000.0,101175000.0,1047202000.0,188613000.0,25.014,10642196000.0
60,GOOGL,MRT,2006-06-30,2006-06-30,2006-06-30,2021-07-28,-26924000.0,14396006000.0,11353422500.0,11058107000.0,3337899000.0,0.723,22.158,-1582301000.0,4015922000.0,4015922000.0,3325340000.0,2066758000.0,11.313,0.078,0.0,0.0,0.0,0.0,371921000.0,339769000.0,0.0,0.0,0.0,2976596000.0,3316365000.0,0.404,3316365000.0,2976596000.0,2976596000.0,3.535,3.41,3.535,13357008000.0,10453075250.0,13357008000.0,124284939057.0,42.0,37.476,1388270000.0,2.303,1.0,4881954000.0,0.595,465198000.0,0.0,8937456000.0,6088326750.0,0.0,6824301000.0,5805710000.0,1018591000.0,1038998000.0,977430000.0,61568000.0,127220118057.0,3262450000.0,-270614000.0,6520048000.0,186000.0,0.0,6778321000.0,-6493621000.0,-4640706000.0,2970571000.0,7179000.0,2066758000.0,2066758000.0,2066758000.0,0.0,0.0,0.252,2225073000.0,2656881000.0,179441000.0,0.0,9.525,61.555,59.371,1799766000.0,0.0,209.875,15.501,15.415,885088000.0,3369236000.0,8207294000.0,8207294000.0,896815000.0,0.182,0.198,0.489,0.363,307750000.0,1238258000.0,1.0,606170902.0,602820000,620076000.0,13.615,13930808000.0,90281000.0,909838000.0,108283000.0,23.109,10080677000.0
61,GOOGL,MRT,2006-03-31,2006-03-31,2006-03-31,2021-07-28,-10363000.0,11294870000.0,8878850500.0,9555957000.0,1738913000.0,0.804,17.427,-1040764000.0,2935179000.0,2935179000.0,2934427000.0,1688495000.0,9.751,0.103,0.0,0.0,0.0,0.0,364497000.0,296487000.0,0.0,0.0,0.0,2495839000.0,2792326000.0,0.391,2792326000.0,2495839000.0,2495839000.0,2.975,2.84,2.975,10243268000.0,8102287500.0,10243268000.0,112161266268.0,45.0,40.168,1713840000.0,2.916,1.0,4201371000.0,0.589,479379000.0,0.0,6900288000.0,4623853500.0,0.0,5493849000.0,5493849000.0,0.0,1051602000.0,980024000.0,71578000.0,116038440268.0,2452607000.0,-284274000.0,4410769000.0,-833000.0,0.0,4487221000.0,-4774482000.0,-3449444000.0,2754604000.0,-14736000.0,1688495000.0,1688495000.0,1688495000.0,0.0,0.0,0.237,1884164000.0,2317207000.0,145911000.0,0.0,11.328,68.723,65.612,1209681000.0,0.0,195.195,16.261,16.079,844378000.0,2648159000.0,7135798000.0,7135798000.0,737397000.0,0.19,0.208,0.54,0.35,545527000.0,1056767000.0,1.0,594474450.0,587792000,608246000.0,12.14,10815491000.0,26317000.0,807344000.0,211560000.0,18.4,8575933000.0
62,GOOGL,MRT,2005-12-31,2005-12-31,2005-12-31,2021-07-28,4019000.0,10271813000.0,7021432750.0,9001071000.0,1270742000.0,0.874,17.073,-838217000.0,3877174000.0,3877174000.0,2577088000.0,1465397000.0,12.076,0.091,0.0,0.0,0.0,0.0,299338000.0,256812000.0,0.0,0.0,0.0,2141677000.0,2398489000.0,0.391,2398489000.0,2141677000.0,2141677000.0,2.655,2.51,2.655,9418957000.0,6398186000.0,9418957000.0,117215487480.0,55.0,48.871,1621205000.0,2.939,1.0,3561472000.0,0.58,277683000.0,0.0,5371572000.0,3599871000.0,0.0,4171442000.0,4157073000.0,14369000.0,852856000.0,745384000.0,107472000.0,122734046480.0,3450301000.0,-101310000.0,4372255000.0,-1425000.0,0.0,4370830000.0,-3358193000.0,-2418666000.0,2459422000.0,-21758000.0,1465397000.0,1465397000.0,1465397000.0,0.0,0.0,0.239,1544194000.0,2017278000.0,115575000.0,0.0,13.031,83.755,78.206,961749000.0,0.0,207.638,19.994,18.661,687976000.0,2055868000.0,6138560000.0,6138560000.0,599510000.0,0.209,0.229,0.595,0.349,634433000.0,854684000.0,1.0,591096266.0,551688000,583748000.0,11.127,9994130000.0,49341000.0,676280000.0,63193000.0,18.116,8255687000.0
63,GOOGL,MRT,2005-09-30,2005-09-30,2005-09-30,2021-07-28,17398000.0,9451001000.0,5281817250.0,8382685000.0,1068316000.0,0.994,15.98,-643467000.0,5518569000.0,5518569000.0,2265147000.0,1297289000.0,14.973,0.075,10000.0,10000.0,0.0,10000.0,240334000.0,231597000.0,0.0,0.0,0.0,1812017000.0,2043614000.0,0.389,2043614000.0,1812017000.0,1812017000.0,2.49,2.265,2.49,8793068000.0,4775710750.0,8793068000.0,87704691103.0,48.0,42.916,1525618000.0,2.773,1.0,2985821000.0,0.569,228603000.0,0.0,3143991000.0,2845509250.0,0.0,2111578000.0,2111578000.0,0.0,657933000.0,559848000.0,98085000.0,88457872103.0,5174100000.0,-92778000.0,4322643000.0,-2599000.0,0.0,4320044000.0,-1306551000.0,-570306000.0,2169085000.0,-8478000.0,1297289000.0,1297289000.0,1297289000.0,0.0,0.0,0.247,1235383000.0,1750438000.0,87346000.0,0.0,10.06,68.187,63.61,803078000.0,0.0,158.388,16.846,16.598,541815000.0,1683660000.0,5250968000.0,5250968000.0,666612000.0,0.246,0.272,0.637,0.345,520385000.0,787986000.0,1.0,558488472.0,550260000,579346000.0,9.543,9222398000.0,18275000.0,514728000.0,63141000.0,16.76,7822837000.0
64,GOOGL,MRT,2005-06-30,2005-06-30,2005-06-30,2021-07-28,-10696000.0,4497718000.0,3641196500.0,3649210000.0,848508000.0,1.23,7.302,-433566000.0,753472000.0,753472000.0,1972092000.0,968090000.0,8.139,0.138,291000.0,291000.0,0.0,291000.0,211509000.0,196958000.0,0.0,0.0,0.0,1277027000.0,1473985000.0,0.329,1473985000.0,1277027000.0,1277027000.0,1.92,1.7,1.92,3953857000.0,3224699500.0,3953857000.0,81308458933.0,64.0,55.162,1327115000.0,2.451,1.0,2506307000.0,0.56,216604000.0,0.0,3079563000.0,2591309750.0,0.0,2194495000.0,2194495000.0,0.0,543861000.0,448370000.0,95491000.0,81789720933.0,498774000.0,-77527000.0,1177667000.0,-3915000.0,0.0,1173752000.0,-2427189000.0,-1916096000.0,1760681000.0,-8470000.0,968090000.0,968090000.0,968090000.0,0.0,0.0,0.216,1273928000.0,1232379000.0,105572000.0,0.0,20.686,84.486,76.678,576597000.0,0.0,147.222,18.263,17.8,419238000.0,1302478000.0,4478399000.0,4478399000.0,546228000.0,0.266,0.3,0.493,0.285,518247000.0,677934000.0,1.0,555553660.0,541458000,574476000.0,8.271,4281114000.0,105172000.0,308937000.0,44180000.0,7.907,3200840000.0
65,GOOGL,MRT,2005-03-31,2005-03-31,2005-03-31,2021-07-28,-5298000.0,3865199000.0,2848772500.0,3158474000.0,706725000.0,1.332,6.439,-372349000.0,482572000.0,482572000.0,1702896000.0,704339000.0,8.03,0.128,1310000.0,1310000.0,0.0,1310000.0,203114000.0,161041000.0,0.0,0.0,0.0,951067000.0,1112108000.0,0.293,1112108000.0,951067000.0,951067000.0,1.54,1.255,1.54,3426862000.0,2490485000.0,3426862000.0,49689260827.0,52.0,44.68,926272000.0,1.74,1.0,2091220000.0,0.551,186251000.0,0.0,2804358000.0,2001798750.0,0.0,2024726000.0,2024726000.0,0.0,438337000.0,393328000.0,45009000.0,50114231827.0,231218000.0,-63863000.0,1194208000.0,-4095000.0,0.0,1194413000.0,-2266841000.0,-1830629000.0,1298621000.0,5025000.0,704339000.0,704339000.0,704339000.0,0.0,0.0,0.186,1238342000.0,852878000.0,75444000.0,0.0,14.624,71.151,58.666,474829000.0,0.0,90.345,13.208,12.673,371905000.0,959664000.0,3794116000.0,3794116000.0,514692000.0,0.247,0.283,0.475,0.251,520128000.0,599123000.0,1.0,554698454.0,532212000,573224000.0,7.129,3678948000.0,95356000.0,246728000.0,0.0,6.913,2765146000.0
66,GOOGL,MRT,2004-12-31,2004-12-31,2004-12-31,2021-07-28,5436000.0,3313351000.0,2152336250.0,2693465000.0,619886000.0,1.482,7.581,-318995000.0,426873000.0,426873000.0,1468967000.0,399119000.0,7.913,0.131,1902000.0,1902000.0,0.0,1902000.0,166495000.0,128523000.0,0.0,0.0,0.0,650234000.0,778757000.0,0.244,778757000.0,650234000.0,650234000.0,1.035,0.73,1.035,2929056000.0,1815714500.0,2929056000.0,52422976863.0,81.0,67.316,658049000.0,1.703,1.0,1720256000.0,0.539,193887000.0,0.0,2354125000.0,1407628500.0,0.0,1705424000.0,1705424000.0,0.0,384295000.0,340368000.0,43927000.0,52764356863.0,277878000.0,-58863000.0,1195025000.0,-4707000.0,0.0,1194618000.0,-1901356000.0,-1523498000.0,977044000.0,7572000.0,399119000.0,399119000.0,399119000.0,0.0,0.0,0.125,1080064000.0,640192000.0,32672000.0,0.0,18.014,132.202,93.228,378916000.0,0.0,96.491,16.545,11.689,311836000.0,590471000.0,3189223000.0,3189223000.0,395164000.0,0.185,0.22,0.462,0.204,470316000.0,483900000.0,1.0,546831900.0,386352000,545562000.0,8.255,3119464000.0,101562000.0,251115000.0,0.0,8.074,2353097000.0
67,GOOGL,MRT,2004-09-30,2004-09-30,2004-09-30,2021-07-28,-2230000.0,2888518000.0,1541863000.0,2360211000.0,528307000.0,1.732,6.314,-324405000.0,344469000.0,344469000.0,1256543000.0,222273000.0,8.599,0.116,3089000.0,3026000.0,63000.0,3089000.0,130205000.0,113884000.0,0.0,0.0,0.0,429486000.0,543370000.0,0.204,543370000.0,429486000.0,429486000.0,0.685,0.415,0.685,2589023000.0,1230643000.0,2589023000.0,32747694200.0,76.0,60.268,371085000.0,0.905,1.0,1413354000.0,0.529,145475000.0,0.0,2127193000.0,916113250.0,0.0,1513887000.0,1513887000.0,0.0,299495000.0,274470000.0,25025000.0,32998185200.0,109053000.0,-7833000.0,1198376000.0,-4472000.0,0.0,1198204000.0,-1783328000.0,-1451090000.0,695490000.0,-1313000.0,222273000.0,222273000.0,222273000.0,0.0,0.0,0.083,996400000.0,416954000.0,49557000.0,0.0,12.745,148.458,94.693,362609000.0,0.0,64.865,12.359,9.961,233057000.0,386371000.0,2669897000.0,2669897000.0,176633000.0,0.144,0.181,0.469,0.161,449170000.0,314568000.0,1.0,508720962.0,410014000,549470000.0,6.512,2743043000.0,163525000.0,207213000.0,0.0,6.69,2085741000.0
68,GOOGL,MRT,2004-06-30,2004-06-30,2004-06-30,2021-07-28,-1481000.0,1328022000.0,,881889000.0,446133000.0,,3.271,-301531000.0,254698000.0,254698000.0,1067842000.0,190716000.0,3.496,0.306,4207000.0,3751000.0,456000.0,4207000.0,117714000.0,91737000.0,0.0,,0.0,481528000.0,573265000.0,0.254,573265000.0,481528000.0,481528000.0,0.63,0.36,0.63,1016999000.0,,1016999000.0,,,,287344000.0,0.924,1.0,1190110000.0,0.527,103755000.0,0.0,721519000.0,,0.0,293989000.0,293989000.0,0.0,311023000.0,252257000.0,58766000.0,,108621000.0,-1044000.0,38061000.0,-5843000.0,0.0,36518000.0,-516889000.0,-214314000.0,588875000.0,117000.0,190716000.0,190716000.0,190716000.0,0.0,0.0,0.084,791506000.0,398604000.0,61830000.0,0.0,,,,320718000.0,0.0,,,,191187000.0,334388000.0,2257952000.0,2257952000.0,195876000.0,,,,0.213,403256000.0,285618000.0,1.0,542439286.0,310882000,532526000.0,7.263,1224267000.0,75381000.0,290812000.0,42199000.0,3.938,629632000.0
69,GOOGL,MRT,2004-03-31,2004-03-31,2004-03-31,2021-07-28,-888000.0,1079454000.0,,703386000.0,376068000.0,,2.409,-236288000.0,251354000.0,251354000.0,857681000.0,143821000.0,2.348,0.483,5405000.0,4388000.0,1017000.0,5405000.0,120410000.0,71552000.0,0.0,,0.0,417618000.0,489170000.0,0.262,489170000.0,417618000.0,417618000.0,0.495,0.27,0.495,727780000.0,,727780000.0,,,,254004000.0,0.841,1.0,1011258000.0,0.541,106197000.0,0.0,427677000.0,,0.0,203534000.0,203534000.0,0.0,351674000.0,299631000.0,52043000.0,,136704000.0,-39980000.0,14800000.0,-6351000.0,0.0,8449000.0,-361335000.0,-85067000.0,490292000.0,-702000.0,143821000.0,143821000.0,143821000.0,0.0,0.0,0.077,638232000.0,373026000.0,37781000.0,0.0,,,,253006000.0,0.0,,,,179505000.0,255325000.0,1868939000.0,1868939000.0,140584000.0,,,,0.223,269416000.0,228232000.0,1.0,542439286.0,302168000,528366000.0,6.185,973257000.0,15714000.0,273797000.0,105884000.0,3.221,403755000.0
70,GOOGL,MRT,2003-12-31,2003-12-31,2003-12-31,2021-07-28,1660000.0,871458000.0,579175000.0,560234000.0,311224000.0,2.531,2.138,-176801000.0,148995000.0,148995000.0,625854000.0,105648000.0,2.379,0.48,6609000.0,4621000.0,1988000.0,6609000.0,109032000.0,55049000.0,0.0,,0.0,346654000.0,401703000.0,0.274,401703000.0,346654000.0,346654000.0,0.385,0.205,0.385,588770000.0,381361500.0,588770000.0,,,,218644000.0,0.794,1.0,840080000.0,0.573,105556000.0,0.0,388064000.0,269231000.0,0.0,185723000.0,185723000.0,0.0,282688000.0,235452000.0,47236000.0,,91243000.0,-39958000.0,15476000.0,-7386000.0,0.0,8090000.0,-313954000.0,-97195000.0,395445000.0,1662000.0,105648000.0,105648000.0,105648000.0,0.0,0.0,0.072,497616000.0,342464000.0,46175000.0,0.0,,,,188255000.0,0.0,,,,154690000.0,191352000.0,1465934000.0,1465934000.0,91228000.0,0.182,0.277,1.288,0.236,229361000.0,177027000.0,1.0,,275394000,513276000.0,5.323,765902000.0,22105000.0,241006000.0,39215000.0,2.781,324782000.0
71,GOOGL,MRT,2003-09-30,2003-09-30,2003-09-30,2021-07-28,,,,,,,,,,,,,,,,,,,,,,,0.0,,,,,,,,,,,,,,,,,,1.0,,,,,,,,,,,,,,,,,,,,,,,,,,,,,,,,,,,,,,,,,,,,,,,,,,,,,,1.0,,282820000,,,,,,,,
72,GOOGL,MRT,2003-06-30,2003-06-30,2003-06-30,2021-07-28,,,,,,,,,,,,,,,,,,,,,,,0.0,,,,,,,,,,,,,,,,,,1.0,,,,,,,,,,,,,,,,,,,,,,,,,,,,,,,,,,,,,,,,,,,,,,,,,,,,,,1.0,,271420000,,,,,,,,
73,GOOGL,MRT,2003-03-31,2003-03-31,2003-03-31,2021-07-28,,,,,,,,,,,,,,,,,,,,,,,0.0,,,,,,,,,,,,,,,,,,1.0,,,,,,,,,,,,,,,,,,,,,,,,,,,,,,,,,,,,,,,,,,,,,,,,,,,,,,1.0,,254678000,,,,,,,,
74,GOOGL,MRT,2002-12-31,2002-12-31,2002-12-31,2021-07-28,49000.0,286892000.0,,231796000.0,55096000.0,,0.755,-37099000.0,57752000.0,57752000.0,131510000.0,99656000.0,2.59,0.649,10862000.0,4350000.0,6512000.0,10862000.0,26346000.0,28983000.0,0.0,,0.0,184915000.0,213898000.0,0.487,213898000.0,184915000.0,184915000.0,0.43,0.225,0.43,173953000.0,,173953000.0,,,,118166000.0,0.513,1.0,307998000.0,0.701,96000.0,0.0,150398000.0,,0.0,88579000.0,88579000.0,0.0,112939000.0,89508000.0,23431000.0,,40075000.0,0.0,2262000.0,-7735000.0,0.0,-5473000.0,-109717000.0,-72618000.0,155265000.0,0.0,99656000.0,99656000.0,99656000.0,0.0,0.0,0.227,121532000.0,186466000.0,9394000.0,0.0,,,,53873000.0,0.0,,,,61994000.0,85704000.0,439508000.0,439508000.0,31748000.0,,,,0.421,21635000.0,68149000.0,1.0,,230484000,441266000.0,1.907,286796000.0,12646000.0,85259000.0,26561000.0,1.244,142288000.0
75,GOOGL,MRT,2001-12-31,2001-12-31,2001-12-31,2021-07-28,,,,,,,,-13060000.0,,,15104000.0,6985000.0,,,,,,,,14182000.0,,,0.0,10068000.0,24250000.0,0.281,24250000.0,10068000.0,10068000.0,0.035,0.02,0.035,,,,,,,18029000.0,0.095,1.0,71322000.0,0.825,,0.0,,,,,,,,,,,-441000.0,0.0,988000.0,-4503000.0,0.0,-2439000.0,-29091000.0,-14929000.0,31089000.0,0.0,6985000.0,6985000.0,6985000.0,0.0,0.0,0.081,72741000.0,-1419000.0,,0.0,,,,,0.0,,,,,,86426000.0,86426000.0,20940000.0,,,,0.116,12383000.0,39418000.0,1.0,,189046000,373552000.0,0.457,,,3083000.0,,,
