None,ticker,dimension,calendardate,datekey,reportperiod,lastupdated,accoci,assets,assetsavg,assetsc,assetsnc,assetturnover,bvps,capex,cashneq,cashnequsd,cor,consolinc,currentratio,de,debt,debtc,debtnc,debtusd,deferredrev,depamor,deposits,divyield,dps,ebit,ebitda,ebitdamargin,ebitdausd,ebitusd,ebt,eps,epsdil,epsusd,equity,equityavg,equityusd,ev,evebit,evebitda,fcf,fcfps,fxusd,gp,grossmargin,intangibles,intexp,invcap,invcapavg,inventory,investments,investmentsc,investmentsnc,liabilities,liabilitiesc,liabilitiesnc,marketcap,ncf,ncfbus,ncfcommon,ncfdebt,ncfdiv,ncff,ncfi,ncfinv,ncfo,ncfx,netinc,netinccmn,netinccmnusd,netincdis,netincnci,netmargin,opex,opinc,payables,payoutratio,pb,pe,pe1,ppnenet,prefdivis,price,ps,ps1,receivables,retearn,revenue,revenueusd,rnd,roa,roe,roic,ros,sbcomp,sgna,sharefactor,sharesbas,shareswa,shareswadil,sps,tangibles,taxassets,taxexp,taxliabilities,tbvps,workingcapital
0,LUV,MRY,2020-12-31,2020-12-31,2020-12-31,2021-09-07,-105000000.0,34588000000.0,33168500000.0,15173000000.0,19415000000.0,0.273,15.037,-515000000.0,11063000000.0,11063000000.0,3839000000.0,-3074000000.0,2.021,2.897,12199000000.0,526000000.0,11673000000.0,12199000000.0,0.0,1255000000.0,0.0,0.004,0.18,-3907000000.0,-2652000000.0,-0.293,-2652000000.0,-3907000000.0,-4256000000.0,-5.44,-5.44,-5.44,8876000000.0,9649500000.0,8876000000.0,27998627653.0,-7.0,-10.558,-1642000000.0,-2.782,1.0,5209000000.0,0.576,970000000.0,349000000.0,27248000000.0,24246000000.0,414000000.0,2271000000.0,2271000000.0,0.0,25712000000.0,7506000000.0,18206000000.0,27512627653.0,8515000000.0,0.0,1891000000.0,8099000000.0,-188000000.0,9658000000.0,-16000000.0,71000000.0,-1127000000.0,0.0,-3074000000.0,-3074000000.0,-3074000000.0,0.0,0.0,-0.34,9025000000.0,-3816000000.0,931000000.0,-0.033,3.1,-8.95,-8.568,17723000000.0,0.0,46.61,3.041,3.041,1130000000.0,14777000000.0,9048000000.0,9048000000.0,0.0,-0.093,-0.319,-0.161,-0.432,0.0,6811000000.0,1.0,590273067.0,590273067.0,,15.328,33618000000.0,0.0,-1182000000.0,1634000000.0,56.953,7667000000.0
1,LUV,MRY,2019-12-31,2019-12-31,2019-12-31,2021-09-07,-61000000.0,25895000000.0,26298750000.0,5974000000.0,19921000000.0,0.853,18.682,-1027000000.0,2548000000.0,2548000000.0,6933000000.0,2300000000.0,0.667,1.634,3996000000.0,1172000000.0,2824000000.0,3996000000.0,0.0,1219000000.0,0.0,0.013,0.7,3075000000.0,4294000000.0,0.191,4294000000.0,3075000000.0,2957000000.0,4.28,4.27,4.28,9832000000.0,9873500000.0,9832000000.0,30301385281.0,10.0,7.057,2960000000.0,5.624,1.0,15495000000.0,0.691,970000000.0,118000000.0,17421000000.0,18540000000.0,529000000.0,1524000000.0,1524000000.0,0.0,16063000000.0,8952000000.0,7111000000.0,28408385281.0,694000000.0,0.0,-1960000000.0,-615000000.0,-372000000.0,-2990000000.0,-303000000.0,324000000.0,3987000000.0,0.0,2300000000.0,2300000000.0,2300000000.0,0.0,0.0,0.103,12538000000.0,2957000000.0,1574000000.0,0.164,2.889,12.351,12.612,18374000000.0,0.0,53.98,1.267,1.267,1086000000.0,17945000000.0,22428000000.0,22428000000.0,0.0,0.087,0.233,0.166,0.137,0.0,8293000000.0,1.0,526276126.0,526276126.0,,42.616,24925000000.0,0.0,657000000.0,2364000000.0,47.361,-2978000000.0
2,LUV,MRY,2018-12-31,2018-12-31,2018-12-31,2021-09-07,20000000.0,26243000000.0,26273250000.0,5028000000.0,21215000000.0,0.836,17.195,-1922000000.0,1854000000.0,1854000000.0,7057000000.0,2465000000.0,0.636,1.663,3377000000.0,606000000.0,2771000000.0,3377000000.0,0.0,1201000000.0,0.0,0.013,0.605,3295000000.0,4496000000.0,0.205,4496000000.0,3295000000.0,3164000000.0,4.3,4.29,4.3,9853000000.0,9905500000.0,9853000000.0,27478010396.0,8.0,6.112,2971000000.0,5.185,1.0,14908000000.0,0.679,970000000.0,131000000.0,18891000000.0,19157000000.0,461000000.0,1835000000.0,1835000000.0,0.0,16390000000.0,7905000000.0,8485000000.0,26136010396.0,359000000.0,0.0,-1965000000.0,-342000000.0,-332000000.0,-2496000000.0,-2038000000.0,-67000000.0,4893000000.0,0.0,2465000000.0,2465000000.0,2465000000.0,0.0,0.0,0.112,11702000000.0,3206000000.0,1416000000.0,0.141,2.653,10.603,10.809,19525000000.0,0.0,46.48,1.19,1.213,568000000.0,15967000000.0,21965000000.0,21965000000.0,0.0,0.094,0.249,0.172,0.15,0.0,7649000000.0,1.0,562306592.0,573000000.0,574000000.0,38.333,25273000000.0,0.0,699000000.0,2427000000.0,44.106,-2877000000.0
3,LUV,MRY,2017-12-31,2017-12-31,2017-12-31,2021-09-07,12000000.0,25110000000.0,24260750000.0,4815000000.0,20295000000.0,0.872,16.042,-2123000000.0,1495000000.0,1495000000.0,6369000000.0,3357000000.0,0.702,1.605,3668000000.0,348000000.0,3320000000.0,3668000000.0,0.0,1218000000.0,0.0,0.007,0.475,3379000000.0,4597000000.0,0.217,4597000000.0,3379000000.0,3265000000.0,5.58,5.57,5.58,9641000000.0,8793750000.0,9641000000.0,40456222347.0,12.0,8.801,1806000000.0,3.005,1.0,14777000000.0,0.699,970000000.0,114000000.0,19450000000.0,17836250000.0,420000000.0,1778000000.0,1778000000.0,0.0,15469000000.0,6863000000.0,8606000000.0,38837222347.0,-185000000.0,0.0,-1571000000.0,8000000.0,-274000000.0,-1706000000.0,-2408000000.0,-159000000.0,3929000000.0,0.0,3357000000.0,3357000000.0,3357000000.0,0.0,0.0,0.159,11370000000.0,3407000000.0,1320000000.0,0.085,4.028,11.569,11.729,18539000000.0,0.0,65.45,1.837,1.86,662000000.0,13832000000.0,21146000000.0,21146000000.0,0.0,0.138,0.382,0.189,0.16,0.0,7305000000.0,1.0,593387660.0,601000000.0,603000000.0,35.185,24140000000.0,0.0,-92000000.0,2119000000.0,40.166,-2048000000.0
4,LUV,MRY,2016-12-31,2016-12-31,2016-12-31,2021-09-07,-323000000.0,23286000000.0,22754750000.0,4498000000.0,18788000000.0,0.892,13.463,-2038000000.0,1680000000.0,1680000000.0,6057000000.0,2183000000.0,0.657,1.759,3387000000.0,566000000.0,2821000000.0,3387000000.0,0.0,1221000000.0,0.0,0.008,0.375,3572000000.0,4793000000.0,0.236,4793000000.0,3572000000.0,3450000000.0,3.48,3.45,3.48,8441000000.0,7951250000.0,8441000000.0,32010391262.0,9.0,6.679,2255000000.0,3.596,1.0,14232000000.0,0.701,970000000.0,122000000.0,17179000000.0,15415750000.0,337000000.0,1625000000.0,1625000000.0,0.0,14845000000.0,6844000000.0,8001000000.0,30681391262.0,97000000.0,0.0,-1721000000.0,-76000000.0,-222000000.0,-1924000000.0,-2272000000.0,-125000000.0,4293000000.0,0.0,2183000000.0,2185000000.0,2185000000.0,0.0,0.0,0.108,10710000000.0,3522000000.0,1178000000.0,0.108,3.635,14.042,14.322,17044000000.0,-2000000.0,49.84,1.512,1.54,546000000.0,11418000000.0,20289000000.0,20289000000.0,0.0,0.096,0.275,0.232,0.176,0.0,6786000000.0,1.0,615597738.0,627000000.0,633000000.0,32.359,22316000000.0,0.0,1267000000.0,3374000000.0,35.592,-2346000000.0
5,LUV,MRY,2015-12-31,2015-12-31,2015-12-31,2021-09-07,-1051000000.0,21312000000.0,21177250000.0,4024000000.0,17288000000.0,0.936,11.314,-2041000000.0,1583000000.0,1583000000.0,6025000000.0,2181000000.0,0.543,1.896,3178000000.0,637000000.0,2541000000.0,3178000000.0,0.0,1015000000.0,0.0,0.007,0.285,3600000000.0,4615000000.0,0.233,4615000000.0,3600000000.0,3479000000.0,3.3,3.27,3.3,7358000000.0,7096500000.0,7358000000.0,28932290950.0,8.0,6.269,1197000000.0,1.841,1.0,13795000000.0,0.696,970000000.0,121000000.0,14531000000.0,14165000000.0,311000000.0,1468000000.0,1468000000.0,0.0,13954000000.0,7406000000.0,6548000000.0,28004290950.0,301000000.0,0.0,-1134000000.0,287000000.0,-180000000.0,-1024000000.0,-1913000000.0,237000000.0,3238000000.0,0.0,2181000000.0,2181000000.0,2181000000.0,0.0,0.0,0.11,9679000000.0,4116000000.0,1188000000.0,0.086,3.806,12.84,13.048,15601000000.0,0.0,43.06,1.413,1.413,474000000.0,9409000000.0,19820000000.0,19820000000.0,0.0,0.103,0.307,0.254,0.182,0.0,6383000000.0,1.0,650355108.0,650355108.0,,30.476,20342000000.0,0.0,1298000000.0,2490000000.0,31.278,-3382000000.0
6,LUV,MRY,2014-12-31,2014-12-31,2014-12-31,2021-09-07,-738000000.0,19723000000.0,20282250000.0,3927000000.0,15796000000.0,0.917,9.982,-1748000000.0,1282000000.0,1282000000.0,7677000000.0,1136000000.0,0.663,1.911,2692000000.0,258000000.0,2434000000.0,2692000000.0,0.0,938000000.0,0.0,0.005,0.22,1946000000.0,2884000000.0,0.155,2884000000.0,1946000000.0,1816000000.0,1.65,1.64,1.65,6775000000.0,7227500000.0,6775000000.0,29624461442.0,15.0,10.272,1154000000.0,1.7,1.0,10928000000.0,0.587,970000000.0,130000000.0,14240000000.0,13917750000.0,342000000.0,1706000000.0,1706000000.0,0.0,12948000000.0,5923000000.0,7025000000.0,28724461442.0,-73000000.0,0.0,-845000000.0,-261000000.0,-139000000.0,-1248000000.0,-1727000000.0,105000000.0,2902000000.0,0.0,1136000000.0,1136000000.0,1136000000.0,0.0,0.0,0.061,8703000000.0,2225000000.0,1203000000.0,0.133,4.24,25.286,25.648,14292000000.0,0.0,42.32,1.544,1.544,365000000.0,7416000000.0,18605000000.0,18605000000.0,0.0,0.056,0.157,0.14,0.105,0.0,5434000000.0,1.0,678744363.0,678744363.0,,27.411,18753000000.0,0.0,680000000.0,2782000000.0,27.629,-1996000000.0
7,LUV,MRY,2013-12-31,2013-12-31,2013-12-31,2021-09-07,-3000000.0,19345000000.0,19322000000.0,4456000000.0,14889000000.0,0.916,10.529,-1433000000.0,1355000000.0,1355000000.0,8307000000.0,754000000.0,0.785,1.637,2820000000.0,629000000.0,2191000000.0,2820000000.0,0.0,867000000.0,0.0,0.007,0.13,1340000000.0,2207000000.0,0.125,2207000000.0,1340000000.0,1209000000.0,1.06,1.05,1.06,7336000000.0,7022750000.0,7336000000.0,14668214992.0,11.0,6.646,1044000000.0,1.498,1.0,9392000000.0,0.531,970000000.0,131000000.0,14164000000.0,14274500000.0,467000000.0,1797000000.0,1797000000.0,0.0,12009000000.0,5676000000.0,6333000000.0,13126214992.0,242000000.0,0.0,-444000000.0,-313000000.0,-71000000.0,-851000000.0,-1384000000.0,63000000.0,2477000000.0,0.0,754000000.0,754000000.0,754000000.0,0.0,0.0,0.043,8114000000.0,1278000000.0,1247000000.0,0.123,1.789,17.409,17.774,13389000000.0,0.0,18.84,0.742,0.742,419000000.0,6431000000.0,17699000000.0,17699000000.0,0.0,0.039,0.107,0.094,0.076,0.0,5035000000.0,1.0,696720541.0,696720541.0,,25.403,18375000000.0,168000000.0,455000000.0,2934000000.0,26.374,-1220000000.0
8,LUV,MRY,2012-12-31,2012-12-31,2012-12-31,2021-09-07,-119000000.0,18596000000.0,18687750000.0,4227000000.0,14369000000.0,0.914,9.475,-1348000000.0,1113000000.0,1113000000.0,8650000000.0,421000000.0,0.909,1.66,3154000000.0,271000000.0,2883000000.0,3154000000.0,0.0,844000000.0,0.0,0.003,0.034,832000000.0,1676000000.0,0.098,1676000000.0,832000000.0,685000000.0,0.56,0.56,0.56,6992000000.0,6982750000.0,6992000000.0,9614909425.0,12.0,5.737,716000000.0,0.97,1.0,8438000000.0,0.494,970000000.0,147000000.0,15017000000.0,14791500000.0,469000000.0,1857000000.0,1857000000.0,0.0,11604000000.0,4650000000.0,6954000000.0,7556909425.0,284000000.0,0.0,-373000000.0,-578000000.0,-22000000.0,-947000000.0,-833000000.0,515000000.0,2064000000.0,0.0,421000000.0,421000000.0,421000000.0,0.0,0.0,0.025,7815000000.0,623000000.0,1107000000.0,0.061,1.081,17.95,18.286,12766000000.0,0.0,10.24,0.442,0.442,332000000.0,5768000000.0,17088000000.0,17088000000.0,0.0,0.023,0.06,0.056,0.049,0.0,4749000000.0,1.0,737979436.0,737979436.0,,23.155,17626000000.0,246000000.0,264000000.0,2884000000.0,23.884,-423000000.0
9,LUV,MRY,2011-12-31,2011-12-31,2011-12-31,2021-09-07,-224000000.0,18068000000.0,17828000000.0,4345000000.0,13723000000.0,0.878,8.833,-968000000.0,829000000.0,829000000.0,7866000000.0,178000000.0,0.959,1.627,3751000000.0,644000000.0,3107000000.0,3751000000.0,0.0,715000000.0,0.0,0.002,0.018,517000000.0,1232000000.0,0.079,1232000000.0,517000000.0,323000000.0,0.23,0.23,0.23,6877000000.0,6787750000.0,6877000000.0,9854151701.0,19.0,7.998,388000000.0,0.498,1.0,7792000000.0,0.498,970000000.0,194000000.0,15487000000.0,14728750000.0,401000000.0,2315000000.0,2315000000.0,0.0,11191000000.0,4533000000.0,6658000000.0,6664151701.0,-432000000.0,-35000000.0,-205000000.0,-621000000.0,-14000000.0,-766000000.0,-1022000000.0,-19000000.0,1356000000.0,0.0,178000000.0,178000000.0,178000000.0,0.0,0.0,0.011,7099000000.0,693000000.0,1057000000.0,0.078,0.969,37.439,37.217,12127000000.0,0.0,8.56,0.426,0.426,299000000.0,5395000000.0,15658000000.0,15658000000.0,0.0,0.01,0.026,0.035,0.033,0.0,4371000000.0,1.0,778522395.0,778522395.0,,20.112,17098000000.0,263000000.0,145000000.0,2566000000.0,21.962,-188000000.0
10,LUV,MRY,2010-12-31,2010-12-31,2010-12-31,2021-09-07,-262000000.0,15463000000.0,15030750000.0,4279000000.0,11184000000.0,0.805,8.348,-493000000.0,1261000000.0,1261000000.0,5358000000.0,459000000.0,1.295,1.479,3380000000.0,505000000.0,2875000000.0,3380000000.0,0.0,628000000.0,0.0,0.001,0.018,912000000.0,1540000000.0,0.127,1540000000.0,912000000.0,745000000.0,0.62,0.61,0.62,6237000000.0,5818000000.0,6237000000.0,12129305145.0,13.0,7.876,1068000000.0,1.43,1.0,6746000000.0,0.557,0.0,167000000.0,14277000000.0,14187500000.0,243000000.0,2277000000.0,2277000000.0,0.0,9226000000.0,3305000000.0,5921000000.0,9697305145.0,147000000.0,0.0,55000000.0,-199000000.0,-13000000.0,-149000000.0,-1265000000.0,-772000000.0,1561000000.0,0.0,459000000.0,459000000.0,459000000.0,0.0,0.0,0.038,5758000000.0,988000000.0,739000000.0,0.029,1.555,21.127,20.935,10578000000.0,0.0,12.98,0.801,0.801,195000000.0,5399000000.0,12104000000.0,12104000000.0,0.0,0.031,0.079,0.064,0.075,0.0,3704000000.0,1.0,747095928.0,747095928.0,,16.201,15463000000.0,214000000.0,286000000.0,2493000000.0,20.697,974000000.0
11,LUV,MRY,2009-12-31,2009-12-31,2009-12-31,2021-09-07,-578000000.0,14269000000.0,14143750000.0,3358000000.0,10911000000.0,0.732,7.351,-585000000.0,1114000000.0,1114000000.0,4667000000.0,99000000.0,1.246,1.616,3515000000.0,190000000.0,3325000000.0,3515000000.0,0.0,616000000.0,0.0,0.002,0.018,350000000.0,966000000.0,0.093,966000000.0,350000000.0,164000000.0,0.13,0.13,0.13,5454000000.0,5186750000.0,5454000000.0,11154373183.0,32.0,11.547,400000000.0,0.539,1.0,5683000000.0,0.549,0.0,186000000.0,13975000000.0,13660500000.0,221000000.0,1479000000.0,1479000000.0,0.0,8815000000.0,2695000000.0,6120000000.0,8480373183.0,-254000000.0,0.0,20000000.0,-45000000.0,-13000000.0,330000000.0,-1569000000.0,-986000000.0,985000000.0,0.0,99000000.0,99000000.0,99000000.0,0.0,0.0,0.01,5421000000.0,262000000.0,732000000.0,0.138,1.555,85.66,87.923,10634000000.0,0.0,11.43,0.819,0.819,169000000.0,4971000000.0,10350000000.0,10350000000.0,0.0,0.007,0.019,0.026,0.034,0.0,3468000000.0,1.0,741939911.0,741939911.0,,13.95,14269000000.0,291000000.0,65000000.0,2200000000.0,19.232,663000000.0
12,LUV,MRY,2008-12-31,2008-12-31,2008-12-31,2021-09-07,-984000000.0,14068000000.0,18384000000.0,2653000000.0,11415000000.0,0.6,6.696,-923000000.0,1368000000.0,1368000000.0,5250000000.0,178000000.0,0.945,1.84,3661000000.0,163000000.0,3498000000.0,3661000000.0,0.0,599000000.0,0.0,0.002,0.018,408000000.0,1007000000.0,0.091,1007000000.0,408000000.0,278000000.0,0.24,0.24,0.24,4953000000.0,6983000000.0,4953000000.0,6638422087.0,16.0,6.592,-2444000000.0,-3.304,1.0,5773000000.0,0.524,0.0,130000000.0,13555000000.0,12671750000.0,203000000.0,435000000.0,435000000.0,0.0,9115000000.0,2806000000.0,6309000000.0,6376422087.0,-845000000.0,0.0,63000000.0,1436000000.0,-13000000.0,1654000000.0,-978000000.0,-55000000.0,-1521000000.0,0.0,178000000.0,178000000.0,178000000.0,0.0,0.0,0.016,5324000000.0,449000000.0,668000000.0,0.075,1.287,35.823,35.917,11040000000.0,0.0,8.62,0.578,0.578,209000000.0,4919000000.0,11023000000.0,11023000000.0,0.0,0.01,0.025,0.032,0.037,0.0,3340000000.0,1.0,739724140.0,739724140.0,,14.902,14068000000.0,365000000.0,100000000.0,1904000000.0,19.018,-153000000.0
13,LUV,MRY,2007-12-31,2007-12-31,2007-12-31,2021-09-07,1241000000.0,16772000000.0,15096750000.0,4443000000.0,12329000000.0,0.653,9.456,-1331000000.0,2213000000.0,2213000000.0,4022000000.0,645000000.0,0.918,1.416,2091000000.0,41000000.0,2050000000.0,2091000000.0,0.0,555000000.0,0.0,0.001,0.018,1177000000.0,1732000000.0,0.176,1732000000.0,1177000000.0,1058000000.0,0.85,0.84,0.85,6941000000.0,6547750000.0,6941000000.0,9484263393.0,8.0,5.476,1514000000.0,2.063,1.0,5839000000.0,0.592,0.0,119000000.0,11812000000.0,11154500000.0,259000000.0,566000000.0,566000000.0,0.0,9831000000.0,4838000000.0,4993000000.0,8955263393.0,823000000.0,0.0,-862000000.0,378000000.0,-14000000.0,-493000000.0,-1529000000.0,-198000000.0,2845000000.0,0.0,645000000.0,645000000.0,645000000.0,0.0,0.0,0.065,5048000000.0,791000000.0,759000000.0,0.021,1.29,13.884,14.353,10874000000.0,0.0,12.2,0.908,0.908,279000000.0,4788000000.0,9861000000.0,9861000000.0,0.0,0.043,0.099,0.106,0.119,9000000.0,3213000000.0,1.0,734037983.0,734037983.0,,13.434,16772000000.0,0.0,413000000.0,2535000000.0,22.849,-395000000.0
14,LUV,MRY,2006-12-31,2006-12-31,2006-12-31,2021-09-07,582000000.0,13460000000.0,14403500000.0,2601000000.0,10859000000.0,0.631,8.144,-1399000000.0,1390000000.0,1390000000.0,3405000000.0,499000000.0,0.901,1.087,1689000000.0,122000000.0,1567000000.0,1689000000.0,0.0,515000000.0,0.0,0.001,0.018,918000000.0,1433000000.0,0.158,1433000000.0,918000000.0,790000000.0,0.63,0.61,0.63,6449000000.0,6697750000.0,6449000000.0,12043884134.0,13.0,8.405,7000000.0,0.009,1.0,5681000000.0,0.625,0.0,128000000.0,10872000000.0,10111000000.0,181000000.0,369000000.0,369000000.0,0.0,7011000000.0,2887000000.0,4124000000.0,12130884134.0,-890000000.0,20000000.0,-540000000.0,-307000000.0,-14000000.0,-801000000.0,-1495000000.0,-117000000.0,1406000000.0,0.0,499000000.0,499000000.0,499000000.0,0.0,0.0,0.055,4747000000.0,934000000.0,643000000.0,0.029,1.881,24.31,24.317,10094000000.0,0.0,15.32,1.335,1.335,241000000.0,4307000000.0,9086000000.0,9086000000.0,0.0,0.035,0.075,0.091,0.101,20000000.0,3052000000.0,1.0,791833168.0,791833168.0,,11.475,13460000000.0,0.0,291000000.0,2104000000.0,16.999,-286000000.0
15,LUV,MRY,2005-12-31,2005-12-31,2005-12-31,2021-09-07,892000000.0,14003000000.0,13945500000.0,3620000000.0,10383000000.0,0.544,8.42,-1146000000.0,2280000000.0,2280000000.0,2404000000.0,484000000.0,0.941,1.098,1995000000.0,601000000.0,1394000000.0,1995000000.0,0.0,469000000.0,0.0,0.001,0.018,901000000.0,1370000000.0,0.181,1370000000.0,901000000.0,779000000.0,0.61,0.6,0.61,6675000000.0,6465500000.0,6675000000.0,12606483727.0,14.0,9.202,972000000.0,1.226,1.0,5180000000.0,0.683,0.0,122000000.0,9870000000.0,10395500000.0,150000000.0,251000000.0,251000000.0,0.0,7328000000.0,3848000000.0,3480000000.0,13024483727.0,1232000000.0,-6000000.0,77000000.0,151000000.0,-14000000.0,260000000.0,-1146000000.0,6000000.0,2118000000.0,0.0,484000000.0,484000000.0,484000000.0,0.0,0.0,0.064,4455000000.0,725000000.0,524000000.0,0.03,1.951,26.91,26.934,9212000000.0,0.0,16.43,1.717,1.717,258000000.0,4018000000.0,7584000000.0,7584000000.0,0.0,0.035,0.075,0.087,0.119,33000000.0,2782000000.0,1.0,792725729.0,792725729.0,,9.567,14003000000.0,0.0,295000000.0,1681000000.0,17.664,-228000000.0
16,LUV,MRY,2004-12-31,2004-12-31,2004-12-31,2021-09-07,417000000.0,11337000000.0,11038000000.0,2172000000.0,9165000000.0,0.592,7.086,-1707000000.0,1048000000.0,1048000000.0,2059000000.0,215000000.0,1.014,1.052,1846000000.0,146000000.0,1700000000.0,1846000000.0,0.0,431000000.0,0.0,0.001,0.018,427000000.0,858000000.0,0.131,858000000.0,427000000.0,339000000.0,0.27,0.27,0.27,5524000000.0,5326750000.0,5524000000.0,12738617524.0,30.0,14.847,-641000000.0,-0.822,1.0,4471000000.0,0.685,0.0,88000000.0,9993000000.0,8875250000.0,137000000.0,257000000.0,257000000.0,0.0,5813000000.0,2142000000.0,3671000000.0,12691617524.0,-436000000.0,-74000000.0,-158000000.0,313000000.0,-14000000.0,156000000.0,-1658000000.0,124000000.0,1066000000.0,0.0,215000000.0,215000000.0,215000000.0,0.0,0.0,0.033,4067000000.0,404000000.0,420000000.0,0.067,2.298,59.031,60.296,8723000000.0,0.0,16.28,1.944,1.944,248000000.0,4089000000.0,6530000000.0,6530000000.0,0.0,0.019,0.04,0.048,0.065,112000000.0,2578000000.0,1.0,779583386.0,779583386.0,,8.376,11337000000.0,0.0,124000000.0,1610000000.0,14.542,30000000.0
17,LUV,MRY,2003-12-31,2003-12-31,2003-12-31,2021-09-07,122000000.0,9878000000.0,9416000000.0,2313000000.0,7565000000.0,0.631,6.453,-1238000000.0,1865000000.0,1865000000.0,1815000000.0,442000000.0,1.342,0.955,1538000000.0,206000000.0,1332000000.0,1538000000.0,0.0,384000000.0,0.0,0.001,0.018,799000000.0,1183000000.0,0.199,1183000000.0,799000000.0,708000000.0,0.56,0.54,0.56,5052000000.0,4737000000.0,5052000000.0,12103521447.0,15.0,10.231,98000000.0,0.125,1.0,4122000000.0,0.694,0.0,91000000.0,7828000000.0,7608500000.0,93000000.0,0.0,0.0,0.0,4826000000.0,1723000000.0,3103000000.0,12636521447.0,-331000000.0,0.0,93000000.0,-130000000.0,-14000000.0,-48000000.0,-1619000000.0,-381000000.0,1336000000.0,0.0,442000000.0,442000000.0,442000000.0,0.0,0.0,0.074,3639000000.0,483000000.0,405000000.0,0.032,2.501,28.589,28.821,7443000000.0,0.0,16.14,2.128,2.128,132000000.0,3883000000.0,5937000000.0,5937000000.0,0.0,0.047,0.093,0.105,0.135,41000000.0,2224000000.0,1.0,782931936.0,782931936.0,,7.583,9878000000.0,0.0,266000000.0,1420000000.0,12.617,590000000.0
18,LUV,MRY,2002-12-31,2002-12-31,2002-12-31,2021-09-07,54000000.0,8954000000.0,8981270000.0,2232000000.0,6722000000.0,0.615,5.708,-603000000.0,1815000000.0,1815000000.0,1684000000.0,241000000.0,1.556,1.025,1684000000.0,131000000.0,1553000000.0,1684000000.0,0.0,356000000.0,0.0,0.001,0.018,499000000.0,855000000.0,0.155,855000000.0,499000000.0,393000000.0,0.31,0.3,0.31,4422000000.0,4269870000.0,4422000000.0,10514493174.0,21.0,12.298,-83000000.0,-0.107,1.0,3838000000.0,0.695,0.0,106000000.0,7389000000.0,7109686250.0,86000000.0,0.0,0.0,0.0,4532000000.0,1434000000.0,3098000000.0,10767592174.0,-465000000.0,0.0,57000000.0,-155000000.0,-14000000.0,-382000000.0,-603000000.0,0.0,520000000.0,0.0,241000000.0,241000000.0,241000000.0,0.0,0.0,0.044,3421000000.0,417000000.0,362000000.0,0.058,2.435,44.679,44.839,6646000000.0,0.0,13.9,1.95,1.95,175000000.0,3455000000.0,5522000000.0,5522000000.0,0.0,0.027,0.056,0.07,0.09,38000000.0,1993000000.0,1.0,774646919.0,774646919.0,,7.128,8954000000.0,0.0,152000000.0,1227000000.0,11.559,798000000.0
19,LUV,MRY,2001-12-31,2001-12-31,2001-12-31,2021-09-07,-31538000.0,8997141000.0,7881644500.0,2520219000.0,6476922000.0,0.705,5.245,-998000000.0,2279861000.0,2279861000.0,1672000000.0,511000000.0,1.126,1.241,1841725000.0,514567000.0,1327158000.0,1841725000.0,0.0,318000000.0,0.0,0.001,0.018,898000000.0,1216000000.0,0.219,1216000000.0,898000000.0,828000000.0,0.67,0.63,0.67,4014053000.0,3856843250.0,4014053000.0,13895957039.0,15.0,11.428,487000000.0,0.636,1.0,3883000000.0,0.699,0.0,70000000.0,6319820000.0,5907770000.0,70561000.0,0.0,0.0,0.0,4983088000.0,2239185000.0,2743903000.0,14143578039.0,1757000000.0,0.0,44000000.0,978000000.0,-13000000.0,1270000000.0,-998000000.0,0.0,1485000000.0,0.0,511000000.0,511000000.0,511000000.0,0.0,0.0,0.092,3253000000.0,630000000.0,504831000.0,0.027,3.524,27.678,27.582,6445487000.0,0.0,18.48,2.546,2.546,71283000.0,3228408000.0,5555000000.0,5555000000.0,0.0,0.065,0.132,0.152,0.162,54000000.0,1856000000.0,1.0,765345132.0,765345132.0,,7.258,8997141000.0,46400000.0,317000000.0,1058143000.0,11.756,281034000.0
20,LUV,MRY,2000-12-31,2000-12-31,2000-12-31,2021-09-07,0.0,6669572000.0,6329171500.0,831536000.0,5838036000.0,0.893,4.585,-1134644000.0,522995000.0,522995000.0,1644330000.0,603093000.0,0.64,0.932,869744000.0,108752000.0,760992000.0,869744000.0,0.0,281276000.0,0.0,0.001,0.015,1065122000.0,1346398000.0,0.238,1346398000.0,1065122000.0,995233000.0,0.81,0.76,0.81,3451320000.0,3121150750.0,3451320000.0,17117739594.0,16.0,12.714,163642000.0,0.217,1.0,4005230000.0,0.709,0.0,69889000.0,5717918000.0,5301590750.0,80564000.0,0.0,0.0,0.0,3218252000.0,1298403000.0,1919849000.0,16827080594.0,104176000.0,0.0,-38250000.0,-10238000.0,-10978000.0,-59466000.0,-1134644000.0,0.0,1298286000.0,0.0,603093000.0,603093000.0,603093000.0,0.0,0.0,0.107,2984085000.0,1021145000.0,312716000.0,0.019,4.876,27.901,27.597,5819725000.0,0.0,22.353,2.978,2.978,138070000.0,2902007000.0,5649560000.0,5649560000.0,0.0,0.095,0.193,0.201,0.189,61677000.0,1683689000.0,1.0,752777241.0,752777241.0,,7.505,6669572000.0,28005000.0,392140000.0,852865000.0,8.86,-466867000.0
21,LUV,MRY,1999-12-31,1999-12-31,1999-12-31,2021-09-07,0.0,5653703000.0,5305611000.0,632595000.0,5021108000.0,0.893,3.748,-1167834000.0,418819000.0,418819000.0,1301763000.0,474378000.0,0.658,0.994,879590000.0,7873000.0,871717000.0,879590000.0,0.0,248660000.0,0.0,0.001,0.015,827756000.0,1076416000.0,0.227,1076416000.0,827756000.0,773611000.0,0.63,0.59,0.63,2835788000.0,2704995500.0,2835788000.0,8494181099.0,10.0,7.891,-138441000.0,-0.183,1.0,3433824000.0,0.725,0.0,54145000.0,5152418000.0,4582587250.0,65152000.0,0.0,0.0,0.0,2817915000.0,962056000.0,1855859000.0,8136547099.0,40308000.0,0.0,-53902000.0,243493000.0,-10842000.0,178749000.0,-1167834000.0,0.0,1029393000.0,0.0,474378000.0,474378000.0,474378000.0,0.0,0.0,0.1,2652248000.0,781576000.0,266735000.0,0.024,2.869,17.152,17.069,5008166000.0,0.0,10.753,1.718,1.718,75038000.0,2385854000.0,4735587000.0,4735587000.0,0.0,0.089,0.175,0.181,0.175,27683000.0,1455237000.0,1.0,756653481.0,756653481.0,,6.259,5653703000.0,20929000.0,299233000.0,692342000.0,7.472,-329461000.0
22,LUV,MRY,1998-12-31,1998-12-31,1998-12-31,2021-09-07,0.0,4715996000.0,4552525750.0,574155000.0,4141841000.0,0.915,3.168,-947096000.0,378511000.0,378511000.0,1107846000.0,433431000.0,0.675,0.967,635305000.0,11996000.0,623309000.0,635305000.0,0.0,225212000.0,0.0,0.001,0.013,761388000.0,986600000.0,0.237,986600000.0,761388000.0,705112000.0,0.58,0.547,0.58,2397918000.0,2249508000.0,2397918000.0,7812536802.0,10.0,7.919,-60961000.0,-0.081,1.0,3056134000.0,0.734,0.0,56276000.0,4122137000.0,3821528750.0,50035000.0,0.0,0.0,0.0,2318078000.0,850653000.0,1467425000.0,7632012802.0,-244832000.0,0.0,-55728000.0,-118859000.0,-9284000.0,-183871000.0,-947096000.0,0.0,886135000.0,0.0,433431000.0,433431000.0,433431000.0,0.0,0.0,0.104,2372523000.0,683611000.0,157415000.0,0.022,3.183,17.608,17.387,4137610000.0,0.0,10.084,1.833,1.833,88799000.0,2044975000.0,4163980000.0,4163980000.0,0.0,0.095,0.193,0.199,0.183,21584000.0,1285942000.0,1.0,756810436.0,756810436.0,,5.502,4715996000.0,20734000.0,271681000.0,549207000.0,6.231,-276498000.0
23,LUV,MRY,1997-12-31,1997-12-31,1997-12-31,2021-09-07,0.0,4246160000.0,4070355500.0,806416000.0,3439744000.0,0.938,2.697,-688927000.0,623343000.0,623343000.0,1157252000.0,317772000.0,0.929,1.114,749430000.0,121324000.0,628106000.0,749430000.0,0.0,195568000.0,0.0,0.001,0.01,580410000.0,775978000.0,0.203,775978000.0,580410000.0,516956000.0,0.427,0.413,0.427,2009018000.0,1853265750.0,2009018000.0,5633978132.0,10.0,7.26,-78339000.0,-0.105,1.0,2659569000.0,0.697,0.0,63454000.0,3503734000.0,3360545500.0,52376000.0,0.0,0.0,0.0,2237142000.0,868513000.0,1368629000.0,5436318132.0,41502000.0,0.0,40335000.0,86099000.0,-6593000.0,119841000.0,-688927000.0,0.0,610588000.0,0.0,317772000.0,317772000.0,317772000.0,0.0,0.0,0.083,2135333000.0,524236000.0,160891000.0,0.023,2.706,17.108,17.091,3435693000.0,0.0,7.298,1.424,1.424,76530000.0,1632115000.0,3816821000.0,3816821000.0,0.0,0.078,0.171,0.173,0.152,0.0,1136542000.0,1.0,744927880.0,744927880.0,,5.124,4246160000.0,18843000.0,199184000.0,438981000.0,5.7,-62097000.0
24,LUV,MRY,1996-12-31,1996-12-31,1996-12-31,2021-09-07,0.0,3723479000.0,3570949250.0,750990000.0,2972489000.0,0.954,2.245,-677431000.0,581841000.0,581841000.0,1116457000.0,207337000.0,0.981,1.259,662553000.0,12327000.0,650226000.0,662553000.0,0.0,183470000.0,0.0,0.002,0.009,400631000.0,584101000.0,0.171,584101000.0,400631000.0,341362000.0,0.284,0.271,0.284,1648312000.0,1570881500.0,1648312000.0,3261094618.0,8.0,5.583,-62203000.0,-0.085,1.0,2289713000.0,0.672,0.0,59269000.0,3038787000.0,3010364250.0,51094000.0,0.0,0.0,0.0,2075167000.0,765404000.0,1309763000.0,3190695618.0,264478000.0,0.0,15592000.0,-12695000.0,-6216000.0,326681000.0,-677431000.0,0.0,615228000.0,0.0,207337000.0,207337000.0,207337000.0,0.0,0.0,0.061,1938878000.0,350835000.0,214232000.0,0.032,1.936,15.389,15.302,2969223000.0,0.0,4.346,0.937,0.937,73440000.0,1321550000.0,3406170000.0,3406170000.0,0.0,0.058,0.132,0.133,0.118,0.0,999719000.0,1.0,734222571.0,734222571.0,,4.639,3723479000.0,11560000.0,134025000.0,349987000.0,5.071,-14414000.0
25,LUV,MRY,1995-12-31,1995-12-31,1995-12-31,2021-09-07,0.0,3256122000.0,3176162500.0,473136000.0,2782986000.0,0.904,1.959,-728643000.0,317363000.0,317363000.0,912712000.0,182626000.0,0.775,1.281,674526000.0,13516000.0,661010000.0,674526000.0,0.0,156771000.0,0.0,0.002,0.008,363950000.0,520721000.0,0.181,520721000.0,363950000.0,305140000.0,0.252,0.243,0.252,1427318000.0,1343448500.0,1427318000.0,3629454091.0,10.0,6.97,-272201000.0,-0.374,1.0,1960039000.0,0.682,0.0,58810000.0,3002664000.0,2907383750.0,41032000.0,0.0,0.0,0.0,1828804000.0,610621000.0,1218183000.0,3310434091.0,142825000.0,0.0,10693000.0,88432000.0,-5749000.0,415026000.0,-728643000.0,0.0,456442000.0,0.0,182626000.0,182626000.0,182626000.0,0.0,0.0,0.064,1646508000.0,313531000.0,116530000.0,0.032,2.319,18.127,18.029,2779307000.0,0.0,4.543,1.152,1.152,79781000.0,1120581000.0,2872751000.0,2872751000.0,0.0,0.057,0.136,0.125,0.127,0.0,867984000.0,1.0,728655330.0,728655330.0,,3.943,3256122000.0,10476000.0,122514000.0,281650000.0,4.469,-137485000.0
26,LUV,MRY,1994-12-31,1994-12-31,1994-12-31,2021-09-07,0.0,2823071000.0,2699554000.0,314898000.0,2508173000.0,0.96,1.707,-788649000.0,174538000.0,174538000.0,790959000.0,179331000.0,0.603,1.279,592624000.0,9553000.0,583071000.0,592624000.0,0.0,139045000.0,0.0,0.002,0.008,352891000.0,491936000.0,0.19,491936000.0,352891000.0,299523000.0,0.241,,0.241,1238706000.0,1146362500.0,1238706000.0,,,,-375983000.0,-0.518,1.0,1800974000.0,0.695,0.0,53368000.0,2718887000.0,2587972500.0,37565000.0,0.0,0.0,0.0,1584365000.0,522270000.0,1062095000.0,2401291206.0,-121033000.0,0.0,8743000.0,-63071000.0,-5722000.0,254950000.0,-788649000.0,0.0,412666000.0,0.0,179331000.0,179331000.0,179331000.0,0.0,0.0,0.069,1484265000.0,316709000.0,117599000.0,0.033,1.939,13.39,13.729,2504963000.0,0.0,3.309,0.926,0.926,75692000.0,943704000.0,2591933000.0,2591933000.0,0.0,0.066,0.156,0.136,0.136,0.0,756023000.0,1.0,725763387.0,725763387.0,,3.571,2823071000.0,9822000.0,120192000.0,232850000.0,3.89,-207372000.0
27,LUV,MRY,1993-12-31,1993-12-31,1993-12-31,2021-09-07,0.0,2576037000.0,,432024000.0,2144013000.0,,,-524169000.0,295571000.0,295571000.0,704926000.0,169543000.0,0.903,1.444,655204000.0,16068000.0,639136000.0,655204000.0,0.0,119338000.0,0.0,0.001,0.008,333356000.0,452694000.0,0.197,452694000.0,333356000.0,274896000.0,0.227,,0.227,1054019000.0,,1054019000.0,,,,-131490000.0,,1.0,1591747000.0,0.693,0.0,58460000.0,2457058000.0,,31707000.0,0.0,0.0,0.0,1522018000.0,478612000.0,1043406000.0,,-142418000.0,0.0,6743000.0,-102288000.0,-5376000.0,-10928000.0,-524169000.0,0.0,392679000.0,0.0,169543000.0,169543000.0,169543000.0,0.0,0.0,0.074,1299774000.0,291973000.0,94040000.0,0.035,,,32.527,2141364000.0,0.0,7.384,,,70484000.0,770095000.0,2296673000.0,2296673000.0,0.0,,,,0.145,0.0,641747000.0,1.0,,,,,2576037000.0,10475000.0,105353000.0,190641000.0,,-46588000.0
28,LUV,MRY,1992-12-31,1992-12-31,1992-12-31,2021-09-07,,,,,,,,-432528000.0,,,563443000.0,114165000.0,,,,,,,,101976000.0,,0.002,0.007,229065000.0,331041000.0,0.184,331041000.0,229065000.0,169981000.0,0.158,,0.158,,,,,,,-150429000.0,,1.0,1239536000.0,0.687,,59084000.0,,,,,,,,,,,168665000.0,0.0,90463000.0,103469000.0,-4890000.0,319094000.0,-432528000.0,0.0,282099000.0,0.0,114165000.0,114165000.0,114165000.0,0.0,0.0,0.063,1045732000.0,193804000.0,,0.044,,,24.587,,0.0,3.885,,,,,1802979000.0,1802979000.0,0.0,,,,0.127,0.0,512983000.0,1.0,,,,,,,55816000.0,,,
0,LUV,MRQ,2021-06-30,2021-06-30,2021-06-30,2021-09-07,136000000.0,38206000000.0,,19188000000.0,19018000000.0,,16.393,-95000000.0,14124000000.0,14124000000.0,1428000000.0,348000000.0,1.538,2.944,13300000000.0,2433000000.0,10867000000.0,13300000000.0,0.0,315000000.0,0.0,0.0,0.0,618000000.0,933000000.0,0.233,933000000.0,618000000.0,502000000.0,0.59,0.57,0.59,9688000000.0,,9688000000.0,32210182420.0,-18.0,-62.788,1910000000.0,3.232,1.0,2580000000.0,0.644,970000000.0,116000000.0,23936000000.0,,464000000.0,2751000000.0,2751000000.0,0.0,28518000000.0,12476000000.0,16042000000.0,31396182420.0,2153000000.0,0.0,13000000.0,582000000.0,0.0,617000000.0,-469000000.0,-374000000.0,2005000000.0,0.0,348000000.0,348000000.0,348000000.0,0.0,0.0,0.087,1986000000.0,594000000.0,1378000000.0,0.0,3.241,-19.61,-19.518,17211000000.0,0.0,53.09,3.182,3.18,1328000000.0,15260000000.0,4008000000.0,4008000000.0,0.0,,,,,0.0,1825000000.0,1.0,591376576.0,591000000.0,615000000.0,6.782,37236000000.0,0.0,154000000.0,1688000000.0,63.005,6712000000.0
1,LUV,MRQ,2021-03-31,2021-03-31,2021-03-31,2021-09-07,-60000000.0,35493000000.0,,16100000000.0,19393000000.0,,15.386,-95000000.0,11971000000.0,11971000000.0,955000000.0,116000000.0,1.968,2.903,12785000000.0,517000000.0,12268000000.0,12785000000.0,0.0,312000000.0,0.0,0.0,0.0,260000000.0,572000000.0,0.279,572000000.0,260000000.0,146000000.0,0.2,0.19,0.2,9093000000.0,,9093000000.0,37202766562.0,-11.0,-16.346,550000000.0,0.931,1.0,1097000000.0,0.535,970000000.0,114000000.0,27155000000.0,,448000000.0,2377000000.0,2377000000.0,0.0,26400000000.0,8182000000.0,18218000000.0,36066766562.0,908000000.0,0.0,13000000.0,444000000.0,0.0,464000000.0,-201000000.0,-106000000.0,645000000.0,0.0,116000000.0,116000000.0,116000000.0,0.0,0.0,0.057,898000000.0,199000000.0,1094000000.0,0.0,3.966,-12.593,-12.36,17680000000.0,0.0,61.06,5.253,5.256,937000000.0,14912000000.0,2052000000.0,2052000000.0,0.0,,,,,0.0,1571000000.0,1.0,590677474.0,591000000.0,609000000.0,3.472,34523000000.0,0.0,30000000.0,1660000000.0,58.415,7918000000.0
2,LUV,MRQ,2020-12-31,2020-12-31,2020-12-31,2021-09-07,-105000000.0,34588000000.0,,15173000000.0,19415000000.0,,15.037,-90000000.0,11063000000.0,11063000000.0,813000000.0,-908000000.0,2.021,2.897,12199000000.0,526000000.0,11673000000.0,12199000000.0,0.0,315000000.0,0.0,0.004,0.0,-1217000000.0,-902000000.0,-0.448,-902000000.0,-1217000000.0,-1331000000.0,-1.55,-1.55,-1.55,8876000000.0,,8876000000.0,27998627653.0,-7.0,-10.558,-686000000.0,-1.162,1.0,1200000000.0,0.596,970000000.0,114000000.0,27248000000.0,,414000000.0,2271000000.0,2271000000.0,0.0,25712000000.0,7506000000.0,18206000000.0,27512627653.0,-1046000000.0,0.0,12000000.0,-544000000.0,0.0,-541000000.0,91000000.0,181000000.0,-596000000.0,0.0,-908000000.0,-908000000.0,-908000000.0,0.0,0.0,-0.451,2368000000.0,-1168000000.0,931000000.0,0.0,3.1,-8.95,-8.568,17723000000.0,0.0,46.61,3.041,3.041,1130000000.0,14777000000.0,2013000000.0,2013000000.0,0.0,,,,,0.0,1566000000.0,1.0,590273067.0,590273067.0,,3.41,33618000000.0,0.0,-423000000.0,1634000000.0,56.953,7667000000.0
3,LUV,MRQ,2020-09-30,2020-09-30,2020-09-30,2021-09-07,-102000000.0,35605000000.0,,16133000000.0,19472000000.0,,16.558,-89000000.0,12109000000.0,12109000000.0,872000000.0,-1157000000.0,2.067,2.645,12595000000.0,1036000000.0,11559000000.0,12595000000.0,0.0,315000000.0,0.0,0.01,0.0,-1431000000.0,-1116000000.0,-0.622,-1116000000.0,-1431000000.0,-1542000000.0,-1.96,-1.96,-1.96,9769000000.0,,9769000000.0,21191204050.0,-11.0,-28.483,-1139000000.0,-1.931,1.0,921000000.0,0.514,970000000.0,111000000.0,27317000000.0,,426000000.0,2453000000.0,2453000000.0,0.0,25836000000.0,7804000000.0,18032000000.0,22120204050.0,-242000000.0,0.0,13000000.0,1196000000.0,0.0,1242000000.0,-434000000.0,-345000000.0,-1050000000.0,0.0,-1157000000.0,-1157000000.0,-1157000000.0,0.0,0.0,-0.645,2332000000.0,-1411000000.0,980000000.0,0.0,2.264,-13.382,-13.441,17823000000.0,0.0,37.5,1.733,1.733,897000000.0,15685000000.0,1793000000.0,1793000000.0,0.0,,,,,0.0,1678000000.0,1.0,589872108.0,590000000.0,590000000.0,3.039,34635000000.0,0.0,-385000000.0,1824000000.0,58.703,8329000000.0
4,LUV,MRQ,2020-06-30,2020-06-30,2020-06-30,2021-09-07,-130000000.0,35596000000.0,,15872000000.0,19724000000.0,,19.321,-113000000.0,12351000000.0,12351000000.0,672000000.0,-915000000.0,1.696,2.272,11422000000.0,1031000000.0,10391000000.0,11422000000.0,0.0,313000000.0,0.0,0.016,0.0,-1143000000.0,-830000000.0,-0.823,-830000000.0,-1143000000.0,-1239000000.0,-1.63,-1.63,-1.63,10878000000.0,,10878000000.0,19802707415.0,70.0,12.951,784000000.0,1.393,1.0,336000000.0,0.333,970000000.0,96000000.0,24336000000.0,,422000000.0,2106000000.0,2106000000.0,0.0,24718000000.0,9361000000.0,15357000000.0,17393707415.0,8411000000.0,0.0,2307000000.0,5023000000.0,0.0,7182000000.0,332000000.0,317000000.0,897000000.0,0.0,-915000000.0,-915000000.0,-915000000.0,0.0,0.0,-0.908,1463000000.0,-1127000000.0,970000000.0,0.0,1.599,106.71,83.366,18092000000.0,0.0,34.18,1.047,1.158,770000000.0,16842000000.0,1008000000.0,1008000000.0,0.0,,,,,0.0,1714000000.0,1.0,508885530.0,563000000.0,563000000.0,1.79,34626000000.0,0.0,-324000000.0,2114000000.0,61.503,6511000000.0
5,LUV,MRQ,2020-03-31,2020-03-31,2020-03-31,2021-09-07,-186000000.0,26885000000.0,,7028000000.0,19857000000.0,,17.621,-224000000.0,3940000000.0,3940000000.0,1481000000.0,-94000000.0,0.686,1.963,6349000000.0,3125000000.0,3224000000.0,6349000000.0,0.0,311000000.0,0.0,0.02,0.18,-116000000.0,195000000.0,0.046,195000000.0,-116000000.0,-144000000.0,-0.18,-0.18,-0.18,9075000000.0,,9075000000.0,19868894179.0,8.0,5.429,-601000000.0,-1.167,1.0,2753000000.0,0.65,970000000.0,28000000.0,18083000000.0,,518000000.0,1605000000.0,1605000000.0,0.0,17810000000.0,10241000000.0,7569000000.0,18420894179.0,1392000000.0,0.0,-440000000.0,2422000000.0,-188000000.0,1774000000.0,-5000000.0,-81000000.0,-377000000.0,0.0,-94000000.0,-94000000.0,-94000000.0,0.0,0.0,-0.022,2863000000.0,-110000000.0,1043000000.0,-1.0,2.03,10.127,10.443,18267000000.0,0.0,35.61,0.856,0.853,709000000.0,17757000000.0,4234000000.0,4234000000.0,0.0,,,,,0.0,1854000000.0,1.0,517295540.0,515000000.0,515000000.0,8.221,25915000000.0,0.0,-50000000.0,2278000000.0,50.32,-3213000000.0
6,LUV,MRQ,2019-12-31,2019-12-31,2019-12-31,2021-09-07,-61000000.0,25895000000.0,,5974000000.0,19921000000.0,,18.682,-261000000.0,2548000000.0,2548000000.0,1739000000.0,513000000.0,0.667,1.634,3996000000.0,1172000000.0,2824000000.0,3996000000.0,0.0,313000000.0,0.0,0.013,0.18,694000000.0,1007000000.0,0.176,1007000000.0,694000000.0,666000000.0,0.98,0.98,0.98,9832000000.0,,9832000000.0,30301385281.0,10.0,7.057,563000000.0,1.07,1.0,3991000000.0,0.697,970000000.0,28000000.0,17421000000.0,,529000000.0,1524000000.0,1524000000.0,0.0,16063000000.0,8952000000.0,7111000000.0,28408385281.0,60000000.0,0.0,-539000000.0,-370000000.0,0.0,-908000000.0,144000000.0,5000000.0,824000000.0,0.0,513000000.0,513000000.0,513000000.0,0.0,0.0,0.09,3326000000.0,665000000.0,1574000000.0,0.184,2.889,12.351,12.612,18374000000.0,0.0,53.98,1.267,1.267,1086000000.0,17945000000.0,5730000000.0,5730000000.0,0.0,,,,,0.0,2247000000.0,1.0,526276126.0,526276126.0,,10.888,24925000000.0,0.0,153000000.0,2364000000.0,47.361,-2978000000.0
7,LUV,MRQ,2019-09-30,2019-09-30,2019-09-30,2021-09-07,-63000000.0,26467000000.0,,5650000000.0,20817000000.0,,18.632,-375000000.0,2488000000.0,2488000000.0,1748000000.0,659000000.0,0.655,1.665,4381000000.0,969000000.0,3412000000.0,4381000000.0,0.0,308000000.0,0.0,0.013,0.18,849000000.0,1157000000.0,0.205,1157000000.0,849000000.0,819000000.0,1.24,1.23,1.24,9931000000.0,,9931000000.0,31110295330.0,10.0,6.96,716000000.0,1.343,1.0,3891000000.0,0.69,970000000.0,30000000.0,18761000000.0,,528000000.0,1528000000.0,1528000000.0,0.0,16536000000.0,8629000000.0,7907000000.0,29031295330.0,42000000.0,0.0,-491000000.0,-70000000.0,-96000000.0,-690000000.0,-359000000.0,16000000.0,1091000000.0,0.0,659000000.0,659000000.0,659000000.0,0.0,0.0,0.117,3072000000.0,819000000.0,1274000000.0,0.145,2.923,11.893,12.056,19194000000.0,0.0,54.01,1.296,1.285,867000000.0,17525000000.0,5639000000.0,5639000000.0,0.0,,,,,0.0,2002000000.0,1.0,537517040.0,533000000.0,534000000.0,10.58,25497000000.0,0.0,160000000.0,2643000000.0,47.837,-2979000000.0
8,LUV,MRQ,2019-06-30,2019-06-30,2019-06-30,2021-09-07,30000000.0,26374000000.0,,5554000000.0,20820000000.0,,18.339,-230000000.0,2446000000.0,2446000000.0,1803000000.0,741000000.0,0.645,1.653,4525000000.0,1004000000.0,3521000000.0,4525000000.0,0.0,302000000.0,0.0,0.013,0.18,999000000.0,1301000000.0,0.22,1301000000.0,999000000.0,968000000.0,1.37,1.37,1.37,9940000000.0,,9940000000.0,29916834505.0,9.0,6.749,736000000.0,1.358,1.0,4106000000.0,0.695,970000000.0,31000000.0,18872000000.0,,510000000.0,1540000000.0,1540000000.0,0.0,16434000000.0,8611000000.0,7823000000.0,27576834505.0,102000000.0,0.0,-440000000.0,-75000000.0,-98000000.0,-612000000.0,-252000000.0,-22000000.0,966000000.0,0.0,741000000.0,741000000.0,741000000.0,0.0,0.0,0.125,3138000000.0,968000000.0,1330000000.0,0.131,2.774,11.505,11.755,19157000000.0,0.0,50.78,1.235,1.232,777000000.0,16962000000.0,5909000000.0,5909000000.0,0.0,,,,,0.0,2068000000.0,1.0,543064878.0,542000000.0,542000000.0,10.902,25404000000.0,0.0,227000000.0,2497000000.0,46.871,-3057000000.0
9,LUV,MRQ,2019-03-31,2019-03-31,2019-03-31,2021-09-07,96000000.0,26459000000.0,,5483000000.0,20976000000.0,,17.77,-160000000.0,2344000000.0,2344000000.0,1641000000.0,387000000.0,0.629,1.702,4684000000.0,932000000.0,3752000000.0,4684000000.0,0.0,297000000.0,0.0,0.012,0.16,535000000.0,832000000.0,0.162,832000000.0,535000000.0,504000000.0,0.7,0.7,0.7,9791000000.0,,9791000000.0,30213078152.0,9.0,6.84,945000000.0,1.715,1.0,3508000000.0,0.681,970000000.0,31000000.0,19106000000.0,,484000000.0,1517000000.0,1517000000.0,0.0,16668000000.0,8723000000.0,7945000000.0,28690078152.0,490000000.0,0.0,-490000000.0,-99000000.0,-178000000.0,-779000000.0,164000000.0,324000000.0,1105000000.0,0.0,387000000.0,387000000.0,387000000.0,0.0,0.0,0.075,3003000000.0,505000000.0,1412000000.0,0.229,2.93,12.009,12.301,19281000000.0,0.0,51.91,1.294,1.29,784000000.0,16320000000.0,5149000000.0,5149000000.0,0.0,,,,,0.0,1976000000.0,1.0,552688849.0,551000000.0,552000000.0,9.345,25489000000.0,0.0,117000000.0,2480000000.0,46.26,-3240000000.0
10,LUV,MRQ,2018-12-31,2018-12-31,2018-12-31,2021-09-07,20000000.0,26243000000.0,,5028000000.0,21215000000.0,,17.658,-538000000.0,1854000000.0,1854000000.0,1807000000.0,654000000.0,0.636,1.663,3377000000.0,606000000.0,2771000000.0,3377000000.0,0.0,331000000.0,0.0,0.013,0.16,849000000.0,1180000000.0,0.207,1180000000.0,849000000.0,817000000.0,1.17,1.16,1.17,9853000000.0,,9853000000.0,27478010396.0,8.0,6.112,451000000.0,0.808,1.0,3897000000.0,0.683,970000000.0,32000000.0,18891000000.0,,461000000.0,1835000000.0,1835000000.0,0.0,16390000000.0,7905000000.0,8485000000.0,26136010396.0,-250000000.0,0.0,-491000000.0,-87000000.0,0.0,-571000000.0,-668000000.0,-125000000.0,989000000.0,0.0,654000000.0,654000000.0,654000000.0,0.0,0.0,0.115,3077000000.0,820000000.0,1416000000.0,0.137,2.653,10.603,10.809,19525000000.0,0.0,46.48,1.19,1.213,568000000.0,15967000000.0,5704000000.0,5704000000.0,0.0,,,,,0.0,1990000000.0,1.0,562306592.0,558000000.0,559000000.0,10.222,25273000000.0,0.0,163000000.0,2427000000.0,45.292,-2877000000.0
11,LUV,MRQ,2018-09-30,2018-09-30,2018-09-30,2021-09-07,412000000.0,26882000000.0,,5601000000.0,21281000000.0,,17.844,-454000000.0,2104000000.0,2104000000.0,1825000000.0,615000000.0,0.714,1.648,3446000000.0,346000000.0,3100000000.0,3446000000.0,0.0,301000000.0,0.0,0.009,0.16,819000000.0,1120000000.0,0.201,1120000000.0,819000000.0,786000000.0,1.08,1.08,1.08,10153000000.0,,10153000000.0,37191048416.0,12.0,8.53,817000000.0,1.436,1.0,3750000000.0,0.673,970000000.0,33000000.0,19411000000.0,,483000000.0,1716000000.0,1716000000.0,0.0,16729000000.0,7843000000.0,8886000000.0,35785048416.0,-10000000.0,0.0,-491000000.0,-98000000.0,-91000000.0,-677000000.0,-604000000.0,-147000000.0,1271000000.0,0.0,615000000.0,615000000.0,615000000.0,0.0,0.0,0.11,2952000000.0,798000000.0,1224000000.0,0.148,3.525,10.058,10.305,19279000000.0,0.0,62.45,1.663,1.651,784000000.0,15402000000.0,5575000000.0,5575000000.0,0.0,,,,,0.0,1912000000.0,1.0,573019190.0,569000000.0,569000000.0,9.798,25912000000.0,0.0,171000000.0,2553000000.0,45.54,-2242000000.0
12,LUV,MRQ,2018-06-30,2018-06-30,2018-06-30,2021-09-07,298000000.0,26465000000.0,,5408000000.0,21057000000.0,,17.296,-521000000.0,2114000000.0,2114000000.0,1820000000.0,733000000.0,0.701,1.647,3520000000.0,365000000.0,3155000000.0,3520000000.0,0.0,292000000.0,0.0,0.011,0.16,993000000.0,1285000000.0,0.224,1285000000.0,993000000.0,960000000.0,1.27,1.27,1.27,9997000000.0,,9997000000.0,31270388241.0,10.0,7.104,1110000000.0,1.92,1.0,3922000000.0,0.683,970000000.0,33000000.0,19185000000.0,,459000000.0,1572000000.0,1572000000.0,0.0,16468000000.0,7716000000.0,8752000000.0,29500388241.0,292000000.0,0.0,-491000000.0,-75000000.0,-93000000.0,-645000000.0,-694000000.0,-156000000.0,1631000000.0,0.0,733000000.0,733000000.0,733000000.0,0.0,0.0,0.128,2950000000.0,972000000.0,1338000000.0,0.126,2.951,8.499,8.683,19066000000.0,0.0,50.88,1.388,1.384,765000000.0,14878000000.0,5742000000.0,5742000000.0,0.0,,,,,0.0,1927000000.0,1.0,579803228.0,578000000.0,579000000.0,9.934,25495000000.0,0.0,227000000.0,2414000000.0,44.109,-2308000000.0
13,LUV,MRQ,2018-03-31,2018-03-31,2018-03-31,2021-09-07,78000000.0,25503000000.0,,4801000000.0,20702000000.0,,16.387,-409000000.0,1822000000.0,1822000000.0,1605000000.0,463000000.0,0.67,1.651,3592000000.0,365000000.0,3227000000.0,3592000000.0,0.0,277000000.0,0.0,0.009,0.125,634000000.0,911000000.0,0.184,911000000.0,634000000.0,602000000.0,0.79,0.79,0.79,9619000000.0,,9619000000.0,35850831733.0,10.0,7.747,593000000.0,1.01,1.0,3339000000.0,0.675,970000000.0,32000000.0,19141000000.0,,430000000.0,1421000000.0,1421000000.0,0.0,15884000000.0,7162000000.0,8722000000.0,33677831733.0,327000000.0,0.0,-491000000.0,-82000000.0,-148000000.0,-602000000.0,-73000000.0,360000000.0,1002000000.0,0.0,463000000.0,463000000.0,463000000.0,0.0,0.0,0.094,2723000000.0,616000000.0,1243000000.0,0.158,3.501,9.675,9.842,18773000000.0,0.0,57.28,1.586,1.583,680000000.0,14238000000.0,4944000000.0,4944000000.0,0.0,,,,,0.0,1821000000.0,1.0,587950973.0,587000000.0,588000000.0,8.422,24533000000.0,0.0,139000000.0,2216000000.0,41.794,-2361000000.0
14,LUV,MRQ,2017-12-31,2017-12-31,2017-12-31,2021-09-07,12000000.0,25110000000.0,,4815000000.0,20295000000.0,,16.368,-520000000.0,1495000000.0,1495000000.0,1626000000.0,1747000000.0,0.702,1.605,3668000000.0,348000000.0,3320000000.0,3668000000.0,0.0,279000000.0,0.0,0.007,0.125,765000000.0,1044000000.0,0.199,1044000000.0,765000000.0,735000000.0,2.92,2.91,2.92,9641000000.0,,9641000000.0,40456222347.0,12.0,8.801,43000000.0,0.073,1.0,3632000000.0,0.691,970000000.0,30000000.0,19450000000.0,,420000000.0,1778000000.0,1778000000.0,0.0,15469000000.0,6863000000.0,8606000000.0,38837222347.0,35000000.0,0.0,-343000000.0,542000000.0,0.0,207000000.0,-735000000.0,-202000000.0,563000000.0,0.0,1747000000.0,1747000000.0,1747000000.0,0.0,0.0,0.332,2892000000.0,740000000.0,1320000000.0,0.043,4.028,11.569,11.729,18539000000.0,0.0,65.45,1.837,1.86,662000000.0,13832000000.0,5258000000.0,5258000000.0,0.0,,,,,0.0,1920000000.0,1.0,593387660.0,589000000.0,594000000.0,8.927,24140000000.0,0.0,-1012000000.0,2119000000.0,40.985,-2048000000.0
15,LUV,MRQ,2017-09-30,2017-09-30,2017-09-30,2021-09-07,-136000000.0,24249000000.0,,4280000000.0,19969000000.0,,14.74,-638000000.0,1460000000.0,1460000000.0,1624000000.0,528000000.0,0.615,1.756,3079000000.0,316000000.0,2763000000.0,3079000000.0,0.0,302000000.0,0.0,0.008,0.125,860000000.0,1162000000.0,0.219,1162000000.0,860000000.0,832000000.0,0.88,0.88,0.88,8800000000.0,,8800000000.0,35065691036.0,10.0,7.605,358000000.0,0.6,1.0,3679000000.0,0.694,970000000.0,28000000.0,17933000000.0,,438000000.0,1580000000.0,1580000000.0,0.0,15449000000.0,6965000000.0,8484000000.0,33507691036.0,-77000000.0,0.0,-293000000.0,-106000000.0,-75000000.0,-453000000.0,-620000000.0,35000000.0,996000000.0,0.0,528000000.0,528000000.0,528000000.0,0.0,0.0,0.1,2834000000.0,845000000.0,1124000000.0,0.142,3.808,16.164,16.416,18156000000.0,0.0,55.98,1.609,1.605,579000000.0,12806000000.0,5303000000.0,5303000000.0,0.0,,,,,0.0,1791000000.0,1.0,598565399.0,597000000.0,598000000.0,8.883,23279000000.0,0.0,304000000.0,3697000000.0,38.993,-2685000000.0
16,LUV,MRQ,2017-06-30,2017-06-30,2017-06-30,2021-09-07,-263000000.0,23921000000.0,,4343000000.0,19578000000.0,,14.123,-551000000.0,1537000000.0,1537000000.0,1607000000.0,743000000.0,0.612,1.804,3095000000.0,307000000.0,2788000000.0,3095000000.0,0.0,319000000.0,0.0,0.007,0.125,1192000000.0,1511000000.0,0.264,1511000000.0,1192000000.0,1165000000.0,1.23,1.23,1.23,8530000000.0,,8530000000.0,38788739122.0,12.0,8.79,195000000.0,0.323,1.0,4124000000.0,0.72,970000000.0,27000000.0,17412000000.0,,365000000.0,1615000000.0,1615000000.0,0.0,15391000000.0,7097000000.0,8294000000.0,37573739122.0,-314000000.0,0.0,-393000000.0,-59000000.0,-76000000.0,-476000000.0,-584000000.0,14000000.0,746000000.0,0.0,743000000.0,743000000.0,743000000.0,0.0,0.0,0.13,2909000000.0,1215000000.0,1217000000.0,0.102,4.405,19.438,19.665,17679000000.0,0.0,62.14,1.818,1.816,576000000.0,12378000000.0,5731000000.0,5731000000.0,0.0,,,,,0.0,1863000000.0,1.0,604662683.0,604000000.0,605000000.0,9.488,22951000000.0,0.0,422000000.0,3540000000.0,37.998,-2754000000.0
17,LUV,MRQ,2017-03-31,2017-03-31,2017-03-31,2021-09-07,-312000000.0,23763000000.0,,4658000000.0,19105000000.0,,13.383,-414000000.0,1851000000.0,1851000000.0,1512000000.0,339000000.0,0.625,1.897,3066000000.0,285000000.0,2781000000.0,3066000000.0,0.0,318000000.0,0.0,0.007,0.1,561000000.0,879000000.0,0.181,879000000.0,561000000.0,532000000.0,0.55,0.55,0.55,8204000000.0,,8204000000.0,34783083210.0,11.0,7.667,1211000000.0,1.976,1.0,3342000000.0,0.689,970000000.0,29000000.0,16550000000.0,,356000000.0,1631000000.0,1631000000.0,0.0,15559000000.0,7458000000.0,8101000000.0,33076083210.0,171000000.0,0.0,-543000000.0,-369000000.0,-123000000.0,-984000000.0,-470000000.0,-7000000.0,1625000000.0,0.0,339000000.0,339000000.0,339000000.0,0.0,0.0,0.07,2736000000.0,606000000.0,1214000000.0,0.182,4.032,16.456,16.644,17286000000.0,0.0,53.76,1.628,1.622,585000000.0,11708000000.0,4854000000.0,4854000000.0,0.0,,,,,0.0,1730000000.0,1.0,615254524.0,613000000.0,614000000.0,7.918,22793000000.0,0.0,193000000.0,3442000000.0,37.183,-2800000000.0
18,LUV,MRQ,2016-12-31,2016-12-31,2016-12-31,2021-09-07,-323000000.0,23286000000.0,,4498000000.0,18788000000.0,,13.659,-674000000.0,1680000000.0,1680000000.0,1468000000.0,461000000.0,0.657,1.759,3387000000.0,566000000.0,2821000000.0,3387000000.0,0.0,318000000.0,0.0,0.008,0.1,741000000.0,1059000000.0,0.214,1059000000.0,741000000.0,712000000.0,0.75,0.75,0.75,8441000000.0,,8441000000.0,32010391262.0,9.0,6.679,35000000.0,0.057,1.0,3471000000.0,0.703,970000000.0,29000000.0,17179000000.0,,337000000.0,1625000000.0,1625000000.0,0.0,14845000000.0,6844000000.0,8001000000.0,30681391262.0,-286000000.0,0.0,-294000000.0,95000000.0,0.0,-156000000.0,-839000000.0,-126000000.0,709000000.0,0.0,461000000.0,463000000.0,463000000.0,0.0,0.0,0.094,2864000000.0,607000000.0,1178000000.0,0.133,3.635,14.042,14.322,17044000000.0,-2000000.0,49.84,1.512,1.54,546000000.0,11418000000.0,4939000000.0,4939000000.0,0.0,,,,,0.0,1697000000.0,1.0,615597738.0,618000000.0,618000000.0,7.992,22316000000.0,0.0,251000000.0,3374000000.0,36.11,-2346000000.0
19,LUV,MRQ,2016-09-30,2016-09-30,2016-09-30,2021-09-07,-499000000.0,23045000000.0,,4839000000.0,18206000000.0,,13.021,-464000000.0,1966000000.0,1966000000.0,1562000000.0,388000000.0,0.619,1.864,3295000000.0,972000000.0,2323000000.0,3295000000.0,0.0,315000000.0,0.0,0.009,0.1,649000000.0,964000000.0,0.188,964000000.0,649000000.0,618000000.0,0.63,0.62,0.63,8047000000.0,,8047000000.0,25434848225.0,7.0,5.217,392000000.0,0.634,1.0,3577000000.0,0.696,970000000.0,31000000.0,15588000000.0,,331000000.0,1480000000.0,1480000000.0,0.0,14998000000.0,7816000000.0,7182000000.0,24120848225.0,-74000000.0,0.0,-244000000.0,-68000000.0,-62000000.0,-346000000.0,-584000000.0,-92000000.0,856000000.0,0.0,388000000.0,388000000.0,388000000.0,0.0,0.0,0.076,2882000000.0,695000000.0,1021000000.0,0.159,2.997,10.687,10.924,16546000000.0,0.0,38.89,1.187,1.182,848000000.0,10957000000.0,5139000000.0,5139000000.0,0.0,,,,,0.0,1909000000.0,1.0,620232662.0,618000000.0,625000000.0,8.316,22075000000.0,0.0,230000000.0,3209000000.0,35.72,-2977000000.0
20,LUV,MRQ,2016-06-30,2016-06-30,2016-06-30,2021-09-07,-628000000.0,22447000000.0,,4469000000.0,17978000000.0,,12.375,-462000000.0,2040000000.0,2040000000.0,1551000000.0,820000000.0,0.571,1.87,3354000000.0,963000000.0,2391000000.0,3354000000.0,0.0,299000000.0,0.0,0.008,0.1,1336000000.0,1635000000.0,0.304,1635000000.0,1336000000.0,1304000000.0,1.3,1.28,1.3,7821000000.0,,7821000000.0,25962909546.0,6.0,5.058,650000000.0,1.028,1.0,3833000000.0,0.712,970000000.0,32000000.0,14958000000.0,,328000000.0,1375000000.0,1375000000.0,0.0,14626000000.0,7833000000.0,6793000000.0,25042909546.0,-348000000.0,0.0,-694000000.0,-48000000.0,-63000000.0,-786000000.0,-674000000.0,-182000000.0,1112000000.0,0.0,820000000.0,820000000.0,820000000.0,0.0,0.0,0.152,2557000000.0,1276000000.0,1247000000.0,0.077,3.202,10.209,10.264,16294000000.0,0.0,39.21,1.221,1.209,524000000.0,10631000000.0,5384000000.0,5384000000.0,0.0,,,,,0.0,1639000000.0,1.0,638686803.0,632000000.0,639000000.0,8.519,21477000000.0,0.0,484000000.0,2818000000.0,33.983,-3364000000.0
21,LUV,MRQ,2016-03-31,2016-03-31,2016-03-31,2021-09-07,-894000000.0,22241000000.0,,4574000000.0,17667000000.0,,11.694,-438000000.0,2388000000.0,2388000000.0,1475000000.0,513000000.0,0.554,1.967,3308000000.0,953000000.0,2355000000.0,3308000000.0,0.0,290000000.0,0.0,0.007,0.075,846000000.0,1136000000.0,0.235,1136000000.0,846000000.0,816000000.0,0.8,0.79,0.8,7496000000.0,,7496000000.0,30180537434.0,8.0,6.348,1178000000.0,1.838,1.0,3351000000.0,0.694,970000000.0,30000000.0,13938000000.0,,289000000.0,1194000000.0,1194000000.0,0.0,14745000000.0,8253000000.0,6492000000.0,28585537434.0,805000000.0,0.0,-489000000.0,-56000000.0,-96000000.0,-636000000.0,-175000000.0,274000000.0,1616000000.0,0.0,513000000.0,513000000.0,513000000.0,0.0,0.0,0.106,2407000000.0,944000000.0,1153000000.0,0.094,3.813,12.756,13.061,15964000000.0,0.0,44.8,1.413,1.419,511000000.0,9872000000.0,4826000000.0,4826000000.0,0.0,,,,,0.0,1539000000.0,1.0,638070032.0,641000000.0,648000000.0,7.529,21271000000.0,0.0,303000000.0,2609000000.0,33.184,-3679000000.0
22,LUV,MRQ,2015-12-31,2015-12-31,2015-12-31,2021-09-07,-1051000000.0,21312000000.0,,4024000000.0,17288000000.0,,11.314,-810000000.0,1583000000.0,1583000000.0,1412000000.0,536000000.0,0.543,1.896,3178000000.0,637000000.0,2541000000.0,3178000000.0,0.0,264000000.0,0.0,0.007,0.075,876000000.0,1140000000.0,0.229,1140000000.0,876000000.0,847000000.0,0.83,0.82,0.83,7358000000.0,,7358000000.0,28932290950.0,8.0,6.269,-486000000.0,-0.747,1.0,3565000000.0,0.716,970000000.0,29000000.0,14531000000.0,,311000000.0,1468000000.0,1468000000.0,0.0,13954000000.0,7406000000.0,6548000000.0,28004290950.0,-157000000.0,0.0,16000000.0,457000000.0,0.0,465000000.0,-946000000.0,-112000000.0,324000000.0,0.0,536000000.0,536000000.0,536000000.0,0.0,0.0,0.108,2539000000.0,1026000000.0,1188000000.0,0.09,3.806,12.84,13.048,15601000000.0,0.0,43.06,1.413,1.413,474000000.0,9409000000.0,4977000000.0,4977000000.0,0.0,,,,,0.0,1658000000.0,1.0,650355108.0,650355108.0,,7.653,20342000000.0,0.0,311000000.0,2490000000.0,31.278,-3382000000.0
23,LUV,MRQ,2015-09-30,2015-09-30,2015-09-30,2021-09-07,-903000000.0,21159000000.0,,4573000000.0,16586000000.0,,10.638,-230000000.0,1740000000.0,1740000000.0,1558000000.0,584000000.0,0.646,2.037,2668000000.0,287000000.0,2381000000.0,2668000000.0,0.0,258000000.0,0.0,0.007,0.075,964000000.0,1222000000.0,0.23,1222000000.0,964000000.0,933000000.0,0.89,0.88,0.89,6968000000.0,,6968000000.0,25996884932.0,8.0,6.4,606000000.0,0.925,1.0,3760000000.0,0.707,970000000.0,31000000.0,14033000000.0,,308000000.0,1356000000.0,1356000000.0,0.0,14191000000.0,7084000000.0,7107000000.0,25081884932.0,-32000000.0,0.0,-491000000.0,-79000000.0,-49000000.0,-609000000.0,-259000000.0,3000000.0,836000000.0,0.0,584000000.0,584000000.0,584000000.0,0.0,0.0,0.11,2535000000.0,1225000000.0,1235000000.0,0.084,3.6,13.669,13.833,14929000000.0,0.0,38.04,1.288,1.28,465000000.0,8922000000.0,5318000000.0,5318000000.0,0.0,,,,,0.0,1699000000.0,1.0,659355545.0,655000000.0,663000000.0,8.119,20189000000.0,465000000.0,349000000.0,3111000000.0,30.823,-2511000000.0
24,LUV,MRQ,2015-06-30,2015-06-30,2015-06-30,2021-09-07,-664000000.0,21075000000.0,,4596000000.0,16479000000.0,,10.764,-428000000.0,1772000000.0,1772000000.0,1603000000.0,608000000.0,0.668,1.944,2687000000.0,276000000.0,2411000000.0,2687000000.0,0.0,250000000.0,0.0,0.008,0.075,1006000000.0,1256000000.0,0.246,1256000000.0,1006000000.0,977000000.0,0.91,0.9,0.91,7158000000.0,,7158000000.0,22775935321.0,9.0,6.267,199000000.0,0.299,1.0,3508000000.0,0.686,970000000.0,29000000.0,14144000000.0,,326000000.0,1360000000.0,1360000000.0,0.0,13917000000.0,6876000000.0,7041000000.0,22113935321.0,-253000000.0,0.0,-372000000.0,-40000000.0,-50000000.0,-473000000.0,-407000000.0,52000000.0,627000000.0,0.0,608000000.0,608000000.0,608000000.0,0.0,0.0,0.119,2423000000.0,1085000000.0,1134000000.0,0.082,3.089,13.996,14.141,14860000000.0,0.0,33.09,1.167,1.161,462000000.0,8387000000.0,5111000000.0,5111000000.0,0.0,,,,,0.0,1607000000.0,1.0,668296625.0,665000000.0,673000000.0,7.686,20105000000.0,421000000.0,369000000.0,3290000000.0,30.233,-2280000000.0
25,LUV,MRQ,2015-03-31,2015-03-31,2015-03-31,2021-09-07,-742000000.0,21163000000.0,,4963000000.0,16200000000.0,,10.24,-573000000.0,2025000000.0,2025000000.0,1451000000.0,453000000.0,0.719,2.066,2687000000.0,271000000.0,2416000000.0,2687000000.0,0.0,244000000.0,0.0,0.005,0.06,755000000.0,999000000.0,0.226,999000000.0,755000000.0,723000000.0,0.67,0.66,0.67,6902000000.0,,6902000000.0,31356529416.0,13.0,9.261,879000000.0,1.304,1.0,2963000000.0,0.671,970000000.0,32000000.0,13952000000.0,,304000000.0,1413000000.0,1413000000.0,0.0,14261000000.0,6903000000.0,7358000000.0,29946529416.0,743000000.0,0.0,-287000000.0,-51000000.0,-81000000.0,-407000000.0,-302000000.0,293000000.0,1452000000.0,0.0,453000000.0,453000000.0,453000000.0,0.0,0.0,0.103,2183000000.0,780000000.0,1145000000.0,0.09,4.339,20.84,21.095,14607000000.0,0.0,44.3,1.588,1.584,499000000.0,7829000000.0,4414000000.0,4414000000.0,0.0,,,,,0.0,1419000000.0,1.0,675993892.0,674000000.0,682000000.0,6.549,20193000000.0,452000000.0,270000000.0,3252000000.0,29.96,-1940000000.0
26,LUV,MRQ,2014-12-31,2014-12-31,2014-12-31,2021-09-07,-738000000.0,19723000000.0,,3927000000.0,15796000000.0,,9.982,-466000000.0,1282000000.0,1282000000.0,1742000000.0,190000000.0,0.663,1.911,2692000000.0,258000000.0,2434000000.0,2692000000.0,0.0,251000000.0,0.0,0.005,0.06,334000000.0,585000000.0,0.126,585000000.0,334000000.0,301000000.0,0.28,0.28,0.28,6775000000.0,,6775000000.0,29624461442.0,15.0,10.272,-262000000.0,-0.386,1.0,2886000000.0,0.624,970000000.0,33000000.0,14240000000.0,,342000000.0,1706000000.0,1706000000.0,0.0,12948000000.0,5923000000.0,7025000000.0,28724461442.0,-550000000.0,0.0,-186000000.0,-94000000.0,-1000000.0,-286000000.0,-468000000.0,22000000.0,204000000.0,0.0,190000000.0,190000000.0,190000000.0,0.0,0.0,0.041,2266000000.0,620000000.0,1203000000.0,0.214,4.24,25.286,25.648,14292000000.0,0.0,42.32,1.544,1.544,365000000.0,7416000000.0,4628000000.0,4628000000.0,0.0,,,,,0.0,1390000000.0,1.0,678744363.0,678744363.0,,6.818,18753000000.0,0.0,111000000.0,2782000000.0,27.629,-1996000000.0
27,LUV,MRQ,2014-09-30,2014-09-30,2014-09-30,2021-09-07,-92000000.0,20539000000.0,,4985000000.0,15554000000.0,,10.877,-406000000.0,1832000000.0,1832000000.0,1994000000.0,329000000.0,0.773,1.765,2732000000.0,607000000.0,2125000000.0,2732000000.0,0.0,238000000.0,0.0,0.006,0.06,556000000.0,794000000.0,0.165,794000000.0,556000000.0,525000000.0,0.48,0.48,0.48,7429000000.0,,7429000000.0,24013184081.0,12.0,8.306,-166000000.0,-0.243,1.0,2806000000.0,0.585,970000000.0,31000000.0,14023000000.0,,429000000.0,1728000000.0,1728000000.0,0.0,13110000000.0,6446000000.0,6664000000.0,23137184081.0,-50000000.0,0.0,-177000000.0,-48000000.0,-41000000.0,-246000000.0,-44000000.0,390000000.0,240000000.0,0.0,329000000.0,329000000.0,329000000.0,0.0,0.0,0.069,2192000000.0,614000000.0,1185000000.0,0.125,3.114,19.98,20.222,13965000000.0,0.0,33.77,1.257,1.253,468000000.0,7266000000.0,4800000000.0,4800000000.0,0.0,,,,,0.0,1363000000.0,1.0,685140186.0,683000000.0,691000000.0,7.028,19569000000.0,237000000.0,196000000.0,3360000000.0,28.652,-1461000000.0
28,LUV,MRQ,2014-06-30,2014-06-30,2014-06-30,2021-09-07,111000000.0,20891000000.0,,5317000000.0,15574000000.0,,10.893,-481000000.0,1882000000.0,1882000000.0,2031000000.0,465000000.0,0.757,1.78,2758000000.0,605000000.0,2153000000.0,2758000000.0,0.0,228000000.0,0.0,0.007,0.06,780000000.0,1008000000.0,0.201,1008000000.0,780000000.0,746000000.0,0.67,0.67,0.67,7516000000.0,,7516000000.0,19655907412.0,10.0,7.091,857000000.0,1.242,1.0,2980000000.0,0.595,970000000.0,34000000.0,13770000000.0,,435000000.0,2112000000.0,2112000000.0,0.0,13375000000.0,7027000000.0,6348000000.0,18582907412.0,141000000.0,0.0,-215000000.0,-73000000.0,-42000000.0,-340000000.0,-857000000.0,-356000000.0,1338000000.0,0.0,465000000.0,465000000.0,465000000.0,0.0,0.0,0.093,2205000000.0,775000000.0,1292000000.0,0.09,2.472,17.08,17.218,13727000000.0,0.0,26.86,1.024,1.021,447000000.0,6979000000.0,5011000000.0,5011000000.0,0.0,,,,,0.0,1406000000.0,1.0,691843165.0,690000000.0,698000000.0,7.262,19921000000.0,165000000.0,281000000.0,3017000000.0,28.871,-1710000000.0
29,LUV,MRQ,2014-03-31,2014-03-31,2014-03-31,2021-09-07,-12000000.0,19976000000.0,,4814000000.0,15162000000.0,,10.301,-395000000.0,1741000000.0,1741000000.0,1911000000.0,152000000.0,0.747,1.778,2814000000.0,642000000.0,2172000000.0,2814000000.0,0.0,221000000.0,0.0,0.007,0.04,277000000.0,498000000.0,0.12,498000000.0,277000000.0,244000000.0,0.22,0.22,0.22,7190000000.0,,7190000000.0,18039018489.0,12.0,7.602,724000000.0,1.037,1.0,2255000000.0,0.541,970000000.0,33000000.0,13638000000.0,,438000000.0,1757000000.0,1757000000.0,0.0,12786000000.0,6441000000.0,6345000000.0,16574018489.0,386000000.0,0.0,-266000000.0,-46000000.0,-56000000.0,-375000000.0,-358000000.0,49000000.0,1119000000.0,0.0,152000000.0,152000000.0,152000000.0,0.0,0.0,0.036,2040000000.0,215000000.0,1299000000.0,0.182,2.305,19.568,19.675,13420000000.0,0.0,23.61,0.932,0.927,457000000.0,6555000000.0,4166000000.0,4166000000.0,0.0,,,,,0.0,1275000000.0,1.0,701991465.0,698000000.0,707000000.0,5.968,19006000000.0,180000000.0,92000000.0,2997000000.0,27.229,-1627000000.0
30,LUV,MRQ,2013-12-31,2013-12-31,2013-12-31,2021-09-07,-3000000.0,19345000000.0,,4456000000.0,14889000000.0,,10.529,-438000000.0,1355000000.0,1355000000.0,1944000000.0,212000000.0,0.785,1.637,2820000000.0,629000000.0,2191000000.0,2820000000.0,0.0,224000000.0,0.0,0.007,0.04,367000000.0,591000000.0,0.133,591000000.0,367000000.0,333000000.0,0.3,0.3,0.3,7336000000.0,,7336000000.0,14668214992.0,11.0,6.646,-149000000.0,-0.214,1.0,2484000000.0,0.561,970000000.0,34000000.0,14164000000.0,,467000000.0,1797000000.0,1797000000.0,0.0,12009000000.0,5676000000.0,6333000000.0,13126214992.0,22000000.0,0.0,26000000.0,-46000000.0,0.0,-13000000.0,-254000000.0,198000000.0,289000000.0,0.0,212000000.0,212000000.0,212000000.0,0.0,0.0,0.048,2099000000.0,385000000.0,1247000000.0,0.133,1.789,17.409,17.774,13389000000.0,0.0,18.84,0.742,0.742,419000000.0,6431000000.0,4428000000.0,4428000000.0,0.0,,,,,0.0,1284000000.0,1.0,696720541.0,696720541.0,,6.355,18375000000.0,168000000.0,121000000.0,2934000000.0,26.374,-1220000000.0
31,LUV,MRQ,2013-09-30,2013-09-30,2013-09-30,2021-09-07,-114000000.0,19364000000.0,,4773000000.0,14591000000.0,,9.976,-268000000.0,1333000000.0,1333000000.0,2103000000.0,259000000.0,0.861,1.761,2875000000.0,259000000.0,2616000000.0,2875000000.0,0.0,221000000.0,0.0,0.007,0.04,454000000.0,675000000.0,0.149,675000000.0,454000000.0,419000000.0,0.37,0.37,0.37,7013000000.0,,7013000000.0,11727474457.0,10.0,5.861,160000000.0,0.228,1.0,2442000000.0,0.537,970000000.0,35000000.0,14390000000.0,,521000000.0,1995000000.0,1995000000.0,0.0,12351000000.0,5546000000.0,6805000000.0,10282474457.0,-156000000.0,0.0,-138000000.0,-51000000.0,-28000000.0,-225000000.0,-359000000.0,-91000000.0,428000000.0,0.0,259000000.0,259000000.0,259000000.0,0.0,0.0,0.057,2052000000.0,390000000.0,1134000000.0,0.108,1.466,16.585,16.736,13203000000.0,0.0,14.56,0.589,0.587,463000000.0,6246000000.0,4545000000.0,4545000000.0,0.0,,,,,0.0,1271000000.0,1.0,706213905.0,703000000.0,711000000.0,6.465,18394000000.0,233000000.0,160000000.0,2937000000.0,26.165,-773000000.0
32,LUV,MRQ,2013-06-30,2013-06-30,2013-06-30,2021-09-07,-248000000.0,19382000000.0,,4864000000.0,14518000000.0,,9.497,-193000000.0,1489000000.0,1489000000.0,2154000000.0,224000000.0,0.842,1.858,2934000000.0,263000000.0,2671000000.0,2934000000.0,0.0,213000000.0,0.0,0.005,0.04,396000000.0,609000000.0,0.131,609000000.0,396000000.0,363000000.0,0.31,0.31,0.31,6781000000.0,,6781000000.0,10960408175.0,15.0,6.803,585000000.0,0.819,1.0,2489000000.0,0.536,970000000.0,33000000.0,14078000000.0,,461000000.0,1904000000.0,1904000000.0,0.0,12601000000.0,5779000000.0,6822000000.0,9310408175.0,151000000.0,0.0,-238000000.0,-52000000.0,-28000000.0,-327000000.0,-300000000.0,-107000000.0,778000000.0,0.0,224000000.0,224000000.0,224000000.0,0.0,0.0,0.048,2056000000.0,433000000.0,1232000000.0,0.129,1.373,24.696,24.788,13164000000.0,0.0,12.89,0.541,0.535,514000000.0,6015000000.0,4643000000.0,4643000000.0,0.0,,,,,0.0,1298000000.0,1.0,722296988.0,714000000.0,722000000.0,6.503,18412000000.0,287000000.0,139000000.0,2883000000.0,25.787,-915000000.0
33,LUV,MRQ,2013-03-31,2013-03-31,2013-03-31,2021-09-07,-111000000.0,19197000000.0,,4514000000.0,14683000000.0,,9.601,-534000000.0,1338000000.0,1338000000.0,2107000000.0,59000000.0,0.834,1.758,2988000000.0,280000000.0,2708000000.0,2988000000.0,0.0,210000000.0,0.0,0.003,0.01,123000000.0,333000000.0,0.082,333000000.0,123000000.0,94000000.0,0.08,0.08,0.08,6961000000.0,,6961000000.0,11855741885.0,16.0,7.364,449000000.0,0.619,1.0,1977000000.0,0.484,970000000.0,29000000.0,14466000000.0,,480000000.0,1797000000.0,1797000000.0,0.0,12236000000.0,5411000000.0,6825000000.0,9814741885.0,225000000.0,0.0,-94000000.0,-164000000.0,-15000000.0,-286000000.0,-472000000.0,62000000.0,983000000.0,0.0,59000000.0,59000000.0,59000000.0,0.0,0.0,0.014,1907000000.0,70000000.0,1250000000.0,0.125,1.41,25.76,26.431,13130000000.0,0.0,13.48,0.571,0.569,429000000.0,5818000000.0,4084000000.0,4084000000.0,0.0,,,,,0.0,1183000000.0,1.0,728096579.0,725000000.0,727000000.0,5.633,18227000000.0,255000000.0,35000000.0,2904000000.0,25.141,-897000000.0
34,LUV,MRQ,2012-12-31,2012-12-31,2012-12-31,2021-09-07,-119000000.0,18596000000.0,,4227000000.0,14369000000.0,,9.475,-399000000.0,1113000000.0,1113000000.0,2112000000.0,78000000.0,0.909,1.66,3154000000.0,271000000.0,2883000000.0,3154000000.0,0.0,224000000.0,0.0,0.003,0.01,160000000.0,384000000.0,0.092,384000000.0,160000000.0,125000000.0,0.11,0.11,0.11,6992000000.0,,6992000000.0,9614909425.0,12.0,5.737,-168000000.0,-0.228,1.0,2061000000.0,0.494,970000000.0,35000000.0,15017000000.0,,469000000.0,1857000000.0,1857000000.0,0.0,11604000000.0,4650000000.0,6954000000.0,7556909425.0,-55000000.0,0.0,-70000000.0,-61000000.0,0.0,-97000000.0,-189000000.0,210000000.0,231000000.0,0.0,78000000.0,78000000.0,78000000.0,0.0,0.0,0.019,1970000000.0,91000000.0,1107000000.0,0.091,1.081,17.95,18.286,12766000000.0,0.0,10.24,0.442,0.442,332000000.0,5768000000.0,4173000000.0,4173000000.0,0.0,,,,,0.0,1197000000.0,1.0,737979436.0,737979436.0,,5.655,17626000000.0,246000000.0,47000000.0,2884000000.0,23.884,-423000000.0
35,LUV,MRQ,2012-09-30,2012-09-30,2012-09-30,2021-09-07,-125000000.0,18813000000.0,,4652000000.0,14161000000.0,,9.475,-406000000.0,1168000000.0,1168000000.0,2198000000.0,16000000.0,0.936,1.687,3226000000.0,265000000.0,2961000000.0,3226000000.0,0.0,217000000.0,0.0,0.003,0.01,68000000.0,285000000.0,0.066,285000000.0,68000000.0,33000000.0,0.02,0.02,0.02,7002000000.0,,7002000000.0,8709728487.0,9.0,4.863,58000000.0,0.078,1.0,2111000000.0,0.49,970000000.0,35000000.0,14932000000.0,,544000000.0,2067000000.0,2067000000.0,0.0,11811000000.0,4969000000.0,6842000000.0,6516728487.0,85000000.0,0.0,-45000000.0,-48000000.0,-7000000.0,-102000000.0,-277000000.0,135000000.0,464000000.0,0.0,16000000.0,16000000.0,16000000.0,0.0,0.0,0.004,2060000000.0,51000000.0,1140000000.0,0.5,0.931,13.192,13.492,12572000000.0,0.0,8.77,0.383,0.381,430000000.0,5700000000.0,4309000000.0,4309000000.0,0.0,,,,,0.0,1189000000.0,1.0,743070523.0,739000000.0,740000000.0,5.831,17843000000.0,219000000.0,17000000.0,2701000000.0,24.145,-317000000.0
36,LUV,MRQ,2012-06-30,2012-06-30,2012-06-30,2021-09-07,-320000000.0,18516000000.0,,4691000000.0,13825000000.0,,9.036,-416000000.0,1083000000.0,1083000000.0,2218000000.0,228000000.0,0.923,1.707,3276000000.0,257000000.0,3019000000.0,3276000000.0,0.0,202000000.0,0.0,0.003,0.01,406000000.0,608000000.0,0.132,608000000.0,406000000.0,368000000.0,0.3,0.3,0.3,6840000000.0,,6840000000.0,8827054898.0,12.0,5.803,-271000000.0,-0.358,1.0,2398000000.0,0.519,970000000.0,38000000.0,14659000000.0,,446000000.0,2173000000.0,2173000000.0,0.0,11676000000.0,5080000000.0,6596000000.0,7078054898.0,-475000000.0,0.0,-213000000.0,-38000000.0,-8000000.0,-265000000.0,-355000000.0,55000000.0,145000000.0,0.0,228000000.0,228000000.0,228000000.0,0.0,0.0,0.049,1938000000.0,460000000.0,1153000000.0,0.033,1.035,20.941,20.489,12342000000.0,0.0,9.22,0.416,0.41,502000000.0,5692000000.0,4616000000.0,4616000000.0,0.0,,,,,0.0,1222000000.0,1.0,767684913.0,757000000.0,764000000.0,6.098,17546000000.0,284000000.0,140000000.0,2563000000.0,23.178,-389000000.0
37,LUV,MRQ,2012-03-31,2012-03-31,2012-03-31,2021-09-07,-57000000.0,18826000000.0,,5120000000.0,13706000000.0,,9.205,-127000000.0,1558000000.0,1558000000.0,2124000000.0,98000000.0,1.014,1.653,3307000000.0,259000000.0,3048000000.0,3307000000.0,0.0,201000000.0,0.0,0.002,0.004,199000000.0,400000000.0,0.1,400000000.0,199000000.0,159000000.0,0.13,0.13,0.13,7097000000.0,,7097000000.0,9290747228.0,14.0,6.566,1098000000.0,1.424,1.0,1867000000.0,0.468,970000000.0,40000000.0,14558000000.0,,432000000.0,2226000000.0,2226000000.0,0.0,11729000000.0,5047000000.0,6682000000.0,6368747228.0,729000000.0,0.0,-45000000.0,-431000000.0,-7000000.0,-484000000.0,-12000000.0,115000000.0,1225000000.0,0.0,98000000.0,98000000.0,98000000.0,0.0,0.0,0.025,1845000000.0,22000000.0,1208000000.0,0.031,0.897,23.501,22.889,12095000000.0,0.0,8.24,0.385,0.384,367000000.0,5486000000.0,3991000000.0,3991000000.0,0.0,,,,,0.0,1141000000.0,1.0,772906217.0,771000000.0,772000000.0,5.176,17856000000.0,219000000.0,61000000.0,2638000000.0,23.16,73000000.0
38,LUV,MRQ,2011-12-31,2011-12-31,2011-12-31,2021-09-07,-224000000.0,18068000000.0,,4345000000.0,13723000000.0,,8.833,-420000000.0,829000000.0,829000000.0,2080000000.0,152000000.0,0.959,1.627,3751000000.0,644000000.0,3107000000.0,3751000000.0,0.0,192000000.0,0.0,0.002,0.004,306000000.0,498000000.0,0.121,498000000.0,306000000.0,255000000.0,0.2,0.2,0.2,6877000000.0,,6877000000.0,9854151701.0,19.0,7.998,-49000000.0,-0.063,1.0,2028000000.0,0.494,970000000.0,51000000.0,15487000000.0,,401000000.0,2315000000.0,2315000000.0,0.0,11191000000.0,4533000000.0,6658000000.0,6664151701.0,-187000000.0,0.0,-65000000.0,-430000000.0,0.0,-493000000.0,-65000000.0,355000000.0,371000000.0,0.0,152000000.0,152000000.0,152000000.0,0.0,0.0,0.037,1881000000.0,147000000.0,1057000000.0,0.02,0.969,37.439,37.217,12127000000.0,0.0,8.56,0.426,0.426,299000000.0,5395000000.0,4108000000.0,4108000000.0,0.0,,,,,0.0,1145000000.0,1.0,778522395.0,778522395.0,,5.277,17098000000.0,263000000.0,103000000.0,2566000000.0,21.962,-188000000.0
39,LUV,MRQ,2011-09-30,2011-09-30,2011-09-30,2021-09-07,-513000000.0,17885000000.0,,4594000000.0,13291000000.0,,8.188,-276000000.0,1016000000.0,1016000000.0,2205000000.0,-140000000.0,0.864,1.758,4206000000.0,986000000.0,3220000000.0,4206000000.0,0.0,191000000.0,0.0,0.002,0.004,-176000000.0,15000000.0,0.003,15000000.0,-176000000.0,-226000000.0,-0.18,-0.18,-0.18,6485000000.0,,6485000000.0,9101143655.0,20.0,7.942,-494000000.0,-0.624,1.0,2106000000.0,0.489,970000000.0,50000000.0,14785000000.0,,459000000.0,2640000000.0,2640000000.0,0.0,11400000000.0,5320000000.0,6080000000.0,6464143655.0,-579000000.0,0.0,-171000000.0,-48000000.0,-3000000.0,-224000000.0,-137000000.0,139000000.0,-218000000.0,0.0,-140000000.0,-140000000.0,-140000000.0,0.0,0.0,-0.032,1881000000.0,225000000.0,1083000000.0,-0.022,0.997,41.173,36.545,11834000000.0,0.0,8.04,0.441,0.434,369000000.0,5251000000.0,4311000000.0,4311000000.0,0.0,,,,,0.0,1146000000.0,1.0,803997967.0,792000000.0,792000000.0,5.443,16915000000.0,0.0,-86000000.0,1856000000.0,21.357,-726000000.0
40,LUV,MRQ,2011-06-30,2011-06-30,2011-06-30,2021-09-07,-107000000.0,18945000000.0,,5421000000.0,13524000000.0,,9.233,-215000000.0,1595000000.0,1595000000.0,2099000000.0,161000000.0,1.019,1.631,4232000000.0,990000000.0,3242000000.0,4232000000.0,0.0,176000000.0,0.0,0.002,0.004,326000000.0,502000000.0,0.121,502000000.0,326000000.0,275000000.0,0.21,0.21,0.21,7202000000.0,,7202000000.0,9835687966.0,10.0,5.9,22000000.0,0.028,1.0,2037000000.0,0.493,971000000.0,51000000.0,15293000000.0,,394000000.0,2779000000.0,2779000000.0,0.0,11743000000.0,5318000000.0,6425000000.0,8541687966.0,-444000000.0,-35000000.0,27000000.0,-113000000.0,-3000000.0,-92000000.0,-589000000.0,-339000000.0,237000000.0,0.0,161000000.0,161000000.0,161000000.0,0.0,0.0,0.039,1830000000.0,207000000.0,1049000000.0,0.019,1.186,17.015,17.045,11721000000.0,0.0,11.42,0.631,0.658,389000000.0,5398000000.0,4136000000.0,4136000000.0,0.0,,,,,0.0,1125000000.0,1.0,747958666.0,780000000.0,787000000.0,5.303,17974000000.0,0.0,114000000.0,2263000000.0,23.044,103000000.0
41,LUV,MRQ,2011-03-31,2011-03-31,2011-03-31,2021-09-07,79000000.0,16414000000.0,,5329000000.0,11085000000.0,,8.806,-57000000.0,2039000000.0,2039000000.0,1484000000.0,5000000.0,1.223,1.492,3333000000.0,905000000.0,2428000000.0,3333000000.0,0.0,155000000.0,0.0,0.001,0.004,61000000.0,216000000.0,0.07,216000000.0,61000000.0,18000000.0,0.01,0.01,0.01,6587000000.0,,6587000000.0,11560726588.0,13.0,7.483,908000000.0,1.214,1.0,1619000000.0,0.522,0.0,43000000.0,13350000000.0,,320000000.0,2426000000.0,2426000000.0,0.0,9827000000.0,4358000000.0,5469000000.0,9441726588.0,778000000.0,0.0,4000000.0,-30000000.0,-7000000.0,44000000.0,-231000000.0,-174000000.0,965000000.0,0.0,5000000.0,5000000.0,5000000.0,0.0,0.0,0.002,1505000000.0,114000000.0,916000000.0,0.4,1.433,20.843,20.705,10496000000.0,0.0,12.63,0.751,0.751,282000000.0,5399000000.0,3103000000.0,3103000000.0,0.0,,,,,0.0,954000000.0,1.0,747563467.0,748000000.0,749000000.0,4.148,16414000000.0,0.0,13000000.0,2496000000.0,21.944,971000000.0
42,LUV,MRQ,2010-12-31,2010-12-31,2010-12-31,2021-09-07,-262000000.0,15463000000.0,,4279000000.0,11184000000.0,,8.348,-95000000.0,1261000000.0,1261000000.0,1380000000.0,131000000.0,1.295,1.479,3380000000.0,505000000.0,2875000000.0,3380000000.0,0.0,159000000.0,0.0,0.001,0.004,254000000.0,413000000.0,0.133,413000000.0,254000000.0,213000000.0,0.18,0.17,0.18,6237000000.0,,6237000000.0,12129305145.0,13.0,7.876,174000000.0,0.233,1.0,1734000000.0,0.557,0.0,41000000.0,14277000000.0,,243000000.0,2277000000.0,2277000000.0,0.0,9226000000.0,3305000000.0,5921000000.0,9697305145.0,230000000.0,0.0,10000000.0,-32000000.0,0.0,-19000000.0,-20000000.0,75000000.0,269000000.0,0.0,131000000.0,131000000.0,131000000.0,0.0,0.0,0.042,1518000000.0,216000000.0,739000000.0,0.022,1.555,21.127,20.935,10578000000.0,0.0,12.98,0.801,0.801,195000000.0,5399000000.0,3114000000.0,3114000000.0,0.0,,,,,0.0,956000000.0,1.0,747095928.0,747095928.0,,4.168,15463000000.0,214000000.0,82000000.0,2493000000.0,20.697,974000000.0
43,LUV,MRQ,2010-09-30,2010-09-30,2010-09-30,2021-09-07,-453000000.0,15143000000.0,,4042000000.0,11101000000.0,,7.976,-100000000.0,1031000000.0,1031000000.0,1375000000.0,205000000.0,1.268,1.545,3463000000.0,113000000.0,3350000000.0,3463000000.0,0.0,161000000.0,0.0,0.001,0.004,375000000.0,536000000.0,0.168,536000000.0,375000000.0,332000000.0,0.27,0.27,0.27,5950000000.0,,5950000000.0,12207516246.0,14.0,8.074,285000000.0,0.382,1.0,1817000000.0,0.569,0.0,43000000.0,14388000000.0,,231000000.0,2348000000.0,2348000000.0,0.0,9193000000.0,3187000000.0,6006000000.0,9749516246.0,42000000.0,0.0,10000000.0,-39000000.0,-3000000.0,-31000000.0,-312000000.0,-212000000.0,385000000.0,0.0,205000000.0,205000000.0,205000000.0,0.0,0.0,0.064,1462000000.0,355000000.0,707000000.0,0.015,1.639,22.008,22.534,10566000000.0,0.0,13.07,0.833,0.833,289000000.0,5273000000.0,3192000000.0,3192000000.0,0.0,,,,,0.0,938000000.0,1.0,745946155.0,746000000.0,747000000.0,4.279,15143000000.0,63000000.0,127000000.0,2140000000.0,20.299,855000000.0
44,LUV,MRQ,2010-06-30,2010-06-30,2010-06-30,2021-09-07,-641000000.0,14987000000.0,,3971000000.0,11016000000.0,,7.447,-159000000.0,989000000.0,989000000.0,1378000000.0,112000000.0,1.19,1.701,3447000000.0,123000000.0,3324000000.0,3447000000.0,0.0,154000000.0,0.0,0.002,0.004,226000000.0,380000000.0,0.12,380000000.0,226000000.0,184000000.0,0.15,0.15,0.15,5548000000.0,,5548000000.0,10635810714.0,20.0,9.122,381000000.0,0.511,1.0,1790000000.0,0.565,0.0,42000000.0,14107000000.0,,226000000.0,2135000000.0,2135000000.0,0.0,9439000000.0,3338000000.0,6101000000.0,8270810714.0,-121000000.0,0.0,23000000.0,-69000000.0,-3000000.0,-51000000.0,-610000000.0,-451000000.0,540000000.0,0.0,112000000.0,112000000.0,112000000.0,0.0,0.0,0.035,1427000000.0,363000000.0,787000000.0,0.027,1.491,37.256,38.31,10627000000.0,0.0,11.11,0.74,0.741,277000000.0,5075000000.0,3168000000.0,3168000000.0,0.0,,,,,0.0,946000000.0,1.0,744447409.0,745000000.0,746000000.0,4.252,14987000000.0,252000000.0,72000000.0,2192000000.0,20.117,633000000.0
45,LUV,MRQ,2010-03-31,2010-03-31,2010-03-31,2021-09-07,-518000000.0,14530000000.0,,3621000000.0,10909000000.0,,7.452,-139000000.0,1110000000.0,1110000000.0,1224000000.0,11000000.0,1.241,1.624,3475000000.0,170000000.0,3305000000.0,3475000000.0,0.0,154000000.0,0.0,0.001,0.004,58000000.0,212000000.0,0.081,212000000.0,58000000.0,17000000.0,0.01,0.01,0.01,5537000000.0,,5537000000.0,12226997474.0,26.0,11.217,234000000.0,0.315,1.0,1406000000.0,0.535,0.0,41000000.0,13978000000.0,,227000000.0,1663000000.0,1663000000.0,0.0,8993000000.0,2917000000.0,6076000000.0,9825997474.0,-4000000.0,0.0,12000000.0,-60000000.0,-7000000.0,-55000000.0,-322000000.0,-183000000.0,373000000.0,0.0,11000000.0,11000000.0,11000000.0,0.0,0.0,0.004,1352000000.0,54000000.0,690000000.0,0.4,1.775,48.886,50.846,10621000000.0,0.0,13.22,0.925,0.925,235000000.0,4973000000.0,2630000000.0,2630000000.0,0.0,,,,,0.0,864000000.0,1.0,743267585.0,743000000.0,744000000.0,3.54,14530000000.0,291000000.0,6000000.0,2250000000.0,19.556,704000000.0
46,LUV,MRQ,2009-12-31,2009-12-31,2009-12-31,2021-09-07,-578000000.0,14269000000.0,,3358000000.0,10911000000.0,,7.351,-114000000.0,1114000000.0,1114000000.0,1183000000.0,115000000.0,1.246,1.616,3515000000.0,190000000.0,3325000000.0,3515000000.0,0.0,154000000.0,0.0,0.002,0.004,230000000.0,384000000.0,0.142,384000000.0,230000000.0,184000000.0,0.15,0.15,0.15,5454000000.0,,5454000000.0,11154373183.0,32.0,11.547,378000000.0,0.509,1.0,1529000000.0,0.564,0.0,46000000.0,13975000000.0,,221000000.0,1479000000.0,1479000000.0,0.0,8815000000.0,2695000000.0,6120000000.0,8480373183.0,212000000.0,0.0,9000000.0,-410000000.0,0.0,-23000000.0,-257000000.0,-144000000.0,492000000.0,0.0,115000000.0,115000000.0,115000000.0,0.0,0.0,0.042,1362000000.0,167000000.0,732000000.0,0.027,1.555,85.66,87.923,10634000000.0,0.0,11.43,0.819,0.819,169000000.0,4971000000.0,2712000000.0,2712000000.0,0.0,,,,,0.0,861000000.0,1.0,741939911.0,741939911.0,,3.655,14269000000.0,291000000.0,69000000.0,2200000000.0,19.232,663000000.0
47,LUV,MRQ,2009-09-30,2009-09-30,2009-09-30,2021-09-07,-715000000.0,14100000000.0,,3127000000.0,10973000000.0,,7.031,-198000000.0,902000000.0,902000000.0,1249000000.0,-16000000.0,1.034,1.703,3576000000.0,198000000.0,3378000000.0,3576000000.0,0.0,162000000.0,0.0,0.002,0.004,28000000.0,190000000.0,0.071,190000000.0,28000000.0,-20000000.0,-0.02,-0.02,-0.02,5217000000.0,,5217000000.0,9554895126.0,135.0,13.908,-126000000.0,-0.17,1.0,1417000000.0,0.532,0.0,48000000.0,13750000000.0,,196000000.0,1352000000.0,1352000000.0,0.0,8883000000.0,3024000000.0,5859000000.0,7117895126.0,-44000000.0,0.0,4000000.0,185000000.0,-3000000.0,181000000.0,-297000000.0,-99000000.0,72000000.0,0.0,-16000000.0,-16000000.0,-16000000.0,0.0,0.0,-0.006,1395000000.0,22000000.0,694000000.0,-0.2,1.364,-98.86,-96.0,10698000000.0,0.0,9.6,0.686,0.687,225000000.0,4876000000.0,2666000000.0,2666000000.0,0.0,,,,,0.0,909000000.0,1.0,741447409.0,742000000.0,742000000.0,3.593,14100000000.0,365000000.0,-4000000.0,1947000000.0,19.003,103000000.0
48,LUV,MRQ,2009-06-30,2009-06-30,2009-06-30,2021-09-07,-797000000.0,14027000000.0,,3094000000.0,10933000000.0,,6.947,-187000000.0,946000000.0,946000000.0,1142000000.0,91000000.0,1.008,1.725,3383000000.0,105000000.0,3278000000.0,3383000000.0,0.0,150000000.0,0.0,0.003,0.004,154000000.0,304000000.0,0.116,304000000.0,154000000.0,107000000.0,0.12,0.12,0.12,5148000000.0,,5148000000.0,7450675232.0,-59.0,15.555,-52000000.0,-0.07,1.0,1474000000.0,0.563,0.0,47000000.0,13396000000.0,,200000000.0,1252000000.0,1252000000.0,0.0,8879000000.0,3068000000.0,5811000000.0,4985675232.0,-199000000.0,0.0,4000000.0,42000000.0,-3000000.0,43000000.0,-377000000.0,-191000000.0,135000000.0,0.0,91000000.0,91000000.0,91000000.0,0.0,0.0,0.035,1351000000.0,123000000.0,732000000.0,0.033,0.968,-28.328,-28.042,10661000000.0,0.0,6.73,0.47,0.471,237000000.0,4900000000.0,2616000000.0,2616000000.0,0.0,,,,,0.0,863000000.0,1.0,740813556.0,741000000.0,741000000.0,3.53,14027000000.0,365000000.0,16000000.0,1924000000.0,18.93,26000000.0
49,LUV,MRQ,2009-03-31,2009-03-31,2009-03-31,2021-09-07,-922000000.0,14179000000.0,,2996000000.0,11183000000.0,,6.659,-85000000.0,1145000000.0,1145000000.0,1093000000.0,-91000000.0,0.959,1.877,3610000000.0,163000000.0,3447000000.0,3610000000.0,0.0,150000000.0,0.0,0.003,0.004,-63000000.0,87000000.0,0.037,87000000.0,-63000000.0,-107000000.0,-0.12,-0.12,-0.12,4928000000.0,,4928000000.0,6978127307.0,25.0,7.894,201000000.0,0.272,1.0,1264000000.0,0.536,0.0,44000000.0,13521000000.0,,171000000.0,989000000.0,989000000.0,0.0,9251000000.0,3123000000.0,6128000000.0,4685127307.0,-223000000.0,0.0,4000000.0,138000000.0,-7000000.0,129000000.0,-638000000.0,-553000000.0,286000000.0,0.0,-91000000.0,-91000000.0,-91000000.0,0.0,0.0,-0.039,1314000000.0,-50000000.0,693000000.0,-0.033,0.951,86.762,79.125,10813000000.0,0.0,6.33,0.432,0.432,231000000.0,4819000000.0,2357000000.0,2357000000.0,0.0,,,,,6000000.0,836000000.0,1.0,740146494.0,740000000.0,740000000.0,3.185,14179000000.0,365000000.0,-16000000.0,1895000000.0,19.161,-127000000.0
50,LUV,MRQ,2008-12-31,2008-12-31,2008-12-31,2021-09-07,-984000000.0,14068000000.0,,2653000000.0,11415000000.0,,6.696,-158000000.0,1368000000.0,1368000000.0,1320000000.0,-56000000.0,0.945,1.84,3661000000.0,163000000.0,3498000000.0,3661000000.0,0.0,154000000.0,0.0,0.002,0.004,-48000000.0,106000000.0,0.039,106000000.0,-48000000.0,-83000000.0,-0.08,-0.08,-0.08,4953000000.0,,4953000000.0,6638422087.0,16.0,6.592,-2703000000.0,-3.654,1.0,1414000000.0,0.517,0.0,35000000.0,13555000000.0,,203000000.0,435000000.0,435000000.0,0.0,9115000000.0,2806000000.0,6309000000.0,6376422087.0,-1022000000.0,0.0,4000000.0,877000000.0,0.0,1065000000.0,458000000.0,616000000.0,-2545000000.0,0.0,-56000000.0,-56000000.0,-56000000.0,0.0,0.0,-0.02,1345000000.0,69000000.0,668000000.0,-0.05,1.287,35.823,35.917,11040000000.0,0.0,8.62,0.578,0.578,209000000.0,4919000000.0,2734000000.0,2734000000.0,0.0,,,,,-25000000.0,846000000.0,1.0,739724140.0,739724140.0,,3.696,14068000000.0,365000000.0,-27000000.0,1904000000.0,19.018,-153000000.0
51,LUV,MRQ,2008-09-30,2008-09-30,2008-09-30,2021-09-07,1066000000.0,18175000000.0,,5301000000.0,12874000000.0,,9.598,-178000000.0,2390000000.0,2390000000.0,1446000000.0,-120000000.0,0.949,1.573,2652000000.0,72000000.0,2580000000.0,2652000000.0,0.0,152000000.0,0.0,0.001,0.004,-170000000.0,-18000000.0,-0.006,-18000000.0,-170000000.0,-205000000.0,-0.16,-0.16,-0.16,7064000000.0,,7064000000.0,8657352406.0,13.0,6.86,-2454000000.0,-3.334,1.0,1445000000.0,0.5,0.0,35000000.0,12849000000.0,,286000000.0,1041000000.0,1041000000.0,0.0,11111000000.0,5588000000.0,5523000000.0,10649352406.0,-2263000000.0,0.0,85000000.0,-15000000.0,-3000000.0,59000000.0,-46000000.0,132000000.0,-2276000000.0,0.0,-120000000.0,-120000000.0,-120000000.0,0.0,0.0,-0.042,1359000000.0,86000000.0,701000000.0,-0.025,1.508,30.69,30.229,11198000000.0,0.0,14.51,0.988,0.99,385000000.0,4980000000.0,2891000000.0,2891000000.0,0.0,,,,,12000000.0,856000000.0,1.0,733931937.0,736000000.0,736000000.0,3.928,18175000000.0,0.0,-85000000.0,2568000000.0,24.694,-287000000.0
52,LUV,MRQ,2008-06-30,2008-06-30,2008-06-30,2021-09-07,2699000000.0,23262000000.0,,8929000000.0,14333000000.0,,11.926,-223000000.0,4653000000.0,4653000000.0,1333000000.0,321000000.0,1.066,1.665,2661000000.0,71000000.0,2590000000.0,2661000000.0,0.0,148000000.0,0.0,0.001,0.004,561000000.0,709000000.0,0.247,709000000.0,561000000.0,529000000.0,0.44,0.44,0.44,8730000000.0,,8730000000.0,8679121842.0,8.0,5.031,2113000000.0,2.887,1.0,1536000000.0,0.535,0.0,32000000.0,12896000000.0,,301000000.0,1185000000.0,1185000000.0,0.0,14532000000.0,8374000000.0,6158000000.0,9542121842.0,1671000000.0,0.0,17000000.0,594000000.0,-3000000.0,599000000.0,-1264000000.0,-1041000000.0,2336000000.0,0.0,321000000.0,321000000.0,321000000.0,0.0,0.0,0.112,1331000000.0,205000000.0,903000000.0,0.009,1.093,15.17,15.163,11170000000.0,0.0,13.04,0.911,0.911,447000000.0,5123000000.0,2869000000.0,2869000000.0,0.0,,,,,8000000.0,839000000.0,1.0,731757810.0,732000000.0,737000000.0,3.919,23262000000.0,0.0,208000000.0,3193000000.0,31.779,555000000.0
53,LUV,MRQ,2008-03-31,2008-03-31,2008-03-31,2021-09-07,1492000000.0,18031000000.0,,5050000000.0,12981000000.0,,9.802,-364000000.0,2982000000.0,2982000000.0,1152000000.0,34000000.0,0.874,1.51,2119000000.0,40000000.0,2079000000.0,2119000000.0,0.0,145000000.0,0.0,0.001,0.004,65000000.0,210000000.0,0.083,210000000.0,65000000.0,37000000.0,0.05,0.05,0.05,7185000000.0,,7185000000.0,9000257135.0,8.0,5.525,600000000.0,0.819,1.0,1378000000.0,0.545,0.0,28000000.0,11387000000.0,,265000000.0,140000000.0,140000000.0,0.0,10846000000.0,5781000000.0,5065000000.0,9122257135.0,769000000.0,0.0,-43000000.0,-19000000.0,-7000000.0,-69000000.0,-126000000.0,238000000.0,964000000.0,0.0,34000000.0,34000000.0,34000000.0,0.0,0.0,0.013,1290000000.0,88000000.0,787000000.0,0.08,1.27,15.567,15.897,11091000000.0,0.0,12.4,0.895,0.892,350000000.0,4811000000.0,2530000000.0,2530000000.0,0.0,,,,,5000000.0,800000000.0,1.0,735665898.0,733000000.0,734000000.0,3.452,18031000000.0,0.0,3000000.0,2611000000.0,24.599,-731000000.0
54,LUV,MRQ,2007-12-31,2007-12-31,2007-12-31,2021-09-07,1241000000.0,16772000000.0,,4443000000.0,12329000000.0,,9.456,-350000000.0,2213000000.0,2213000000.0,1203000000.0,112000000.0,0.918,1.416,2091000000.0,41000000.0,2050000000.0,2091000000.0,0.0,144000000.0,0.0,0.001,0.004,217000000.0,361000000.0,0.145,361000000.0,217000000.0,184000000.0,0.15,0.15,0.15,6941000000.0,,6941000000.0,9484263393.0,8.0,5.476,744000000.0,1.014,1.0,1289000000.0,0.517,0.0,33000000.0,11812000000.0,,259000000.0,566000000.0,566000000.0,0.0,9831000000.0,4838000000.0,4993000000.0,8955263393.0,1163000000.0,0.0,11000000.0,494000000.0,0.0,479000000.0,-410000000.0,-60000000.0,1094000000.0,0.0,112000000.0,112000000.0,112000000.0,0.0,0.0,0.045,1162000000.0,127000000.0,759000000.0,0.027,1.29,13.884,14.353,10874000000.0,0.0,12.2,0.908,0.908,279000000.0,4788000000.0,2492000000.0,2492000000.0,0.0,,,,,9000000.0,800000000.0,1.0,734037983.0,734037983.0,,3.395,16772000000.0,0.0,72000000.0,2535000000.0,22.849,-395000000.0
55,LUV,MRQ,2007-09-30,2007-09-30,2007-09-30,2021-09-07,723000000.0,14524000000.0,,2870000000.0,11654000000.0,,8.483,-319000000.0,1050000000.0,1050000000.0,1003000000.0,162000000.0,0.75,1.317,1579000000.0,24000000.0,1555000000.0,1579000000.0,0.0,140000000.0,0.0,0.001,0.004,305000000.0,445000000.0,0.172,445000000.0,305000000.0,277000000.0,0.22,0.22,0.22,6269000000.0,,6269000000.0,11096274536.0,10.0,6.791,-165000000.0,-0.223,1.0,1585000000.0,0.612,0.0,28000000.0,11227000000.0,,204000000.0,507000000.0,507000000.0,0.0,8255000000.0,3826000000.0,4429000000.0,11060274536.0,-555000000.0,0.0,-291000000.0,-101000000.0,-3000000.0,-393000000.0,-316000000.0,3000000.0,154000000.0,0.0,162000000.0,162000000.0,162000000.0,0.0,0.0,0.063,1334000000.0,251000000.0,735000000.0,0.018,1.764,18.746,19.221,10667000000.0,0.0,14.8,1.147,1.134,326000000.0,4685000000.0,2588000000.0,2588000000.0,0.0,,,,,2000000.0,832000000.0,1.0,747315847.0,739000000.0,752000000.0,3.502,14524000000.0,0.0,115000000.0,2404000000.0,19.654,-956000000.0
56,LUV,MRQ,2007-06-30,2007-06-30,2007-06-30,2021-09-07,752000000.0,14853000000.0,,3306000000.0,11547000000.0,,8.358,-338000000.0,1605000000.0,1605000000.0,941000000.0,278000000.0,0.809,1.311,1641000000.0,123000000.0,1518000000.0,1641000000.0,0.0,137000000.0,0.0,0.001,0.004,476000000.0,613000000.0,0.237,613000000.0,476000000.0,447000000.0,0.36,0.36,0.36,6427000000.0,,6427000000.0,11703218464.0,13.0,8.184,642000000.0,0.835,1.0,1642000000.0,0.636,0.0,29000000.0,10804000000.0,,182000000.0,509000000.0,509000000.0,0.0,8426000000.0,4085000000.0,4341000000.0,11642218464.0,-13000000.0,0.0,-450000000.0,-6000000.0,-3000000.0,-460000000.0,-533000000.0,-195000000.0,980000000.0,0.0,278000000.0,278000000.0,278000000.0,0.0,0.0,0.108,1314000000.0,328000000.0,746000000.0,0.011,1.811,24.458,24.443,10487000000.0,0.0,14.91,1.239,1.22,321000000.0,4534000000.0,2583000000.0,2583000000.0,0.0,,,,,14000000.0,814000000.0,1.0,780832895.0,769000000.0,780000000.0,3.359,14853000000.0,0.0,169000000.0,2328000000.0,19.315,-779000000.0
57,LUV,MRQ,2007-03-31,2007-03-31,2007-03-31,2021-09-07,716000000.0,14238000000.0,,2999000000.0,11239000000.0,,8.338,-325000000.0,1618000000.0,1618000000.0,875000000.0,93000000.0,0.851,1.172,1679000000.0,123000000.0,1556000000.0,1679000000.0,0.0,135000000.0,0.0,0.001,0.004,178000000.0,313000000.0,0.142,313000000.0,178000000.0,149000000.0,0.12,0.12,0.12,6554000000.0,,6554000000.0,11888943373.0,12.0,7.963,292000000.0,0.372,1.0,1323000000.0,0.602,0.0,29000000.0,10775000000.0,,174000000.0,315000000.0,315000000.0,0.0,7684000000.0,3524000000.0,4160000000.0,11589943373.0,228000000.0,0.0,-131000000.0,-9000000.0,-7000000.0,-118000000.0,-271000000.0,54000000.0,617000000.0,0.0,93000000.0,93000000.0,93000000.0,0.0,0.0,0.042,1239000000.0,84000000.0,643000000.0,0.033,1.768,21.827,21.94,10285000000.0,0.0,14.7,1.251,1.247,278000000.0,4264000000.0,2198000000.0,2198000000.0,0.0,,,,,-16000000.0,767000000.0,1.0,788431522.0,786000000.0,800000000.0,2.796,14238000000.0,0.0,56000000.0,2183000000.0,18.115,-525000000.0
58,LUV,MRQ,2006-12-31,2006-12-31,2006-12-31,2021-09-07,582000000.0,13460000000.0,,2601000000.0,10859000000.0,,8.144,-353000000.0,1390000000.0,1390000000.0,990000000.0,57000000.0,0.901,1.087,1689000000.0,122000000.0,1567000000.0,1689000000.0,0.0,134000000.0,0.0,0.001,0.004,129000000.0,263000000.0,0.116,263000000.0,129000000.0,101000000.0,0.07,0.08,0.07,6449000000.0,,6449000000.0,12043884134.0,13.0,8.405,-210000000.0,-0.265,1.0,1286000000.0,0.565,0.0,28000000.0,10872000000.0,,181000000.0,369000000.0,369000000.0,0.0,7011000000.0,2887000000.0,4124000000.0,12130884134.0,-557000000.0,20000000.0,-166000000.0,-170000000.0,0.0,-333000000.0,-367000000.0,-14000000.0,143000000.0,0.0,57000000.0,57000000.0,57000000.0,0.0,0.0,0.025,1112000000.0,174000000.0,643000000.0,0.057,1.881,24.31,24.317,10094000000.0,0.0,15.32,1.335,1.335,241000000.0,4307000000.0,2276000000.0,2276000000.0,0.0,,,,,9000000.0,779000000.0,1.0,791833168.0,791833168.0,,2.874,13460000000.0,0.0,44000000.0,2104000000.0,16.999,-286000000.0
59,LUV,MRQ,2006-09-30,2006-09-30,2006-09-30,2021-09-07,719000000.0,14087000000.0,,3301000000.0,10786000000.0,,8.395,-381000000.0,1947000000.0,1947000000.0,847000000.0,48000000.0,0.837,1.127,1860000000.0,585000000.0,1275000000.0,1860000000.0,0.0,131000000.0,0.0,0.001,0.004,110000000.0,241000000.0,0.103,241000000.0,110000000.0,78000000.0,0.06,0.06,0.06,6624000000.0,,6624000000.0,12337044636.0,13.0,8.585,-700000000.0,-0.887,1.0,1495000000.0,0.638,0.0,32000000.0,10056000000.0,,181000000.0,354000000.0,354000000.0,0.0,7463000000.0,3944000000.0,3519000000.0,13096044636.0,-645000000.0,0.0,-8000000.0,-1000000.0,-4000000.0,13000000.0,-339000000.0,42000000.0,-319000000.0,0.0,48000000.0,48000000.0,48000000.0,0.0,0.0,0.02,1234000000.0,261000000.0,568000000.0,0.067,1.977,25.578,26.031,9875000000.0,0.0,16.66,1.489,1.494,266000000.0,4369000000.0,2342000000.0,2342000000.0,0.0,,,,,-5000000.0,771000000.0,1.0,786077109.0,789000000.0,821000000.0,2.968,14087000000.0,0.0,30000000.0,1834000000.0,17.854,-643000000.0
60,LUV,MRQ,2006-06-30,2006-06-30,2006-06-30,2021-09-07,1104000000.0,15344000000.0,,4358000000.0,10986000000.0,,8.713,-404000000.0,2592000000.0,2592000000.0,802000000.0,333000000.0,0.93,1.207,1833000000.0,483000000.0,1350000000.0,1833000000.0,0.0,127000000.0,0.0,0.001,0.004,549000000.0,676000000.0,0.276,676000000.0,549000000.0,515000000.0,0.42,0.4,0.42,6953000000.0,,6953000000.0,12480036081.0,10.0,7.376,428000000.0,0.536,1.0,1647000000.0,0.673,0.0,34000000.0,9900000000.0,,189000000.0,396000000.0,396000000.0,0.0,8391000000.0,4685000000.0,3706000000.0,13138036081.0,-8000000.0,0.0,-260000000.0,-99000000.0,-4000000.0,-360000000.0,-480000000.0,-76000000.0,832000000.0,0.0,333000000.0,333000000.0,333000000.0,0.0,0.0,0.136,1245000000.0,402000000.0,609000000.0,0.01,1.89,19.493,19.259,9624000000.0,0.0,16.37,1.556,1.547,269000000.0,4325000000.0,2449000000.0,2449000000.0,0.0,,,,,21000000.0,786000000.0,1.0,802567873.0,798000000.0,825000000.0,3.069,15344000000.0,0.0,182000000.0,1942000000.0,19.228,-327000000.0
61,LUV,MRQ,2006-03-31,2006-03-31,2006-03-31,2021-09-07,1009000000.0,14723000000.0,,4092000000.0,10631000000.0,,8.425,-262000000.0,2600000000.0,2600000000.0,765000000.0,61000000.0,0.92,1.176,1942000000.0,574000000.0,1368000000.0,1942000000.0,0.0,124000000.0,0.0,0.001,0.004,130000000.0,254000000.0,0.126,254000000.0,130000000.0,96000000.0,0.08,0.07,0.08,6765000000.0,,6765000000.0,14190862130.0,16.0,10.165,489000000.0,0.609,1.0,1254000000.0,0.621,0.0,34000000.0,9616000000.0,,158000000.0,320000000.0,320000000.0,0.0,7958000000.0,4449000000.0,3509000000.0,14475862130.0,320000000.0,0.0,-107000000.0,-37000000.0,-7000000.0,-122000000.0,-309000000.0,-68000000.0,751000000.0,0.0,61000000.0,61000000.0,61000000.0,0.0,0.0,0.03,1156000000.0,98000000.0,585000000.0,0.05,2.14,29.847,29.492,9351000000.0,0.0,17.99,1.823,1.819,250000000.0,4016000000.0,2019000000.0,2019000000.0,0.0,,,,,-6000000.0,716000000.0,1.0,804661597.0,803000000.0,836000000.0,2.514,14723000000.0,0.0,35000000.0,1752000000.0,18.335,-357000000.0
62,LUV,MRQ,2005-12-31,2005-12-31,2005-12-31,2021-09-07,892000000.0,14003000000.0,,3620000000.0,10383000000.0,,8.42,-204000000.0,2280000000.0,2280000000.0,657000000.0,70000000.0,0.941,1.098,1995000000.0,601000000.0,1394000000.0,1995000000.0,0.0,121000000.0,0.0,0.001,0.004,145000000.0,266000000.0,0.134,266000000.0,145000000.0,112000000.0,0.08,0.08,0.08,6675000000.0,,6675000000.0,12606483727.0,14.0,9.202,-173000000.0,-0.218,1.0,1331000000.0,0.67,0.0,33000000.0,9870000000.0,,150000000.0,251000000.0,251000000.0,0.0,7328000000.0,3848000000.0,3480000000.0,13024483727.0,-148000000.0,0.0,74000000.0,-13000000.0,0.0,91000000.0,-270000000.0,-66000000.0,31000000.0,0.0,70000000.0,70000000.0,70000000.0,0.0,0.0,0.035,1191000000.0,140000000.0,524000000.0,0.05,1.951,26.91,26.934,9212000000.0,0.0,16.43,1.717,1.717,258000000.0,4018000000.0,1988000000.0,1988000000.0,0.0,,,,,-6000000.0,726000000.0,1.0,792725729.0,792725729.0,,2.508,14003000000.0,0.0,42000000.0,1681000000.0,17.664,-228000000.0
63,LUV,MRQ,2005-09-30,2005-09-30,2005-09-30,2021-09-07,1194000000.0,14746000000.0,,4109000000.0,10637000000.0,,8.561,-255000000.0,2428000000.0,2428000000.0,607000000.0,210000000.0,1.188,1.183,2010000000.0,149000000.0,1861000000.0,2010000000.0,0.0,121000000.0,0.0,0.001,0.004,375000000.0,496000000.0,0.249,496000000.0,375000000.0,343000000.0,0.27,0.26,0.27,6755000000.0,,6755000000.0,11429968009.0,16.0,9.678,321000000.0,0.407,1.0,1382000000.0,0.695,0.0,32000000.0,10870000000.0,,153000000.0,185000000.0,185000000.0,0.0,7991000000.0,3458000000.0,4533000000.0,11690968009.0,159000000.0,0.0,21000000.0,-1000000.0,-4000000.0,23000000.0,-440000000.0,-185000000.0,576000000.0,0.0,210000000.0,210000000.0,210000000.0,0.0,0.0,0.106,1134000000.0,248000000.0,495000000.0,0.015,1.731,31.597,31.596,9345000000.0,0.0,14.85,1.612,1.616,334000000.0,4474000000.0,1989000000.0,1989000000.0,0.0,,,,,12000000.0,712000000.0,1.0,787270573.0,789000000.0,802000000.0,2.521,14746000000.0,0.0,133000000.0,2311000000.0,18.689,651000000.0
64,LUV,MRQ,2005-06-30,2005-06-30,2005-06-30,2021-09-07,1000000000.0,13779000000.0,,3482000000.0,10297000000.0,,8.037,-280000000.0,2269000000.0,2269000000.0,597000000.0,144000000.0,1.108,1.181,2008000000.0,145000000.0,1863000000.0,2008000000.0,0.0,116000000.0,0.0,0.001,0.004,264000000.0,380000000.0,0.195,380000000.0,264000000.0,235000000.0,0.18,0.18,0.18,6317000000.0,,6317000000.0,11023594622.0,20.0,11.079,366000000.0,0.466,1.0,1347000000.0,0.693,0.0,29000000.0,10376000000.0,,140000000.0,0.0,0.0,0.0,7462000000.0,3142000000.0,4320000000.0,10931594622.0,361000000.0,0.0,19000000.0,-27000000.0,-4000000.0,-5000000.0,-280000000.0,0.0,646000000.0,0.0,144000000.0,144000000.0,144000000.0,0.0,0.0,0.074,1091000000.0,256000000.0,462000000.0,0.022,1.731,39.181,39.8,9178000000.0,0.0,13.93,1.576,1.579,292000000.0,4274000000.0,1944000000.0,1944000000.0,0.0,,,,,12000000.0,684000000.0,1.0,784751947.0,786000000.0,802000000.0,2.473,13779000000.0,0.0,91000000.0,2118000000.0,17.531,340000000.0
65,LUV,MRQ,2005-03-31,2005-03-31,2005-03-31,2021-09-07,972000000.0,13254000000.0,,3235000000.0,10019000000.0,,7.8,-407000000.0,1908000000.0,1908000000.0,541000000.0,59000000.0,1.123,1.167,2000000000.0,74000000.0,1926000000.0,2000000000.0,0.0,112000000.0,0.0,0.001,0.004,116000000.0,228000000.0,0.137,228000000.0,116000000.0,89000000.0,0.08,0.07,0.08,6115000000.0,,6115000000.0,11701912184.0,24.0,12.678,457000000.0,0.583,1.0,1122000000.0,0.675,0.0,27000000.0,10466000000.0,,128000000.0,0.0,0.0,0.0,7139000000.0,2880000000.0,4259000000.0,11160912184.0,860000000.0,-6000000.0,-36000000.0,192000000.0,-7000000.0,152000000.0,-156000000.0,257000000.0,864000000.0,0.0,59000000.0,59000000.0,59000000.0,0.0,0.0,0.035,1041000000.0,81000000.0,471000000.0,0.05,1.825,45.004,45.935,9010000000.0,0.0,14.24,1.664,1.664,334000000.0,4138000000.0,1663000000.0,1663000000.0,0.0,,,,,14000000.0,660000000.0,1.0,783771923.0,784000000.0,802000000.0,2.121,13254000000.0,0.0,30000000.0,1975000000.0,16.906,355000000.0
66,LUV,MRQ,2004-12-31,2004-12-31,2004-12-31,2021-09-07,417000000.0,11337000000.0,,2172000000.0,9165000000.0,,7.086,-341000000.0,1048000000.0,1048000000.0,545000000.0,-43000000.0,1.014,1.052,1846000000.0,146000000.0,1700000000.0,1846000000.0,0.0,113000000.0,0.0,0.001,0.004,-36000000.0,77000000.0,0.047,77000000.0,-36000000.0,-62000000.0,-0.06,-0.05,-0.06,5524000000.0,,5524000000.0,12738617524.0,30.0,14.847,-481000000.0,-0.617,1.0,1110000000.0,0.671,0.0,26000000.0,9993000000.0,,137000000.0,257000000.0,257000000.0,0.0,5813000000.0,2142000000.0,3671000000.0,12691617524.0,-483000000.0,-74000000.0,36000000.0,-73000000.0,0.0,-15000000.0,-328000000.0,88000000.0,-140000000.0,0.0,-43000000.0,-43000000.0,-43000000.0,0.0,0.0,-0.026,1141000000.0,-31000000.0,420000000.0,-0.067,2.298,59.031,60.296,8723000000.0,0.0,16.28,1.944,1.944,248000000.0,4089000000.0,1655000000.0,1655000000.0,0.0,,,,,112000000.0,755000000.0,1.0,779583386.0,779583386.0,,2.123,11337000000.0,0.0,-19000000.0,1610000000.0,14.542,30000000.0
67,LUV,MRQ,2004-09-30,2004-09-30,2004-09-30,2021-09-07,520000000.0,11731000000.0,,2872000000.0,8859000000.0,,7.047,-496000000.0,1876000000.0,1876000000.0,509000000.0,119000000.0,1.194,1.131,1923000000.0,317000000.0,1606000000.0,1923000000.0,0.0,108000000.0,0.0,0.001,0.004,202000000.0,310000000.0,0.185,310000000.0,202000000.0,181000000.0,0.15,0.15,0.15,5504000000.0,,5504000000.0,10550278595.0,18.0,10.54,-136000000.0,-0.174,1.0,1165000000.0,0.696,0.0,21000000.0,9373000000.0,,112000000.0,0.0,0.0,0.0,6227000000.0,2405000000.0,3822000000.0,10762278595.0,124000000.0,0.0,-98000000.0,349000000.0,-4000000.0,244000000.0,-480000000.0,16000000.0,360000000.0,0.0,119000000.0,119000000.0,119000000.0,0.0,0.0,0.071,974000000.0,191000000.0,418000000.0,0.027,1.955,33.217,34.05,8444000000.0,0.0,13.62,1.684,1.664,252000000.0,4084000000.0,1674000000.0,1674000000.0,0.0,,,,,0.0,612000000.0,1.0,790181982.0,781000000.0,812000000.0,2.143,11731000000.0,0.0,62000000.0,1860000000.0,15.02,467000000.0
68,LUV,MRQ,2004-06-30,2004-06-30,2004-06-30,2021-09-07,287000000.0,10813000000.0,,2471000000.0,8342000000.0,,6.702,-511000000.0,1768000000.0,1768000000.0,513000000.0,113000000.0,1.07,1.058,1556000000.0,317000000.0,1239000000.0,1556000000.0,0.0,107000000.0,0.0,0.001,0.004,201000000.0,308000000.0,0.179,308000000.0,201000000.0,179000000.0,0.14,0.14,0.14,5254000000.0,,5254000000.0,13004351838.0,23.0,13.27,-81000000.0,-0.103,1.0,1203000000.0,0.701,0.0,22000000.0,8292000000.0,,108000000.0,0.0,0.0,0.0,5559000000.0,2309000000.0,3250000000.0,13251351838.0,-75000000.0,0.0,16000000.0,16000000.0,-4000000.0,25000000.0,-530000000.0,-19000000.0,430000000.0,0.0,113000000.0,113000000.0,113000000.0,0.0,0.0,0.066,1006000000.0,197000000.0,464000000.0,0.029,2.522,42.609,43.0,8072000000.0,0.0,16.77,2.113,2.097,222000000.0,3979000000.0,1716000000.0,1716000000.0,0.0,,,,,0.0,622000000.0,1.0,790181982.0,784000000.0,817000000.0,2.189,10813000000.0,0.0,66000000.0,1649000000.0,13.792,162000000.0
69,LUV,MRQ,2004-03-31,2004-03-31,2004-03-31,2021-09-07,184000000.0,10271000000.0,,2400000000.0,7871000000.0,,6.401,-360000000.0,1824000000.0,1824000000.0,492000000.0,26000000.0,1.1,1.044,1577000000.0,307000000.0,1270000000.0,1577000000.0,0.0,103000000.0,0.0,0.001,0.004,60000000.0,163000000.0,0.11,163000000.0,60000000.0,41000000.0,0.03,0.03,0.03,5025000000.0,,5025000000.0,10890241534.0,14.0,9.175,57000000.0,0.073,1.0,992000000.0,0.668,0.0,19000000.0,7843000000.0,,105000000.0,0.0,0.0,0.0,5246000000.0,2181000000.0,3065000000.0,11217241534.0,-2000000.0,0.0,-112000000.0,22000000.0,-7000000.0,-98000000.0,-321000000.0,39000000.0,417000000.0,0.0,26000000.0,26000000.0,26000000.0,0.0,0.0,0.018,946000000.0,46000000.0,443000000.0,0.133,2.232,25.264,24.93,7683000000.0,0.0,14.21,1.848,1.838,178000000.0,3896000000.0,1484000000.0,1484000000.0,0.0,,,,,0.0,589000000.0,1.0,789390678.0,785000000.0,817000000.0,1.89,10271000000.0,0.0,15000000.0,1476000000.0,13.084,219000000.0
70,LUV,MRQ,2003-12-31,2003-12-31,2003-12-31,2021-09-07,122000000.0,9878000000.0,,2313000000.0,7565000000.0,,6.453,-383000000.0,1865000000.0,1865000000.0,465000000.0,66000000.0,1.342,0.955,1538000000.0,206000000.0,1332000000.0,1538000000.0,0.0,99000000.0,0.0,0.001,0.004,121000000.0,220000000.0,0.145,220000000.0,121000000.0,101000000.0,0.08,0.08,0.08,5052000000.0,,5052000000.0,12103521447.0,15.0,10.231,-93000000.0,-0.119,1.0,1052000000.0,0.693,0.0,20000000.0,7828000000.0,,93000000.0,0.0,0.0,0.0,4826000000.0,1723000000.0,3103000000.0,12636521447.0,-550000000.0,0.0,32000000.0,-109000000.0,0.0,-76000000.0,-764000000.0,0.0,290000000.0,0.0,66000000.0,66000000.0,66000000.0,0.0,0.0,0.044,941000000.0,111000000.0,405000000.0,0.05,2.501,28.589,28.821,7443000000.0,0.0,16.14,2.128,2.128,132000000.0,3883000000.0,1517000000.0,1517000000.0,0.0,,,,,41000000.0,567000000.0,1.0,782931936.0,782931936.0,,1.938,9878000000.0,0.0,35000000.0,1420000000.0,12.617,590000000.0
71,LUV,MRQ,2003-09-30,2003-09-30,2003-09-30,2021-09-07,,,,,,,,-337000000.0,,,466000000.0,106000000.0,,,,,,,,97000000.0,,0.001,0.004,192000000.0,289000000.0,0.186,289000000.0,192000000.0,171000000.0,0.14,0.13,0.14,,,,13324895267.0,17.0,11.633,-196000000.0,-0.25,1.0,1087000000.0,0.7,,21000000.0,,,,,,,,,,13857895267.0,-170000000.0,0.0,30000000.0,-1000000.0,-4000000.0,26000000.0,-337000000.0,0.0,141000000.0,0.0,106000000.0,106000000.0,106000000.0,0.0,0.0,0.068,902000000.0,185000000.0,,0.029,,33.119,32.778,,0.0,17.7,2.381,2.384,,,1553000000.0,1553000000.0,0.0,,,,,0.0,554000000.0,1.0,782931936.0,784000000.0,827000000.0,1.981,,,65000000.0,,,
72,LUV,MRQ,2003-06-30,2003-06-30,2003-06-30,2021-09-07,74000000.0,9638000000.0,,2581000000.0,7057000000.0,,6.073,-325000000.0,2204000000.0,2204000000.0,435000000.0,246000000.0,1.557,1.035,1671000000.0,132000000.0,1539000000.0,1671000000.0,0.0,95000000.0,0.0,0.001,0.004,420000000.0,515000000.0,0.34,515000000.0,420000000.0,397000000.0,0.32,0.3,0.32,4737000000.0,,4737000000.0,13187030378.0,18.0,10.377,313000000.0,0.401,1.0,1080000000.0,0.713,0.0,23000000.0,7447000000.0,,87000000.0,0.0,0.0,0.0,4901000000.0,1658000000.0,3243000000.0,13397030378.0,315000000.0,0.0,20000000.0,-14000000.0,-4000000.0,2000000.0,-325000000.0,0.0,638000000.0,0.0,246000000.0,246000000.0,246000000.0,0.0,0.0,0.162,940000000.0,140000000.0,341000000.0,0.013,2.828,34.589,34.4,6950000000.0,0.0,17.2,2.368,2.371,128000000.0,3718000000.0,1515000000.0,1515000000.0,0.0,,,,,0.0,587000000.0,1.0,778897115.0,780000000.0,820000000.0,1.942,9638000000.0,0.0,151000000.0,1399000000.0,12.356,923000000.0
73,LUV,MRQ,2003-03-31,2003-03-31,2003-03-31,2021-09-07,59000000.0,9104000000.0,,2276000000.0,6828000000.0,,5.731,-193000000.0,1889000000.0,1889000000.0,449000000.0,24000000.0,1.47,1.042,1679000000.0,132000000.0,1547000000.0,1679000000.0,0.0,93000000.0,0.0,0.001,0.004,65000000.0,158000000.0,0.117,158000000.0,65000000.0,39000000.0,0.03,0.03,0.03,4459000000.0,,4459000000.0,11020762158.0,22.0,10.619,74000000.0,0.095,1.0,902000000.0,0.668,0.0,26000000.0,7346000000.0,,95000000.0,0.0,0.0,0.0,4645000000.0,1548000000.0,3097000000.0,11152879158.0,74000000.0,0.0,12000000.0,-6000000.0,-7000000.0,-1000000.0,-193000000.0,0.0,267000000.0,0.0,24000000.0,24000000.0,24000000.0,0.0,0.0,0.018,856000000.0,46000000.0,367000000.0,0.133,2.501,45.837,46.323,6734000000.0,0.0,14.36,1.986,1.989,159000000.0,3476000000.0,1351000000.0,1351000000.0,0.0,,,,,0.0,516000000.0,1.0,776662894.0,778000000.0,808000000.0,1.737,9104000000.0,0.0,15000000.0,1243000000.0,11.702,728000000.0
74,LUV,MRQ,2002-12-31,2002-12-31,2002-12-31,2021-09-07,54000000.0,8954000000.0,,2232000000.0,6722000000.0,,5.708,-230521000.0,1815000000.0,1815000000.0,427588000.0,42430000.0,1.556,1.025,1684000000.0,131000000.0,1553000000.0,1684000000.0,0.0,92814000.0,0.0,0.001,0.004,90654000.0,183468000.0,0.131,183468000.0,90654000.0,64242000.0,0.05,0.05,0.05,4422000000.0,,4422000000.0,10514493174.0,21.0,12.298,-116871000.0,-0.151,1.0,973180000.0,0.695,0.0,26412000.0,7389000000.0,,86000000.0,0.0,0.0,0.0,4532000000.0,1434000000.0,3098000000.0,10767592174.0,-129170000.0,0.0,0.0,0.0,0.0,0.0,-233299000.0,364976000.0,113650000.0,0.0,42430000.0,42430000.0,42430000.0,0.0,0.0,0.03,885685000.0,87495000.0,362000000.0,0.08,2.435,44.679,44.839,6646000000.0,0.0,13.9,1.95,1.95,175000000.0,3455000000.0,1400768000.0,1400768000.0,0.0,,,,,38000000.0,519992000.0,1.0,774646919.0,774646919.0,,1.808,8954000000.0,0.0,21812000.0,1227000000.0,11.559,798000000.0
75,LUV,MRQ,2002-09-30,2002-09-30,2002-09-30,2021-09-07,48388000.0,8954281000.0,,2360628000.0,6593653000.0,,5.59,-119273000.0,1944031000.0,1944031000.0,434675000.0,74887000.0,1.639,1.071,1690932000.0,30025000.0,1660907000.0,1690932000.0,0.0,263186000.0,0.0,0.001,0.004,151171000.0,414357000.0,0.298,414357000.0,151171000.0,124324000.0,0.1,0.09,0.1,4322783000.0,,4322783000.0,9667808984.0,18.0,9.268,-98972000.0,-0.128,1.0,956516000.0,0.688,0.0,26847000.0,7261302000.0,,79226000.0,0.0,0.0,0.0,4631498000.0,1439880000.0,3191618000.0,10094277984.0,-173804000.0,0.0,0.0,0.0,0.0,0.0,-116495000.0,0.0,20301000.0,0.0,74887000.0,74887000.0,74887000.0,0.0,0.0,0.054,865375000.0,91141000.0,371253000.0,0.04,2.335,38.639,38.412,6519781000.0,0.0,13.06,1.884,1.885,125161000.0,3416542000.0,1391191000.0,1391191000.0,0.0,,,,,0.0,510106000.0,1.0,772915619.0,773353000.0,804605000.0,1.799,8954281000.0,46441000.0,49437000.0,1232760000.0,11.579,920748000.0
76,LUV,MRQ,2002-06-30,2002-06-30,2002-06-30,2021-09-07,30489000.0,9048021000.0,,2473009000.0,6575012000.0,,5.471,-144000000.0,2117835000.0,2117835000.0,425000000.0,102000000.0,1.466,1.142,1691366000.0,29917000.0,1661449000.0,1691366000.0,0.0,86000000.0,0.0,0.001,0.004,196000000.0,282000000.0,0.191,282000000.0,196000000.0,169000000.0,0.13,0.13,0.13,4223578000.0,,4223578000.0,12098860326.0,19.0,10.74,149000000.0,0.193,1.0,1048000000.0,0.711,0.0,27000000.0,6934413000.0,,69875000.0,0.0,0.0,0.0,4824443000.0,1687139000.0,3137304000.0,12470421326.0,4000000.0,0.0,11000000.0,-50000000.0,-4000000.0,-145000000.0,-144000000.0,0.0,293000000.0,0.0,102000000.0,102000000.0,102000000.0,0.0,0.0,0.069,859000000.0,189000000.0,383754000.0,0.031,2.953,36.969,36.727,6505515000.0,0.0,16.16,2.352,2.353,129840000.0,3345137000.0,1473000000.0,1473000000.0,0.0,,,,,0.0,501000000.0,1.0,771684488.0,772000000.0,809000000.0,1.908,9048021000.0,46440000.0,67000000.0,1174223000.0,11.72,785870000.0
77,LUV,MRQ,2002-03-31,2002-03-31,2002-03-31,2021-09-07,26976000.0,8968778000.0,,2445300000.0,6523478000.0,,5.346,-109000000.0,2113523000.0,2113523000.0,397000000.0,21000000.0,1.403,1.182,1741962000.0,39983000.0,1701979000.0,1741962000.0,0.0,85000000.0,0.0,0.001,0.004,61000000.0,146000000.0,0.116,146000000.0,61000000.0,35000000.0,0.03,0.03,0.03,4111119000.0,,4111119000.0,14398935676.0,19.0,12.537,-16000000.0,-0.021,1.0,860000000.0,0.684,0.0,26000000.0,6854030000.0,,73181000.0,0.0,0.0,0.0,4857659000.0,1743187000.0,3114472000.0,14837071676.0,-166000000.0,0.0,20000000.0,-95000000.0,-7000000.0,-150000000.0,-109000000.0,0.0,93000000.0,0.0,21000000.0,21000000.0,21000000.0,0.0,0.0,0.017,811000000.0,49000000.0,410458000.0,0.133,3.609,36.104,35.833,6458870000.0,0.0,19.35,2.756,2.764,133136000.0,3246314000.0,1257000000.0,1257000000.0,0.0,,,,,0.0,462000000.0,1.0,766773730.0,769000000.0,811000000.0,1.635,8968778000.0,46400000.0,14000000.0,1109750000.0,11.663,702113000.0
78,LUV,MRQ,2001-12-31,2001-12-31,2001-12-31,2021-09-07,-31538000.0,8997141000.0,,2520219000.0,6476922000.0,,5.245,-331205000.0,2279861000.0,2279861000.0,386860000.0,63358000.0,1.126,1.241,1841725000.0,514567000.0,1327158000.0,1841725000.0,0.0,80373000.0,0.0,0.001,0.004,120434000.0,200807000.0,0.162,200807000.0,120434000.0,98177000.0,0.08,0.08,0.08,4014053000.0,,4014053000.0,13895957039.0,15.0,11.428,-96365000.0,-0.126,1.0,850613000.0,0.687,0.0,22257000.0,6319820000.0,,70561000.0,0.0,0.0,0.0,4983088000.0,2239185000.0,2743903000.0,14143578039.0,790604000.0,0.0,14737000.0,610792000.0,440000.0,886969000.0,-1381031000.0,0.0,234840000.0,0.0,63358000.0,63358000.0,63358000.0,0.0,0.0,0.051,814618000.0,35995000.0,504831000.0,0.05,3.524,27.678,27.582,6445487000.0,0.0,18.48,2.546,2.546,71283000.0,3228408000.0,1237473000.0,1237473000.0,0.0,,,,,23255000.0,471780000.0,1.0,765345132.0,765345132.0,,1.617,8997141000.0,46400000.0,34819000.0,1058143000.0,11.756,281034000.0
79,LUV,MRQ,2001-09-30,2001-09-30,2001-09-30,2021-09-07,1361000.0,7994926000.0,,1752466000.0,6242460000.0,,5.171,-206034000.0,1489391000.0,1489391000.0,422995000.0,150964000.0,0.909,1.024,1241770000.0,490154000.0,751616000.0,1241770000.0,0.0,237627000.0,0.0,0.001,0.004,260141000.0,497768000.0,0.373,497768000.0,260141000.0,245870000.0,0.2,0.19,0.2,3949660000.0,,3949660000.0,11223639128.0,11.0,7.178,139306000.0,0.182,1.0,912130000.0,0.683,0.0,14271000.0,5819585000.0,,78466000.0,0.0,0.0,0.0,4045266000.0,1927720000.0,2117546000.0,11328883128.0,521044000.0,0.0,0.0,0.0,0.0,0.0,843792000.0,0.0,345340000.0,0.0,150964000.0,150964000.0,150964000.0,0.0,0.0,0.113,819144000.0,92986000.0,397310000.0,0.02,2.868,18.809,18.55,6207858000.0,0.0,14.84,1.958,1.959,95285000.0,3168340000.0,1335125000.0,1335125000.0,0.0,,,,,30745000.0,463747000.0,1.0,763401828.0,763811000.0,806860000.0,1.748,7994926000.0,28191000.0,94906000.0,1099151000.0,10.467,-175254000.0
80,LUV,MRQ,2001-06-30,2001-06-30,2001-06-30,2021-09-07,31916000.0,7468658000.0,,1329367000.0,6139291000.0,,5.014,-206433000.0,968347000.0,968347000.0,435974000.0,175633000.0,0.816,0.954,863103000.0,110501000.0,752602000.0,863103000.0,0.0,0.0,0.0,0.001,0.004,303911000.0,303911000.0,0.196,303911000.0,303911000.0,287451000.0,0.23,0.22,0.23,3821554000.0,,3821554000.0,14262929708.0,13.0,10.302,277789000.0,0.364,1.0,1117811000.0,0.719,0.0,16460000.0,5734099000.0,,79570000.0,0.0,0.0,0.0,3647104000.0,1629315000.0,2017789000.0,14082785708.0,283669000.0,0.0,11127000.0,-1815000.0,-3432000.0,5880000.0,-206433000.0,0.0,484222000.0,0.0,175633000.0,175633000.0,175633000.0,0.0,0.0,0.113,826949000.0,290862000.0,336029000.0,0.017,3.685,22.155,21.753,6104712000.0,0.0,18.49,2.375,2.377,153511000.0,3020813000.0,1553785000.0,1553785000.0,0.0,,,,,0.0,473042000.0,1.0,761643359.0,762139000.0,806524000.0,2.039,7468658000.0,28191000.0,111818000.0,1011655000.0,9.8,-299948000.0
81,LUV,MRQ,2001-03-31,2001-03-31,2001-03-31,2021-09-07,35795000.0,7065853000.0,,1044414000.0,6021439000.0,,4.791,-254328000.0,684678000.0,684678000.0,426171000.0,121045000.0,0.702,0.94,864822000.0,110136000.0,754686000.0,864822000.0,0.0,0.0,0.0,0.001,0.004,213514000.0,213514000.0,0.149,213514000.0,213514000.0,196502000.0,0.16,0.15,0.16,3642106000.0,,3642106000.0,13793126662.0,12.0,9.79,166270000.0,0.219,1.0,1002446000.0,0.702,0.0,17012000.0,5757576000.0,,78817000.0,0.0,0.0,0.0,3423747000.0,1488421000.0,1935326000.0,13446377662.0,161683000.0,0.0,7002000.0,-5019000.0,-6570000.0,-4587000.0,-254328000.0,0.0,420598000.0,0.0,121045000.0,121045000.0,121045000.0,0.0,0.0,0.085,792289000.0,210157000.0,316112000.0,0.025,3.692,20.667,20.17,5986501000.0,0.0,17.75,2.304,2.312,144467000.0,2858932000.0,1428617000.0,1428617000.0,0.0,,,,,0.0,447431000.0,1.0,757542404.0,760225000.0,807744000.0,1.879,7065853000.0,28132000.0,75457000.0,910758000.0,9.294,-444007000.0
82,LUV,MRQ,2000-12-31,2000-12-31,2000-12-31,2021-09-07,0.0,6669572000.0,,831536000.0,5838036000.0,,4.585,-335137000.0,522995000.0,522995000.0,424401000.0,154661000.0,0.64,0.932,869744000.0,108752000.0,760992000.0,869744000.0,0.0,281276000.0,0.0,0.001,0.004,267213000.0,548489000.0,0.374,548489000.0,267213000.0,249453000.0,0.21,0.19,0.21,3451320000.0,,3451320000.0,17117739594.0,16.0,12.714,-79985000.0,-0.106,1.0,1043003000.0,0.711,0.0,17760000.0,5717918000.0,,80564000.0,0.0,0.0,0.0,3218252000.0,1298403000.0,1919849000.0,16827080594.0,-57613000.0,0.0,23992000.0,-1620000.0,0.0,22372000.0,-335137000.0,0.0,255152000.0,0.0,154661000.0,154661000.0,154661000.0,0.0,0.0,0.105,791933000.0,251070000.0,312716000.0,0.019,4.876,27.901,27.597,5819725000.0,0.0,22.353,2.978,2.978,138070000.0,2902007000.0,1467404000.0,1467404000.0,0.0,,,,,61677000.0,443177000.0,1.0,752777241.0,752777241.0,,1.949,6669572000.0,28005000.0,94792000.0,852865000.0,8.86,-466867000.0
83,LUV,MRQ,2000-09-30,2000-09-30,2000-09-30,2021-09-07,0.0,6447657000.0,,859872000.0,5587785000.0,,4.288,-303487000.0,580608000.0,580608000.0,413003000.0,184298000.0,0.621,1.008,871267000.0,108655000.0,762612000.0,871267000.0,0.0,0.0,0.0,0.001,0.004,318537000.0,318537000.0,0.215,318537000.0,318537000.0,301073000.0,0.25,0.23,0.25,3210520000.0,,3210520000.0,12325605474.0,13.0,10.155,-71891000.0,-0.096,1.0,1065831000.0,0.721,0.0,17464000.0,5354416000.0,,82053000.0,0.0,0.0,0.0,3237137000.0,1383900000.0,1853237000.0,12090259474.0,-56042000.0,0.0,19408000.0,-828000.0,-2731000.0,15849000.0,-303487000.0,0.0,231596000.0,0.0,184298000.0,184298000.0,184298000.0,0.0,0.0,0.125,765722000.0,300109000.0,213065000.0,0.016,3.766,22.297,22.055,5568491000.0,0.0,16.167,2.245,2.247,121049000.0,2781941000.0,1478834000.0,1478834000.0,0.0,,,,,0.0,436776000.0,1.0,747851102.0,748649000.0,796548000.0,1.975,6447657000.0,21831000.0,116775000.0,842739000.0,8.612,-524028000.0
84,LUV,MRQ,2000-06-30,2000-06-30,2000-06-30,2021-09-07,0.0,6259424000.0,,899190000.0,5360234000.0,,4.035,-304210000.0,636650000.0,636650000.0,401924000.0,190622000.0,0.678,1.08,871996000.0,3875000.0,868121000.0,871996000.0,0.0,0.0,0.0,0.001,0.004,328307000.0,328307000.0,0.225,328307000.0,328307000.0,310865000.0,0.26,0.24,0.26,3009545000.0,,3009545000.0,9731288999.0,11.0,8.717,91763000.0,0.123,1.0,1058751000.0,0.725,0.0,17442000.0,5167613000.0,,70127000.0,0.0,0.0,0.0,3249879000.0,1327157000.0,1922722000.0,9398572999.0,94089000.0,0.0,8442000.0,-3379000.0,-2737000.0,2326000.0,-304210000.0,0.0,395973000.0,0.0,190622000.0,190622000.0,190622000.0,0.0,0.0,0.131,744193000.0,314558000.0,199442000.0,0.015,3.123,19.382,19.426,5347314000.0,0.0,12.627,1.827,1.831,117550000.0,2624070000.0,1460675000.0,1460675000.0,0.0,,,,,0.0,422247000.0,1.0,744343162.0,745943000.0,793069000.0,1.958,6259424000.0,21498000.0,120243000.0,818101000.0,8.391,-427967000.0
85,LUV,MRQ,2000-03-31,2000-03-31,2000-03-31,2021-09-07,0.0,5940033000.0,,805465000.0,5134568000.0,,3.772,-191810000.0,542561000.0,542561000.0,405002000.0,73512000.0,0.617,1.111,875277000.0,7254000.0,868023000.0,875277000.0,0.0,0.0,0.0,0.001,0.004,151065000.0,151065000.0,0.122,151065000.0,151065000.0,133842000.0,0.1,0.09,0.1,2813218000.0,,2813218000.0,10811939151.0,13.0,10.219,223755000.0,0.3,1.0,837645000.0,0.674,0.0,17223000.0,4966416000.0,,66534000.0,0.0,0.0,0.0,3126815000.0,1306333000.0,1820482000.0,10351168151.0,123742000.0,0.0,-90092000.0,-4411000.0,-5510000.0,-100013000.0,-191810000.0,0.0,415565000.0,0.0,73512000.0,73512000.0,73512000.0,0.0,0.0,0.059,682237000.0,155408000.0,209079000.0,0.04,3.679,22.899,23.238,5121529000.0,0.0,13.873,2.111,2.11,122123000.0,2456615000.0,1242647000.0,1242647000.0,0.0,,,,,0.0,381489000.0,1.0,746119761.0,745736000.0,789534000.0,1.666,5940033000.0,21355000.0,60330000.0,718424000.0,7.965,-500868000.0
86,LUV,MRQ,1999-12-31,1999-12-31,1999-12-31,2021-09-07,0.0,5653703000.0,,632595000.0,5021108000.0,,3.748,-265393000.0,418819000.0,418819000.0,365039000.0,93796000.0,0.658,0.994,879590000.0,7873000.0,871717000.0,879590000.0,0.0,248660000.0,0.0,0.001,0.004,167171000.0,415831000.0,0.345,415831000.0,167171000.0,152962000.0,0.123,0.117,0.123,2835788000.0,,2835788000.0,8494181099.0,10.0,7.891,-18468000.0,-0.024,1.0,839379000.0,0.697,0.0,14209000.0,5152418000.0,,65152000.0,0.0,0.0,0.0,2817915000.0,962056000.0,1855859000.0,8136547099.0,152131000.0,0.0,-84172000.0,254771000.0,0.0,170599000.0,-265393000.0,0.0,246925000.0,0.0,93796000.0,93796000.0,93796000.0,0.0,0.0,0.078,685214000.0,154165000.0,266735000.0,0.033,2.869,17.152,17.069,5008166000.0,0.0,10.753,1.718,1.718,75038000.0,2385854000.0,1204418000.0,1204418000.0,0.0,,,,,27683000.0,367128000.0,1.0,756653481.0,756653481.0,,1.592,5653703000.0,20929000.0,59166000.0,692342000.0,7.472,-329461000.0
87,LUV,MRQ,1999-09-30,1999-09-30,1999-09-30,2021-09-07,0.0,5317576000.0,,488474000.0,4829102000.0,,3.704,-333651000.0,266688000.0,266688000.0,355043000.0,126978000.0,0.488,0.898,624322000.0,6943000.0,617379000.0,624322000.0,0.0,0.0,0.0,0.001,0.004,221203000.0,221203000.0,0.179,221203000.0,221203000.0,207949000.0,0.167,0.16,0.167,2801241000.0,,2801241000.0,7793520652.0,9.0,7.333,-224321000.0,-0.297,1.0,880123000.0,0.713,0.0,13254000.0,4673883000.0,,53628000.0,0.0,0.0,0.0,2516335000.0,1001327000.0,1515008000.0,7656226652.0,-220947000.0,0.0,4380000.0,-706000.0,-300000.0,3374000.0,-333651000.0,0.0,109330000.0,0.0,126978000.0,126978000.0,126978000.0,0.0,0.0,0.103,673660000.0,206463000.0,170106000.0,0.024,2.733,15.918,15.998,4820899000.0,0.0,10.127,1.672,1.673,113039000.0,2294818000.0,1235166000.0,1235166000.0,0.0,,,,,0.0,375524000.0,1.0,756046082.0,756321000.0,803658000.0,1.633,5317576000.0,21477000.0,80971000.0,671175000.0,7.031,-512853000.0
88,LUV,MRQ,1999-06-30,1999-06-30,1999-06-30,2021-09-07,0.0,5282294000.0,,719012000.0,4563282000.0,,3.539,-279694000.0,487635000.0,487635000.0,298733000.0,157757000.0,0.649,0.976,624929000.0,7722000.0,617207000.0,624929000.0,0.0,0.0,0.0,0.001,0.004,269893000.0,269893000.0,0.221,269893000.0,269893000.0,256598000.0,0.207,0.193,0.207,2672955000.0,,2672955000.0,10668747176.0,13.0,10.007,82792000.0,0.11,1.0,921699000.0,0.755,0.0,13295000.0,4311819000.0,,60803000.0,0.0,0.0,0.0,2609339000.0,1107769000.0,1501570000.0,10446331176.0,82061000.0,0.0,7969000.0,-3159000.0,-5541000.0,-731000.0,-279694000.0,0.0,362486000.0,0.0,157757000.0,157757000.0,157757000.0,0.0,0.0,0.129,667368000.0,254331000.0,176701000.0,0.019,3.908,21.6,21.618,4558912000.0,0.0,13.836,2.354,2.354,116785000.0,2249814000.0,1220432000.0,1220432000.0,0.0,,,,,0.0,368573000.0,1.0,755035180.0,755296500.0,808588500.0,1.616,5282294000.0,21252000.0,98841000.0,664384000.0,6.994,-388757000.0
89,LUV,MRQ,1999-03-31,1999-03-31,1999-03-31,2021-09-07,0.0,4968871000.0,,619416000.0,4349455000.0,,3.339,-289096000.0,405574000.0,405574000.0,282948000.0,95847000.0,0.62,0.98,627990000.0,8922000.0,619068000.0,627990000.0,0.0,0.0,0.0,0.001,0.003,169489000.0,169489000.0,0.158,169489000.0,169489000.0,156102000.0,0.127,0.12,0.127,2509998000.0,,2509998000.0,10372569057.0,13.0,10.107,21556000.0,0.029,1.0,792623000.0,0.737,0.0,13387000.0,4192229000.0,,52108000.0,0.0,0.0,0.0,2458873000.0,999058000.0,1459815000.0,10115775057.0,27063000.0,0.0,17921000.0,-7413000.0,-5001000.0,5507000.0,-289096000.0,0.0,310652000.0,0.0,95847000.0,95847000.0,95847000.0,0.0,0.0,0.089,626006000.0,166617000.0,160987000.0,0.024,4.03,22.026,21.932,4345017000.0,0.0,13.444,2.354,2.352,116124000.0,2099876000.0,1075571000.0,1075571000.0,0.0,,,,,0.0,344012000.0,1.0,752413021.0,751731000.0,803884500.0,1.431,4968871000.0,20971000.0,60255000.0,592980000.0,6.61,-379642000.0
90,LUV,MRQ,1998-12-31,1998-12-31,1998-12-31,2021-09-07,0.0,4715996000.0,,574155000.0,4141841000.0,,3.168,-274104000.0,378511000.0,378511000.0,277555000.0,100385000.0,0.675,0.967,635305000.0,11996000.0,623309000.0,635305000.0,0.0,225212000.0,0.0,0.001,0.003,176998000.0,402210000.0,0.384,402210000.0,176998000.0,163453000.0,0.133,0.127,0.133,2397918000.0,,2397918000.0,7812536802.0,10.0,7.919,-80281000.0,-0.106,1.0,770101000.0,0.735,0.0,13545000.0,4122137000.0,,50035000.0,0.0,0.0,0.0,2318078000.0,850653000.0,1467425000.0,7632012802.0,-73673000.0,0.0,8590000.0,-1982000.0,0.0,6608000.0,-274104000.0,0.0,193823000.0,0.0,100385000.0,100385000.0,100385000.0,0.0,0.0,0.096,610650000.0,159451000.0,157415000.0,0.023,3.183,17.608,17.387,4137610000.0,0.0,10.084,1.833,1.833,88799000.0,2044975000.0,1047656000.0,1047656000.0,0.0,,,,,21584000.0,331517000.0,1.0,756810436.0,756810436.0,,1.384,4715996000.0,20734000.0,63068000.0,549207000.0,6.231,-276498000.0
91,LUV,MRQ,1998-09-30,1998-09-30,1998-09-30,2021-09-07,0.0,4586288000.0,,659203000.0,3927085000.0,,3.027,-201177000.0,452184000.0,452184000.0,280312000.0,129645000.0,0.736,1.02,632708000.0,10708000.0,622000000.0,632708000.0,0.0,0.0,0.0,0.001,0.004,224514000.0,224514000.0,0.205,224514000.0,224514000.0,211055000.0,0.173,0.16,0.173,2270672000.0,,2270672000.0,6870047910.0,9.0,7.428,-17289000.0,-0.023,1.0,814518000.0,0.744,0.0,13459000.0,3870603000.0,,48814000.0,0.0,0.0,0.0,2315616000.0,896209000.0,1419407000.0,6799408910.0,-114989000.0,0.0,-90167000.0,-4918000.0,-2615000.0,-97700000.0,-201177000.0,0.0,183888000.0,0.0,129645000.0,129645000.0,129645000.0,0.0,0.0,0.118,610599000.0,203919000.0,197378000.0,0.023,2.994,16.44,16.275,3923136000.0,0.0,9.0,1.662,1.65,109811000.0,1958087000.0,1094830000.0,1094830000.0,0.0,,,,,0.0,335654000.0,1.0,755489879.0,750019500.0,795513000.0,1.46,4586288000.0,19966000.0,81410000.0,549980000.0,6.115,-237006000.0
92,LUV,MRQ,1998-06-30,1998-06-30,1998-06-30,2021-09-07,0.0,4568608000.0,,777140000.0,3791468000.0,,2.966,-235843000.0,567173000.0,567173000.0,276043000.0,133393000.0,0.834,1.045,637812000.0,15196000.0,622616000.0,637812000.0,0.0,0.0,0.0,0.001,0.003,230108000.0,230108000.0,0.213,230108000.0,230108000.0,216547000.0,0.18,0.167,0.18,2233809000.0,,2233809000.0,6729073536.0,10.0,7.76,57312000.0,0.076,1.0,802798000.0,0.744,0.0,13561000.0,3707823000.0,,47242000.0,0.0,0.0,0.0,2334799000.0,931424000.0,1403375000.0,6596438536.0,60225000.0,0.0,7015000.0,-1870000.0,-2232000.0,2913000.0,-235843000.0,0.0,293155000.0,0.0,133393000.0,133393000.0,133393000.0,0.0,0.0,0.124,594250000.0,208548000.0,165468000.0,0.017,2.953,17.522,17.378,3787438000.0,0.0,8.759,1.651,1.652,112064000.0,1831057000.0,1078841000.0,1078841000.0,0.0,,,,,0.0,320539000.0,1.0,753145469.0,753246000.0,796666500.0,1.432,4568608000.0,19584000.0,83154000.0,528079000.0,6.065,-154284000.0
93,LUV,MRQ,1998-03-31,1998-03-31,1998-03-31,2021-09-07,0.0,4339211000.0,,721212000.0,3617999000.0,,2.794,-235972000.0,506948000.0,506948000.0,273936000.0,70008000.0,0.814,1.071,639583000.0,14808000.0,624775000.0,639583000.0,0.0,0.0,0.0,0.001,0.003,129768000.0,129768000.0,0.138,129768000.0,129768000.0,114057000.0,0.093,0.089,0.093,2095633000.0,,2095633000.0,6706962048.0,11.0,8.31,-20703000.0,-0.028,1.0,668717000.0,0.709,0.0,15711000.0,3585552000.0,,47918000.0,0.0,0.0,0.0,2243578000.0,886294000.0,1357284000.0,6580875048.0,-116395000.0,0.0,18834000.0,-110089000.0,-4437000.0,-95692000.0,-235972000.0,0.0,215269000.0,0.0,70008000.0,70008000.0,70008000.0,0.0,0.0,0.074,557024000.0,111693000.0,149706000.0,0.032,3.14,19.533,19.377,3613841000.0,0.0,8.759,1.699,1.697,116533000.0,1699896000.0,942653000.0,942653000.0,0.0,,,,,0.0,298232000.0,1.0,751368514.0,750093750.0,794101500.0,1.257,4339211000.0,19246000.0,44049000.0,475125000.0,5.785,-165082000.0
94,LUV,MRQ,1997-12-31,1997-12-31,1997-12-31,2021-09-07,0.0,4246160000.0,,806416000.0,3439744000.0,,2.697,-111413000.0,623343000.0,623343000.0,297162000.0,80555000.0,0.929,1.114,749430000.0,121324000.0,628106000.0,749430000.0,0.0,195568000.0,0.0,0.001,0.003,144927000.0,340495000.0,0.349,340495000.0,144927000.0,129345000.0,0.107,0.102,0.107,2009018000.0,,2009018000.0,5633978132.0,10.0,7.26,58291000.0,0.078,1.0,678431000.0,0.695,0.0,15582000.0,3503734000.0,,52376000.0,0.0,0.0,0.0,2237142000.0,868513000.0,1368629000.0,5436318132.0,69225000.0,0.0,13445000.0,-2483000.0,-28000.0,10934000.0,-111413000.0,0.0,169704000.0,0.0,80555000.0,80555000.0,80555000.0,0.0,0.0,0.083,549575000.0,128856000.0,160891000.0,0.028,2.706,17.108,17.091,3435693000.0,0.0,7.298,1.424,1.424,76530000.0,1632115000.0,975593000.0,975593000.0,0.0,,,,,0.0,295079000.0,1.0,744927880.0,744927880.0,,1.31,4246160000.0,18843000.0,48790000.0,438981000.0,5.7,-62097000.0
95,LUV,MRQ,1997-09-30,1997-09-30,1997-09-30,2021-09-07,0.0,4142034000.0,,756978000.0,3385056000.0,,2.579,-165040000.0,554118000.0,554118000.0,293860000.0,92511000.0,0.842,1.172,751778000.0,119635000.0,632143000.0,751778000.0,0.0,0.0,0.0,0.001,0.002,166815000.0,166815000.0,0.167,166815000.0,166815000.0,150387000.0,0.124,0.12,0.124,1907450000.0,,1907450000.0,4848181552.0,10.0,7.13,-38271000.0,-0.052,1.0,703381000.0,0.705,0.0,16428000.0,3441064000.0,,52281000.0,0.0,0.0,0.0,2234584000.0,898630000.0,1335954000.0,4672091552.0,-23666000.0,0.0,19903000.0,-3610000.0,-1688000.0,14605000.0,-165040000.0,0.0,126769000.0,0.0,92511000.0,92511000.0,92511000.0,0.0,0.0,0.093,551611000.0,151770000.0,164510000.0,0.016,2.449,17.605,17.038,3380934000.0,0.0,6.321,1.272,1.273,106000000.0,1553798000.0,997241000.0,997241000.0,0.0,,,,,0.0,293032000.0,1.0,739139484.0,739667250.0,770528250.0,1.348,4142034000.0,12303000.0,57876000.0,421132000.0,5.6,-141652000.0
96,LUV,MRQ,1997-06-30,1997-06-30,1997-06-30,2021-09-07,0.0,4035983000.0,,759200000.0,3276783000.0,,2.438,-296624000.0,577784000.0,577784000.0,275524000.0,93832000.0,0.829,1.246,753874000.0,116947000.0,636927000.0,753874000.0,0.0,0.0,0.0,0.002,0.002,170042000.0,170042000.0,0.178,170042000.0,170042000.0,153823000.0,0.127,0.124,0.127,1796723000.0,,1796723000.0,3872662303.0,9.0,6.166,-76020000.0,-0.103,1.0,681368000.0,0.712,0.0,16219000.0,3296597000.0,,49931000.0,0.0,0.0,0.0,2239260000.0,915476000.0,1323784000.0,3767694303.0,-74628000.0,0.0,4702000.0,-1628000.0,-1682000.0,1392000.0,-296624000.0,0.0,220604000.0,0.0,93832000.0,93832000.0,93832000.0,0.0,0.0,0.098,524961000.0,156407000.0,142340000.0,0.016,2.097,16.12,15.681,3272581000.0,0.0,5.112,1.056,1.056,88384000.0,1462974000.0,956892000.0,956892000.0,0.0,,,,,0.0,282637000.0,1.0,737015163.0,737062875.0,762145875.0,1.298,4035983000.0,12079000.0,59991000.0,422892000.0,5.476,-156276000.0
97,LUV,MRQ,1997-03-31,1997-03-31,1997-03-31,2021-09-07,0.0,3857245000.0,,823117000.0,3034128000.0,,2.311,-115850000.0,652412000.0,652412000.0,290706000.0,50874000.0,1.081,1.269,757380000.0,18192000.0,739188000.0,757380000.0,0.0,0.0,0.0,0.002,0.002,98626000.0,98626000.0,0.111,98626000.0,98626000.0,83401000.0,0.068,0.068,0.068,1699872000.0,,1699872000.0,3296978715.0,8.0,5.378,-22339000.0,-0.03,1.0,596389000.0,0.672,0.0,15225000.0,3200787000.0,,50171000.0,0.0,0.0,0.0,2157373000.0,761426000.0,1395947000.0,3216266715.0,70571000.0,0.0,2285000.0,93820000.0,-3195000.0,92910000.0,-115850000.0,0.0,93511000.0,0.0,50874000.0,50874000.0,50874000.0,0.0,0.0,0.057,509186000.0,87203000.0,143718000.0,0.029,1.892,14.281,14.147,3030049000.0,0.0,4.371,0.914,0.913,84493000.0,1370825000.0,887095000.0,887095000.0,0.0,,,,,0.0,265794000.0,1.0,735759161.0,735652125.0,754234875.0,1.206,3857245000.0,11796000.0,32527000.0,375530000.0,5.243,61691000.0
98,LUV,MRQ,1996-12-31,1996-12-31,1996-12-31,2021-09-07,0.0,3723479000.0,,750990000.0,2972489000.0,,2.245,-182181000.0,581841000.0,581841000.0,292220000.0,28160000.0,0.981,1.259,662553000.0,12327000.0,650226000.0,662553000.0,0.0,183470000.0,0.0,0.002,0.002,60984000.0,244454000.0,0.294,244454000.0,60984000.0,46357000.0,0.051,0.038,0.051,1648312000.0,,1648312000.0,3261094618.0,8.0,5.583,-12877000.0,-0.018,1.0,539621000.0,0.649,0.0,14627000.0,3038787000.0,,51094000.0,0.0,0.0,0.0,2075167000.0,765404000.0,1309763000.0,3190695618.0,-12189000.0,0.0,2280000.0,-1592000.0,0.0,688000.0,-182181000.0,0.0,169304000.0,0.0,28160000.0,28160000.0,28160000.0,0.0,0.0,0.034,491320000.0,48301000.0,214232000.0,0.039,1.936,15.389,15.302,2969223000.0,0.0,4.346,0.937,0.937,73440000.0,1321550000.0,831841000.0,831841000.0,0.0,,,,,0.0,249478000.0,1.0,734222571.0,734222571.0,,1.133,3723479000.0,11560000.0,18197000.0,349987000.0,5.071,-14414000.0
99,LUV,MRQ,1996-09-30,1996-09-30,1996-09-30,2021-09-07,0.0,3619515000.0,,773954000.0,2845561000.0,,2.115,-161503000.0,594030000.0,594030000.0,293922000.0,60858000.0,1.074,1.241,664429000.0,12183000.0,652246000.0,664429000.0,0.0,0.0,0.0,0.002,0.002,114960000.0,114960000.0,0.129,114960000.0,114960000.0,100243000.0,0.079,0.079,0.079,1615031000.0,,1615031000.0,3503283300.0,8.0,6.025,-79470000.0,-0.104,1.0,597570000.0,0.67,0.0,14717000.0,2969000000.0,,52397000.0,0.0,0.0,0.0,2004484000.0,720914000.0,1283570000.0,3314224300.0,115745000.0,0.0,1857000.0,-3047000.0,-1595000.0,195215000.0,-161503000.0,0.0,82033000.0,0.0,60858000.0,60858000.0,60858000.0,0.0,0.0,0.068,494636000.0,102934000.0,133144000.0,0.025,2.052,14.893,15.109,2842221000.0,0.0,4.518,0.997,1.038,84299000.0,1294982000.0,891492000.0,891492000.0,0.0,,,,,0.0,254798000.0,1.0,733636227.0,763465500.0,763465500.0,1.168,3619515000.0,11531000.0,39385000.0,332053000.0,4.741,53040000.0
100,LUV,MRQ,1996-06-30,1996-06-30,1996-06-30,2021-09-07,0.0,3571512000.0,,664553000.0,2906959000.0,,1.997,-201393000.0,478285000.0,478285000.0,273809000.0,85316000.0,0.876,1.298,667344000.0,11618000.0,655726000.0,667344000.0,0.0,0.0,0.0,0.001,0.002,155011000.0,155011000.0,0.17,155011000.0,155011000.0,139989000.0,0.111,0.111,0.111,1553911000.0,,1553911000.0,4305382141.0,10.0,7.226,20783000.0,0.027,1.0,636499000.0,0.699,0.0,15022000.0,3002274000.0,,49857000.0,0.0,0.0,0.0,2017601000.0,758297000.0,1259304000.0,3961351141.0,153605000.0,0.0,3912000.0,-1498000.0,-1592000.0,132822000.0,-201393000.0,0.0,222176000.0,0.0,85316000.0,85316000.0,85316000.0,0.0,0.0,0.094,494293000.0,142206000.0,107545000.0,0.018,2.549,17.269,17.5,2903518000.0,0.0,5.407,1.239,1.316,98963000.0,1235719000.0,910308000.0,910308000.0,0.0,,,,,0.0,258078000.0,1.0,732578636.0,777979688.0,777979688.0,1.17,3571512000.0,11289000.0,54673000.0,309961000.0,4.591,-93744000.0
101,LUV,MRQ,1996-03-31,1996-03-31,1996-03-31,2021-09-07,0.0,3369291000.0,,502960000.0,2866331000.0,,1.9,-132354000.0,324680000.0,324680000.0,256506000.0,33000000.0,0.738,1.298,668711000.0,11448000.0,657263000.0,668711000.0,0.0,0.0,0.0,0.001,0.002,69673000.0,69673000.0,0.09,69673000.0,69673000.0,54771000.0,0.043,0.043,0.043,1466272000.0,,1466272000.0,4598898959.0,12.0,8.261,9361000.0,0.012,1.0,516023000.0,0.668,0.0,14902000.0,3031396000.0,,47940000.0,0.0,0.0,0.0,1903019000.0,681926000.0,1221093000.0,4241735959.0,7317000.0,0.0,7543000.0,-6558000.0,-3029000.0,-2044000.0,-132354000.0,0.0,141715000.0,0.0,33000000.0,33000000.0,33000000.0,0.0,0.0,0.043,458630000.0,57393000.0,125891000.0,0.047,2.893,20.813,20.723,2862772000.0,0.0,5.802,1.403,1.48,97473000.0,1151992000.0,772529000.0,772529000.0,0.0,,,,,0.0,237365000.0,1.0,731022580.0,771540188.0,771540188.0,1.001,3369291000.0,10931000.0,21771000.0,293600000.0,4.367,-178966000.0
102,LUV,MRQ,1995-12-31,1995-12-31,1995-12-31,2021-09-07,0.0,3256122000.0,,473136000.0,2782986000.0,,1.959,-156502000.0,317363000.0,317363000.0,242152000.0,43359000.0,0.775,1.281,674526000.0,13516000.0,661010000.0,674526000.0,0.0,156771000.0,0.0,0.002,0.002,85089000.0,241860000.0,0.323,241860000.0,85089000.0,70090000.0,0.066,0.057,0.066,1427318000.0,,1427318000.0,3629454091.0,10.0,6.97,-47983000.0,-0.066,1.0,506420000.0,0.677,0.0,14999000.0,3002664000.0,,41032000.0,0.0,0.0,0.0,1828804000.0,610621000.0,1218183000.0,3310434091.0,-48394000.0,0.0,2218000.0,-2621000.0,-8000.0,-411000.0,-156502000.0,0.0,108519000.0,0.0,43359000.0,43359000.0,43359000.0,0.0,0.0,0.058,433821000.0,72599000.0,116530000.0,0.03,2.319,18.127,18.029,2779307000.0,0.0,4.543,1.152,1.152,79781000.0,1120581000.0,748572000.0,748572000.0,0.0,,,,,0.0,223569000.0,1.0,728655330.0,728655330.0,,1.027,3256122000.0,10476000.0,26731000.0,281650000.0,4.469,-137485000.0
103,LUV,MRQ,1995-09-30,1995-09-30,1995-09-30,2021-09-07,0.0,3248268000.0,,563932000.0,2684336000.0,,1.8,-213855000.0,365757000.0,365757000.0,233795000.0,67717000.0,0.872,1.35,684777000.0,13711000.0,671066000.0,684777000.0,0.0,0.0,0.0,0.002,0.002,129253000.0,129253000.0,0.169,129253000.0,129253000.0,114215000.0,0.089,0.089,0.089,1382138000.0,,1382138000.0,3899865364.0,12.0,8.356,-164135000.0,-0.214,1.0,531180000.0,0.694,0.0,15038000.0,2920523000.0,,38157000.0,0.0,0.0,0.0,1866130000.0,646765000.0,1219365000.0,3613387364.0,-35141000.0,0.0,3163000.0,-2731000.0,-1438000.0,128994000.0,-213855000.0,0.0,49720000.0,0.0,67717000.0,67717000.0,67717000.0,0.0,0.0,0.089,417082000.0,114098000.0,148062000.0,0.022,2.614,22.639,23.305,2680781000.0,0.0,4.964,1.314,1.386,120257000.0,1078661000.0,764975000.0,764975000.0,0.0,,,,,0.0,223585000.0,1.0,727925727.0,767712938.0,767712938.0,0.996,3248268000.0,0.0,46498000.0,276928000.0,4.231,-82833000.0
104,LUV,MRQ,1995-06-30,1995-06-30,1995-06-30,2021-09-07,0.0,3192508000.0,,567120000.0,2625388000.0,,1.76,-157012000.0,400898000.0,400898000.0,222968000.0,59724000.0,0.823,1.432,687376000.0,13396000.0,673980000.0,687376000.0,0.0,0.0,0.0,0.002,0.002,115888000.0,115888000.0,0.157,115888000.0,115888000.0,100801000.0,0.081,0.081,0.081,1312698000.0,,1312698000.0,3944712248.0,13.0,8.811,36780000.0,0.049,1.0,515237000.0,0.698,0.0,15087000.0,2789754000.0,,39760000.0,0.0,0.0,0.0,1879810000.0,689232000.0,1190578000.0,3428671248.0,228149000.0,0.0,2770000.0,-1615000.0,-1436000.0,191369000.0,-157012000.0,0.0,193792000.0,0.0,59724000.0,59724000.0,59724000.0,0.0,0.0,0.081,411812000.0,103425000.0,141772000.0,0.025,2.612,22.78,23.237,2622328000.0,0.0,4.717,1.284,1.318,93426000.0,1012384000.0,738205000.0,738205000.0,0.0,,,,,0.0,217258000.0,1.0,726869690.0,745949250.0,745949250.0,0.99,3192508000.0,0.0,41077000.0,274006000.0,4.28,-122112000.0
105,LUV,MRQ,1995-03-31,1995-03-31,1995-03-31,2021-09-07,0.0,3007752000.0,,337352000.0,2670400000.0,,1.687,-201274000.0,172749000.0,172749000.0,213797000.0,11826000.0,0.556,1.403,688790000.0,12841000.0,675949000.0,688790000.0,0.0,0.0,0.0,0.002,0.002,33720000.0,33720000.0,0.054,33720000.0,33720000.0,20034000.0,0.016,0.016,0.016,1251640000.0,,1251640000.0,2981374762.0,10.0,6.743,-96863000.0,-0.131,1.0,407202000.0,0.656,0.0,13686000.0,2916594000.0,,36927000.0,0.0,0.0,0.0,1756112000.0,607199000.0,1148913000.0,2563288762.0,-1789000.0,0.0,2542000.0,95399000.0,-2867000.0,95074000.0,-201274000.0,0.0,104411000.0,0.0,11826000.0,11826000.0,11826000.0,0.0,0.0,0.019,383793000.0,23409000.0,137843000.0,0.125,2.048,17.168,17.571,2666602000.0,0.0,3.532,0.988,1.01,96589000.0,954096000.0,620999000.0,620999000.0,0.0,,,,,0.0,203572000.0,1.0,725763387.0,741818250.0,741818250.0,0.837,3007752000.0,9822000.0,8208000.0,238932000.0,4.055,-269847000.0
106,LUV,MRQ,1994-12-31,1994-12-31,1994-12-31,2021-09-07,0.0,2823071000.0,,314898000.0,2508173000.0,,1.707,-174703000.0,174538000.0,174538000.0,212286000.0,20343000.0,0.603,1.279,592624000.0,9553000.0,583071000.0,592624000.0,0.0,139045000.0,0.0,0.002,0.002,48835000.0,187880000.0,0.3,187880000.0,48835000.0,35701000.0,0.028,,0.028,1238706000.0,,1238706000.0,,,,-96288000.0,-0.133,1.0,413890000.0,0.661,0.0,13134000.0,2718887000.0,,37565000.0,0.0,0.0,0.0,1584365000.0,522270000.0,1062095000.0,2401291206.0,-96376000.0,0.0,2046000.0,-702000.0,-1432000.0,-88000.0,-174703000.0,0.0,78415000.0,0.0,20343000.0,20343000.0,20343000.0,0.0,0.0,0.032,376771000.0,37119000.0,117599000.0,0.071,1.939,13.39,13.729,2504963000.0,0.0,3.309,0.926,0.926,75692000.0,943704000.0,626176000.0,626176000.0,0.0,,,,,0.0,192386000.0,1.0,725763387.0,725763387.0,,0.863,2823071000.0,9822000.0,15358000.0,232850000.0,3.89,-207372000.0
107,LUV,MRQ,1994-09-30,1994-09-30,1994-09-30,2021-09-07,,,,,,,,-240485000.0,,,201528000.0,58619000.0,,,,,,,,0.0,,0.002,0.002,110230000.0,110230000.0,0.161,110230000.0,110230000.0,97128000.0,0.079,0.079,0.079,,,,,,,-158388000.0,-0.212,1.0,483761000.0,0.706,,13102000.0,,,,,,,,,,,154347000.0,0.0,2032000.0,-2865000.0,-1432000.0,312735000.0,-240485000.0,0.0,82097000.0,0.0,58619000.0,58619000.0,58619000.0,0.0,0.0,0.086,382051000.0,101710000.0,,0.025,,,,,0.0,4.444,,,,,685289000.0,685289000.0,0.0,,,,,0.0,195799000.0,1.0,,745807500.0,745807500.0,0.919,,,38509000.0,,,
108,LUV,MRQ,1994-06-30,1994-06-30,1994-06-30,2021-09-07,,,,,,,,-252196000.0,,,185324000.0,58522000.0,,,,,,,,0.0,,0.002,0.002,110309000.0,110309000.0,0.167,110309000.0,110309000.0,97156000.0,0.079,0.079,0.079,,,,,,,-122636000.0,-0.164,1.0,475732000.0,0.72,,13153000.0,,,,,,,,,,,-123682000.0,0.0,2021000.0,-1637000.0,-1430000.0,-1046000.0,-252196000.0,0.0,129560000.0,0.0,58522000.0,58522000.0,58522000.0,0.0,0.0,0.089,373898000.0,101834000.0,,0.025,,,,,0.0,5.185,,,,,661056000.0,661056000.0,0.0,,,,,0.0,189923000.0,1.0,,746080875.0,746080875.0,0.886,,,38634000.0,,,
109,LUV,MRQ,1994-03-31,1994-03-31,1994-03-31,2021-09-07,,,,,,,,-121265000.0,,,191821000.0,41847000.0,,,,,,,,0.0,,0.001,0.002,83517000.0,83517000.0,0.135,83517000.0,83517000.0,69538000.0,0.055,0.055,0.055,,,,,,,1329000.0,0.002,1.0,427591000.0,0.69,,13979000.0,,,,,,,,,,,-55322000.0,0.0,2644000.0,-57867000.0,-1428000.0,-56651000.0,-121265000.0,0.0,122594000.0,0.0,41847000.0,41847000.0,41847000.0,0.0,0.0,0.068,351545000.0,76046000.0,,0.036,,,,,0.0,6.469,,,,,619412000.0,619412000.0,0.0,,,,,0.0,177915000.0,1.0,,747225000.0,747225000.0,0.829,,,27691000.0,,,
110,LUV,MRQ,1993-12-31,1993-12-31,1993-12-31,2021-09-07,0.0,2576037000.0,,432024000.0,2144013000.0,,,,295571000.0,295571000.0,,,0.903,1.444,655204000.0,16068000.0,639136000.0,655204000.0,0.0,,0.0,0.001,0.002,,,,,,,,,,1054019000.0,,1054019000.0,,,,,,1.0,,,0.0,,2457058000.0,,31707000.0,0.0,0.0,0.0,1522018000.0,478612000.0,1043406000.0,,,,,,,,,,,,,,,,,,,,94040000.0,,,,32.527,2141364000.0,,7.384,,,70484000.0,770095000.0,,,,,,,,,,1.0,,,,,2576037000.0,10475000.0,,190641000.0,,-46588000.0
0,LUV,MRT,2021-06-30,2021-06-30,2021-06-30,2021-09-07,136000000.0,38206000000.0,35973000000.0,19188000000.0,19018000000.0,0.274,16.393,-369000000.0,14124000000.0,14124000000.0,4068000000.0,-1601000000.0,1.538,2.944,13300000000.0,2433000000.0,10867000000.0,13300000000.0,0.0,1257000000.0,0.0,0.0,0.0,-1770000000.0,-513000000.0,-0.052,-513000000.0,-1770000000.0,-2225000000.0,-2.72,-2.75,-2.72,9688000000.0,9356500000.0,9688000000.0,32210182420.0,-18.0,-62.788,635000000.0,1.074,1.0,5798000000.0,0.588,970000000.0,455000000.0,23936000000.0,26414000000.0,464000000.0,2751000000.0,2751000000.0,0.0,28518000000.0,12476000000.0,16042000000.0,31396182420.0,1773000000.0,0.0,51000000.0,1678000000.0,0.0,1782000000.0,-1013000000.0,-644000000.0,1004000000.0,0.0,-1601000000.0,-1601000000.0,-1601000000.0,0.0,0.0,-0.162,7584000000.0,-1786000000.0,1378000000.0,0.0,3.241,-19.61,-19.518,17211000000.0,0.0,53.09,3.182,3.18,1328000000.0,15260000000.0,9866000000.0,9866000000.0,0.0,-0.045,-0.171,-0.067,-0.179,0.0,6640000000.0,1.0,591376576.0,591000000.0,,16.694,37236000000.0,0.0,-624000000.0,1688000000.0,63.005,6712000000.0
1,LUV,MRT,2021-03-31,2021-03-31,2021-03-31,2021-09-07,-60000000.0,35493000000.0,35320500000.0,16100000000.0,19393000000.0,0.194,15.386,-387000000.0,11971000000.0,11971000000.0,3312000000.0,-2864000000.0,1.968,2.903,12785000000.0,517000000.0,12268000000.0,12785000000.0,0.0,1255000000.0,0.0,0.0,0.0,-3531000000.0,-2276000000.0,-0.331,-2276000000.0,-3531000000.0,-3966000000.0,-4.94,-4.95,-4.94,9093000000.0,9654000000.0,9093000000.0,37202766562.0,-11.0,-16.346,-491000000.0,-0.831,1.0,3554000000.0,0.518,970000000.0,435000000.0,27155000000.0,26514000000.0,448000000.0,2377000000.0,2377000000.0,0.0,26400000000.0,8182000000.0,18218000000.0,36066766562.0,8031000000.0,0.0,2345000000.0,6119000000.0,0.0,8347000000.0,-212000000.0,47000000.0,-104000000.0,0.0,-2864000000.0,-2864000000.0,-2864000000.0,0.0,0.0,-0.417,7061000000.0,-3507000000.0,1094000000.0,0.0,3.966,-12.593,-12.36,17680000000.0,0.0,61.06,5.253,5.256,937000000.0,14912000000.0,6866000000.0,6866000000.0,0.0,-0.081,-0.297,-0.133,-0.514,0.0,6529000000.0,1.0,590677474.0,591000000.0,,11.618,34523000000.0,0.0,-1102000000.0,1660000000.0,58.415,7918000000.0
2,LUV,MRT,2020-12-31,2020-12-31,2020-12-31,2021-09-07,-105000000.0,34588000000.0,33168500000.0,15173000000.0,19415000000.0,0.273,15.037,-515000000.0,11063000000.0,11063000000.0,3839000000.0,-3074000000.0,2.021,2.897,12199000000.0,526000000.0,11673000000.0,12199000000.0,0.0,1255000000.0,0.0,0.004,0.18,-3907000000.0,-2652000000.0,-0.293,-2652000000.0,-3907000000.0,-4256000000.0,-5.44,-5.44,-5.44,8876000000.0,9649500000.0,8876000000.0,27998627653.0,-7.0,-10.558,-1642000000.0,-2.782,1.0,5209000000.0,0.576,970000000.0,349000000.0,27248000000.0,24246000000.0,414000000.0,2271000000.0,2271000000.0,0.0,25712000000.0,7506000000.0,18206000000.0,27512627653.0,8515000000.0,0.0,1891000000.0,8099000000.0,-188000000.0,9658000000.0,-16000000.0,71000000.0,-1127000000.0,0.0,-3074000000.0,-3074000000.0,-3074000000.0,0.0,0.0,-0.34,9025000000.0,-3816000000.0,931000000.0,-0.033,3.1,-8.95,-8.568,17723000000.0,0.0,46.61,3.041,3.041,1130000000.0,14777000000.0,9048000000.0,9048000000.0,0.0,-0.093,-0.319,-0.161,-0.432,0.0,6811000000.0,1.0,590273067.0,590273067.0,,15.328,33618000000.0,0.0,-1182000000.0,1634000000.0,56.953,7667000000.0
3,LUV,MRT,2020-09-30,2020-09-30,2020-09-30,2021-09-07,-102000000.0,35605000000.0,30995250000.0,16133000000.0,19472000000.0,0.412,16.558,-687000000.0,12109000000.0,12109000000.0,4764000000.0,-1653000000.0,2.067,2.645,12595000000.0,1036000000.0,11559000000.0,12595000000.0,0.0,1252000000.0,0.0,0.01,0.36,-1996000000.0,-744000000.0,-0.058,-744000000.0,-1996000000.0,-2259000000.0,-2.79,-2.79,-2.79,9769000000.0,9888500000.0,9769000000.0,21191204050.0,-11.0,-28.483,-393000000.0,-0.666,1.0,8001000000.0,0.627,970000000.0,263000000.0,27317000000.0,21789250000.0,426000000.0,2453000000.0,2453000000.0,0.0,25836000000.0,7804000000.0,18032000000.0,22120204050.0,9621000000.0,0.0,1341000000.0,8271000000.0,-188000000.0,9290000000.0,37000000.0,-104000000.0,294000000.0,0.0,-1653000000.0,-1653000000.0,-1653000000.0,0.0,0.0,-0.129,9984000000.0,-1983000000.0,980000000.0,-0.129,2.264,-13.382,-13.441,17823000000.0,0.0,37.5,1.733,1.733,897000000.0,15685000000.0,12765000000.0,12765000000.0,0.0,-0.053,-0.167,-0.092,-0.156,0.0,7493000000.0,1.0,589872108.0,590000000.0,,21.636,34635000000.0,0.0,-606000000.0,1824000000.0,58.703,8329000000.0
4,LUV,MRT,2020-06-30,2020-06-30,2020-06-30,2021-09-07,-130000000.0,35596000000.0,28710750000.0,15872000000.0,19724000000.0,0.579,19.321,-973000000.0,12351000000.0,12351000000.0,5640000000.0,163000000.0,1.696,2.272,11422000000.0,1031000000.0,10391000000.0,11422000000.0,0.0,1245000000.0,0.0,0.016,0.54,284000000.0,1529000000.0,0.092,1529000000.0,284000000.0,102000000.0,0.41,0.4,0.41,10878000000.0,9929000000.0,10878000000.0,19802707415.0,70.0,12.951,1462000000.0,2.597,1.0,10971000000.0,0.66,970000000.0,182000000.0,24336000000.0,19650250000.0,422000000.0,2106000000.0,2106000000.0,0.0,24718000000.0,9361000000.0,15357000000.0,17393707415.0,9905000000.0,0.0,837000000.0,7005000000.0,-284000000.0,7358000000.0,112000000.0,257000000.0,2435000000.0,0.0,163000000.0,163000000.0,163000000.0,0.0,0.0,0.01,10724000000.0,247000000.0,970000000.0,1.317,1.599,106.71,83.366,18092000000.0,0.0,34.18,1.047,1.158,770000000.0,16842000000.0,16611000000.0,16611000000.0,0.0,0.006,0.016,0.014,0.017,0.0,7817000000.0,1.0,508885530.0,563000000.0,,29.504,34626000000.0,0.0,-61000000.0,2114000000.0,61.503,6511000000.0
5,LUV,MRT,2020-03-31,2020-03-31,2020-03-31,2021-09-07,-186000000.0,26885000000.0,26405250000.0,7028000000.0,19857000000.0,0.815,17.621,-1090000000.0,3940000000.0,3940000000.0,6771000000.0,1819000000.0,0.686,1.963,6349000000.0,3125000000.0,3224000000.0,6349000000.0,0.0,1234000000.0,0.0,0.02,0.72,2426000000.0,3660000000.0,0.17,3660000000.0,2426000000.0,2309000000.0,3.41,3.4,3.41,9075000000.0,9694500000.0,9075000000.0,19868894179.0,8.0,5.429,1414000000.0,2.746,1.0,14741000000.0,0.685,970000000.0,117000000.0,18083000000.0,18284250000.0,518000000.0,1605000000.0,1605000000.0,0.0,17810000000.0,10241000000.0,7569000000.0,18420894179.0,1596000000.0,0.0,-1910000000.0,1907000000.0,-382000000.0,-436000000.0,-472000000.0,-82000000.0,2504000000.0,0.0,1819000000.0,1819000000.0,1819000000.0,0.0,0.0,0.085,12399000000.0,2342000000.0,1043000000.0,0.211,2.03,10.127,10.443,18267000000.0,0.0,35.61,0.856,0.853,709000000.0,17757000000.0,21512000000.0,21512000000.0,0.0,0.069,0.188,0.133,0.113,0.0,8171000000.0,1.0,517295540.0,515000000.0,,41.771,25915000000.0,0.0,490000000.0,2278000000.0,50.32,-3213000000.0
6,LUV,MRT,2019-12-31,2019-12-31,2019-12-31,2021-09-07,-61000000.0,25895000000.0,26298750000.0,5974000000.0,19921000000.0,0.853,18.682,-1027000000.0,2548000000.0,2548000000.0,6933000000.0,2300000000.0,0.667,1.634,3996000000.0,1172000000.0,2824000000.0,3996000000.0,0.0,1219000000.0,0.0,0.013,0.7,3075000000.0,4294000000.0,0.191,4294000000.0,3075000000.0,2957000000.0,4.28,4.27,4.28,9832000000.0,9873500000.0,9832000000.0,30301385281.0,10.0,7.057,2960000000.0,5.624,1.0,15495000000.0,0.691,970000000.0,118000000.0,17421000000.0,18540000000.0,529000000.0,1524000000.0,1524000000.0,0.0,16063000000.0,8952000000.0,7111000000.0,28408385281.0,694000000.0,0.0,-1960000000.0,-615000000.0,-372000000.0,-2990000000.0,-303000000.0,324000000.0,3987000000.0,0.0,2300000000.0,2300000000.0,2300000000.0,0.0,0.0,0.103,12538000000.0,2957000000.0,1574000000.0,0.164,2.889,12.351,12.612,18374000000.0,0.0,53.98,1.267,1.267,1086000000.0,17945000000.0,22428000000.0,22428000000.0,0.0,0.087,0.233,0.166,0.137,0.0,8293000000.0,1.0,526276126.0,526276126.0,,42.616,24925000000.0,0.0,657000000.0,2364000000.0,47.361,-2978000000.0
7,LUV,MRT,2019-09-30,2019-09-30,2019-09-30,2021-09-07,-63000000.0,26467000000.0,26385750000.0,5650000000.0,20817000000.0,0.849,18.632,-1303000000.0,2488000000.0,2488000000.0,6999000000.0,2441000000.0,0.655,1.665,4381000000.0,969000000.0,3412000000.0,4381000000.0,0.0,1238000000.0,0.0,0.013,0.68,3232000000.0,4470000000.0,0.2,4470000000.0,3232000000.0,3108000000.0,4.48,4.46,4.48,9931000000.0,9878750000.0,9931000000.0,31110295330.0,10.0,6.96,2848000000.0,5.343,1.0,15402000000.0,0.688,970000000.0,124000000.0,18761000000.0,18907500000.0,528000000.0,1528000000.0,1528000000.0,0.0,16536000000.0,8629000000.0,7907000000.0,29031295330.0,384000000.0,0.0,-1912000000.0,-331000000.0,-372000000.0,-2652000000.0,-1115000000.0,193000000.0,4151000000.0,0.0,2441000000.0,2441000000.0,2441000000.0,0.0,0.0,0.109,12290000000.0,3112000000.0,1274000000.0,0.152,2.923,11.893,12.056,19194000000.0,0.0,54.01,1.296,1.285,867000000.0,17525000000.0,22401000000.0,22401000000.0,0.0,0.093,0.247,0.171,0.144,0.0,8036000000.0,1.0,537517040.0,533000000.0,534000000.0,42.028,25497000000.0,0.0,667000000.0,2643000000.0,47.837,-2979000000.0
8,LUV,MRT,2019-06-30,2019-06-30,2019-06-30,2021-09-07,30000000.0,26374000000.0,26489500000.0,5554000000.0,20820000000.0,0.843,18.339,-1382000000.0,2446000000.0,2446000000.0,7076000000.0,2397000000.0,0.645,1.653,4525000000.0,1004000000.0,3521000000.0,4525000000.0,0.0,1231000000.0,0.0,0.013,0.66,3202000000.0,4433000000.0,0.198,4433000000.0,3202000000.0,3075000000.0,4.32,4.31,4.32,9940000000.0,9934250000.0,9940000000.0,29916834505.0,9.0,6.749,2949000000.0,5.441,1.0,15261000000.0,0.683,970000000.0,127000000.0,18872000000.0,19070000000.0,510000000.0,1540000000.0,1540000000.0,0.0,16434000000.0,8611000000.0,7823000000.0,27576834505.0,332000000.0,0.0,-1912000000.0,-359000000.0,-367000000.0,-2639000000.0,-1360000000.0,30000000.0,4331000000.0,0.0,2397000000.0,2397000000.0,2397000000.0,0.0,0.0,0.107,12170000000.0,3091000000.0,1330000000.0,0.153,2.774,11.505,11.755,19157000000.0,0.0,50.78,1.235,1.232,777000000.0,16962000000.0,22337000000.0,22337000000.0,0.0,0.09,0.241,0.168,0.143,0.0,7946000000.0,1.0,543064878.0,542000000.0,542000000.0,41.212,25404000000.0,0.0,678000000.0,2497000000.0,46.871,-3057000000.0
9,LUV,MRT,2019-03-31,2019-03-31,2019-03-31,2021-09-07,96000000.0,26459000000.0,26512250000.0,5483000000.0,20976000000.0,0.836,17.77,-1673000000.0,2344000000.0,2344000000.0,7093000000.0,2389000000.0,0.629,1.702,4684000000.0,932000000.0,3752000000.0,4684000000.0,0.0,1221000000.0,0.0,0.012,0.64,3196000000.0,4417000000.0,0.199,4417000000.0,3196000000.0,3067000000.0,4.22,4.21,4.22,9791000000.0,9948500000.0,9791000000.0,30213078152.0,9.0,6.84,3323000000.0,6.031,1.0,15077000000.0,0.68,970000000.0,129000000.0,19106000000.0,19148250000.0,484000000.0,1517000000.0,1517000000.0,0.0,16668000000.0,8723000000.0,7945000000.0,28690078152.0,522000000.0,0.0,-1963000000.0,-359000000.0,-362000000.0,-2672000000.0,-1802000000.0,-104000000.0,4996000000.0,0.0,2389000000.0,2389000000.0,2389000000.0,0.0,0.0,0.108,11982000000.0,3095000000.0,1412000000.0,0.152,2.93,12.009,12.301,19281000000.0,0.0,51.91,1.294,1.29,784000000.0,16320000000.0,22170000000.0,22170000000.0,0.0,0.09,0.24,0.167,0.144,0.0,7805000000.0,1.0,552688849.0,551000000.0,552000000.0,40.236,25489000000.0,0.0,678000000.0,2480000000.0,46.26,-3240000000.0
10,LUV,MRT,2018-12-31,2018-12-31,2018-12-31,2021-09-07,20000000.0,26243000000.0,26273250000.0,5028000000.0,21215000000.0,0.836,17.195,-1922000000.0,1854000000.0,1854000000.0,7057000000.0,2465000000.0,0.636,1.663,3377000000.0,606000000.0,2771000000.0,3377000000.0,0.0,1201000000.0,0.0,0.013,0.605,3295000000.0,4496000000.0,0.205,4496000000.0,3295000000.0,3164000000.0,4.3,4.29,4.3,9853000000.0,9905500000.0,9853000000.0,27478010396.0,8.0,6.112,2971000000.0,5.185,1.0,14908000000.0,0.679,970000000.0,131000000.0,18891000000.0,19157000000.0,461000000.0,1835000000.0,1835000000.0,0.0,16390000000.0,7905000000.0,8485000000.0,26136010396.0,359000000.0,0.0,-1965000000.0,-342000000.0,-332000000.0,-2496000000.0,-2038000000.0,-67000000.0,4893000000.0,0.0,2465000000.0,2465000000.0,2465000000.0,0.0,0.0,0.112,11702000000.0,3206000000.0,1416000000.0,0.141,2.653,10.603,10.809,19525000000.0,0.0,46.48,1.19,1.213,568000000.0,15967000000.0,21965000000.0,21965000000.0,0.0,0.094,0.249,0.172,0.15,0.0,7649000000.0,1.0,562306592.0,573000000.0,574000000.0,38.333,25273000000.0,0.0,699000000.0,2427000000.0,44.106,-2877000000.0
11,LUV,MRT,2018-09-30,2018-09-30,2018-09-30,2021-09-07,412000000.0,26882000000.0,25990000000.0,5601000000.0,21281000000.0,0.828,17.844,-1904000000.0,2104000000.0,2104000000.0,6876000000.0,3558000000.0,0.714,1.648,3446000000.0,346000000.0,3100000000.0,3446000000.0,0.0,1149000000.0,0.0,0.009,0.57,3211000000.0,4360000000.0,0.203,4360000000.0,3211000000.0,3083000000.0,6.06,6.05,6.06,10153000000.0,9852500000.0,10153000000.0,37191048416.0,12.0,8.53,2563000000.0,4.504,1.0,14643000000.0,0.68,970000000.0,128000000.0,19411000000.0,19296750000.0,483000000.0,1716000000.0,1716000000.0,0.0,16729000000.0,7843000000.0,8886000000.0,35785048416.0,644000000.0,0.0,-1816000000.0,287000000.0,-332000000.0,-1717000000.0,-2106000000.0,-145000000.0,4467000000.0,0.0,3558000000.0,3558000000.0,3558000000.0,0.0,0.0,0.165,11517000000.0,3126000000.0,1224000000.0,0.094,3.525,10.058,10.305,19279000000.0,0.0,62.45,1.663,1.651,784000000.0,15402000000.0,21519000000.0,21519000000.0,0.0,0.137,0.361,0.166,0.149,0.0,7580000000.0,1.0,573019190.0,569000000.0,569000000.0,37.819,25912000000.0,0.0,-475000000.0,2553000000.0,45.54,-2242000000.0
12,LUV,MRT,2018-06-30,2018-06-30,2018-06-30,2021-09-07,298000000.0,26465000000.0,25331750000.0,5408000000.0,21057000000.0,0.839,17.296,-2088000000.0,2114000000.0,2114000000.0,6675000000.0,3471000000.0,0.701,1.647,3520000000.0,365000000.0,3155000000.0,3520000000.0,0.0,1150000000.0,0.0,0.011,0.535,3252000000.0,4402000000.0,0.207,4402000000.0,3252000000.0,3129000000.0,5.86,5.85,5.86,9997000000.0,9514250000.0,9997000000.0,31270388241.0,10.0,7.104,2104000000.0,3.64,1.0,14572000000.0,0.686,970000000.0,123000000.0,19185000000.0,18927250000.0,459000000.0,1572000000.0,1572000000.0,0.0,16468000000.0,7716000000.0,8752000000.0,29500388241.0,577000000.0,0.0,-1618000000.0,279000000.0,-316000000.0,-1493000000.0,-2122000000.0,37000000.0,4192000000.0,0.0,3471000000.0,3471000000.0,3471000000.0,0.0,0.0,0.163,11399000000.0,3173000000.0,1338000000.0,0.091,2.951,8.499,8.683,19066000000.0,0.0,50.88,1.388,1.384,765000000.0,14878000000.0,21247000000.0,21247000000.0,0.0,0.137,0.365,0.172,0.153,0.0,7459000000.0,1.0,579803228.0,578000000.0,579000000.0,36.76,25495000000.0,0.0,-342000000.0,2414000000.0,44.109,-2308000000.0
13,LUV,MRT,2018-03-31,2018-03-31,2018-03-31,2021-09-07,78000000.0,25503000000.0,24695750000.0,4801000000.0,20702000000.0,0.86,16.387,-2118000000.0,1822000000.0,1822000000.0,6462000000.0,3481000000.0,0.67,1.651,3592000000.0,365000000.0,3227000000.0,3592000000.0,0.0,1177000000.0,0.0,0.009,0.5,3451000000.0,4628000000.0,0.218,4628000000.0,3451000000.0,3334000000.0,5.82,5.81,5.82,9619000000.0,9147500000.0,9619000000.0,35850831733.0,10.0,7.747,1189000000.0,2.026,1.0,14774000000.0,0.696,970000000.0,117000000.0,19141000000.0,18484000000.0,430000000.0,1421000000.0,1421000000.0,0.0,15884000000.0,7162000000.0,8722000000.0,33677831733.0,-29000000.0,0.0,-1520000000.0,295000000.0,-299000000.0,-1324000000.0,-2012000000.0,207000000.0,3307000000.0,0.0,3481000000.0,3481000000.0,3481000000.0,0.0,0.0,0.164,11358000000.0,3416000000.0,1243000000.0,0.086,3.501,9.675,9.842,18773000000.0,0.0,57.28,1.586,1.583,680000000.0,14238000000.0,21236000000.0,21236000000.0,0.0,0.141,0.381,0.187,0.163,0.0,7395000000.0,1.0,587950973.0,587000000.0,588000000.0,36.177,24533000000.0,0.0,-147000000.0,2216000000.0,41.794,-2361000000.0
14,LUV,MRT,2017-12-31,2017-12-31,2017-12-31,2021-09-07,12000000.0,25110000000.0,24260750000.0,4815000000.0,20295000000.0,0.872,16.042,-2123000000.0,1495000000.0,1495000000.0,6369000000.0,3357000000.0,0.702,1.605,3668000000.0,348000000.0,3320000000.0,3668000000.0,0.0,1218000000.0,0.0,0.007,0.475,3379000000.0,4597000000.0,0.217,4597000000.0,3379000000.0,3265000000.0,5.58,5.57,5.58,9641000000.0,8793750000.0,9641000000.0,40456222347.0,12.0,8.801,1806000000.0,3.005,1.0,14777000000.0,0.699,970000000.0,114000000.0,19450000000.0,17836250000.0,420000000.0,1778000000.0,1778000000.0,0.0,15469000000.0,6863000000.0,8606000000.0,38837222347.0,-185000000.0,0.0,-1571000000.0,8000000.0,-274000000.0,-1706000000.0,-2408000000.0,-159000000.0,3929000000.0,0.0,3357000000.0,3357000000.0,3357000000.0,0.0,0.0,0.159,11370000000.0,3407000000.0,1320000000.0,0.085,4.028,11.569,11.729,18539000000.0,0.0,65.45,1.837,1.86,662000000.0,13832000000.0,21146000000.0,21146000000.0,0.0,0.138,0.382,0.189,0.16,0.0,7305000000.0,1.0,593387660.0,601000000.0,603000000.0,35.185,24140000000.0,0.0,-92000000.0,2119000000.0,40.166,-2048000000.0
15,LUV,MRT,2017-09-30,2017-09-30,2017-09-30,2021-09-07,-136000000.0,24249000000.0,23804750000.0,4280000000.0,19969000000.0,0.875,14.74,-2277000000.0,1460000000.0,1460000000.0,6211000000.0,2071000000.0,0.615,1.756,3079000000.0,316000000.0,2763000000.0,3079000000.0,0.0,1257000000.0,0.0,0.008,0.45,3354000000.0,4611000000.0,0.221,4611000000.0,3354000000.0,3241000000.0,3.41,3.41,3.41,8800000000.0,8493750000.0,8800000000.0,35065691036.0,10.0,7.605,1799000000.0,3.013,1.0,14616000000.0,0.702,970000000.0,113000000.0,17933000000.0,17268500000.0,438000000.0,1580000000.0,1580000000.0,0.0,15449000000.0,6965000000.0,8484000000.0,33507691036.0,-506000000.0,0.0,-1523000000.0,-439000000.0,-274000000.0,-2069000000.0,-2513000000.0,-84000000.0,4076000000.0,0.0,2071000000.0,2073000000.0,2073000000.0,0.0,0.0,0.1,11343000000.0,3273000000.0,1124000000.0,0.132,3.808,16.164,16.416,18156000000.0,-2000000.0,55.98,1.609,1.605,579000000.0,12806000000.0,20827000000.0,20827000000.0,0.0,0.087,0.244,0.194,0.161,0.0,7081000000.0,1.0,598565399.0,597000000.0,598000000.0,34.886,23279000000.0,0.0,1170000000.0,3697000000.0,38.993,-2685000000.0
16,LUV,MRT,2017-06-30,2017-06-30,2017-06-30,2021-09-07,-263000000.0,23921000000.0,23503750000.0,4343000000.0,19578000000.0,0.879,14.123,-2103000000.0,1537000000.0,1537000000.0,6149000000.0,1931000000.0,0.612,1.804,3095000000.0,307000000.0,2788000000.0,3095000000.0,0.0,1270000000.0,0.0,0.007,0.425,3143000000.0,4413000000.0,0.214,4413000000.0,3143000000.0,3027000000.0,3.16,3.15,3.16,8530000000.0,8305500000.0,8530000000.0,38788739122.0,12.0,8.79,1833000000.0,3.035,1.0,14514000000.0,0.702,970000000.0,116000000.0,17412000000.0,16682250000.0,365000000.0,1615000000.0,1615000000.0,0.0,15391000000.0,7097000000.0,8294000000.0,37573739122.0,-503000000.0,0.0,-1474000000.0,-401000000.0,-261000000.0,-1962000000.0,-2477000000.0,-211000000.0,3936000000.0,0.0,1931000000.0,1933000000.0,1933000000.0,0.0,0.0,0.094,11391000000.0,3123000000.0,1217000000.0,0.134,4.405,19.438,19.665,17679000000.0,-2000000.0,62.14,1.818,1.816,576000000.0,12378000000.0,20663000000.0,20663000000.0,0.0,0.082,0.233,0.188,0.152,0.0,7199000000.0,1.0,604662683.0,604000000.0,605000000.0,34.21,22951000000.0,0.0,1096000000.0,3540000000.0,37.998,-2754000000.0
17,LUV,MRT,2017-03-31,2017-03-31,2017-03-31,2021-09-07,-312000000.0,23763000000.0,23135250000.0,4658000000.0,19105000000.0,0.878,13.383,-2014000000.0,1851000000.0,1851000000.0,6093000000.0,2008000000.0,0.625,1.897,3066000000.0,285000000.0,2781000000.0,3066000000.0,0.0,1250000000.0,0.0,0.007,0.4,3287000000.0,4537000000.0,0.223,4537000000.0,3287000000.0,3166000000.0,3.23,3.2,3.23,8204000000.0,8128250000.0,8204000000.0,34783083210.0,11.0,7.667,2288000000.0,3.732,1.0,14223000000.0,0.7,970000000.0,121000000.0,16550000000.0,16068750000.0,356000000.0,1631000000.0,1631000000.0,0.0,15559000000.0,7458000000.0,8101000000.0,33076083210.0,-537000000.0,0.0,-1775000000.0,-390000000.0,-248000000.0,-2272000000.0,-2567000000.0,-407000000.0,4302000000.0,0.0,2008000000.0,2010000000.0,2010000000.0,0.0,0.0,0.099,11039000000.0,3184000000.0,1214000000.0,0.124,4.032,16.456,16.644,17286000000.0,-2000000.0,53.76,1.628,1.622,585000000.0,11708000000.0,20316000000.0,20316000000.0,0.0,0.087,0.247,0.205,0.162,0.0,6975000000.0,1.0,615254524.0,613000000.0,614000000.0,33.142,22793000000.0,0.0,1158000000.0,3442000000.0,37.183,-2800000000.0
18,LUV,MRT,2016-12-31,2016-12-31,2016-12-31,2021-09-07,-323000000.0,23286000000.0,22754750000.0,4498000000.0,18788000000.0,0.892,13.463,-2038000000.0,1680000000.0,1680000000.0,6057000000.0,2183000000.0,0.657,1.759,3387000000.0,566000000.0,2821000000.0,3387000000.0,0.0,1221000000.0,0.0,0.008,0.375,3572000000.0,4793000000.0,0.236,4793000000.0,3572000000.0,3450000000.0,3.48,3.45,3.48,8441000000.0,7951250000.0,8441000000.0,32010391262.0,9.0,6.679,2255000000.0,3.596,1.0,14232000000.0,0.701,970000000.0,122000000.0,17179000000.0,15415750000.0,337000000.0,1625000000.0,1625000000.0,0.0,14845000000.0,6844000000.0,8001000000.0,30681391262.0,97000000.0,0.0,-1721000000.0,-76000000.0,-222000000.0,-1924000000.0,-2272000000.0,-125000000.0,4293000000.0,0.0,2183000000.0,2185000000.0,2185000000.0,0.0,0.0,0.108,10710000000.0,3522000000.0,1178000000.0,0.108,3.635,14.042,14.322,17044000000.0,-2000000.0,49.84,1.512,1.54,546000000.0,11418000000.0,20289000000.0,20289000000.0,0.0,0.096,0.275,0.232,0.176,0.0,6786000000.0,1.0,615597738.0,627000000.0,633000000.0,32.359,22316000000.0,0.0,1267000000.0,3374000000.0,35.592,-2346000000.0
19,LUV,MRT,2016-09-30,2016-09-30,2016-09-30,2021-09-07,-499000000.0,23045000000.0,22261250000.0,4839000000.0,18206000000.0,0.913,13.021,-2174000000.0,1966000000.0,1966000000.0,6000000000.0,2257000000.0,0.619,1.864,3295000000.0,972000000.0,2323000000.0,3295000000.0,0.0,1168000000.0,0.0,0.009,0.35,3707000000.0,4875000000.0,0.24,4875000000.0,3707000000.0,3585000000.0,3.56,3.51,3.56,8047000000.0,7680500000.0,8047000000.0,25434848225.0,7.0,5.217,1734000000.0,2.806,1.0,14326000000.0,0.705,970000000.0,122000000.0,15588000000.0,14753750000.0,331000000.0,1480000000.0,1480000000.0,0.0,14998000000.0,7816000000.0,7182000000.0,24120848225.0,226000000.0,0.0,-1411000000.0,285000000.0,-221000000.0,-1303000000.0,-2379000000.0,-112000000.0,3908000000.0,0.0,2257000000.0,2257000000.0,2257000000.0,0.0,0.0,0.111,10385000000.0,3941000000.0,1021000000.0,0.098,2.997,10.687,10.924,16546000000.0,0.0,38.89,1.187,1.182,848000000.0,10957000000.0,20326000000.0,20326000000.0,0.0,0.101,0.294,0.251,0.182,0.0,6745000000.0,1.0,620232662.0,618000000.0,,32.89,22075000000.0,0.0,1328000000.0,3209000000.0,35.72,-2977000000.0
20,LUV,MRT,2016-06-30,2016-06-30,2016-06-30,2021-09-07,-628000000.0,22447000000.0,21789750000.0,4469000000.0,17978000000.0,0.941,12.375,-1940000000.0,2040000000.0,2040000000.0,5996000000.0,2453000000.0,0.571,1.87,3354000000.0,963000000.0,2391000000.0,3354000000.0,0.0,1111000000.0,0.0,0.008,0.325,4022000000.0,5133000000.0,0.25,5133000000.0,4022000000.0,3900000000.0,3.82,3.77,3.82,7821000000.0,7410750000.0,7821000000.0,25962909546.0,6.0,5.058,1948000000.0,3.082,1.0,14509000000.0,0.708,970000000.0,122000000.0,14958000000.0,14365000000.0,328000000.0,1375000000.0,1375000000.0,0.0,14626000000.0,7833000000.0,6793000000.0,25042909546.0,268000000.0,0.0,-1658000000.0,274000000.0,-208000000.0,-1566000000.0,-2054000000.0,-17000000.0,3888000000.0,0.0,2453000000.0,2453000000.0,2453000000.0,0.0,0.0,0.12,10038000000.0,4471000000.0,1247000000.0,0.085,3.202,10.209,10.264,16294000000.0,0.0,39.21,1.221,1.209,524000000.0,10631000000.0,20505000000.0,20505000000.0,0.0,0.113,0.331,0.28,0.196,0.0,6535000000.0,1.0,638686803.0,632000000.0,,32.445,21477000000.0,0.0,1447000000.0,2818000000.0,33.983,-3364000000.0
21,LUV,MRT,2016-03-31,2016-03-31,2016-03-31,2021-09-07,-894000000.0,22241000000.0,21446750000.0,4574000000.0,17667000000.0,0.943,11.694,-1906000000.0,2388000000.0,2388000000.0,6048000000.0,2241000000.0,0.554,1.967,3308000000.0,953000000.0,2355000000.0,3308000000.0,0.0,1062000000.0,0.0,0.007,0.3,3692000000.0,4754000000.0,0.235,4754000000.0,3692000000.0,3573000000.0,3.43,3.39,3.43,7496000000.0,7245000000.0,7496000000.0,30180537434.0,8.0,6.348,1497000000.0,2.335,1.0,14184000000.0,0.701,970000000.0,119000000.0,13938000000.0,14161500000.0,289000000.0,1194000000.0,1194000000.0,0.0,14745000000.0,8253000000.0,6492000000.0,28585537434.0,363000000.0,0.0,-1336000000.0,282000000.0,-195000000.0,-1253000000.0,-1787000000.0,217000000.0,3403000000.0,0.0,2241000000.0,2241000000.0,2241000000.0,0.0,0.0,0.111,9904000000.0,4280000000.0,1153000000.0,0.087,3.813,12.756,13.061,15964000000.0,0.0,44.8,1.413,1.419,511000000.0,9872000000.0,20232000000.0,20232000000.0,0.0,0.104,0.309,0.261,0.182,0.0,6503000000.0,1.0,638070032.0,641000000.0,,31.563,21271000000.0,0.0,1332000000.0,2609000000.0,33.184,-3679000000.0
22,LUV,MRT,2015-12-31,2015-12-31,2015-12-31,2021-09-07,-1051000000.0,21312000000.0,21177250000.0,4024000000.0,17288000000.0,0.936,11.314,-2041000000.0,1583000000.0,1583000000.0,6025000000.0,2181000000.0,0.543,1.896,3178000000.0,637000000.0,2541000000.0,3178000000.0,0.0,1015000000.0,0.0,0.007,0.285,3600000000.0,4615000000.0,0.233,4615000000.0,3600000000.0,3479000000.0,3.3,3.27,3.3,7358000000.0,7096500000.0,7358000000.0,28932290950.0,8.0,6.269,1197000000.0,1.841,1.0,13795000000.0,0.696,970000000.0,121000000.0,14531000000.0,14165000000.0,311000000.0,1468000000.0,1468000000.0,0.0,13954000000.0,7406000000.0,6548000000.0,28004290950.0,301000000.0,0.0,-1134000000.0,287000000.0,-180000000.0,-1024000000.0,-1913000000.0,237000000.0,3238000000.0,0.0,2181000000.0,2181000000.0,2181000000.0,0.0,0.0,0.11,9679000000.0,4116000000.0,1188000000.0,0.086,3.806,12.84,13.048,15601000000.0,0.0,43.06,1.413,1.413,474000000.0,9409000000.0,19820000000.0,19820000000.0,0.0,0.103,0.307,0.254,0.182,0.0,6383000000.0,1.0,650355108.0,650355108.0,,30.476,20342000000.0,0.0,1298000000.0,2490000000.0,31.278,-3382000000.0
23,LUV,MRT,2015-09-30,2015-09-30,2015-09-30,2021-09-07,-903000000.0,21159000000.0,20780000000.0,4573000000.0,16586000000.0,0.937,10.638,-1697000000.0,1740000000.0,1740000000.0,6354000000.0,1835000000.0,0.646,2.037,2668000000.0,287000000.0,2381000000.0,2668000000.0,0.0,1003000000.0,0.0,0.007,0.27,3059000000.0,4062000000.0,0.209,4062000000.0,3059000000.0,2934000000.0,2.75,2.72,2.75,6968000000.0,6950750000.0,6968000000.0,25996884932.0,8.0,6.4,1422000000.0,2.171,1.0,13117000000.0,0.674,970000000.0,125000000.0,14033000000.0,14092250000.0,308000000.0,1356000000.0,1356000000.0,0.0,14191000000.0,7084000000.0,7107000000.0,25081884932.0,-92000000.0,0.0,-1336000000.0,-264000000.0,-181000000.0,-1775000000.0,-1436000000.0,370000000.0,3119000000.0,0.0,1835000000.0,1835000000.0,1835000000.0,0.0,0.0,0.094,9407000000.0,3710000000.0,1235000000.0,0.098,3.6,13.669,13.833,14929000000.0,0.0,38.04,1.288,1.28,465000000.0,8922000000.0,19471000000.0,19471000000.0,0.0,0.088,0.264,0.217,0.157,0.0,6115000000.0,1.0,659355545.0,655000000.0,,29.727,20189000000.0,465000000.0,1099000000.0,3111000000.0,30.823,-2511000000.0
24,LUV,MRT,2015-06-30,2015-06-30,2015-06-30,2021-09-07,-664000000.0,21075000000.0,20625000000.0,4596000000.0,16479000000.0,0.919,10.764,-1873000000.0,1772000000.0,1772000000.0,6790000000.0,1580000000.0,0.668,1.944,2687000000.0,276000000.0,2411000000.0,2687000000.0,0.0,983000000.0,0.0,0.008,0.255,2651000000.0,3634000000.0,0.192,3634000000.0,2651000000.0,2526000000.0,2.34,2.32,2.34,7158000000.0,7066000000.0,7158000000.0,22775935321.0,9.0,6.267,650000000.0,0.977,1.0,12163000000.0,0.642,970000000.0,125000000.0,14144000000.0,14089750000.0,326000000.0,1360000000.0,1360000000.0,0.0,13917000000.0,6876000000.0,7041000000.0,22113935321.0,-110000000.0,0.0,-1022000000.0,-233000000.0,-173000000.0,-1412000000.0,-1221000000.0,757000000.0,2523000000.0,0.0,1580000000.0,1580000000.0,1580000000.0,0.0,0.0,0.083,9064000000.0,3099000000.0,1134000000.0,0.109,3.089,13.996,14.141,14860000000.0,0.0,33.09,1.167,1.161,462000000.0,8387000000.0,18953000000.0,18953000000.0,0.0,0.077,0.224,0.188,0.14,0.0,5779000000.0,1.0,668296625.0,665000000.0,,28.501,20105000000.0,421000000.0,946000000.0,3290000000.0,30.233,-2280000000.0
25,LUV,MRT,2015-03-31,2015-03-31,2015-03-31,2021-09-07,-742000000.0,21163000000.0,20579000000.0,4963000000.0,16200000000.0,0.916,10.24,-1926000000.0,2025000000.0,2025000000.0,7218000000.0,1437000000.0,0.719,2.066,2687000000.0,271000000.0,2416000000.0,2687000000.0,0.0,961000000.0,0.0,0.005,0.24,2425000000.0,3386000000.0,0.18,3386000000.0,2425000000.0,2295000000.0,2.1,2.09,2.1,6902000000.0,7155500000.0,6902000000.0,31356529416.0,13.0,9.261,1308000000.0,1.941,1.0,11635000000.0,0.617,970000000.0,130000000.0,13952000000.0,13996250000.0,304000000.0,1413000000.0,1413000000.0,0.0,14261000000.0,6903000000.0,7358000000.0,29946529416.0,284000000.0,0.0,-865000000.0,-266000000.0,-165000000.0,-1279000000.0,-1671000000.0,349000000.0,3234000000.0,0.0,1437000000.0,1437000000.0,1437000000.0,0.0,0.0,0.076,8846000000.0,2789000000.0,1145000000.0,0.114,4.339,20.84,21.095,14607000000.0,0.0,44.3,1.588,1.584,499000000.0,7829000000.0,18853000000.0,18853000000.0,0.0,0.07,0.201,0.173,0.129,0.0,5578000000.0,1.0,675993892.0,674000000.0,,27.972,20193000000.0,452000000.0,858000000.0,3252000000.0,29.96,-1940000000.0
26,LUV,MRT,2014-12-31,2014-12-31,2014-12-31,2021-09-07,-738000000.0,19723000000.0,20282250000.0,3927000000.0,15796000000.0,0.917,9.982,-1748000000.0,1282000000.0,1282000000.0,7677000000.0,1136000000.0,0.663,1.911,2692000000.0,258000000.0,2434000000.0,2692000000.0,0.0,938000000.0,0.0,0.005,0.22,1946000000.0,2884000000.0,0.155,2884000000.0,1946000000.0,1816000000.0,1.65,1.64,1.65,6775000000.0,7227500000.0,6775000000.0,29624461442.0,15.0,10.272,1154000000.0,1.7,1.0,10928000000.0,0.587,970000000.0,130000000.0,14240000000.0,13917750000.0,342000000.0,1706000000.0,1706000000.0,0.0,12948000000.0,5923000000.0,7025000000.0,28724461442.0,-73000000.0,0.0,-845000000.0,-261000000.0,-139000000.0,-1248000000.0,-1727000000.0,105000000.0,2902000000.0,0.0,1136000000.0,1136000000.0,1136000000.0,0.0,0.0,0.061,8703000000.0,2225000000.0,1203000000.0,0.133,4.24,25.286,25.648,14292000000.0,0.0,42.32,1.544,1.544,365000000.0,7416000000.0,18605000000.0,18605000000.0,0.0,0.056,0.157,0.14,0.105,0.0,5434000000.0,1.0,678744363.0,678744363.0,,27.411,18753000000.0,0.0,680000000.0,2782000000.0,27.629,-1996000000.0
27,LUV,MRT,2014-09-30,2014-09-30,2014-09-30,2021-09-07,-92000000.0,20539000000.0,20187750000.0,4985000000.0,15554000000.0,0.912,10.877,-1720000000.0,1832000000.0,1832000000.0,7880000000.0,1158000000.0,0.773,1.765,2732000000.0,607000000.0,2125000000.0,2732000000.0,0.0,911000000.0,0.0,0.006,0.2,1980000000.0,2891000000.0,0.157,2891000000.0,1980000000.0,1848000000.0,1.67,1.67,1.67,7429000000.0,7367750000.0,7429000000.0,24013184081.0,12.0,8.306,1266000000.0,1.854,1.0,10525000000.0,0.572,970000000.0,132000000.0,14023000000.0,13898750000.0,429000000.0,1728000000.0,1728000000.0,0.0,13110000000.0,6446000000.0,6664000000.0,23137184081.0,499000000.0,0.0,-632000000.0,-213000000.0,-139000000.0,-974000000.0,-1513000000.0,281000000.0,2986000000.0,0.0,1158000000.0,1158000000.0,1158000000.0,0.0,0.0,0.063,8536000000.0,1989000000.0,1185000000.0,0.12,3.114,19.98,20.222,13965000000.0,0.0,33.77,1.257,1.253,468000000.0,7266000000.0,18405000000.0,18405000000.0,0.0,0.057,0.157,0.142,0.108,0.0,5328000000.0,1.0,685140186.0,683000000.0,,26.947,19569000000.0,237000000.0,690000000.0,3360000000.0,28.652,-1461000000.0
28,LUV,MRT,2014-06-30,2014-06-30,2014-06-30,2021-09-07,111000000.0,20891000000.0,19894000000.0,5317000000.0,15574000000.0,0.912,10.893,-1582000000.0,1882000000.0,1882000000.0,7989000000.0,1088000000.0,0.757,1.78,2758000000.0,605000000.0,2153000000.0,2758000000.0,0.0,894000000.0,0.0,0.007,0.18,1878000000.0,2772000000.0,0.153,2772000000.0,1878000000.0,1742000000.0,1.56,1.56,1.56,7516000000.0,7263750000.0,7516000000.0,19655907412.0,10.0,7.091,1592000000.0,2.307,1.0,10161000000.0,0.56,970000000.0,136000000.0,13770000000.0,13990500000.0,435000000.0,2112000000.0,2112000000.0,0.0,13375000000.0,7027000000.0,6348000000.0,18582907412.0,393000000.0,0.0,-593000000.0,-216000000.0,-126000000.0,-953000000.0,-1828000000.0,-200000000.0,3174000000.0,0.0,1088000000.0,1088000000.0,1088000000.0,0.0,0.0,0.06,8396000000.0,1765000000.0,1292000000.0,0.115,2.472,17.08,17.218,13727000000.0,0.0,26.86,1.024,1.021,447000000.0,6979000000.0,18150000000.0,18150000000.0,0.0,0.055,0.15,0.134,0.103,0.0,5236000000.0,1.0,691843165.0,690000000.0,,26.304,19921000000.0,165000000.0,654000000.0,3017000000.0,28.871,-1710000000.0
29,LUV,MRT,2014-03-31,2014-03-31,2014-03-31,2021-09-07,-12000000.0,19976000000.0,19516750000.0,4814000000.0,15162000000.0,0.911,10.301,-1294000000.0,1741000000.0,1741000000.0,8112000000.0,847000000.0,0.747,1.778,2814000000.0,642000000.0,2172000000.0,2814000000.0,0.0,879000000.0,0.0,0.007,0.16,1494000000.0,2373000000.0,0.133,2373000000.0,1494000000.0,1359000000.0,1.2,1.2,1.2,7190000000.0,7080000000.0,7190000000.0,18039018489.0,12.0,7.602,1320000000.0,1.891,1.0,9670000000.0,0.544,970000000.0,135000000.0,13638000000.0,14067500000.0,438000000.0,1757000000.0,1757000000.0,0.0,12786000000.0,6441000000.0,6345000000.0,16574018489.0,403000000.0,0.0,-616000000.0,-195000000.0,-112000000.0,-940000000.0,-1271000000.0,49000000.0,2614000000.0,0.0,847000000.0,847000000.0,847000000.0,0.0,0.0,0.048,8247000000.0,1423000000.0,1299000000.0,0.133,2.305,19.568,19.675,13420000000.0,0.0,23.61,0.932,0.927,457000000.0,6555000000.0,17782000000.0,17782000000.0,0.0,0.043,0.12,0.106,0.084,0.0,5128000000.0,1.0,701991465.0,698000000.0,,25.476,19006000000.0,180000000.0,512000000.0,2997000000.0,27.229,-1627000000.0
30,LUV,MRT,2013-12-31,2013-12-31,2013-12-31,2021-09-07,-3000000.0,19345000000.0,19322000000.0,4456000000.0,14889000000.0,0.916,10.529,-1433000000.0,1355000000.0,1355000000.0,8307000000.0,754000000.0,0.785,1.637,2820000000.0,629000000.0,2191000000.0,2820000000.0,0.0,867000000.0,0.0,0.007,0.13,1340000000.0,2207000000.0,0.125,2207000000.0,1340000000.0,1209000000.0,1.06,1.05,1.06,7336000000.0,7022750000.0,7336000000.0,14668214992.0,11.0,6.646,1044000000.0,1.498,1.0,9392000000.0,0.531,970000000.0,131000000.0,14164000000.0,14274500000.0,467000000.0,1797000000.0,1797000000.0,0.0,12009000000.0,5676000000.0,6333000000.0,13126214992.0,242000000.0,0.0,-444000000.0,-313000000.0,-71000000.0,-851000000.0,-1384000000.0,63000000.0,2477000000.0,0.0,754000000.0,754000000.0,754000000.0,0.0,0.0,0.043,8114000000.0,1278000000.0,1247000000.0,0.123,1.789,17.409,17.774,13389000000.0,0.0,18.84,0.742,0.742,419000000.0,6431000000.0,17699000000.0,17699000000.0,0.0,0.039,0.107,0.094,0.076,0.0,5035000000.0,1.0,696720541.0,696720541.0,,25.403,18375000000.0,168000000.0,455000000.0,2934000000.0,26.374,-1220000000.0
31,LUV,MRT,2013-09-30,2013-09-30,2013-09-30,2021-09-07,-114000000.0,19364000000.0,19134750000.0,4773000000.0,14591000000.0,0.912,9.976,-1394000000.0,1333000000.0,1333000000.0,8476000000.0,620000000.0,0.861,1.761,2875000000.0,259000000.0,2616000000.0,2875000000.0,0.0,868000000.0,0.0,0.007,0.1,1133000000.0,2001000000.0,0.115,2001000000.0,1133000000.0,1001000000.0,0.87,0.87,0.87,7013000000.0,6936750000.0,7013000000.0,11727474457.0,10.0,5.861,1026000000.0,1.459,1.0,8969000000.0,0.514,970000000.0,132000000.0,14390000000.0,14487750000.0,521000000.0,1995000000.0,1995000000.0,0.0,12351000000.0,5546000000.0,6805000000.0,10282474457.0,165000000.0,0.0,-540000000.0,-328000000.0,-71000000.0,-935000000.0,-1320000000.0,74000000.0,2420000000.0,0.0,620000000.0,620000000.0,620000000.0,0.0,0.0,0.036,7985000000.0,984000000.0,1134000000.0,0.115,1.466,16.585,16.736,13203000000.0,0.0,14.56,0.589,0.587,463000000.0,6246000000.0,17445000000.0,17445000000.0,0.0,0.032,0.089,0.078,0.065,0.0,4949000000.0,1.0,706213905.0,703000000.0,,24.815,18394000000.0,233000000.0,381000000.0,2937000000.0,26.165,-773000000.0
32,LUV,MRT,2013-06-30,2013-06-30,2013-06-30,2021-09-07,-248000000.0,19382000000.0,18997000000.0,4864000000.0,14518000000.0,0.906,9.497,-1532000000.0,1489000000.0,1489000000.0,8571000000.0,377000000.0,0.842,1.858,2934000000.0,263000000.0,2671000000.0,2934000000.0,0.0,864000000.0,0.0,0.005,0.07,747000000.0,1611000000.0,0.094,1611000000.0,747000000.0,615000000.0,0.52,0.52,0.52,6781000000.0,6934000000.0,6781000000.0,10960408175.0,15.0,6.803,924000000.0,1.294,1.0,8638000000.0,0.502,970000000.0,132000000.0,14078000000.0,14623250000.0,461000000.0,1904000000.0,1904000000.0,0.0,12601000000.0,5779000000.0,6822000000.0,9310408175.0,406000000.0,0.0,-447000000.0,-325000000.0,-50000000.0,-812000000.0,-1238000000.0,300000000.0,2456000000.0,0.0,377000000.0,377000000.0,377000000.0,0.0,0.0,0.022,7993000000.0,645000000.0,1232000000.0,0.135,1.373,24.696,24.788,13164000000.0,0.0,12.89,0.541,0.535,514000000.0,6015000000.0,17209000000.0,17209000000.0,0.0,0.02,0.054,0.051,0.043,0.0,4867000000.0,1.0,722296988.0,714000000.0,,24.102,18412000000.0,287000000.0,238000000.0,2883000000.0,25.787,-915000000.0
33,LUV,MRT,2013-03-31,2013-03-31,2013-03-31,2021-09-07,-111000000.0,19197000000.0,18780500000.0,4514000000.0,14683000000.0,0.915,9.601,-1755000000.0,1338000000.0,1338000000.0,8635000000.0,381000000.0,0.834,1.758,2988000000.0,280000000.0,2708000000.0,2988000000.0,0.0,853000000.0,0.0,0.003,0.04,757000000.0,1610000000.0,0.094,1610000000.0,757000000.0,620000000.0,0.51,0.51,0.51,6961000000.0,6948750000.0,6961000000.0,11855741885.0,16.0,7.364,68000000.0,0.094,1.0,8547000000.0,0.497,970000000.0,137000000.0,14466000000.0,14768500000.0,480000000.0,1797000000.0,1797000000.0,0.0,12236000000.0,5411000000.0,6825000000.0,9814741885.0,-220000000.0,0.0,-422000000.0,-311000000.0,-30000000.0,-750000000.0,-1293000000.0,462000000.0,1823000000.0,0.0,381000000.0,381000000.0,381000000.0,0.0,0.0,0.022,7875000000.0,672000000.0,1250000000.0,0.078,1.41,25.76,26.431,13130000000.0,0.0,13.48,0.571,0.569,429000000.0,5818000000.0,17182000000.0,17182000000.0,0.0,0.02,0.055,0.051,0.044,0.0,4791000000.0,1.0,728096579.0,725000000.0,,23.699,18227000000.0,255000000.0,239000000.0,2904000000.0,25.141,-897000000.0
34,LUV,MRT,2012-12-31,2012-12-31,2012-12-31,2021-09-07,-119000000.0,18596000000.0,18687750000.0,4227000000.0,14369000000.0,0.914,9.475,-1348000000.0,1113000000.0,1113000000.0,8650000000.0,421000000.0,0.909,1.66,3154000000.0,271000000.0,2883000000.0,3154000000.0,0.0,844000000.0,0.0,0.003,0.034,832000000.0,1676000000.0,0.098,1676000000.0,832000000.0,685000000.0,0.56,0.56,0.56,6992000000.0,6982750000.0,6992000000.0,9614909425.0,12.0,5.737,716000000.0,0.97,1.0,8438000000.0,0.494,970000000.0,147000000.0,15017000000.0,14791500000.0,469000000.0,1857000000.0,1857000000.0,0.0,11604000000.0,4650000000.0,6954000000.0,7556909425.0,284000000.0,0.0,-373000000.0,-578000000.0,-22000000.0,-947000000.0,-833000000.0,515000000.0,2064000000.0,0.0,421000000.0,421000000.0,421000000.0,0.0,0.0,0.025,7815000000.0,623000000.0,1107000000.0,0.061,1.081,17.95,18.286,12766000000.0,0.0,10.24,0.442,0.442,332000000.0,5768000000.0,17088000000.0,17088000000.0,0.0,0.023,0.06,0.056,0.049,0.0,4749000000.0,1.0,737979436.0,737979436.0,,23.155,17626000000.0,246000000.0,264000000.0,2884000000.0,23.884,-423000000.0
35,LUV,MRT,2012-09-30,2012-09-30,2012-09-30,2021-09-07,-125000000.0,18813000000.0,18555750000.0,4652000000.0,14161000000.0,0.917,9.475,-1369000000.0,1168000000.0,1168000000.0,8620000000.0,494000000.0,0.936,1.687,3226000000.0,265000000.0,2961000000.0,3226000000.0,0.0,812000000.0,0.0,0.003,0.029,979000000.0,1791000000.0,0.105,1791000000.0,979000000.0,815000000.0,0.65,0.65,0.65,7002000000.0,6954000000.0,7002000000.0,8709728487.0,9.0,4.863,836000000.0,1.131,1.0,8404000000.0,0.494,970000000.0,164000000.0,14932000000.0,14909000000.0,544000000.0,2067000000.0,2067000000.0,0.0,11811000000.0,4969000000.0,6842000000.0,6516728487.0,152000000.0,0.0,-368000000.0,-947000000.0,-22000000.0,-1344000000.0,-709000000.0,660000000.0,2205000000.0,0.0,494000000.0,494000000.0,494000000.0,0.0,0.0,0.029,7724000000.0,680000000.0,1140000000.0,0.045,0.931,13.192,13.492,12572000000.0,0.0,8.77,0.383,0.381,430000000.0,5700000000.0,17024000000.0,17024000000.0,0.0,0.027,0.071,0.066,0.058,0.0,4697000000.0,1.0,743070523.0,739000000.0,,23.037,17843000000.0,219000000.0,321000000.0,2701000000.0,24.145,-317000000.0
36,LUV,MRT,2012-06-30,2012-06-30,2012-06-30,2021-09-07,-320000000.0,18516000000.0,18323750000.0,4691000000.0,13825000000.0,0.929,9.036,-1239000000.0,1083000000.0,1083000000.0,8627000000.0,338000000.0,0.923,1.707,3276000000.0,257000000.0,3019000000.0,3276000000.0,0.0,786000000.0,0.0,0.003,0.024,735000000.0,1521000000.0,0.089,1521000000.0,735000000.0,556000000.0,0.45,0.45,0.45,6840000000.0,6824750000.0,6840000000.0,8827054898.0,12.0,5.803,284000000.0,0.375,1.0,8399000000.0,0.493,970000000.0,179000000.0,14659000000.0,14872250000.0,446000000.0,2173000000.0,2173000000.0,0.0,11676000000.0,5080000000.0,6596000000.0,7078054898.0,-512000000.0,0.0,-494000000.0,-947000000.0,-18000000.0,-1466000000.0,-569000000.0,664000000.0,1523000000.0,0.0,338000000.0,338000000.0,338000000.0,0.0,0.0,0.02,7545000000.0,854000000.0,1153000000.0,0.053,1.035,20.941,20.489,12342000000.0,0.0,9.22,0.416,0.41,502000000.0,5692000000.0,17026000000.0,17026000000.0,0.0,0.018,0.05,0.049,0.043,0.0,4654000000.0,1.0,767684913.0,757000000.0,,22.491,17546000000.0,284000000.0,218000000.0,2563000000.0,23.178,-389000000.0
37,LUV,MRT,2012-03-31,2012-03-31,2012-03-31,2021-09-07,-57000000.0,18826000000.0,18431000000.0,5120000000.0,13706000000.0,0.898,9.205,-1038000000.0,1558000000.0,1558000000.0,8508000000.0,271000000.0,1.014,1.653,3307000000.0,259000000.0,3048000000.0,3307000000.0,0.0,760000000.0,0.0,0.002,0.018,655000000.0,1415000000.0,0.086,1415000000.0,655000000.0,463000000.0,0.36,0.36,0.36,7097000000.0,6915250000.0,7097000000.0,9290747228.0,14.0,6.566,577000000.0,0.748,1.0,8038000000.0,0.486,970000000.0,192000000.0,14558000000.0,15030750000.0,432000000.0,2226000000.0,2226000000.0,0.0,11729000000.0,5047000000.0,6682000000.0,6368747228.0,-481000000.0,-35000000.0,-254000000.0,-1022000000.0,-13000000.0,-1293000000.0,-803000000.0,270000000.0,1615000000.0,0.0,271000000.0,271000000.0,271000000.0,0.0,0.0,0.016,7437000000.0,601000000.0,1208000000.0,0.05,0.897,23.501,22.889,12095000000.0,0.0,8.24,0.385,0.384,367000000.0,5486000000.0,16546000000.0,16546000000.0,0.0,0.015,0.039,0.044,0.04,0.0,4557000000.0,1.0,772906217.0,771000000.0,,21.46,17856000000.0,219000000.0,192000000.0,2638000000.0,23.16,73000000.0
38,LUV,MRT,2011-12-31,2011-12-31,2011-12-31,2021-09-07,-224000000.0,18068000000.0,17828000000.0,4345000000.0,13723000000.0,0.878,8.833,-968000000.0,829000000.0,829000000.0,7866000000.0,178000000.0,0.959,1.627,3751000000.0,644000000.0,3107000000.0,3751000000.0,0.0,715000000.0,0.0,0.002,0.018,517000000.0,1232000000.0,0.079,1232000000.0,517000000.0,323000000.0,0.23,0.23,0.23,6877000000.0,6787750000.0,6877000000.0,9854151701.0,19.0,7.998,388000000.0,0.498,1.0,7792000000.0,0.498,970000000.0,194000000.0,15487000000.0,14728750000.0,401000000.0,2315000000.0,2315000000.0,0.0,11191000000.0,4533000000.0,6658000000.0,6664151701.0,-432000000.0,-35000000.0,-205000000.0,-621000000.0,-14000000.0,-766000000.0,-1022000000.0,-19000000.0,1356000000.0,0.0,178000000.0,178000000.0,178000000.0,0.0,0.0,0.011,7099000000.0,693000000.0,1057000000.0,0.078,0.969,37.439,37.217,12127000000.0,0.0,8.56,0.426,0.426,299000000.0,5395000000.0,15658000000.0,15658000000.0,0.0,0.01,0.026,0.035,0.033,0.0,4371000000.0,1.0,778522395.0,778522395.0,,20.112,17098000000.0,263000000.0,145000000.0,2566000000.0,21.962,-188000000.0
39,LUV,MRT,2011-09-30,2011-09-30,2011-09-30,2021-09-07,-513000000.0,17885000000.0,17176750000.0,4594000000.0,13291000000.0,0.854,8.188,-643000000.0,1016000000.0,1016000000.0,7168000000.0,157000000.0,0.864,1.758,4206000000.0,986000000.0,3220000000.0,4206000000.0,0.0,681000000.0,0.0,0.002,0.018,465000000.0,1146000000.0,0.078,1146000000.0,465000000.0,280000000.0,0.22,0.21,0.22,6485000000.0,6627750000.0,6485000000.0,9101143655.0,20.0,7.942,610000000.0,0.77,1.0,7496000000.0,0.511,970000000.0,185000000.0,14785000000.0,14426250000.0,459000000.0,2640000000.0,2640000000.0,0.0,11400000000.0,5320000000.0,6080000000.0,6464143655.0,-15000000.0,-35000000.0,-130000000.0,-223000000.0,-13000000.0,-291000000.0,-977000000.0,-299000000.0,1253000000.0,0.0,157000000.0,157000000.0,157000000.0,0.0,0.0,0.011,6734000000.0,762000000.0,1083000000.0,0.082,0.997,41.173,36.545,11834000000.0,0.0,8.04,0.441,0.434,369000000.0,5251000000.0,14664000000.0,14664000000.0,0.0,0.009,0.024,0.032,0.032,0.0,4181000000.0,1.0,803997967.0,792000000.0,,18.515,16915000000.0,0.0,123000000.0,1856000000.0,21.357,-726000000.0
40,LUV,MRT,2011-06-30,2011-06-30,2011-06-30,2021-09-07,-107000000.0,18945000000.0,16491250000.0,5421000000.0,13524000000.0,0.821,9.233,-467000000.0,1595000000.0,1595000000.0,6338000000.0,502000000.0,1.019,1.631,4232000000.0,990000000.0,3242000000.0,4232000000.0,0.0,651000000.0,0.0,0.002,0.018,1016000000.0,1667000000.0,0.123,1667000000.0,1016000000.0,838000000.0,0.67,0.66,0.67,7202000000.0,6494000000.0,7202000000.0,9835687966.0,10.0,5.9,1389000000.0,1.781,1.0,7207000000.0,0.532,971000000.0,178000000.0,15293000000.0,14327000000.0,394000000.0,2779000000.0,2779000000.0,0.0,11743000000.0,5318000000.0,6425000000.0,8541687966.0,606000000.0,-35000000.0,51000000.0,-214000000.0,-13000000.0,-98000000.0,-1152000000.0,-650000000.0,1856000000.0,0.0,502000000.0,502000000.0,502000000.0,0.0,0.0,0.037,6315000000.0,892000000.0,1049000000.0,0.027,1.186,17.015,17.045,11721000000.0,0.0,11.42,0.631,0.658,389000000.0,5398000000.0,13545000000.0,13545000000.0,0.0,0.03,0.077,0.071,0.075,0.0,3973000000.0,1.0,747958666.0,780000000.0,,17.365,17974000000.0,0.0,336000000.0,2263000000.0,23.044,103000000.0
41,LUV,MRT,2011-03-31,2011-03-31,2011-03-31,2021-09-07,79000000.0,16414000000.0,15501750000.0,5329000000.0,11085000000.0,0.811,8.806,-411000000.0,2039000000.0,2039000000.0,5617000000.0,453000000.0,1.223,1.492,3333000000.0,905000000.0,2428000000.0,3333000000.0,0.0,629000000.0,0.0,0.001,0.018,916000000.0,1545000000.0,0.123,1545000000.0,916000000.0,747000000.0,0.61,0.6,0.61,6587000000.0,6080500000.0,6587000000.0,11560726588.0,13.0,7.483,1748000000.0,2.337,1.0,6960000000.0,0.553,0.0,169000000.0,13350000000.0,14030500000.0,320000000.0,2426000000.0,2426000000.0,0.0,9827000000.0,4358000000.0,5469000000.0,9441726588.0,929000000.0,0.0,47000000.0,-170000000.0,-13000000.0,-57000000.0,-1173000000.0,-762000000.0,2159000000.0,0.0,453000000.0,453000000.0,453000000.0,0.0,0.0,0.036,5912000000.0,1048000000.0,916000000.0,0.03,1.433,20.843,20.705,10496000000.0,0.0,12.63,0.751,0.751,282000000.0,5399000000.0,12577000000.0,12577000000.0,0.0,0.029,0.075,0.065,0.073,0.0,3794000000.0,1.0,747563467.0,748000000.0,,16.814,16414000000.0,0.0,294000000.0,2496000000.0,21.944,971000000.0
42,LUV,MRT,2010-12-31,2010-12-31,2010-12-31,2021-09-07,-262000000.0,15463000000.0,15030750000.0,4279000000.0,11184000000.0,0.805,8.348,-493000000.0,1261000000.0,1261000000.0,5358000000.0,459000000.0,1.295,1.479,3380000000.0,505000000.0,2875000000.0,3380000000.0,0.0,628000000.0,0.0,0.001,0.018,912000000.0,1540000000.0,0.127,1540000000.0,912000000.0,745000000.0,0.62,0.61,0.62,6237000000.0,5818000000.0,6237000000.0,12129305145.0,13.0,7.876,1068000000.0,1.43,1.0,6746000000.0,0.557,0.0,167000000.0,14277000000.0,14187500000.0,243000000.0,2277000000.0,2277000000.0,0.0,9226000000.0,3305000000.0,5921000000.0,9697305145.0,147000000.0,0.0,55000000.0,-199000000.0,-13000000.0,-149000000.0,-1265000000.0,-772000000.0,1561000000.0,0.0,459000000.0,459000000.0,459000000.0,0.0,0.0,0.038,5758000000.0,988000000.0,739000000.0,0.029,1.555,21.127,20.935,10578000000.0,0.0,12.98,0.801,0.801,195000000.0,5399000000.0,12104000000.0,12104000000.0,0.0,0.031,0.079,0.064,0.075,0.0,3704000000.0,1.0,747095928.0,747095928.0,,16.201,15463000000.0,214000000.0,286000000.0,2493000000.0,20.697,974000000.0
43,LUV,MRT,2010-09-30,2010-09-30,2010-09-30,2021-09-07,-453000000.0,15143000000.0,14732250000.0,4042000000.0,11101000000.0,0.794,7.976,-512000000.0,1031000000.0,1031000000.0,5160000000.0,443000000.0,1.268,1.545,3463000000.0,113000000.0,3350000000.0,3463000000.0,0.0,623000000.0,0.0,0.001,0.018,889000000.0,1512000000.0,0.129,1512000000.0,889000000.0,717000000.0,0.58,0.58,0.58,5950000000.0,5622250000.0,5950000000.0,12207516246.0,14.0,8.074,1278000000.0,1.713,1.0,6542000000.0,0.559,0.0,172000000.0,14388000000.0,14112000000.0,231000000.0,2348000000.0,2348000000.0,0.0,9193000000.0,3187000000.0,6006000000.0,9749516246.0,129000000.0,0.0,54000000.0,-578000000.0,-13000000.0,-160000000.0,-1501000000.0,-990000000.0,1790000000.0,0.0,443000000.0,443000000.0,443000000.0,0.0,0.0,0.038,5603000000.0,939000000.0,707000000.0,0.031,1.639,22.008,22.534,10566000000.0,0.0,13.07,0.833,0.833,289000000.0,5273000000.0,11702000000.0,11702000000.0,0.0,0.03,0.079,0.063,0.076,0.0,3609000000.0,1.0,745946155.0,746000000.0,,15.686,15143000000.0,63000000.0,274000000.0,2140000000.0,20.299,855000000.0
44,LUV,MRT,2010-06-30,2010-06-30,2010-06-30,2021-09-07,-641000000.0,14987000000.0,14471500000.0,3971000000.0,11016000000.0,0.772,7.447,-610000000.0,989000000.0,989000000.0,5034000000.0,222000000.0,1.19,1.701,3447000000.0,123000000.0,3324000000.0,3447000000.0,0.0,624000000.0,0.0,0.002,0.018,542000000.0,1166000000.0,0.104,1166000000.0,542000000.0,365000000.0,0.29,0.29,0.29,5548000000.0,5439000000.0,5548000000.0,10635810714.0,20.0,9.122,867000000.0,1.164,1.0,6142000000.0,0.55,0.0,177000000.0,14107000000.0,13952500000.0,226000000.0,2135000000.0,2135000000.0,0.0,9439000000.0,3338000000.0,6101000000.0,8270810714.0,43000000.0,0.0,48000000.0,-354000000.0,-13000000.0,52000000.0,-1486000000.0,-877000000.0,1477000000.0,0.0,222000000.0,222000000.0,222000000.0,0.0,0.0,0.02,5536000000.0,606000000.0,787000000.0,0.062,1.491,37.256,38.31,10627000000.0,0.0,11.11,0.74,0.741,277000000.0,5075000000.0,11176000000.0,11176000000.0,0.0,0.015,0.041,0.039,0.048,0.0,3580000000.0,1.0,744447409.0,745000000.0,,15.001,14987000000.0,252000000.0,143000000.0,2192000000.0,20.117,633000000.0
45,LUV,MRT,2010-03-31,2010-03-31,2010-03-31,2021-09-07,-518000000.0,14530000000.0,14231500000.0,3621000000.0,10909000000.0,0.747,7.452,-638000000.0,1110000000.0,1110000000.0,4798000000.0,201000000.0,1.241,1.624,3475000000.0,170000000.0,3305000000.0,3475000000.0,0.0,620000000.0,0.0,0.001,0.018,470000000.0,1090000000.0,0.103,1090000000.0,470000000.0,288000000.0,0.26,0.26,0.26,5537000000.0,5339000000.0,5537000000.0,12226997474.0,26.0,11.217,434000000.0,0.584,1.0,5826000000.0,0.548,0.0,182000000.0,13978000000.0,13774750000.0,227000000.0,1663000000.0,1663000000.0,0.0,8993000000.0,2917000000.0,6076000000.0,9825997474.0,-35000000.0,0.0,29000000.0,-243000000.0,-13000000.0,146000000.0,-1253000000.0,-617000000.0,1072000000.0,0.0,201000000.0,201000000.0,201000000.0,0.0,0.0,0.019,5460000000.0,366000000.0,690000000.0,0.069,1.775,48.886,50.846,10621000000.0,0.0,13.22,0.925,0.925,235000000.0,4973000000.0,10624000000.0,10624000000.0,0.0,0.014,0.038,0.034,0.044,0.0,3497000000.0,1.0,743267585.0,743000000.0,,14.299,14530000000.0,291000000.0,87000000.0,2250000000.0,19.556,704000000.0
46,LUV,MRT,2009-12-31,2009-12-31,2009-12-31,2021-09-07,-578000000.0,14269000000.0,14143750000.0,3358000000.0,10911000000.0,0.732,7.351,-585000000.0,1114000000.0,1114000000.0,4667000000.0,99000000.0,1.246,1.616,3515000000.0,190000000.0,3325000000.0,3515000000.0,0.0,616000000.0,0.0,0.002,0.018,350000000.0,966000000.0,0.093,966000000.0,350000000.0,164000000.0,0.13,0.13,0.13,5454000000.0,5186750000.0,5454000000.0,11154373183.0,32.0,11.547,400000000.0,0.539,1.0,5683000000.0,0.549,0.0,186000000.0,13975000000.0,13660500000.0,221000000.0,1479000000.0,1479000000.0,0.0,8815000000.0,2695000000.0,6120000000.0,8480373183.0,-254000000.0,0.0,20000000.0,-45000000.0,-13000000.0,330000000.0,-1569000000.0,-986000000.0,985000000.0,0.0,99000000.0,99000000.0,99000000.0,0.0,0.0,0.01,5421000000.0,262000000.0,732000000.0,0.138,1.555,85.66,87.923,10634000000.0,0.0,11.43,0.819,0.819,169000000.0,4971000000.0,10350000000.0,10350000000.0,0.0,0.007,0.019,0.026,0.034,0.0,3468000000.0,1.0,741939911.0,741939911.0,,13.95,14269000000.0,291000000.0,65000000.0,2200000000.0,19.232,663000000.0
47,LUV,MRT,2009-09-30,2009-09-30,2009-09-30,2021-09-07,-715000000.0,14100000000.0,14093500000.0,3127000000.0,10973000000.0,0.736,7.031,-628000000.0,902000000.0,902000000.0,4804000000.0,-72000000.0,1.034,1.703,3576000000.0,198000000.0,3378000000.0,3576000000.0,0.0,616000000.0,0.0,0.002,0.018,71000000.0,687000000.0,0.066,687000000.0,71000000.0,-103000000.0,-0.1,-0.1,-0.1,5217000000.0,5061500000.0,5217000000.0,9554895126.0,135.0,13.908,-2680000000.0,-3.612,1.0,5569000000.0,0.537,0.0,174000000.0,13750000000.0,13555500000.0,196000000.0,1352000000.0,1352000000.0,0.0,8883000000.0,3024000000.0,5859000000.0,7117895126.0,-1488000000.0,0.0,16000000.0,1242000000.0,-13000000.0,1418000000.0,-854000000.0,-227000000.0,-2052000000.0,0.0,-72000000.0,-72000000.0,-72000000.0,0.0,0.0,-0.007,5405000000.0,164000000.0,694000000.0,-0.18,1.364,-98.86,-96.0,10698000000.0,0.0,9.6,0.686,0.687,225000000.0,4876000000.0,10373000000.0,10373000000.0,0.0,-0.005,-0.014,0.005,0.007,-19000000.0,3454000000.0,1.0,741447409.0,742000000.0,,13.98,14100000000.0,365000000.0,-31000000.0,1947000000.0,19.003,103000000.0
48,LUV,MRT,2009-06-30,2009-06-30,2009-06-30,2021-09-07,-797000000.0,14027000000.0,15112250000.0,3094000000.0,10933000000.0,0.701,6.947,-608000000.0,946000000.0,946000000.0,5001000000.0,-176000000.0,1.008,1.725,3383000000.0,105000000.0,3278000000.0,3383000000.0,0.0,606000000.0,0.0,0.003,0.018,-127000000.0,479000000.0,0.045,479000000.0,-127000000.0,-288000000.0,-0.24,-0.24,-0.24,5148000000.0,5523250000.0,5148000000.0,7450675232.0,-59.0,15.555,-5008000000.0,-6.758,1.0,5597000000.0,0.528,0.0,161000000.0,13396000000.0,13330250000.0,200000000.0,1252000000.0,1252000000.0,0.0,8879000000.0,3068000000.0,5811000000.0,4985675232.0,-3707000000.0,0.0,97000000.0,1042000000.0,-13000000.0,1296000000.0,-603000000.0,4000000.0,-4400000000.0,0.0,-176000000.0,-176000000.0,-176000000.0,0.0,0.0,-0.017,5369000000.0,228000000.0,732000000.0,-0.075,0.968,-28.328,-28.042,10661000000.0,0.0,6.73,0.47,0.471,237000000.0,4900000000.0,10598000000.0,10598000000.0,0.0,-0.012,-0.032,-0.01,-0.012,-7000000.0,3401000000.0,1.0,740813556.0,741000000.0,,14.302,14027000000.0,365000000.0,-112000000.0,1924000000.0,18.93,26000000.0
49,LUV,MRT,2009-03-31,2009-03-31,2009-03-31,2021-09-07,-922000000.0,14179000000.0,17421000000.0,2996000000.0,11183000000.0,0.623,6.659,-644000000.0,1145000000.0,1145000000.0,5192000000.0,54000000.0,0.959,1.877,3610000000.0,163000000.0,3447000000.0,3610000000.0,0.0,604000000.0,0.0,0.003,0.018,280000000.0,884000000.0,0.081,884000000.0,280000000.0,134000000.0,0.08,0.08,0.08,4928000000.0,6418750000.0,4928000000.0,6978127307.0,25.0,7.894,-2843000000.0,-3.842,1.0,5659000000.0,0.522,0.0,146000000.0,13521000000.0,13205250000.0,171000000.0,989000000.0,989000000.0,0.0,9251000000.0,3123000000.0,6128000000.0,4685127307.0,-1837000000.0,0.0,110000000.0,1594000000.0,-13000000.0,1852000000.0,-1490000000.0,-846000000.0,-2199000000.0,0.0,54000000.0,54000000.0,54000000.0,0.0,0.0,0.005,5349000000.0,310000000.0,693000000.0,0.225,0.951,86.762,79.125,10813000000.0,0.0,6.33,0.432,0.432,231000000.0,4819000000.0,10851000000.0,10851000000.0,0.0,0.003,0.008,0.021,0.026,1000000.0,3377000000.0,1.0,740146494.0,740000000.0,,14.664,14179000000.0,365000000.0,80000000.0,1895000000.0,19.161,-127000000.0
50,LUV,MRT,2008-12-31,2008-12-31,2008-12-31,2021-09-07,-984000000.0,14068000000.0,18384000000.0,2653000000.0,11415000000.0,0.6,6.696,-923000000.0,1368000000.0,1368000000.0,5250000000.0,178000000.0,0.945,1.84,3661000000.0,163000000.0,3498000000.0,3661000000.0,0.0,599000000.0,0.0,0.002,0.018,408000000.0,1007000000.0,0.091,1007000000.0,408000000.0,278000000.0,0.24,0.24,0.24,4953000000.0,6983000000.0,4953000000.0,6638422087.0,16.0,6.592,-2444000000.0,-3.304,1.0,5773000000.0,0.524,0.0,130000000.0,13555000000.0,12671750000.0,203000000.0,435000000.0,435000000.0,0.0,9115000000.0,2806000000.0,6309000000.0,6376422087.0,-845000000.0,0.0,63000000.0,1436000000.0,-13000000.0,1654000000.0,-978000000.0,-55000000.0,-1521000000.0,0.0,178000000.0,178000000.0,178000000.0,0.0,0.0,0.016,5324000000.0,449000000.0,668000000.0,0.075,1.287,35.823,35.917,11040000000.0,0.0,8.62,0.578,0.578,209000000.0,4919000000.0,11023000000.0,11023000000.0,0.0,0.01,0.025,0.032,0.037,0.0,3340000000.0,1.0,739724140.0,739724140.0,,14.902,14068000000.0,365000000.0,100000000.0,1904000000.0,19.018,-153000000.0
51,LUV,MRT,2008-09-30,2008-09-30,2008-09-30,2021-09-07,1066000000.0,18175000000.0,19060000000.0,5301000000.0,12874000000.0,0.566,9.598,-1115000000.0,2390000000.0,2390000000.0,5134000000.0,347000000.0,0.949,1.573,2652000000.0,72000000.0,2580000000.0,2652000000.0,0.0,589000000.0,0.0,0.001,0.018,673000000.0,1262000000.0,0.117,1262000000.0,673000000.0,545000000.0,0.48,0.48,0.48,7064000000.0,7480000000.0,7064000000.0,8657352406.0,13.0,6.86,1003000000.0,1.363,1.0,5648000000.0,0.524,0.0,128000000.0,12849000000.0,12236000000.0,286000000.0,1041000000.0,1041000000.0,0.0,11111000000.0,5588000000.0,5523000000.0,10649352406.0,1340000000.0,0.0,70000000.0,1054000000.0,-13000000.0,1068000000.0,-1846000000.0,-731000000.0,2118000000.0,0.0,347000000.0,347000000.0,347000000.0,0.0,0.0,0.032,5142000000.0,506000000.0,701000000.0,0.037,1.508,30.69,30.229,11198000000.0,0.0,14.51,0.988,0.99,385000000.0,4980000000.0,10782000000.0,10782000000.0,0.0,0.018,0.046,0.055,0.062,34000000.0,3295000000.0,1.0,733931937.0,736000000.0,,14.649,18175000000.0,0.0,198000000.0,2568000000.0,24.694,-287000000.0
52,LUV,MRT,2008-06-30,2008-06-30,2008-06-30,2021-09-07,2699000000.0,23262000000.0,18147250000.0,8929000000.0,14333000000.0,0.577,11.926,-1256000000.0,4653000000.0,4653000000.0,4691000000.0,629000000.0,1.066,1.665,2661000000.0,71000000.0,2590000000.0,2661000000.0,0.0,577000000.0,0.0,0.001,0.018,1148000000.0,1725000000.0,0.165,1725000000.0,1148000000.0,1027000000.0,0.86,0.86,0.86,8730000000.0,7281250000.0,8730000000.0,8679121842.0,8.0,5.031,3292000000.0,4.497,1.0,5788000000.0,0.552,0.0,121000000.0,12896000000.0,11830500000.0,301000000.0,1185000000.0,1185000000.0,0.0,14532000000.0,8374000000.0,6158000000.0,9542121842.0,3048000000.0,0.0,-306000000.0,968000000.0,-13000000.0,616000000.0,-2116000000.0,-860000000.0,4548000000.0,0.0,629000000.0,629000000.0,629000000.0,0.0,0.0,0.06,5117000000.0,671000000.0,903000000.0,0.021,1.093,15.17,15.163,11170000000.0,0.0,13.04,0.911,0.911,447000000.0,5123000000.0,10479000000.0,10479000000.0,0.0,0.035,0.086,0.097,0.11,24000000.0,3271000000.0,1.0,731757810.0,732000000.0,,14.316,23262000000.0,0.0,398000000.0,3193000000.0,31.779,555000000.0
53,LUV,MRT,2008-03-31,2008-03-31,2008-03-31,2021-09-07,1492000000.0,18031000000.0,16045000000.0,5050000000.0,12981000000.0,0.635,9.802,-1371000000.0,2982000000.0,2982000000.0,4299000000.0,586000000.0,0.874,1.51,2119000000.0,40000000.0,2079000000.0,2119000000.0,0.0,566000000.0,0.0,0.001,0.018,1063000000.0,1629000000.0,0.16,1629000000.0,1063000000.0,945000000.0,0.78,0.78,0.78,7185000000.0,6705500000.0,7185000000.0,9000257135.0,8.0,5.525,1821000000.0,2.484,1.0,5894000000.0,0.578,0.0,118000000.0,11387000000.0,11307500000.0,265000000.0,140000000.0,140000000.0,0.0,10846000000.0,5781000000.0,5065000000.0,9122257135.0,1364000000.0,0.0,-773000000.0,368000000.0,-13000000.0,-443000000.0,-1385000000.0,-14000000.0,3192000000.0,0.0,586000000.0,586000000.0,586000000.0,0.0,0.0,0.057,5100000000.0,794000000.0,787000000.0,0.023,1.27,15.567,15.897,11091000000.0,0.0,12.4,0.895,0.892,350000000.0,4811000000.0,10193000000.0,10193000000.0,0.0,0.037,0.087,0.094,0.104,30000000.0,3246000000.0,1.0,735665898.0,733000000.0,,13.906,18031000000.0,0.0,359000000.0,2611000000.0,24.599,-731000000.0
54,LUV,MRT,2007-12-31,2007-12-31,2007-12-31,2021-09-07,1241000000.0,16772000000.0,15096750000.0,4443000000.0,12329000000.0,0.653,9.456,-1331000000.0,2213000000.0,2213000000.0,4022000000.0,645000000.0,0.918,1.416,2091000000.0,41000000.0,2050000000.0,2091000000.0,0.0,555000000.0,0.0,0.001,0.018,1177000000.0,1732000000.0,0.176,1732000000.0,1177000000.0,1058000000.0,0.85,0.84,0.85,6941000000.0,6547750000.0,6941000000.0,9484263393.0,8.0,5.476,1514000000.0,2.063,1.0,5839000000.0,0.592,0.0,119000000.0,11812000000.0,11154500000.0,259000000.0,566000000.0,566000000.0,0.0,9831000000.0,4838000000.0,4993000000.0,8955263393.0,823000000.0,0.0,-862000000.0,378000000.0,-14000000.0,-493000000.0,-1529000000.0,-198000000.0,2845000000.0,0.0,645000000.0,645000000.0,645000000.0,0.0,0.0,0.065,5048000000.0,791000000.0,759000000.0,0.021,1.29,13.884,14.353,10874000000.0,0.0,12.2,0.908,0.908,279000000.0,4788000000.0,9861000000.0,9861000000.0,0.0,0.043,0.099,0.106,0.119,9000000.0,3213000000.0,1.0,734037983.0,734037983.0,,13.434,16772000000.0,0.0,413000000.0,2535000000.0,22.849,-395000000.0
55,LUV,MRT,2007-09-30,2007-09-30,2007-09-30,2021-09-07,723000000.0,14524000000.0,14268750000.0,2870000000.0,11654000000.0,0.676,8.483,-1335000000.0,1050000000.0,1050000000.0,3809000000.0,590000000.0,0.75,1.317,1579000000.0,24000000.0,1555000000.0,1579000000.0,0.0,546000000.0,0.0,0.001,0.018,1088000000.0,1634000000.0,0.169,1634000000.0,1088000000.0,974000000.0,0.77,0.78,0.77,6269000000.0,6424750000.0,6269000000.0,11096274536.0,10.0,6.791,559000000.0,0.756,1.0,5836000000.0,0.605,0.0,114000000.0,11227000000.0,10919500000.0,204000000.0,507000000.0,507000000.0,0.0,8255000000.0,3826000000.0,4429000000.0,11060274536.0,-897000000.0,20000000.0,-1038000000.0,-286000000.0,-13000000.0,-1304000000.0,-1487000000.0,-152000000.0,1894000000.0,0.0,590000000.0,590000000.0,590000000.0,0.0,0.0,0.061,4999000000.0,837000000.0,735000000.0,0.023,1.764,18.746,19.221,10667000000.0,0.0,14.8,1.147,1.134,326000000.0,4685000000.0,9645000000.0,9645000000.0,0.0,0.041,0.092,0.1,0.113,9000000.0,3192000000.0,1.0,747315847.0,739000000.0,,13.051,14524000000.0,0.0,384000000.0,2404000000.0,19.654,-956000000.0
56,LUV,MRT,2007-06-30,2007-06-30,2007-06-30,2021-09-07,752000000.0,14853000000.0,14159500000.0,3306000000.0,11547000000.0,0.664,8.358,-1397000000.0,1605000000.0,1605000000.0,3653000000.0,476000000.0,0.809,1.311,1641000000.0,123000000.0,1518000000.0,1641000000.0,0.0,537000000.0,0.0,0.001,0.018,893000000.0,1430000000.0,0.152,1430000000.0,893000000.0,775000000.0,0.61,0.62,0.61,6427000000.0,6513500000.0,6427000000.0,11703218464.0,13.0,8.184,24000000.0,0.031,1.0,5746000000.0,0.611,0.0,118000000.0,10804000000.0,10626750000.0,182000000.0,509000000.0,509000000.0,0.0,8426000000.0,4085000000.0,4341000000.0,11642218464.0,-987000000.0,20000000.0,-755000000.0,-186000000.0,-14000000.0,-898000000.0,-1510000000.0,-113000000.0,1421000000.0,0.0,476000000.0,476000000.0,476000000.0,0.0,0.0,0.051,4899000000.0,847000000.0,746000000.0,0.03,1.811,24.458,24.443,10487000000.0,0.0,14.91,1.239,1.22,321000000.0,4534000000.0,9399000000.0,9399000000.0,0.0,0.034,0.073,0.084,0.095,2000000.0,3131000000.0,1.0,780832895.0,769000000.0,,12.222,14853000000.0,0.0,299000000.0,2328000000.0,19.315,-779000000.0
57,LUV,MRT,2007-03-31,2007-03-31,2007-03-31,2021-09-07,716000000.0,14238000000.0,14282250000.0,2999000000.0,11239000000.0,0.649,8.338,-1463000000.0,1618000000.0,1618000000.0,3514000000.0,531000000.0,0.851,1.172,1679000000.0,123000000.0,1556000000.0,1679000000.0,0.0,527000000.0,0.0,0.001,0.018,966000000.0,1493000000.0,0.161,1493000000.0,966000000.0,843000000.0,0.67,0.66,0.67,6554000000.0,6645000000.0,6554000000.0,11888943373.0,12.0,7.963,-190000000.0,-0.242,1.0,5751000000.0,0.621,0.0,123000000.0,10775000000.0,10400750000.0,174000000.0,315000000.0,315000000.0,0.0,7684000000.0,3524000000.0,4160000000.0,11589943373.0,-982000000.0,20000000.0,-565000000.0,-279000000.0,-15000000.0,-798000000.0,-1457000000.0,6000000.0,1273000000.0,0.0,531000000.0,531000000.0,531000000.0,0.0,0.0,0.057,4830000000.0,921000000.0,643000000.0,0.027,1.768,21.827,21.94,10285000000.0,0.0,14.7,1.251,1.247,278000000.0,4264000000.0,9265000000.0,9265000000.0,0.0,0.037,0.08,0.093,0.104,9000000.0,3103000000.0,1.0,788431522.0,786000000.0,,11.788,14238000000.0,0.0,312000000.0,2183000000.0,18.115,-525000000.0
58,LUV,MRT,2006-12-31,2006-12-31,2006-12-31,2021-09-07,582000000.0,13460000000.0,14403500000.0,2601000000.0,10859000000.0,0.631,8.144,-1399000000.0,1390000000.0,1390000000.0,3405000000.0,499000000.0,0.901,1.087,1689000000.0,122000000.0,1567000000.0,1689000000.0,0.0,515000000.0,0.0,0.001,0.018,918000000.0,1433000000.0,0.158,1433000000.0,918000000.0,790000000.0,0.63,0.61,0.63,6449000000.0,6697750000.0,6449000000.0,12043884134.0,13.0,8.405,7000000.0,0.009,1.0,5681000000.0,0.625,0.0,128000000.0,10872000000.0,10111000000.0,181000000.0,369000000.0,369000000.0,0.0,7011000000.0,2887000000.0,4124000000.0,12130884134.0,-890000000.0,20000000.0,-540000000.0,-307000000.0,-14000000.0,-801000000.0,-1495000000.0,-117000000.0,1406000000.0,0.0,499000000.0,499000000.0,499000000.0,0.0,0.0,0.055,4747000000.0,934000000.0,643000000.0,0.029,1.881,24.31,24.317,10094000000.0,0.0,15.32,1.335,1.335,241000000.0,4307000000.0,9086000000.0,9086000000.0,0.0,0.035,0.075,0.091,0.101,20000000.0,3052000000.0,1.0,791833168.0,791833168.0,,11.475,13460000000.0,0.0,291000000.0,2104000000.0,16.999,-286000000.0
59,LUV,MRT,2006-09-30,2006-09-30,2006-09-30,2021-09-07,719000000.0,14087000000.0,14539250000.0,3301000000.0,10786000000.0,0.605,8.395,-1251000000.0,1947000000.0,1947000000.0,3071000000.0,512000000.0,0.837,1.127,1860000000.0,585000000.0,1275000000.0,1860000000.0,0.0,503000000.0,0.0,0.001,0.018,934000000.0,1437000000.0,0.163,1437000000.0,934000000.0,801000000.0,0.64,0.61,0.64,6624000000.0,6754250000.0,6624000000.0,12337044636.0,13.0,8.585,44000000.0,0.056,1.0,5727000000.0,0.651,0.0,133000000.0,10056000000.0,9860500000.0,181000000.0,354000000.0,354000000.0,0.0,7463000000.0,3944000000.0,3519000000.0,13096044636.0,-481000000.0,0.0,-301000000.0,-150000000.0,-15000000.0,-378000000.0,-1398000000.0,-168000000.0,1295000000.0,0.0,512000000.0,512000000.0,512000000.0,0.0,0.0,0.058,4826000000.0,901000000.0,568000000.0,0.028,1.977,25.578,26.031,9875000000.0,0.0,16.66,1.489,1.494,266000000.0,4369000000.0,8798000000.0,8798000000.0,0.0,0.035,0.076,0.095,0.106,4000000.0,2999000000.0,1.0,786077109.0,789000000.0,,11.151,14087000000.0,0.0,289000000.0,1834000000.0,17.854,-643000000.0
60,LUV,MRT,2006-06-30,2006-06-30,2006-06-30,2021-09-07,1104000000.0,15344000000.0,14704000000.0,4358000000.0,10986000000.0,0.574,8.713,-1125000000.0,2592000000.0,2592000000.0,2831000000.0,674000000.0,0.93,1.207,1833000000.0,483000000.0,1350000000.0,1833000000.0,0.0,493000000.0,0.0,0.001,0.018,1199000000.0,1692000000.0,0.2,1692000000.0,1199000000.0,1066000000.0,0.85,0.81,0.85,6953000000.0,6787000000.0,6953000000.0,12480036081.0,10.0,7.376,1065000000.0,1.335,1.0,5614000000.0,0.665,0.0,133000000.0,9900000000.0,10064000000.0,189000000.0,396000000.0,396000000.0,0.0,8391000000.0,4685000000.0,3706000000.0,13138036081.0,323000000.0,0.0,-272000000.0,-150000000.0,-15000000.0,-368000000.0,-1499000000.0,-395000000.0,2190000000.0,0.0,674000000.0,674000000.0,674000000.0,0.0,0.0,0.08,4726000000.0,888000000.0,609000000.0,0.021,1.89,19.493,19.259,9624000000.0,0.0,16.37,1.556,1.547,269000000.0,4325000000.0,8445000000.0,8445000000.0,0.0,0.046,0.099,0.119,0.142,21000000.0,2940000000.0,1.0,802567873.0,798000000.0,,10.583,15344000000.0,0.0,392000000.0,1942000000.0,19.228,-327000000.0
61,LUV,MRT,2006-03-31,2006-03-31,2006-03-31,2021-09-07,1009000000.0,14723000000.0,14312750000.0,4092000000.0,10631000000.0,0.555,8.425,-1001000000.0,2600000000.0,2600000000.0,2626000000.0,485000000.0,0.92,1.176,1942000000.0,574000000.0,1368000000.0,1942000000.0,0.0,482000000.0,0.0,0.001,0.018,914000000.0,1396000000.0,0.176,1396000000.0,914000000.0,786000000.0,0.61,0.59,0.61,6765000000.0,6628000000.0,6765000000.0,14190862130.0,16.0,10.165,1003000000.0,1.249,1.0,5314000000.0,0.669,0.0,128000000.0,9616000000.0,10183000000.0,158000000.0,320000000.0,320000000.0,0.0,7958000000.0,4449000000.0,3509000000.0,14475862130.0,692000000.0,0.0,7000000.0,-78000000.0,-15000000.0,-13000000.0,-1299000000.0,-319000000.0,2004000000.0,0.0,485000000.0,485000000.0,485000000.0,0.0,0.0,0.061,4572000000.0,742000000.0,585000000.0,0.03,2.14,29.847,29.492,9351000000.0,0.0,17.99,1.823,1.819,250000000.0,4016000000.0,7940000000.0,7940000000.0,0.0,0.034,0.073,0.09,0.115,12000000.0,2838000000.0,1.0,804661597.0,803000000.0,,9.888,14723000000.0,0.0,301000000.0,1752000000.0,18.335,-357000000.0
62,LUV,MRT,2005-12-31,2005-12-31,2005-12-31,2021-09-07,892000000.0,14003000000.0,13945500000.0,3620000000.0,10383000000.0,0.544,8.42,-1146000000.0,2280000000.0,2280000000.0,2404000000.0,484000000.0,0.941,1.098,1995000000.0,601000000.0,1394000000.0,1995000000.0,0.0,469000000.0,0.0,0.001,0.018,901000000.0,1370000000.0,0.181,1370000000.0,901000000.0,779000000.0,0.61,0.6,0.61,6675000000.0,6465500000.0,6675000000.0,12606483727.0,14.0,9.202,972000000.0,1.226,1.0,5180000000.0,0.683,0.0,122000000.0,9870000000.0,10395500000.0,150000000.0,251000000.0,251000000.0,0.0,7328000000.0,3848000000.0,3480000000.0,13024483727.0,1232000000.0,-6000000.0,77000000.0,151000000.0,-14000000.0,260000000.0,-1146000000.0,6000000.0,2118000000.0,0.0,484000000.0,484000000.0,484000000.0,0.0,0.0,0.064,4455000000.0,725000000.0,524000000.0,0.03,1.951,26.91,26.934,9212000000.0,0.0,16.43,1.717,1.717,258000000.0,4018000000.0,7584000000.0,7584000000.0,0.0,0.035,0.075,0.087,0.119,33000000.0,2782000000.0,1.0,792725729.0,792725729.0,,9.567,14003000000.0,0.0,295000000.0,1681000000.0,17.664,-228000000.0
63,LUV,MRT,2005-09-30,2005-09-30,2005-09-30,2021-09-07,1194000000.0,14746000000.0,13279000000.0,4109000000.0,10637000000.0,0.546,8.561,-1283000000.0,2428000000.0,2428000000.0,2290000000.0,370000000.0,1.188,1.183,2010000000.0,149000000.0,1861000000.0,2010000000.0,0.0,462000000.0,0.0,0.001,0.018,719000000.0,1181000000.0,0.163,1181000000.0,719000000.0,605000000.0,0.47,0.46,0.47,6755000000.0,6177750000.0,6755000000.0,11429968009.0,16.0,9.678,663000000.0,0.84,1.0,4961000000.0,0.684,0.0,114000000.0,10870000000.0,10426250000.0,153000000.0,185000000.0,185000000.0,0.0,7991000000.0,3458000000.0,4533000000.0,11690968009.0,897000000.0,-80000000.0,40000000.0,91000000.0,-15000000.0,155000000.0,-1204000000.0,160000000.0,1946000000.0,0.0,370000000.0,370000000.0,370000000.0,0.0,0.0,0.051,4407000000.0,554000000.0,495000000.0,0.038,1.731,31.597,31.596,9345000000.0,0.0,14.85,1.612,1.616,334000000.0,4474000000.0,7251000000.0,7251000000.0,0.0,0.028,0.06,0.069,0.099,150000000.0,2811000000.0,1.0,787270573.0,789000000.0,,9.19,14746000000.0,0.0,235000000.0,2311000000.0,18.689,651000000.0
64,LUV,MRT,2005-06-30,2005-06-30,2005-06-30,2021-09-07,1000000000.0,13779000000.0,12525250000.0,3482000000.0,10297000000.0,0.554,8.037,-1524000000.0,2269000000.0,2269000000.0,2192000000.0,279000000.0,1.108,1.181,2008000000.0,145000000.0,1863000000.0,2008000000.0,0.0,449000000.0,0.0,0.001,0.018,546000000.0,995000000.0,0.143,995000000.0,546000000.0,443000000.0,0.35,0.35,0.35,6317000000.0,5865000000.0,6317000000.0,11023594622.0,20.0,11.079,206000000.0,0.262,1.0,4744000000.0,0.684,0.0,103000000.0,10376000000.0,10052000000.0,140000000.0,0.0,0.0,0.0,7462000000.0,3142000000.0,4320000000.0,10931594622.0,862000000.0,-80000000.0,-79000000.0,441000000.0,-15000000.0,376000000.0,-1244000000.0,361000000.0,1730000000.0,0.0,279000000.0,279000000.0,279000000.0,0.0,0.0,0.04,4247000000.0,497000000.0,462000000.0,0.051,1.731,39.181,39.8,9178000000.0,0.0,13.93,1.576,1.579,292000000.0,4274000000.0,6936000000.0,6936000000.0,0.0,0.022,0.048,0.054,0.079,138000000.0,2711000000.0,1.0,784751947.0,786000000.0,,8.824,13779000000.0,0.0,164000000.0,2118000000.0,17.531,340000000.0
65,LUV,MRT,2005-03-31,2005-03-31,2005-03-31,2021-09-07,972000000.0,13254000000.0,11783750000.0,3235000000.0,10019000000.0,0.569,7.8,-1755000000.0,1908000000.0,1908000000.0,2108000000.0,248000000.0,1.123,1.167,2000000000.0,74000000.0,1926000000.0,2000000000.0,0.0,440000000.0,0.0,0.001,0.018,483000000.0,923000000.0,0.138,923000000.0,483000000.0,387000000.0,0.31,0.31,0.31,6115000000.0,5599250000.0,6115000000.0,11701912184.0,24.0,12.678,-241000000.0,-0.307,1.0,4600000000.0,0.686,0.0,96000000.0,10466000000.0,9531000000.0,128000000.0,0.0,0.0,0.0,7139000000.0,2880000000.0,4259000000.0,11160912184.0,426000000.0,-80000000.0,-82000000.0,484000000.0,-15000000.0,406000000.0,-1494000000.0,342000000.0,1514000000.0,0.0,248000000.0,248000000.0,248000000.0,0.0,0.0,0.037,4162000000.0,438000000.0,471000000.0,0.058,1.825,45.004,45.935,9010000000.0,0.0,14.24,1.664,1.664,334000000.0,4138000000.0,6708000000.0,6708000000.0,0.0,0.021,0.044,0.051,0.072,126000000.0,2649000000.0,1.0,783771923.0,784000000.0,,8.556,13254000000.0,0.0,139000000.0,1975000000.0,16.906,355000000.0
66,LUV,MRT,2004-12-31,2004-12-31,2004-12-31,2021-09-07,417000000.0,11337000000.0,11038000000.0,2172000000.0,9165000000.0,0.592,7.086,-1707000000.0,1048000000.0,1048000000.0,2059000000.0,215000000.0,1.014,1.052,1846000000.0,146000000.0,1700000000.0,1846000000.0,0.0,431000000.0,0.0,0.001,0.018,427000000.0,858000000.0,0.131,858000000.0,427000000.0,339000000.0,0.27,0.27,0.27,5524000000.0,5326750000.0,5524000000.0,12738617524.0,30.0,14.847,-641000000.0,-0.822,1.0,4471000000.0,0.685,0.0,88000000.0,9993000000.0,8875250000.0,137000000.0,257000000.0,257000000.0,0.0,5813000000.0,2142000000.0,3671000000.0,12691617524.0,-436000000.0,-74000000.0,-158000000.0,313000000.0,-14000000.0,156000000.0,-1658000000.0,124000000.0,1066000000.0,0.0,215000000.0,215000000.0,215000000.0,0.0,0.0,0.033,4067000000.0,404000000.0,420000000.0,0.067,2.298,59.031,60.296,8723000000.0,0.0,16.28,1.944,1.944,248000000.0,4089000000.0,6530000000.0,6530000000.0,0.0,0.019,0.04,0.048,0.065,112000000.0,2578000000.0,1.0,779583386.0,779583386.0,,8.376,11337000000.0,0.0,124000000.0,1610000000.0,14.542,30000000.0
67,LUV,MRT,2004-09-30,2004-09-30,2004-09-30,2021-09-07,520000000.0,11731000000.0,10673250000.0,2872000000.0,8859000000.0,0.599,7.047,-1750000000.0,1876000000.0,1876000000.0,1979000000.0,324000000.0,1.194,1.131,1923000000.0,317000000.0,1606000000.0,1923000000.0,0.0,417000000.0,0.0,0.001,0.018,584000000.0,1001000000.0,0.157,1001000000.0,584000000.0,502000000.0,0.4,0.4,0.4,5504000000.0,5208750000.0,5504000000.0,10550278595.0,18.0,10.54,-253000000.0,-0.324,1.0,4412000000.0,0.69,0.0,82000000.0,9373000000.0,8334000000.0,112000000.0,0.0,0.0,0.0,6227000000.0,2405000000.0,3822000000.0,10762278595.0,-503000000.0,0.0,-162000000.0,278000000.0,-15000000.0,95000000.0,-2095000000.0,36000000.0,1497000000.0,0.0,324000000.0,324000000.0,324000000.0,0.0,0.0,0.051,3867000000.0,545000000.0,418000000.0,0.045,1.955,33.217,34.05,8444000000.0,0.0,13.62,1.684,1.664,252000000.0,4084000000.0,6391000000.0,6391000000.0,0.0,0.03,0.062,0.07,0.091,41000000.0,2390000000.0,1.0,790181982.0,781000000.0,,8.183,11731000000.0,0.0,178000000.0,1860000000.0,15.02,467000000.0
68,LUV,MRT,2004-06-30,2004-06-30,2004-06-30,2021-09-07,287000000.0,10813000000.0,10225500000.0,2471000000.0,8342000000.0,0.613,6.702,-1591000000.0,1768000000.0,1768000000.0,1936000000.0,311000000.0,1.07,1.058,1556000000.0,317000000.0,1239000000.0,1556000000.0,0.0,406000000.0,0.0,0.001,0.018,574000000.0,980000000.0,0.156,980000000.0,574000000.0,492000000.0,0.39,0.38,0.39,5254000000.0,4995500000.0,5254000000.0,13004351838.0,23.0,13.27,-313000000.0,-0.399,1.0,4334000000.0,0.691,0.0,82000000.0,8292000000.0,7869500000.0,108000000.0,0.0,0.0,0.0,5559000000.0,2309000000.0,3250000000.0,13251351838.0,-797000000.0,0.0,-34000000.0,-72000000.0,-15000000.0,-123000000.0,-1952000000.0,20000000.0,1278000000.0,0.0,311000000.0,311000000.0,311000000.0,0.0,0.0,0.05,3795000000.0,539000000.0,464000000.0,0.046,2.522,42.609,43.0,8072000000.0,0.0,16.77,2.113,2.097,222000000.0,3979000000.0,6270000000.0,6270000000.0,0.0,0.03,0.062,0.073,0.092,41000000.0,2332000000.0,1.0,790181982.0,784000000.0,,7.997,10813000000.0,0.0,181000000.0,1649000000.0,13.792,162000000.0
69,LUV,MRT,2004-03-31,2004-03-31,2004-03-31,2021-09-07,184000000.0,10271000000.0,9687500000.0,2400000000.0,7871000000.0,0.626,6.401,-1405000000.0,1824000000.0,1824000000.0,1858000000.0,444000000.0,1.1,1.044,1577000000.0,307000000.0,1270000000.0,1577000000.0,0.0,394000000.0,0.0,0.001,0.018,793000000.0,1187000000.0,0.196,1187000000.0,793000000.0,710000000.0,0.57,0.54,0.57,5025000000.0,4742000000.0,5025000000.0,10890241534.0,14.0,9.175,81000000.0,0.103,1.0,4211000000.0,0.694,0.0,83000000.0,7843000000.0,7594500000.0,105000000.0,0.0,0.0,0.0,5246000000.0,2181000000.0,3065000000.0,11217241534.0,-407000000.0,0.0,-30000000.0,-102000000.0,-15000000.0,-146000000.0,-1747000000.0,39000000.0,1486000000.0,0.0,444000000.0,444000000.0,444000000.0,0.0,0.0,0.073,3729000000.0,482000000.0,443000000.0,0.032,2.232,25.264,24.93,7683000000.0,0.0,14.21,1.848,1.838,178000000.0,3896000000.0,6069000000.0,6069000000.0,0.0,0.046,0.094,0.104,0.131,41000000.0,2297000000.0,1.0,789390678.0,785000000.0,,7.731,10271000000.0,0.0,266000000.0,1476000000.0,13.084,219000000.0
70,LUV,MRT,2003-12-31,2003-12-31,2003-12-31,2021-09-07,122000000.0,9878000000.0,9416000000.0,2313000000.0,7565000000.0,0.631,6.453,-1238000000.0,1865000000.0,1865000000.0,1815000000.0,442000000.0,1.342,0.955,1538000000.0,206000000.0,1332000000.0,1538000000.0,0.0,384000000.0,0.0,0.001,0.018,799000000.0,1183000000.0,0.199,1183000000.0,799000000.0,708000000.0,0.56,0.54,0.56,5052000000.0,4737000000.0,5052000000.0,12103521447.0,15.0,10.231,98000000.0,0.125,1.0,4122000000.0,0.694,0.0,91000000.0,7828000000.0,7608500000.0,93000000.0,0.0,0.0,0.0,4826000000.0,1723000000.0,3103000000.0,12636521447.0,-331000000.0,0.0,93000000.0,-130000000.0,-14000000.0,-48000000.0,-1619000000.0,-381000000.0,1336000000.0,0.0,442000000.0,442000000.0,442000000.0,0.0,0.0,0.074,3639000000.0,483000000.0,405000000.0,0.032,2.501,28.589,28.821,7443000000.0,0.0,16.14,2.128,2.128,132000000.0,3883000000.0,5937000000.0,5937000000.0,0.0,0.047,0.093,0.105,0.135,41000000.0,2224000000.0,1.0,782931936.0,782931936.0,,7.583,9878000000.0,0.0,266000000.0,1420000000.0,12.617,590000000.0
71,LUV,MRT,2003-09-30,2003-09-30,2003-09-30,2021-09-07,,,,,,,,-1085521000.0,,,1777588000.0,418430000.0,,,,,,,,377814000.0,,0.001,0.018,767654000.0,1145468000.0,0.197,1145468000.0,767654000.0,671242000.0,0.54,0.51,0.54,,,,13324895267.0,17.0,11.633,74129000.0,0.095,1.0,4042180000.0,0.695,,96412000.0,,,,,,,,,,13857895267.0,89830000.0,0.0,62000000.0,-21000000.0,-15000000.0,27000000.0,-1088299000.0,364976000.0,1159650000.0,0.0,418430000.0,418430000.0,418430000.0,0.0,0.0,0.072,3583685000.0,458495000.0,,0.033,,33.119,32.778,,0.0,17.7,2.381,2.384,,,5819768000.0,5819768000.0,0.0,,,,0.132,38000000.0,2176992000.0,1.0,782931936.0,784000000.0,,7.423,,,252812000.0,,,
72,LUV,MRT,2003-06-30,2003-06-30,2003-06-30,2021-09-07,74000000.0,9638000000.0,9162570250.0,2581000000.0,7057000000.0,0.618,6.073,-867794000.0,2204000000.0,2204000000.0,1746263000.0,387317000.0,1.557,1.035,1671000000.0,132000000.0,1539000000.0,1671000000.0,0.0,544000000.0,0.0,0.001,0.018,726825000.0,1270825000.0,0.225,1270825000.0,726825000.0,624566000.0,0.5,0.47,0.5,4737000000.0,4485195750.0,4737000000.0,13187030378.0,18.0,10.377,171157000.0,0.219,1.0,3911696000.0,0.691,0.0,102259000.0,7447000000.0,7360825500.0,87000000.0,0.0,0.0,0.0,4901000000.0,1658000000.0,3243000000.0,13397030378.0,86026000.0,0.0,32000000.0,-20000000.0,-11000000.0,1000000.0,-867794000.0,364976000.0,1038951000.0,0.0,387317000.0,387317000.0,387317000.0,0.0,0.0,0.068,3547060000.0,364636000.0,341000000.0,0.036,2.828,34.589,34.4,6950000000.0,0.0,17.2,2.368,2.371,128000000.0,3718000000.0,5657959000.0,5657959000.0,0.0,0.042,0.086,0.099,0.128,38000000.0,2133098000.0,1.0,778897115.0,780000000.0,,7.254,9638000000.0,0.0,237249000.0,1399000000.0,12.356,923000000.0
73,LUV,MRT,2003-03-31,2003-03-31,2003-03-31,2021-09-07,59000000.0,9104000000.0,9015075500.0,2276000000.0,6828000000.0,0.623,5.731,-686794000.0,1889000000.0,1889000000.0,1736263000.0,243317000.0,1.47,1.042,1679000000.0,132000000.0,1547000000.0,1679000000.0,0.0,535000000.0,0.0,0.001,0.018,502825000.0,1037825000.0,0.185,1037825000.0,502825000.0,396566000.0,0.31,0.3,0.31,4459000000.0,4356840250.0,4459000000.0,11020762158.0,22.0,10.619,7157000.0,0.009,1.0,3879696000.0,0.691,0.0,106259000.0,7346000000.0,7232678750.0,95000000.0,0.0,0.0,0.0,4645000000.0,1548000000.0,3097000000.0,11152879158.0,-224974000.0,0.0,23000000.0,-56000000.0,-11000000.0,-146000000.0,-686794000.0,364976000.0,693951000.0,0.0,243317000.0,243317000.0,243317000.0,0.0,0.0,0.043,3466060000.0,413636000.0,367000000.0,0.058,2.501,45.837,46.323,6734000000.0,0.0,14.36,1.986,1.989,159000000.0,3476000000.0,5615959000.0,5615959000.0,0.0,0.027,0.056,0.07,0.09,38000000.0,2047098000.0,1.0,776662894.0,778000000.0,,7.218,9104000000.0,0.0,153249000.0,1243000000.0,11.702,728000000.0
74,LUV,MRT,2002-12-31,2002-12-31,2002-12-31,2021-09-07,54000000.0,8954000000.0,8981270000.0,2232000000.0,6722000000.0,0.615,5.708,-603000000.0,1815000000.0,1815000000.0,1684000000.0,241000000.0,1.556,1.025,1684000000.0,131000000.0,1553000000.0,1684000000.0,0.0,356000000.0,0.0,0.001,0.018,499000000.0,855000000.0,0.155,855000000.0,499000000.0,393000000.0,0.31,0.3,0.31,4422000000.0,4269870000.0,4422000000.0,10514493174.0,21.0,12.298,-83000000.0,-0.107,1.0,3838000000.0,0.695,0.0,106000000.0,7389000000.0,7109686250.0,86000000.0,0.0,0.0,0.0,4532000000.0,1434000000.0,3098000000.0,10767592174.0,-465000000.0,0.0,57000000.0,-155000000.0,-14000000.0,-382000000.0,-603000000.0,0.0,520000000.0,0.0,241000000.0,241000000.0,241000000.0,0.0,0.0,0.044,3421000000.0,417000000.0,362000000.0,0.058,2.435,44.679,44.839,6646000000.0,0.0,13.9,1.95,1.95,175000000.0,3455000000.0,5522000000.0,5522000000.0,0.0,0.027,0.056,0.07,0.09,38000000.0,1993000000.0,1.0,774646919.0,774646919.0,,7.128,8954000000.0,0.0,152000000.0,1227000000.0,11.559,798000000.0
75,LUV,MRT,2002-09-30,2002-09-30,2002-09-30,2021-09-07,48388000.0,8954281000.0,8992055250.0,2360628000.0,6593653000.0,0.596,5.59,-703478000.0,1944031000.0,1944031000.0,1643535000.0,261245000.0,1.639,1.071,1690932000.0,30025000.0,1660907000.0,1690932000.0,0.0,514559000.0,0.0,0.001,0.018,528605000.0,1043164000.0,0.195,1043164000.0,528605000.0,426501000.0,0.34,0.33,0.34,4322783000.0,4167883250.0,4322783000.0,9667808984.0,18.0,9.268,-62337000.0,-0.081,1.0,3715129000.0,0.693,0.0,102104000.0,7261302000.0,6842391250.0,79226000.0,0.0,0.0,0.0,4631498000.0,1439880000.0,3191618000.0,10094277984.0,454800000.0,0.0,45737000.0,465792000.0,-10560000.0,591969000.0,-1750526000.0,0.0,641141000.0,0.0,261245000.0,261245000.0,261245000.0,0.0,0.0,0.049,3349993000.0,365136000.0,371253000.0,0.053,2.335,38.639,38.412,6519781000.0,0.0,13.06,1.884,1.885,125161000.0,3416542000.0,5358664000.0,5358664000.0,0.0,0.029,0.063,0.077,0.099,23255000.0,1944886000.0,1.0,772915619.0,773353000.0,,6.929,8954281000.0,46441000.0,165256000.0,1232760000.0,11.579,920748000.0
76,LUV,MRT,2002-06-30,2002-06-30,2002-06-30,2021-09-07,30489000.0,9048021000.0,8752216500.0,2473009000.0,6575012000.0,0.606,5.471,-790239000.0,2117835000.0,2117835000.0,1631855000.0,337322000.0,1.466,1.142,1691366000.0,29917000.0,1661449000.0,1691366000.0,0.0,489000000.0,0.0,0.001,0.018,637575000.0,1126575000.0,0.212,1126575000.0,637575000.0,548047000.0,0.44,0.43,0.44,4223578000.0,4074602500.0,4223578000.0,12098860326.0,19.0,10.74,175941000.0,0.228,1.0,3670743000.0,0.692,0.0,89528000.0,6934413000.0,6481962000.0,69875000.0,0.0,0.0,0.0,4824443000.0,1687139000.0,3137304000.0,12470421326.0,1149648000.0,0.0,45737000.0,465792000.0,-10560000.0,591969000.0,-790239000.0,0.0,966180000.0,0.0,337322000.0,337322000.0,337322000.0,0.0,0.0,0.064,3303762000.0,366981000.0,383754000.0,0.041,2.953,36.969,36.727,6505515000.0,0.0,16.16,2.352,2.353,129840000.0,3345137000.0,5302598000.0,5302598000.0,0.0,0.039,0.083,0.098,0.12,54000000.0,1898527000.0,1.0,771684488.0,772000000.0,,6.869,9048021000.0,46440000.0,210725000.0,1174223000.0,11.72,785870000.0
77,LUV,MRT,2002-03-31,2002-03-31,2002-03-31,2021-09-07,26976000.0,8968778000.0,8357375750.0,2445300000.0,6523478000.0,0.644,5.346,-852672000.0,2113523000.0,2113523000.0,1642829000.0,410955000.0,1.403,1.182,1741962000.0,39983000.0,1701979000.0,1741962000.0,0.0,403000000.0,0.0,0.001,0.018,745486000.0,1148486000.0,0.213,1148486000.0,745486000.0,666498000.0,0.54,0.52,0.54,4111119000.0,3974096500.0,4111119000.0,14398935676.0,19.0,12.537,304730000.0,0.396,1.0,3740554000.0,0.695,0.0,78988000.0,6854030000.0,6181883500.0,73181000.0,0.0,0.0,0.0,4857659000.0,1743187000.0,3114472000.0,14837071676.0,1429317000.0,0.0,45864000.0,513977000.0,-9992000.0,742849000.0,-852672000.0,0.0,1157402000.0,0.0,410955000.0,410955000.0,410955000.0,0.0,0.0,0.076,3271711000.0,468843000.0,410458000.0,0.033,3.609,36.104,35.833,6458870000.0,0.0,19.35,2.756,2.764,133136000.0,3246314000.0,5383383000.0,5383383000.0,0.0,0.049,0.103,0.121,0.138,54000000.0,1870569000.0,1.0,766773730.0,769000000.0,,7.0,8968778000.0,46400000.0,255543000.0,1109750000.0,11.663,702113000.0
78,LUV,MRT,2001-12-31,2001-12-31,2001-12-31,2021-09-07,-31538000.0,8997141000.0,7881644500.0,2520219000.0,6476922000.0,0.705,5.245,-998000000.0,2279861000.0,2279861000.0,1672000000.0,511000000.0,1.126,1.241,1841725000.0,514567000.0,1327158000.0,1841725000.0,0.0,318000000.0,0.0,0.001,0.018,898000000.0,1216000000.0,0.219,1216000000.0,898000000.0,828000000.0,0.67,0.63,0.67,4014053000.0,3856843250.0,4014053000.0,13895957039.0,15.0,11.428,487000000.0,0.636,1.0,3883000000.0,0.699,0.0,70000000.0,6319820000.0,5907770000.0,70561000.0,0.0,0.0,0.0,4983088000.0,2239185000.0,2743903000.0,14143578039.0,1757000000.0,0.0,44000000.0,978000000.0,-13000000.0,1270000000.0,-998000000.0,0.0,1485000000.0,0.0,511000000.0,511000000.0,511000000.0,0.0,0.0,0.092,3253000000.0,630000000.0,504831000.0,0.027,3.524,27.678,27.582,6445487000.0,0.0,18.48,2.546,2.546,71283000.0,3228408000.0,5555000000.0,5555000000.0,0.0,0.065,0.132,0.152,0.162,54000000.0,1856000000.0,1.0,765345132.0,765345132.0,,7.258,8997141000.0,46400000.0,317000000.0,1058143000.0,11.756,281034000.0
79,LUV,MRT,2001-09-30,2001-09-30,2001-09-30,2021-09-07,1361000.0,7994926000.0,7299752250.0,1752466000.0,6242460000.0,0.792,5.171,-1001932000.0,1489391000.0,1489391000.0,1709541000.0,602303000.0,0.909,1.024,1241770000.0,490154000.0,751616000.0,1241770000.0,0.0,518903000.0,0.0,0.001,0.017,1044779000.0,1563682000.0,0.27,1563682000.0,1044779000.0,979276000.0,0.8,0.75,0.8,3949660000.0,3716160000.0,3949660000.0,11223639128.0,11.0,7.178,503380000.0,0.659,1.0,4075390000.0,0.704,0.0,65503000.0,5819585000.0,5757294500.0,78466000.0,0.0,0.0,0.0,4045266000.0,1927720000.0,2117546000.0,11328883128.0,908783000.0,0.0,42121000.0,-8454000.0,-10002000.0,23665000.0,47894000.0,0.0,1505312000.0,0.0,602303000.0,602303000.0,602303000.0,0.0,0.0,0.104,3230315000.0,845075000.0,397310000.0,0.021,2.868,18.809,18.55,6207858000.0,0.0,14.84,1.958,1.959,95285000.0,3168340000.0,5784931000.0,5784931000.0,0.0,0.083,0.162,0.181,0.181,92422000.0,1827397000.0,1.0,763401828.0,763811000.0,,7.574,7994926000.0,28191000.0,376973000.0,1099151000.0,10.467,-175254000.0
80,LUV,MRT,2001-06-30,2001-06-30,2001-06-30,2021-09-07,31916000.0,7468658000.0,6912935000.0,1329367000.0,6139291000.0,0.858,5.014,-1099385000.0,968347000.0,968347000.0,1699549000.0,635637000.0,0.816,0.954,863103000.0,110501000.0,752602000.0,863103000.0,0.0,281276000.0,0.0,0.001,0.016,1103175000.0,1384451000.0,0.234,1384451000.0,1103175000.0,1034479000.0,0.85,0.79,0.85,3821554000.0,3531375000.0,3821554000.0,14262929708.0,13.0,10.302,292183000.0,0.383,1.0,4229091000.0,0.713,0.0,68696000.0,5734099000.0,5641002250.0,79570000.0,0.0,0.0,0.0,3647104000.0,1629315000.0,2017789000.0,14082785708.0,331697000.0,0.0,61529000.0,-9282000.0,-12733000.0,39514000.0,-1099385000.0,0.0,1391568000.0,0.0,635637000.0,635637000.0,635637000.0,0.0,0.0,0.107,3176893000.0,1052198000.0,336029000.0,0.019,3.685,22.155,21.753,6104712000.0,0.0,18.49,2.375,2.377,153511000.0,3020813000.0,5928640000.0,5928640000.0,0.0,0.092,0.18,0.196,0.186,61677000.0,1800426000.0,1.0,761643359.0,762139000.0,,7.779,7468658000.0,28191000.0,398842000.0,1011655000.0,9.8,-299948000.0
81,LUV,MRT,2001-03-31,2001-03-31,2001-03-31,2021-09-07,35795000.0,7065853000.0,6610626500.0,1044414000.0,6021439000.0,0.883,4.791,-1197162000.0,684678000.0,684678000.0,1665499000.0,650626000.0,0.702,0.94,864822000.0,110136000.0,754686000.0,864822000.0,0.0,281276000.0,0.0,0.001,0.016,1127571000.0,1408847000.0,0.241,1408847000.0,1127571000.0,1057893000.0,0.88,0.81,0.88,3642106000.0,3328372750.0,3642106000.0,13793126662.0,12.0,9.79,106157000.0,0.14,1.0,4170031000.0,0.715,0.0,69678000.0,5757576000.0,5499380750.0,78817000.0,0.0,0.0,0.0,3423747000.0,1488421000.0,1935326000.0,13446377662.0,142117000.0,0.0,58844000.0,-10846000.0,-12038000.0,35960000.0,-1197162000.0,0.0,1303319000.0,0.0,650626000.0,650626000.0,650626000.0,0.0,0.0,0.111,3094137000.0,1075894000.0,316112000.0,0.018,3.692,20.667,20.17,5986501000.0,0.0,17.75,2.304,2.312,144467000.0,2858932000.0,5835530000.0,5835530000.0,0.0,0.098,0.195,0.205,0.193,61677000.0,1749631000.0,1.0,757542404.0,760225000.0,,7.676,7065853000.0,28132000.0,407267000.0,910758000.0,9.294,-444007000.0
82,LUV,MRT,2000-12-31,2000-12-31,2000-12-31,2021-09-07,0.0,6669572000.0,6329171500.0,831536000.0,5838036000.0,0.893,4.585,-1134644000.0,522995000.0,522995000.0,1644330000.0,603093000.0,0.64,0.932,869744000.0,108752000.0,760992000.0,869744000.0,0.0,281276000.0,0.0,0.001,0.015,1065122000.0,1346398000.0,0.238,1346398000.0,1065122000.0,995233000.0,0.81,0.76,0.81,3451320000.0,3121150750.0,3451320000.0,17117739594.0,16.0,12.714,163642000.0,0.217,1.0,4005230000.0,0.709,0.0,69889000.0,5717918000.0,5301590750.0,80564000.0,0.0,0.0,0.0,3218252000.0,1298403000.0,1919849000.0,16827080594.0,104176000.0,0.0,-38250000.0,-10238000.0,-10978000.0,-59466000.0,-1134644000.0,0.0,1298286000.0,0.0,603093000.0,603093000.0,603093000.0,0.0,0.0,0.107,2984085000.0,1021145000.0,312716000.0,0.019,4.876,27.901,27.597,5819725000.0,0.0,22.353,2.978,2.978,138070000.0,2902007000.0,5649560000.0,5649560000.0,0.0,0.095,0.193,0.201,0.189,61677000.0,1683689000.0,1.0,752777241.0,752777241.0,,7.505,6669572000.0,28005000.0,392140000.0,852865000.0,8.86,-466867000.0
83,LUV,MRT,2000-09-30,2000-09-30,2000-09-30,2021-09-07,0.0,6447657000.0,6075204250.0,859872000.0,5587785000.0,0.887,4.288,-1064900000.0,580608000.0,580608000.0,1584968000.0,542228000.0,0.621,1.008,871267000.0,108655000.0,762612000.0,871267000.0,0.0,248660000.0,0.0,0.001,0.016,965080000.0,1213740000.0,0.225,1213740000.0,965080000.0,898742000.0,0.733,0.677,0.733,3210520000.0,2967267750.0,3210520000.0,12325605474.0,13.0,10.155,225159000.0,0.301,1.0,3801606000.0,0.706,0.0,66338000.0,5354416000.0,5160215750.0,82053000.0,0.0,0.0,0.0,3237137000.0,1383900000.0,1853237000.0,12090259474.0,313920000.0,0.0,-146414000.0,246153000.0,-10978000.0,88761000.0,-1064900000.0,0.0,1290059000.0,0.0,542228000.0,542228000.0,542228000.0,0.0,0.0,0.101,2877366000.0,924240000.0,213065000.0,0.022,3.766,22.297,22.055,5568491000.0,0.0,16.167,2.245,2.247,121049000.0,2781941000.0,5386574000.0,5386574000.0,0.0,0.089,0.183,0.187,0.179,27683000.0,1607640000.0,1.0,747851102.0,748649000.0,,7.195,6447657000.0,21831000.0,356514000.0,842739000.0,8.612,-524028000.0
84,LUV,MRT,2000-06-30,2000-06-30,2000-06-30,2021-09-07,0.0,6259424000.0,5792684000.0,899190000.0,5360234000.0,0.888,4.035,-1095064000.0,636650000.0,636650000.0,1527008000.0,484908000.0,0.678,1.08,871996000.0,3875000.0,868121000.0,871996000.0,0.0,248660000.0,0.0,0.001,0.016,867746000.0,1116406000.0,0.217,1116406000.0,867746000.0,805618000.0,0.65,0.607,0.65,3009545000.0,2864948000.0,3009545000.0,9731288999.0,11.0,8.717,72729000.0,0.097,1.0,3615898000.0,0.703,0.0,62128000.0,5167613000.0,4990082500.0,70127000.0,0.0,0.0,0.0,3249879000.0,1327157000.0,1922722000.0,9398572999.0,149015000.0,0.0,-161442000.0,246275000.0,-8547000.0,76286000.0,-1095064000.0,0.0,1167793000.0,0.0,484908000.0,484908000.0,484908000.0,0.0,0.0,0.094,2785304000.0,830594000.0,199442000.0,0.025,3.123,19.382,19.426,5347314000.0,0.0,12.627,1.827,1.831,117550000.0,2624070000.0,5142906000.0,5142906000.0,0.0,0.084,0.169,0.174,0.169,27683000.0,1546388000.0,1.0,744343162.0,745943000.0,,6.895,6259424000.0,21498000.0,320710000.0,818101000.0,8.391,-427967000.0
85,LUV,MRT,2000-03-31,2000-03-31,2000-03-31,2021-09-07,0.0,5940033000.0,5548401500.0,805465000.0,5134568000.0,0.884,3.772,-1070548000.0,542561000.0,542561000.0,1423817000.0,452043000.0,0.617,1.111,875277000.0,7254000.0,868023000.0,875277000.0,0.0,248660000.0,0.0,0.001,0.016,809332000.0,1057992000.0,0.216,1057992000.0,809332000.0,751351000.0,0.597,0.56,0.597,2813218000.0,2780800500.0,2813218000.0,10811939151.0,13.0,10.219,63758000.0,0.085,1.0,3478846000.0,0.71,0.0,57981000.0,4966416000.0,4776134000.0,66534000.0,0.0,0.0,0.0,3126815000.0,1306333000.0,1820482000.0,10351168151.0,136987000.0,0.0,-161915000.0,246495000.0,-11351000.0,73229000.0,-1070548000.0,0.0,1134306000.0,0.0,452043000.0,452043000.0,452043000.0,0.0,0.0,0.092,2708479000.0,770367000.0,209079000.0,0.027,3.679,22.899,23.238,5121529000.0,0.0,13.873,2.111,2.11,122123000.0,2456615000.0,4902663000.0,4902663000.0,0.0,0.081,0.163,0.169,0.165,27683000.0,1492714000.0,1.0,746119761.0,745736000.0,,6.574,5940033000.0,21355000.0,299308000.0,718424000.0,7.965,-500868000.0
86,LUV,MRT,1999-12-31,1999-12-31,1999-12-31,2021-09-07,0.0,5653703000.0,5305611000.0,632595000.0,5021108000.0,0.893,3.748,-1167834000.0,418819000.0,418819000.0,1301763000.0,474378000.0,0.658,0.994,879590000.0,7873000.0,871717000.0,879590000.0,0.0,248660000.0,0.0,0.001,0.015,827756000.0,1076416000.0,0.227,1076416000.0,827756000.0,773611000.0,0.63,0.59,0.63,2835788000.0,2704995500.0,2835788000.0,8494181099.0,10.0,7.891,-138441000.0,-0.183,1.0,3433824000.0,0.725,0.0,54145000.0,5152418000.0,4582587250.0,65152000.0,0.0,0.0,0.0,2817915000.0,962056000.0,1855859000.0,8136547099.0,40308000.0,0.0,-53902000.0,243493000.0,-10842000.0,178749000.0,-1167834000.0,0.0,1029393000.0,0.0,474378000.0,474378000.0,474378000.0,0.0,0.0,0.1,2652248000.0,781576000.0,266735000.0,0.024,2.869,17.152,17.069,5008166000.0,0.0,10.753,1.718,1.718,75038000.0,2385854000.0,4735587000.0,4735587000.0,0.0,0.089,0.175,0.181,0.175,27683000.0,1455237000.0,1.0,756653481.0,756653481.0,,6.259,5653703000.0,20929000.0,299233000.0,692342000.0,7.472,-329461000.0
87,LUV,MRT,1999-09-30,1999-09-30,1999-09-30,2021-09-07,0.0,5317576000.0,5071184250.0,488474000.0,4829102000.0,0.903,3.704,-1176545000.0,266688000.0,266688000.0,1214279000.0,480967000.0,0.488,0.898,624322000.0,6943000.0,617379000.0,624322000.0,0.0,225212000.0,0.0,0.001,0.014,837583000.0,1062795000.0,0.232,1062795000.0,837583000.0,784102000.0,0.633,0.6,0.633,2801241000.0,2595528000.0,2801241000.0,7793520652.0,9.0,7.333,-200254000.0,-0.265,1.0,3364546000.0,0.735,0.0,53481000.0,4673883000.0,4325017000.0,53628000.0,0.0,0.0,0.0,2516335000.0,1001327000.0,1515008000.0,7656226652.0,-185496000.0,0.0,38860000.0,-13260000.0,-10842000.0,14758000.0,-1176545000.0,0.0,976291000.0,0.0,480967000.0,480967000.0,480967000.0,0.0,0.0,0.105,2577684000.0,786862000.0,170106000.0,0.022,2.733,15.918,15.998,4820899000.0,0.0,10.127,1.672,1.673,113039000.0,2294818000.0,4578825000.0,4578825000.0,0.0,0.095,0.185,0.194,0.183,21584000.0,1419626000.0,1.0,756046082.0,756321000.0,,6.054,5317576000.0,21477000.0,303135000.0,671175000.0,7.031,-512853000.0
88,LUV,MRT,1999-06-30,1999-06-30,1999-06-30,2021-09-07,0.0,5282294000.0,4888362250.0,719012000.0,4563282000.0,0.908,3.539,-1044071000.0,487635000.0,487635000.0,1139548000.0,483634000.0,0.649,0.976,624929000.0,7722000.0,617207000.0,624929000.0,0.0,225212000.0,0.0,0.001,0.014,840894000.0,1066106000.0,0.24,1066106000.0,840894000.0,787208000.0,0.64,0.6,0.64,2672955000.0,2462885750.0,2672955000.0,10668747176.0,13.0,10.007,6778000.0,0.009,1.0,3298941000.0,0.743,0.0,53686000.0,4311819000.0,4124197000.0,60803000.0,0.0,0.0,0.0,2609339000.0,1107769000.0,1501570000.0,10446331176.0,-79538000.0,0.0,-55687000.0,-17472000.0,-13157000.0,-86316000.0,-1044071000.0,0.0,1050849000.0,0.0,483634000.0,483634000.0,483634000.0,0.0,0.0,0.109,2514623000.0,784318000.0,176701000.0,0.022,3.908,21.6,21.618,4558912000.0,0.0,13.836,2.354,2.354,116785000.0,2249814000.0,4438489000.0,4438489000.0,0.0,0.099,0.196,0.204,0.189,21584000.0,1379756000.0,1.0,755035180.0,755296500.0,,5.876,5282294000.0,21252000.0,303574000.0,664384000.0,6.994,-388757000.0
89,LUV,MRT,1999-03-31,1999-03-31,1999-03-31,2021-09-07,0.0,4968871000.0,4709940750.0,619416000.0,4349455000.0,0.912,3.339,-1000220000.0,405574000.0,405574000.0,1116858000.0,459270000.0,0.62,0.98,627990000.0,8922000.0,619068000.0,627990000.0,0.0,225212000.0,0.0,0.001,0.014,801109000.0,1026321000.0,0.239,1026321000.0,801109000.0,747157000.0,0.613,0.573,0.613,2509998000.0,2353099250.0,2509998000.0,10372569057.0,13.0,10.107,-18702000.0,-0.025,1.0,3180040000.0,0.74,0.0,53952000.0,4192229000.0,3973198000.0,52108000.0,0.0,0.0,0.0,2458873000.0,999058000.0,1459815000.0,10115775057.0,-101374000.0,0.0,-56641000.0,-16183000.0,-9848000.0,-82672000.0,-1000220000.0,0.0,981518000.0,0.0,459270000.0,459270000.0,459270000.0,0.0,0.0,0.107,2441505000.0,738535000.0,160987000.0,0.023,4.03,22.026,21.932,4345017000.0,0.0,13.444,2.354,2.352,116124000.0,2099876000.0,4296898000.0,4296898000.0,0.0,0.098,0.195,0.202,0.186,21584000.0,1331722000.0,1.0,752413021.0,751731000.0,,5.716,4968871000.0,20971000.0,287887000.0,592980000.0,6.61,-379642000.0
90,LUV,MRT,1998-12-31,1998-12-31,1998-12-31,2021-09-07,0.0,4715996000.0,4552525750.0,574155000.0,4141841000.0,0.915,3.168,-947096000.0,378511000.0,378511000.0,1107846000.0,433431000.0,0.675,0.967,635305000.0,11996000.0,623309000.0,635305000.0,0.0,225212000.0,0.0,0.001,0.013,761388000.0,986600000.0,0.237,986600000.0,761388000.0,705112000.0,0.58,0.547,0.58,2397918000.0,2249508000.0,2397918000.0,7812536802.0,10.0,7.919,-60961000.0,-0.081,1.0,3056134000.0,0.734,0.0,56276000.0,4122137000.0,3821528750.0,50035000.0,0.0,0.0,0.0,2318078000.0,850653000.0,1467425000.0,7632012802.0,-244832000.0,0.0,-55728000.0,-118859000.0,-9284000.0,-183871000.0,-947096000.0,0.0,886135000.0,0.0,433431000.0,433431000.0,433431000.0,0.0,0.0,0.104,2372523000.0,683611000.0,157415000.0,0.022,3.183,17.608,17.387,4137610000.0,0.0,10.084,1.833,1.833,88799000.0,2044975000.0,4163980000.0,4163980000.0,0.0,0.095,0.193,0.199,0.183,21584000.0,1285942000.0,1.0,756810436.0,756810436.0,,5.502,4715996000.0,20734000.0,271681000.0,549207000.0,6.231,-276498000.0
91,LUV,MRT,1998-09-30,1998-09-30,1998-09-30,2021-09-07,0.0,4586288000.0,4435066750.0,659203000.0,3927085000.0,0.923,3.027,-784405000.0,452184000.0,452184000.0,1127453000.0,413601000.0,0.736,1.02,632708000.0,10708000.0,622000000.0,632708000.0,0.0,195568000.0,0.0,0.001,0.013,729317000.0,924885000.0,0.226,924885000.0,729317000.0,671004000.0,0.553,0.518,0.553,2270672000.0,2152283000.0,2270672000.0,6870047910.0,9.0,7.428,77611000.0,0.103,1.0,2964464000.0,0.724,0.0,58313000.0,3870603000.0,3666928000.0,48814000.0,0.0,0.0,0.0,2315616000.0,896209000.0,1419407000.0,6799408910.0,-101934000.0,0.0,-50873000.0,-119360000.0,-9312000.0,-179545000.0,-784405000.0,0.0,862016000.0,0.0,413601000.0,413601000.0,413601000.0,0.0,0.0,0.101,2311448000.0,653016000.0,197378000.0,0.024,2.994,16.44,16.275,3923136000.0,0.0,9.0,1.662,1.65,109811000.0,1958087000.0,4091917000.0,4091917000.0,0.0,0.093,0.192,0.199,0.178,0.0,1249504000.0,1.0,755489879.0,750019500.0,,5.456,4586288000.0,19966000.0,257403000.0,549980000.0,6.115,-237006000.0
92,LUV,MRT,1998-06-30,1998-06-30,1998-06-30,2021-09-07,0.0,4568608000.0,4324003250.0,777140000.0,3791468000.0,0.924,2.966,-748268000.0,567173000.0,567173000.0,1141001000.0,376467000.0,0.834,1.045,637812000.0,15196000.0,622616000.0,637812000.0,0.0,195568000.0,0.0,0.001,0.011,671618000.0,867186000.0,0.217,867186000.0,671618000.0,610336000.0,0.504,0.478,0.504,2233809000.0,2061477500.0,2233809000.0,6729073536.0,10.0,7.76,56629000.0,0.075,1.0,2853327000.0,0.714,0.0,61282000.0,3707823000.0,3559543250.0,47242000.0,0.0,0.0,0.0,2334799000.0,931424000.0,1403375000.0,6596438536.0,-10611000.0,0.0,59197000.0,-118052000.0,-8385000.0,-67240000.0,-748268000.0,0.0,804897000.0,0.0,376467000.0,376467000.0,376467000.0,0.0,0.0,0.094,2252460000.0,600867000.0,165468000.0,0.022,2.953,17.522,17.378,3787438000.0,0.0,8.759,1.651,1.652,112064000.0,1831057000.0,3994328000.0,3994328000.0,0.0,0.087,0.183,0.189,0.168,0.0,1206882000.0,1.0,753145469.0,753246000.0,,5.303,4568608000.0,19584000.0,233869000.0,528079000.0,6.065,-154284000.0
93,LUV,MRT,1998-03-31,1998-03-31,1998-03-31,2021-09-07,0.0,4339211000.0,4190847000.0,721212000.0,3617999000.0,0.924,2.794,-809049000.0,506948000.0,506948000.0,1140482000.0,336906000.0,0.814,1.071,639583000.0,14808000.0,624775000.0,639583000.0,0.0,195568000.0,0.0,0.001,0.011,611552000.0,807120000.0,0.208,807120000.0,611552000.0,547612000.0,0.452,0.436,0.452,2095633000.0,1952206000.0,2095633000.0,6706962048.0,11.0,8.31,-76703000.0,-0.102,1.0,2731897000.0,0.705,0.0,63940000.0,3585552000.0,3456736750.0,47918000.0,0.0,0.0,0.0,2243578000.0,886294000.0,1357284000.0,6580875048.0,-145464000.0,0.0,56884000.0,-117810000.0,-7835000.0,-68761000.0,-809049000.0,0.0,732346000.0,0.0,336906000.0,336906000.0,336906000.0,0.0,0.0,0.087,2183171000.0,548726000.0,149706000.0,0.024,3.14,19.533,19.377,3613841000.0,0.0,8.759,1.699,1.697,116533000.0,1699896000.0,3872379000.0,3872379000.0,0.0,0.08,0.173,0.177,0.158,0.0,1168980000.0,1.0,751368514.0,750093750.0,,5.163,4339211000.0,19246000.0,210706000.0,475125000.0,5.785,-165082000.0
94,LUV,MRT,1997-12-31,1997-12-31,1997-12-31,2021-09-07,0.0,4246160000.0,4070355500.0,806416000.0,3439744000.0,0.938,2.697,-688927000.0,623343000.0,623343000.0,1157252000.0,317772000.0,0.929,1.114,749430000.0,121324000.0,628106000.0,749430000.0,0.0,195568000.0,0.0,0.001,0.01,580410000.0,775978000.0,0.203,775978000.0,580410000.0,516956000.0,0.427,0.413,0.427,2009018000.0,1853265750.0,2009018000.0,5633978132.0,10.0,7.26,-78339000.0,-0.105,1.0,2659569000.0,0.697,0.0,63454000.0,3503734000.0,3360545500.0,52376000.0,0.0,0.0,0.0,2237142000.0,868513000.0,1368629000.0,5436318132.0,41502000.0,0.0,40335000.0,86099000.0,-6593000.0,119841000.0,-688927000.0,0.0,610588000.0,0.0,317772000.0,317772000.0,317772000.0,0.0,0.0,0.083,2135333000.0,524236000.0,160891000.0,0.023,2.706,17.108,17.091,3435693000.0,0.0,7.298,1.424,1.424,76530000.0,1632115000.0,3816821000.0,3816821000.0,0.0,0.078,0.171,0.173,0.152,0.0,1136542000.0,1.0,744927880.0,744927880.0,,5.124,4246160000.0,18843000.0,199184000.0,438981000.0,5.7,-62097000.0
95,LUV,MRT,1997-09-30,1997-09-30,1997-09-30,2021-09-07,0.0,4142034000.0,3939685250.0,756978000.0,3385056000.0,0.932,2.579,-759695000.0,554118000.0,554118000.0,1152310000.0,265377000.0,0.842,1.172,751778000.0,119635000.0,632143000.0,751778000.0,0.0,183470000.0,0.0,0.001,0.009,496467000.0,679937000.0,0.185,679937000.0,496467000.0,433968000.0,0.371,0.351,0.371,1907450000.0,1763089250.0,1907450000.0,4848181552.0,10.0,7.13,-149507000.0,-0.202,1.0,2520759000.0,0.686,0.0,62499000.0,3441064000.0,3244308750.0,52281000.0,0.0,0.0,0.0,2234584000.0,898630000.0,1335954000.0,4672091552.0,-39912000.0,0.0,29170000.0,86990000.0,-6565000.0,109595000.0,-759695000.0,0.0,610188000.0,0.0,265377000.0,265377000.0,265377000.0,0.0,0.0,0.072,2077078000.0,443681000.0,164510000.0,0.024,2.449,17.605,17.038,3380934000.0,0.0,6.321,1.272,1.273,106000000.0,1553798000.0,3673069000.0,3673069000.0,0.0,0.067,0.151,0.153,0.135,0.0,1090941000.0,1.0,739139484.0,739667250.0,,4.966,4142034000.0,12303000.0,168591000.0,421132000.0,5.6,-141652000.0
96,LUV,MRT,1997-06-30,1997-06-30,1997-06-30,2021-09-07,0.0,4035983000.0,3809055500.0,759200000.0,3276783000.0,0.937,2.438,-756158000.0,577784000.0,577784000.0,1152372000.0,233724000.0,0.829,1.246,753874000.0,116947000.0,636927000.0,753874000.0,0.0,183470000.0,0.0,0.002,0.009,444612000.0,628082000.0,0.176,628082000.0,444612000.0,383824000.0,0.326,0.31,0.326,1796723000.0,1689984500.0,1796723000.0,3872662303.0,9.0,6.166,-190706000.0,-0.259,1.0,2414948000.0,0.677,0.0,60788000.0,3296597000.0,3126292750.0,49931000.0,0.0,0.0,0.0,2239260000.0,915476000.0,1323784000.0,3767694303.0,99499000.0,0.0,11124000.0,87553000.0,-6472000.0,290205000.0,-756158000.0,0.0,565452000.0,0.0,233724000.0,233724000.0,233724000.0,0.0,0.0,0.066,2020103000.0,394845000.0,142340000.0,0.028,2.097,16.12,15.681,3272581000.0,0.0,5.112,1.056,1.056,88384000.0,1462974000.0,3567320000.0,3567320000.0,0.0,0.061,0.138,0.142,0.125,0.0,1052707000.0,1.0,737015163.0,737062875.0,,4.84,4035983000.0,12079000.0,150100000.0,422892000.0,5.476,-156276000.0
97,LUV,MRT,1997-03-31,1997-03-31,1997-03-31,2021-09-07,0.0,3857245000.0,3692937750.0,823117000.0,3034128000.0,0.953,2.311,-660927000.0,652412000.0,652412000.0,1150657000.0,225208000.0,1.081,1.269,757380000.0,18192000.0,739188000.0,757380000.0,0.0,183470000.0,0.0,0.002,0.009,429581000.0,613051000.0,0.174,613051000.0,429581000.0,369990000.0,0.309,0.296,0.309,1699872000.0,1629281500.0,1699872000.0,3296978715.0,8.0,5.378,-93903000.0,-0.128,1.0,2370079000.0,0.673,0.0,59591000.0,3200787000.0,3052712000.0,50171000.0,0.0,0.0,0.0,2157373000.0,761426000.0,1395947000.0,3216266715.0,327732000.0,0.0,10334000.0,87683000.0,-6382000.0,421635000.0,-660927000.0,0.0,567024000.0,0.0,225208000.0,225208000.0,225208000.0,0.0,0.0,0.064,1989435000.0,380644000.0,143718000.0,0.029,1.892,14.281,14.147,3030049000.0,0.0,4.371,0.914,0.913,84493000.0,1370825000.0,3520736000.0,3520736000.0,0.0,0.061,0.138,0.141,0.122,0.0,1028148000.0,1.0,735759161.0,735652125.0,,4.786,3857245000.0,11796000.0,144782000.0,375530000.0,5.243,61691000.0
98,LUV,MRT,1996-12-31,1996-12-31,1996-12-31,2021-09-07,0.0,3723479000.0,3570949250.0,750990000.0,2972489000.0,0.954,2.245,-677431000.0,581841000.0,581841000.0,1116457000.0,207337000.0,0.981,1.259,662553000.0,12327000.0,650226000.0,662553000.0,0.0,183470000.0,0.0,0.002,0.009,400631000.0,584101000.0,0.171,584101000.0,400631000.0,341362000.0,0.284,0.271,0.284,1648312000.0,1570881500.0,1648312000.0,3261094618.0,8.0,5.583,-62203000.0,-0.085,1.0,2289713000.0,0.672,0.0,59269000.0,3038787000.0,3010364250.0,51094000.0,0.0,0.0,0.0,2075167000.0,765404000.0,1309763000.0,3190695618.0,264478000.0,0.0,15592000.0,-12695000.0,-6216000.0,326681000.0,-677431000.0,0.0,615228000.0,0.0,207337000.0,207337000.0,207337000.0,0.0,0.0,0.061,1938878000.0,350835000.0,214232000.0,0.032,1.936,15.389,15.302,2969223000.0,0.0,4.346,0.937,0.937,73440000.0,1321550000.0,3406170000.0,3406170000.0,0.0,0.058,0.132,0.133,0.118,0.0,999719000.0,1.0,734222571.0,734222571.0,,4.639,3723479000.0,11560000.0,134025000.0,349987000.0,5.071,-14414000.0
99,LUV,MRT,1996-09-30,1996-09-30,1996-09-30,2021-09-07,0.0,3619515000.0,3454110000.0,773954000.0,2845561000.0,0.962,2.115,-651752000.0,594030000.0,594030000.0,1066389000.0,222533000.0,1.074,1.241,664429000.0,12183000.0,652246000.0,664429000.0,0.0,156771000.0,0.0,0.002,0.008,424733000.0,581504000.0,0.175,581504000.0,424733000.0,365093000.0,0.299,0.29,0.299,1615031000.0,1515633000.0,1615031000.0,3503283300.0,8.0,6.025,-97309000.0,-0.127,1.0,2256512000.0,0.679,0.0,59640000.0,2969000000.0,3001333500.0,52397000.0,0.0,0.0,0.0,2004484000.0,720914000.0,1283570000.0,3314224300.0,228273000.0,0.0,15530000.0,-13724000.0,-6224000.0,325582000.0,-651752000.0,0.0,554443000.0,0.0,222533000.0,222533000.0,222533000.0,0.0,0.0,0.067,1881380000.0,375132000.0,133144000.0,0.027,2.052,14.893,15.109,2842221000.0,0.0,4.518,0.997,1.038,84299000.0,1294982000.0,3322901000.0,3322901000.0,0.0,0.064,0.147,0.142,0.128,0.0,973810000.0,1.0,733636227.0,763465500.0,,4.352,3619515000.0,11531000.0,142560000.0,332053000.0,4.741,53040000.0
100,LUV,MRT,1996-06-30,1996-06-30,1996-06-30,2021-09-07,0.0,3571512000.0,3361298250.0,664553000.0,2906959000.0,0.951,1.997,-704104000.0,478285000.0,478285000.0,1006262000.0,229392000.0,0.876,1.298,667344000.0,11618000.0,655726000.0,667344000.0,0.0,156771000.0,0.0,0.001,0.008,439026000.0,595797000.0,0.186,595797000.0,439026000.0,379065000.0,0.309,0.3,0.309,1553911000.0,1457409750.0,1553911000.0,4305382141.0,10.0,7.226,-181974000.0,-0.234,1.0,2190122000.0,0.685,0.0,59961000.0,3002274000.0,2989214250.0,49857000.0,0.0,0.0,0.0,2017601000.0,758297000.0,1259304000.0,3961351141.0,77387000.0,0.0,16836000.0,-13408000.0,-6067000.0,259361000.0,-704104000.0,0.0,522130000.0,0.0,229392000.0,229392000.0,229392000.0,0.0,0.0,0.072,1803826000.0,386296000.0,107545000.0,0.026,2.549,17.269,17.5,2903518000.0,0.0,5.407,1.239,1.316,98963000.0,1235719000.0,3196384000.0,3196384000.0,0.0,0.068,0.157,0.147,0.137,0.0,942597000.0,1.0,732578636.0,777979688.0,,4.109,3571512000.0,11289000.0,149673000.0,309961000.0,4.591,-93744000.0
101,LUV,MRT,1996-03-31,1996-03-31,1996-03-31,2021-09-07,0.0,3369291000.0,3266547250.0,502960000.0,2866331000.0,0.926,1.9,-659723000.0,324680000.0,324680000.0,955421000.0,203800000.0,0.738,1.298,668711000.0,11448000.0,657263000.0,668711000.0,0.0,156771000.0,0.0,0.001,0.008,399903000.0,556674000.0,0.184,556674000.0,399903000.0,339877000.0,0.28,0.271,0.28,1466272000.0,1397106500.0,1466272000.0,4598898959.0,12.0,8.261,-165977000.0,-0.215,1.0,2068860000.0,0.684,0.0,60026000.0,3031396000.0,2936084250.0,47940000.0,0.0,0.0,0.0,1903019000.0,681926000.0,1221093000.0,4241735959.0,151931000.0,0.0,15694000.0,-13525000.0,-5911000.0,317908000.0,-659723000.0,0.0,493746000.0,0.0,203800000.0,203800000.0,203800000.0,0.0,0.0,0.067,1721345000.0,347515000.0,125891000.0,0.029,2.893,20.813,20.723,2862772000.0,0.0,5.802,1.403,1.48,97473000.0,1151992000.0,3024281000.0,3024281000.0,0.0,0.062,0.146,0.136,0.132,0.0,901777000.0,1.0,731022580.0,771540188.0,,3.92,3369291000.0,10931000.0,136077000.0,293600000.0,4.367,-178966000.0
102,LUV,MRT,1995-12-31,1995-12-31,1995-12-31,2021-09-07,0.0,3256122000.0,3176162500.0,473136000.0,2782986000.0,0.904,1.959,-728643000.0,317363000.0,317363000.0,912712000.0,182626000.0,0.775,1.281,674526000.0,13516000.0,661010000.0,674526000.0,0.0,156771000.0,0.0,0.002,0.008,363950000.0,520721000.0,0.181,520721000.0,363950000.0,305140000.0,0.252,0.243,0.252,1427318000.0,1343448500.0,1427318000.0,3629454091.0,10.0,6.97,-272201000.0,-0.374,1.0,1960039000.0,0.682,0.0,58810000.0,3002664000.0,2907383750.0,41032000.0,0.0,0.0,0.0,1828804000.0,610621000.0,1218183000.0,3310434091.0,142825000.0,0.0,10693000.0,88432000.0,-5749000.0,415026000.0,-728643000.0,0.0,456442000.0,0.0,182626000.0,182626000.0,182626000.0,0.0,0.0,0.064,1646508000.0,313531000.0,116530000.0,0.032,2.319,18.127,18.029,2779307000.0,0.0,4.543,1.152,1.152,79781000.0,1120581000.0,2872751000.0,2872751000.0,0.0,0.057,0.136,0.125,0.127,0.0,867984000.0,1.0,728655330.0,728655330.0,,3.943,3256122000.0,10476000.0,122514000.0,281650000.0,4.469,-137485000.0
103,LUV,MRT,1995-09-30,1995-09-30,1995-09-30,2021-09-07,0.0,3248268000.0,3067899750.0,563932000.0,2684336000.0,0.896,1.8,-746844000.0,365757000.0,365757000.0,882846000.0,159610000.0,0.872,1.35,684777000.0,13711000.0,671066000.0,684777000.0,0.0,139045000.0,0.0,0.002,0.008,327696000.0,466741000.0,0.17,466741000.0,327696000.0,270751000.0,0.213,,0.213,1382138000.0,1296295500.0,1382138000.0,3899865364.0,12.0,8.356,-320506000.0,-0.417,1.0,1867509000.0,0.679,0.0,56945000.0,2920523000.0,2836439500.0,38157000.0,0.0,0.0,0.0,1866130000.0,646765000.0,1219365000.0,3613387364.0,94843000.0,0.0,10521000.0,90351000.0,-7173000.0,415349000.0,-746844000.0,0.0,426338000.0,0.0,159610000.0,159610000.0,159610000.0,0.0,0.0,0.058,1589458000.0,278051000.0,148062000.0,0.038,2.614,22.639,23.305,2680781000.0,0.0,4.964,1.314,1.386,120257000.0,1078661000.0,2750355000.0,2750355000.0,0.0,0.052,0.123,0.116,0.119,0.0,836801000.0,1.0,727925727.0,767712938.0,,3.583,3248268000.0,0.0,111141000.0,276928000.0,4.231,-82833000.0
104,LUV,MRT,1995-06-30,1995-06-30,1995-06-30,2021-09-07,0.0,3192508000.0,,567120000.0,2625388000.0,,1.76,-773474000.0,400898000.0,400898000.0,850579000.0,150512000.0,0.823,1.432,687376000.0,13396000.0,673980000.0,687376000.0,0.0,139045000.0,0.0,0.002,0.008,308673000.0,447718000.0,0.168,447718000.0,308673000.0,253664000.0,0.203,,0.203,1312698000.0,,1312698000.0,3944712248.0,13.0,8.811,-314759000.0,-0.422,1.0,1820090000.0,0.682,0.0,55009000.0,2789754000.0,,39760000.0,0.0,0.0,0.0,1879810000.0,689232000.0,1190578000.0,3428671248.0,284331000.0,0.0,9390000.0,90217000.0,-7167000.0,599090000.0,-773474000.0,0.0,458715000.0,0.0,150512000.0,150512000.0,150512000.0,0.0,0.0,0.056,1554427000.0,265663000.0,141772000.0,0.039,2.612,22.78,23.237,2622328000.0,0.0,4.717,1.284,1.318,93426000.0,1012384000.0,2670669000.0,2670669000.0,0.0,,,,0.116,0.0,809015000.0,1.0,726869690.0,745949250.0,,3.58,3192508000.0,0.0,103152000.0,274006000.0,4.28,-122112000.0
105,LUV,MRT,1995-03-31,1995-03-31,1995-03-31,2021-09-07,0.0,3007752000.0,,337352000.0,2670400000.0,,1.687,-868658000.0,172749000.0,172749000.0,812935000.0,149310000.0,0.556,1.403,688790000.0,12841000.0,675949000.0,688790000.0,0.0,139045000.0,0.0,0.002,0.008,303094000.0,442139000.0,0.17,442139000.0,303094000.0,250019000.0,0.201,,0.201,1251640000.0,,1251640000.0,2981374762.0,10.0,6.743,-474175000.0,-0.639,1.0,1780585000.0,0.687,0.0,53075000.0,2916594000.0,,36927000.0,0.0,0.0,0.0,1756112000.0,607199000.0,1148913000.0,2563288762.0,-67500000.0,0.0,8641000.0,90195000.0,-7161000.0,406675000.0,-868658000.0,0.0,394483000.0,0.0,149310000.0,149310000.0,149310000.0,0.0,0.0,0.058,1516513000.0,264072000.0,137843000.0,0.04,2.048,17.168,17.571,2666602000.0,0.0,3.532,0.988,1.01,96589000.0,954096000.0,2593520000.0,2593520000.0,0.0,,,,0.117,0.0,781680000.0,1.0,725763387.0,741818250.0,,3.496,3007752000.0,9822000.0,100709000.0,238932000.0,4.055,-269847000.0
106,LUV,MRT,1994-12-31,1994-12-31,1994-12-31,2021-09-07,0.0,2823071000.0,2699554000.0,314898000.0,2508173000.0,0.96,1.707,-788649000.0,174538000.0,174538000.0,790959000.0,179331000.0,0.603,1.279,592624000.0,9553000.0,583071000.0,592624000.0,0.0,139045000.0,0.0,0.002,0.008,352891000.0,491936000.0,0.19,491936000.0,352891000.0,299523000.0,0.241,,0.241,1238706000.0,1146362500.0,1238706000.0,,,,-375983000.0,-0.518,1.0,1800974000.0,0.695,0.0,53368000.0,2718887000.0,2587972500.0,37565000.0,0.0,0.0,0.0,1584365000.0,522270000.0,1062095000.0,2401291206.0,-121033000.0,0.0,8743000.0,-63071000.0,-5722000.0,254950000.0,-788649000.0,0.0,412666000.0,0.0,179331000.0,179331000.0,179331000.0,0.0,0.0,0.069,1484265000.0,316709000.0,117599000.0,0.033,1.939,13.39,13.729,2504963000.0,0.0,3.309,0.926,0.926,75692000.0,943704000.0,2591933000.0,2591933000.0,0.0,0.066,0.156,0.136,0.136,0.0,756023000.0,1.0,725763387.0,725763387.0,,3.571,2823071000.0,9822000.0,120192000.0,232850000.0,3.89,-207372000.0
107,LUV,MRT,1994-09-30,1994-09-30,1994-09-30,2021-09-07,,,,,,,,,,,,,,,,,,,,,,0.002,0.008,,,,,,,,,,,,,,,,,,1.0,,,,,,,,,,,,,,,,,,,,,,,,,,,,,,,,,,,,,,,,4.444,,,,,,,,,,,,,,1.0,,745807500.0,,,,,,,,
108,LUV,MRT,1994-06-30,1994-06-30,1994-06-30,2021-09-07,,,,,,,,,,,,,,,,,,,,,,0.002,0.008,,,,,,,,,,,,,,,,,,1.0,,,,,,,,,,,,,,,,,,,,,,,,,,,,,,,,,,,,,,,,5.185,,,,,,,,,,,,,,1.0,,746080875.0,,,,,,,,
109,LUV,MRT,1994-03-31,1994-03-31,1994-03-31,2021-09-07,,,,,,,,,,,,,,,,,,,,,,0.001,0.008,,,,,,,,,,,,,,,,,,1.0,,,,,,,,,,,,,,,,,,,,,,,,,,,,,,,,,,,,,,,,6.469,,,,,,,,,,,,,,1.0,,747225000.0,,,,,,,,
110,LUV,MRT,1993-12-31,1993-12-31,1993-12-31,2021-09-07,0.0,2576037000.0,,432024000.0,2144013000.0,,,-524169000.0,295571000.0,295571000.0,704926000.0,169543000.0,0.903,1.444,655204000.0,16068000.0,639136000.0,655204000.0,0.0,119338000.0,0.0,0.001,0.008,333356000.0,452694000.0,0.197,452694000.0,333356000.0,274896000.0,0.227,,0.227,1054019000.0,,1054019000.0,,,,-131490000.0,,1.0,1591747000.0,0.693,0.0,58460000.0,2457058000.0,,31707000.0,0.0,0.0,0.0,1522018000.0,478612000.0,1043406000.0,,-142418000.0,0.0,6743000.0,-102288000.0,-5376000.0,-10928000.0,-524169000.0,0.0,392679000.0,0.0,169543000.0,169543000.0,169543000.0,0.0,0.0,0.074,1299774000.0,291973000.0,94040000.0,0.035,,,32.527,2141364000.0,0.0,7.384,,,70484000.0,770095000.0,2296673000.0,2296673000.0,0.0,,,,0.145,0.0,641747000.0,1.0,,,,,2576037000.0,10475000.0,105353000.0,190641000.0,,-46588000.0
111,LUV,MRT,1992-12-31,1992-12-31,1992-12-31,2021-09-07,,,,,,,,-432528000.0,,,563443000.0,114165000.0,,,,,,,,101976000.0,,0.002,0.007,229065000.0,331041000.0,0.184,331041000.0,229065000.0,169981000.0,0.158,,0.158,,,,,,,-150429000.0,,1.0,1239536000.0,0.687,,59084000.0,,,,,,,,,,,168665000.0,0.0,90463000.0,103469000.0,-4890000.0,319094000.0,-432528000.0,0.0,282099000.0,0.0,114165000.0,114165000.0,114165000.0,0.0,0.0,0.063,1045732000.0,193804000.0,,0.044,,,24.587,,0.0,3.885,,,,,1802979000.0,1802979000.0,0.0,,,,0.127,0.0,512983000.0,1.0,,,,,,,55816000.0,,,
