None,ticker,dimension,calendardate,datekey,reportperiod,lastupdated,accoci,assets,assetsavg,assetsc,assetsnc,assetturnover,bvps,capex,cashneq,cashnequsd,cor,consolinc,currentratio,de,debt,debtc,debtnc,debtusd,deferredrev,depamor,deposits,divyield,dps,ebit,ebitda,ebitdamargin,ebitdausd,ebitusd,ebt,eps,epsdil,epsusd,equity,equityavg,equityusd,ev,evebit,evebitda,fcf,fcfps,fxusd,gp,grossmargin,intangibles,intexp,invcap,invcapavg,inventory,investments,investmentsc,investmentsnc,liabilities,liabilitiesc,liabilitiesnc,marketcap,ncf,ncfbus,ncfcommon,ncfdebt,ncfdiv,ncff,ncfi,ncfinv,ncfo,ncfx,netinc,netinccmn,netinccmnusd,netincdis,netincnci,netmargin,opex,opinc,payables,payoutratio,pb,pe,pe1,ppnenet,prefdivis,price,ps,ps1,receivables,retearn,revenue,revenueusd,rnd,roa,roe,roic,ros,sbcomp,sgna,sharefactor,sharesbas,shareswa,shareswadil,sps,tangibles,taxassets,taxexp,taxliabilities,tbvps,workingcapital
0,DOFSQ,MRY,2020-12-31,2020-12-31,2020-12-31,2021-08-04,0.0,4948453000.0,5177323000.0,625315000.0,4323138000.0,0.142,14.367,-189528000.0,430380000.0,430380000.0,657453000.0,-1254904000.0,3.104,1.496,2618805000.0,0.0,2618805000.0,2618805000.0,0.0,320085000.0,0.0,0.0,0.0,-1233505000.0,-913420000.0,-1.245,-913420000.0,-1233505000.0,-1276090000.0,-9.09,-9.09,-9.09,1982566000.0,2179211750.0,1982566000.0,2229007341.0,-2.0,-2.44,-181149000.0,-1.313,1.0,76234000.0,0.104,0.0,42585000.0,6935439000.0,6489294250.0,0.0,0.0,0.0,0.0,2965887000.0,201439000.0,2764448000.0,23745341.0,274099000.0,13333000.0,0.0,436000000.0,0.0,436000000.0,-170280000.0,5915000.0,8379000.0,0.0,-1254904000.0,-1254904000.0,-1254904000.0,0.0,0.0,-1.71,387359000.0,-311125000.0,33437000.0,0.0,0.012,-0.019,-0.019,4122809000.0,0.0,0.172,0.032,0.032,130660000.0,157297000.0,733687000.0,733687000.0,0.0,-0.242,-0.576,-0.19,-1.681,5637000.0,56925000.0,1.0,138054311.0,137996000.0,137996000.0,5.317,4948453000.0,0.0,-21186000.0,27214000.0,35.859,423876000.0
1,DOFSQ,MRY,2019-12-31,2019-12-31,2019-12-31,2021-08-04,-18000.0,5834044000.0,5948699500.0,476795000.0,5357249000.0,0.165,23.481,-326090000.0,156281000.0,156281000.0,838428000.0,-357214000.0,1.576,0.805,1975741000.0,0.0,1975741000.0,1975741000.0,0.0,355596000.0,0.0,0.0,0.0,-279182000.0,76414000.0,0.078,76414000.0,-279182000.0,-402014000.0,-2.6,-2.6,-2.6,3232210000.0,3362076750.0,3232210000.0,2756165110.0,-10.0,36.069,-317001000.0,-2.303,1.0,142216000.0,0.145,0.0,122832000.0,7350910000.0,7483681750.0,0.0,0.0,0.0,0.0,2601834000.0,302594000.0,2299240000.0,990022110.0,2208000.0,16217000.0,0.0,0.0,0.0,-12000.0,-6869000.0,303004000.0,9089000.0,0.0,-357214000.0,-357214000.0,-357214000.0,0.0,0.0,-0.364,424546000.0,-282330000.0,68586000.0,0.0,0.306,-2.772,-2.765,5152828000.0,0.0,7.19,1.01,1.009,250856000.0,1412201000.0,980644000.0,980644000.0,0.0,-0.06,-0.106,-0.037,-0.285,6208000.0,67878000.0,1.0,137694313.0,137652000.0,137652000.0,7.124,5834044000.0,0.0,-44800000.0,23228000.0,42.383,174201000.0
2,DOFSQ,MRY,2018-12-31,2018-12-31,2018-12-31,2021-08-04,21000.0,6035694000.0,6102469750.0,785938000.0,5249756000.0,0.178,26.089,-222406000.0,154073000.0,154073000.0,745751000.0,-180272000.0,3.318,0.684,1973922000.0,0.0,1973922000.0,1973922000.0,0.0,331789000.0,0.0,0.0,0.0,-103385000.0,228404000.0,0.211,228404000.0,-103385000.0,-226625000.0,-1.31,-1.31,-1.31,3584653000.0,3684038500.0,3584653000.0,3069018587.0,-30.0,13.437,9652000.0,0.07,1.0,337464000.0,0.312,0.0,123240000.0,7618697000.0,7633414250.0,0.0,299849000.0,299849000.0,0.0,2451041000.0,236846000.0,2214195000.0,1297383587.0,-221964000.0,70067000.0,0.0,0.0,0.0,-5686000.0,-448336000.0,-295997000.0,232058000.0,0.0,-180272000.0,-180272000.0,-180272000.0,0.0,0.0,-0.166,422422000.0,-84958000.0,43933000.0,0.0,0.362,-7.197,-7.206,5184222000.0,0.0,9.44,1.198,1.197,168620000.0,1769415000.0,1083215000.0,1083215000.0,0.0,-0.03,-0.049,-0.014,-0.095,6749000.0,85351000.0,1.0,137434702.0,137399000.0,137399000.0,7.884,6035694000.0,0.0,-46353000.0,20685000.0,43.928,549092000.0
3,DOFSQ,MRY,2017-12-31,2017-12-31,2017-12-31,2021-08-04,-5000.0,6250570000.0,6227751000.0,886653000.0,5363917000.0,0.239,27.496,-139581000.0,376037000.0,376037000.0,835708000.0,18346000.0,3.971,0.656,1972225000.0,0.0,1972225000.0,1972225000.0,0.0,348695000.0,0.0,0.0,0.0,92088000.0,440783000.0,0.297,440783000.0,92088000.0,-21440000.0,0.13,0.13,0.13,3774261000.0,3786209000.0,3774261000.0,4246230467.0,46.0,9.633,354227000.0,2.581,1.0,650038000.0,0.438,0.0,113528000.0,7623470000.0,7779442000.0,0.0,0.0,0.0,0.0,2476309000.0,223288000.0,2253021000.0,2551064467.0,219804000.0,15196000.0,0.0,-142235000.0,0.0,-149654000.0,-124350000.0,35000.0,493808000.0,0.0,18346000.0,18346000.0,18346000.0,0.0,0.0,0.012,426846000.0,223192000.0,38755000.0,0.0,0.676,139.053,143.0,5261641000.0,0.0,18.59,1.717,1.717,256730000.0,1964497000.0,1485746000.0,1485746000.0,0.0,0.003,0.005,0.012,0.062,6250000.0,74505000.0,1.0,137227782.0,137265000.0,137213000.0,10.824,6250570000.0,0.0,-39786000.0,29878000.0,45.537,663365000.0
4,DOFSQ,MRY,2016-12-31,2016-12-31,2016-12-31,2021-08-04,1000.0,6371877000.0,6557732250.0,505807000.0,5866070000.0,0.244,27.34,-652673000.0,156233000.0,156233000.0,830231000.0,-372503000.0,1.485,0.699,2085084000.0,104200000.0,1980884000.0,2085084000.0,0.0,381760000.0,0.0,0.0,0.0,-378365000.0,3395000.0,0.002,3395000.0,-378365000.0,-468299000.0,-2.72,-2.72,-2.72,3750134000.0,3798979750.0,3750134000.0,4509276035.0,-12.0,1328.211,-6119000.0,-0.045,1.0,770111000.0,0.481,0.0,89934000.0,7960229000.0,8116816000.0,0.0,0.0,0.0,0.0,2621743000.0,340499000.0,2281244000.0,2427903035.0,37205000.0,221722000.0,0.0,-182389000.0,0.0,-183012000.0,-426337000.0,4614000.0,646554000.0,0.0,-372503000.0,-372503000.0,-372503000.0,0.0,0.0,-0.233,448850000.0,321261000.0,30242000.0,0.0,0.647,-6.518,-6.507,5726935000.0,0.0,17.7,1.517,1.517,247028000.0,1946765000.0,1600342000.0,1600342000.0,0.0,-0.057,-0.098,-0.047,-0.236,4880000.0,63560000.0,1.0,137169663.0,137168000.0,137168000.0,11.667,6371877000.0,0.0,-95796000.0,23898000.0,46.453,165308000.0
5,DOFSQ,MRY,2015-12-31,2015-12-31,2015-12-31,2021-08-04,-5035000.0,7149894000.0,7602965250.0,669595000.0,6480299000.0,0.318,29.986,-830655000.0,119028000.0,119028000.0,1285914000.0,-274285000.0,1.07,0.738,2266367000.0,286589000.0,1979778000.0,2266367000.0,0.0,493162000.0,0.0,0.024,0.5,-287414000.0,205748000.0,0.085,205748000.0,-287414000.0,-381348000.0,-2.0,-2.0,-2.0,4112770000.0,4231634750.0,4112770000.0,5240623697.0,-18.0,25.471,-94228000.0,-0.687,1.0,1133479000.0,0.468,0.0,93934000.0,8671510000.0,9042108500.0,0.0,11518000.0,11518000.0,0.0,3037124000.0,625723000.0,2411401000.0,2894048697.0,-114595000.0,13049000.0,0.0,36589000.0,-69432000.0,-33467000.0,-817555000.0,51000.0,736427000.0,0.0,-274285000.0,-274285000.0,-274285000.0,0.0,0.0,-0.113,567112000.0,566367000.0,70272000.0,-0.25,0.704,-10.551,-10.55,6378814000.0,0.0,21.1,1.196,1.196,405370000.0,2319136000.0,2419393000.0,2419393000.0,0.0,-0.036,-0.065,-0.032,-0.119,4856000.0,66462000.0,1.0,137158706.0,137157000.0,137157000.0,17.64,7149894000.0,0.0,-107063000.0,15093000.0,52.129,43872000.0
6,DOFSQ,MRY,2014-12-31,2014-12-31,2014-12-31,2021-08-04,-3605000.0,8021289000.0,8187027500.0,899059000.0,7122230000.0,0.344,32.37,-2032764000.0,233623000.0,233623000.0,1599714000.0,387011000.0,1.05,0.802,2244488000.0,249962000.0,1994526000.0,2244488000.0,0.0,456483000.0,0.0,0.095,3.5,577244000.0,1033727000.0,0.367,1033727000.0,577244000.0,515191000.0,2.82,2.81,2.82,4451563000.0,4512379000.0,4451563000.0,6810283416.0,12.0,6.588,-1039933000.0,-7.562,1.0,1214957000.0,0.432,0.0,62053000.0,9175508000.0,9209775250.0,0.0,16033000.0,16033000.0,0.0,3569726000.0,856646000.0,2713080000.0,5034694416.0,-113388000.0,18318000.0,-87756000.0,-250000000.0,-486240000.0,-825984000.0,-280235000.0,1734211000.0,992831000.0,0.0,387011000.0,387011000.0,387011000.0,0.0,0.0,0.137,532933000.0,682024000.0,138444000.0,1.241,1.131,13.009,13.018,6945953000.0,0.0,36.71,1.789,1.794,463862000.0,2661999000.0,2814671000.0,2814671000.0,0.0,0.047,0.086,0.063,0.205,3507000.0,81832000.0,1.0,137147764.0,137523000.0,137473000.0,20.467,8021289000.0,0.0,128180000.0,41648000.0,58.327,42413000.0
7,DOFSQ,MRY,2013-12-31,2013-12-31,2013-12-31,2021-08-04,350000.0,8391434000.0,7578350750.0,2718110000.0,5673324000.0,0.385,33.346,-957598000.0,347011000.0,347011000.0,1647492000.0,548686000.0,3.646,0.81,2494143000.0,249954000.0,2244189000.0,2494143000.0,0.0,388092000.0,0.0,0.061,3.5,799083000.0,1187175000.0,0.407,1187175000.0,799083000.0,774240000.0,3.95,3.95,3.95,4637258000.0,4654303250.0,4637258000.0,8971359700.0,11.0,7.557,108390000.0,0.779,1.0,1272929000.0,0.436,0.0,24843000.0,9792984000.0,8369765750.0,0.0,1750053000.0,1750053000.0,0.0,3754176000.0,745582000.0,3008594000.0,7913897700.0,11579000.0,4900000.0,0.0,997805000.0,-490331000.0,497666000.0,-1552075000.0,-599377000.0,1065988000.0,0.0,548686000.0,548686000.0,548686000.0,0.0,0.0,0.188,471323000.0,801606000.0,94151000.0,0.886,1.707,14.423,14.41,5467227000.0,0.0,56.92,2.71,2.71,469355000.0,2761161000.0,2920421000.0,2920421000.0,0.0,0.072,0.118,0.095,0.274,3573000.0,64788000.0,1.0,139035448.0,139064000.0,139035000.0,21.001,8391434000.0,0.0,225554000.0,30806000.0,60.342,1972528000.0
8,DOFSQ,MRY,2012-12-31,2012-12-31,2012-12-31,2021-08-04,2496000.0,7235286000.0,7130867750.0,2132943000.0,5102343000.0,0.419,32.912,-702041000.0,335432000.0,335432000.0,1586002000.0,720477000.0,4.393,0.581,1496066000.0,0.0,1496066000.0,1496066000.0,0.0,392913000.0,0.0,0.052,3.5,964297000.0,1357210000.0,0.454,1357210000.0,964297000.0,918081000.0,5.18,5.18,5.18,4576394000.0,4500591250.0,4576394000.0,10627905411.0,11.0,7.831,609228000.0,4.381,1.0,1400506000.0,0.469,0.0,46216000.0,7910374000.0,7908765000.0,0.0,1150158000.0,1150158000.0,0.0,2658892000.0,485546000.0,2173346000.0,9448500411.0,1667000.0,138495000.0,0.0,0.0,-490245000.0,-493884000.0,-815718000.0,-252172000.0,1311269000.0,0.0,720477000.0,720477000.0,720477000.0,0.0,0.0,0.241,375691000.0,1024815000.0,96631000.0,0.676,2.065,13.114,13.12,4864972000.0,0.0,67.96,3.164,3.164,499660000.0,2702915000.0,2986508000.0,2986508000.0,0.0,0.101,0.16,0.122,0.323,4357000.0,64640000.0,1.0,139030318.0,139048000.0,139029000.0,21.478,7235286000.0,0.0,197604000.0,64481000.0,52.034,1647397000.0
9,DOFSQ,MRY,2011-12-31,2011-12-31,2011-12-31,2021-08-04,-4642000.0,6964157000.0,6786479500.0,1992683000.0,4971474000.0,0.49,31.165,-774756000.0,333765000.0,333765000.0,1614554000.0,962542000.0,4.664,0.607,1495823000.0,0.0,1495823000.0,1495823000.0,0.0,398612000.0,0.0,0.063,3.5,1252408000.0,1651020000.0,0.497,1651020000.0,1252408000.0,1179271000.0,6.92,6.92,6.92,4333063000.0,4181455000.0,4333063000.0,8830405569.0,7.0,5.348,645349000.0,4.642,1.0,1707865000.0,0.514,0.0,73137000.0,7698924000.0,7527791250.0,0.0,902414000.0,902414000.0,0.0,2631094000.0,427291000.0,2203803000.0,7682643569.0,-130628000.0,5603000.0,0.0,0.0,-490057000.0,-490053000.0,-1060680000.0,-291527000.0,1420105000.0,0.0,962542000.0,962542000.0,962542000.0,0.0,0.0,0.29,452451000.0,1255414000.0,64147000.0,0.506,1.773,7.982,7.986,4667469000.0,0.0,55.26,2.312,2.313,563934000.0,2472310000.0,3322419000.0,3322419000.0,0.0,0.142,0.23,0.166,0.377,4956000.0,65310000.0,1.0,139027209.0,139038000.0,139027000.0,23.896,6964157000.0,0.0,216729000.0,26744000.0,50.088,1565392000.0
10,DOFSQ,MRY,2010-12-31,2010-12-31,2010-12-31,2021-08-04,3141000.0,6726984000.0,6616860250.0,1863498000.0,4863486000.0,0.502,27.768,-434262000.0,464393000.0,464393000.0,1482326000.0,955457000.0,2.975,0.742,1495593000.0,0.0,1495593000.0,1495593000.0,0.0,393177000.0,0.0,0.079,5.25,1426714000.0,1819891000.0,0.548,1819891000.0,1426714000.0,1336016000.0,6.87,6.87,6.87,3861712000.0,3724860750.0,3861712000.0,10607827721.0,7.0,5.829,848056000.0,6.098,1.0,1840648000.0,0.554,0.0,90698000.0,7131896000.0,7108045750.0,0.0,612346000.0,612346000.0,0.0,2865272000.0,626288000.0,2238984000.0,9296723721.0,87976000.0,188066000.0,0.0,-4238000.0,-733661000.0,-737858000.0,-456484000.0,-210288000.0,1282318000.0,0.0,955457000.0,955457000.0,955457000.0,0.0,0.0,0.288,415274000.0,1425374000.0,99236000.0,0.764,2.407,9.73,9.734,4283792000.0,0.0,66.87,2.798,2.799,644967000.0,1998995000.0,3322974000.0,3322974000.0,0.0,0.144,0.257,0.201,0.429,5928000.0,66600000.0,1.0,139026824.0,139070000.0,139026000.0,23.894,6726984000.0,0.0,380559000.0,57862000.0,48.371,1237210000.0
11,DOFSQ,MRY,2009-12-31,2009-12-31,2009-12-31,2021-08-04,1605000.0,6264261000.0,5717772250.0,1723370000.0,4540891000.0,0.635,26.102,-1362468000.0,376417000.0,376417000.0,1316868000.0,1376219000.0,4.168,0.725,1499554000.0,4179000.0,1495375000.0,1499554000.0,0.0,346446000.0,0.0,0.081,8.0,1918041000.0,2264487000.0,0.624,2264487000.0,1918041000.0,1868431000.0,9.9,9.89,9.9,3630642000.0,3560466250.0,3630642000.0,14433373546.0,8.0,6.374,154346000.0,1.11,1.0,2314416000.0,0.637,0.0,49610000.0,6973923000.0,5814945000.0,0.0,400853000.0,400853000.0,0.0,2633619000.0,413475000.0,2220144000.0,13681448546.0,40365000.0,40462000.0,0.0,995975000.0,-1115211000.0,-126314000.0,-1350135000.0,-28129000.0,1516814000.0,0.0,1376219000.0,1376219000.0,1376219000.0,0.0,0.0,0.379,411203000.0,1903213000.0,75015000.0,0.808,3.768,9.941,9.941,4432052000.0,0.0,98.42,3.768,3.77,791023000.0,1776498000.0,3631284000.0,3631284000.0,0.0,0.241,0.387,0.33,0.528,6341000.0,62913000.0,1.0,139010857.0,139097000.0,139007000.0,26.106,6264261000.0,0.0,492212000.0,32410000.0,45.035,1309895000.0
12,DOFSQ,MRY,2008-12-31,2008-12-31,2008-12-31,2021-08-04,510000.0,4954431000.0,4792759000.0,1466733000.0,3487698000.0,0.739,24.19,-666857000.0,336052000.0,336052000.0,1250902000.0,1310547000.0,2.881,0.474,503280000.0,0.0,503280000.0,503280000.0,0.0,287417000.0,0.0,0.104,6.125,1857142000.0,2144559000.0,0.605,2144559000.0,1857142000.0,1847046000.0,9.43,9.42,9.43,3361485000.0,3220653750.0,3361485000.0,8060498887.0,4.0,3.759,952831000.0,6.857,1.0,2293155000.0,0.647,0.0,10096000.0,4612572000.0,4241127750.0,0.0,400592000.0,400592000.0,0.0,1592946000.0,509087000.0,1083859000.0,8192721887.0,-301909000.0,5881000.0,2002000.0,-73000.0,-852153000.0,-848832000.0,-1072765000.0,-411789000.0,1619688000.0,0.0,1310547000.0,1310547000.0,1310547000.0,0.0,0.0,0.37,382961000.0,1910194000.0,93982000.0,0.65,2.437,6.251,6.25,3414373000.0,0.0,58.94,2.312,2.311,574842000.0,1516908000.0,3544057000.0,3544057000.0,0.0,0.273,0.407,0.438,0.524,4901000.0,60142000.0,1.0,139001050.0,138959000.0,139073000.0,25.504,4954431000.0,0.0,536499000.0,85579000.0,35.654,957646000.0
13,DOFSQ,MRY,2007-12-31,2007-12-31,2007-12-31,2021-08-04,15000.0,4341465000.0,4079026500.0,1265190000.0,3076275000.0,0.629,20.876,-647101000.0,637961000.0,637961000.0,1064050000.0,844464000.0,2.793,0.509,506634000.0,3563000.0,503071000.0,506634000.0,0.0,235729000.0,0.0,0.04,5.75,1265250000.0,1500979000.0,0.585,1500979000.0,1265250000.0,1243372000.0,6.13,6.11,6.13,2877067000.0,2730234250.0,2877067000.0,19920298244.0,16.0,13.272,561215000.0,4.072,1.0,1503673000.0,0.586,0.0,21878000.0,3757127000.0,3789736250.0,0.0,1301000.0,1301000.0,0.0,1464398000.0,453011000.0,1011387000.0,19712494244.0,113263000.0,10861000.0,10836000.0,0.0,-796292000.0,-780262000.0,-314791000.0,321449000.0,1208316000.0,0.0,844464000.0,844464000.0,844464000.0,0.0,0.0,0.329,280629000.0,1223044000.0,132243000.0,0.938,6.852,23.343,23.165,3040063000.0,0.0,142.0,7.677,7.621,522808000.0,1158535000.0,2567723000.0,2567723000.0,0.0,0.207,0.309,0.334,0.493,-740000.0,53483000.0,1.0,138820382.0,137816000.0,138945000.0,18.632,4341465000.0,0.0,398908000.0,81684000.0,31.502,812179000.0
14,DOFSQ,MRY,2006-12-31,2006-12-31,2006-12-31,2021-08-04,-4417000.0,4132839000.0,3822306000.0,1481547000.0,2651292000.0,0.537,17.963,-551237000.0,524698000.0,524698000.0,869522000.0,706847000.0,4.442,0.782,964310000.0,0.0,964310000.0,964310000.0,0.0,200503000.0,0.0,0.025,2.0,990428000.0,1190931000.0,0.58,1190931000.0,990428000.0,966332000.0,5.47,5.12,5.47,2319508000.0,2050016500.0,2319508000.0,10604471966.0,11.0,8.904,208852000.0,1.617,1.0,1183050000.0,0.576,0.0,24096000.0,4238942000.0,3977054000.0,0.0,301159000.0,301159000.0,0.0,1813331000.0,333509000.0,1479822000.0,10326854966.0,-317892000.0,0.0,3263000.0,0.0,-258155000.0,-254099000.0,-823882000.0,-277376000.0,760089000.0,0.0,706847000.0,706847000.0,706847000.0,0.0,0.0,0.344,242618000.0,940432000.0,122000000.0,0.366,4.452,14.61,14.614,2628453000.0,0.0,79.94,5.031,5.029,567474000.0,1137151000.0,2052572000.0,2052572000.0,0.0,0.185,0.345,0.249,0.483,1793000.0,41551000.0,1.0,129182574.0,129129000.0,138781000.0,15.896,4132839000.0,0.0,259485000.0,26531000.0,32.006,1148038000.0
15,DOFSQ,MRY,2005-12-31,2005-12-31,2005-12-31,2021-08-04,9000.0,3606922000.0,3490648750.0,1281878000.0,2325044000.0,0.35,14.401,-293829000.0,842590000.0,842590000.0,674089000.0,260337000.0,4.766,0.946,977654000.0,0.0,977654000.0,977654000.0,0.0,183724000.0,0.0,0.005,0.375,398194000.0,581918000.0,0.477,581918000.0,398194000.0,356395000.0,2.02,1.91,2.02,1853327000.0,1734967500.0,1853327000.0,9455481653.0,24.0,16.249,94742000.0,0.736,1.0,546913000.0,0.448,0.0,41799000.0,3473000000.0,3592154500.0,47196000.0,2281000.0,2281000.0,0.0,1753595000.0,268986000.0,1484609000.0,8951903653.0,576583000.0,0.0,11547000.0,-223371000.0,-48260000.0,-261950000.0,449962000.0,667244000.0,388571000.0,0.0,260337000.0,260337000.0,260337000.0,0.0,0.0,0.213,172514000.0,374399000.0,60976000.0,0.186,4.83,34.386,34.436,2302020000.0,0.0,69.56,7.332,7.331,357104000.0,688459000.0,1221002000.0,1221002000.0,0.0,0.075,0.15,0.111,0.326,0.0,37162000.0,1.0,128693267.0,128690000.0,141351000.0,9.488,3606922000.0,0.0,96058000.0,38973000.0,28.028,1012892000.0
16,DOFSQ,MRY,2004-12-31,2004-12-31,2004-12-31,2021-08-04,-1988000.0,3379386000.0,3263599250.0,1195681000.0,2183705000.0,0.25,12.601,-89229000.0,266007000.0,266007000.0,597527000.0,-7243000.0,1.948,1.079,1193515000.0,484102000.0,709413000.0,1193515000.0,0.0,178835000.0,0.0,0.006,0.25,26724000.0,205559000.0,0.252,205559000.0,26724000.0,-3533000.0,-0.06,-0.06,-0.06,1625828000.0,1637659500.0,1625828000.0,6135758365.0,230.0,29.849,119053000.0,0.923,1.0,217135000.0,0.267,0.0,30257000.0,3692987000.0,3770271000.0,47590000.0,661849000.0,661849000.0,0.0,1753558000.0,613907000.0,1139651000.0,5148223365.0,159662000.0,0.0,-17909000.0,237428000.0,-32281000.0,185487000.0,-233688000.0,-151359000.0,208282000.0,-419000.0,-7243000.0,-7243000.0,-7243000.0,0.0,0.0,-0.009,213207000.0,3928000.0,27530000.0,-4.167,3.167,-710.786,-667.5,2154593000.0,0.0,40.05,6.319,6.343,187558000.0,476382000.0,814662000.0,814662000.0,0.0,-0.002,-0.004,0.007,0.033,0.0,32759000.0,1.0,128544903.0,129021000.0,129021000.0,6.314,3379386000.0,0.0,3710000.0,14661000.0,26.193,581774000.0
17,DOFSQ,MRY,2003-12-31,2003-12-31,2003-12-31,2021-08-04,-4117000.0,3135019000.0,3161166000.0,835263000.0,2299756000.0,0.215,12.902,-272026000.0,106345000.0,106345000.0,513889000.0,-48414000.0,8.353,0.866,939999000.0,11969000.0,928030000.0,939999000.0,0.0,175578000.0,0.0,0.021,0.438,-30309000.0,145269000.0,0.213,145269000.0,-30309000.0,-54237000.0,-0.37,-0.37,-0.37,1680480000.0,1721400750.0,1680480000.0,3444756692.0,-114.0,23.713,-109575000.0,-0.841,1.0,167052000.0,0.245,11099000.0,23928000.0,3857574000.0,3805275250.0,48035000.0,503995000.0,503995000.0,0.0,1454539000.0,100000000.0,1354539000.0,2673200692.0,-76108000.0,0.0,-18211000.0,-11155000.0,-57022000.0,-86388000.0,-152151000.0,117605000.0,162451000.0,-20000.0,-48414000.0,-48414000.0,-48414000.0,0.0,0.0,-0.071,205375000.0,-38323000.0,15653000.0,-1.184,1.591,-55.215,-55.432,2257876000.0,0.0,20.51,3.926,3.923,154124000.0,515906000.0,680941000.0,680941000.0,0.0,-0.015,-0.028,-0.008,-0.045,0.0,28868000.0,1.0,130336455.0,130253000.0,130253000.0,5.228,3123920000.0,0.0,-5823000.0,6761000.0,23.983,735263000.0
18,DOFSQ,MRY,2002-12-31,2002-12-31,2002-12-31,2021-08-04,-730000.0,3256308000.0,3344357250.0,1031299000.0,2225009000.0,0.225,13.768,-339165000.0,182453000.0,182453000.0,494157000.0,62520000.0,8.895,0.802,935630000.0,11155000.0,924475000.0,935630000.0,0.0,177495000.0,0.0,0.023,0.5,119757000.0,297252000.0,0.395,297252000.0,119757000.0,96174000.0,0.48,0.47,0.48,1807514000.0,1824878500.0,1807514000.0,3521168542.0,29.0,11.846,-50529000.0,-0.385,1.0,258404000.0,0.343,24714000.0,23583000.0,3868826000.0,3832376500.0,45405000.0,627614000.0,627614000.0,0.0,1448794000.0,115945000.0,1332849000.0,2847851542.0,-206927000.0,0.0,-43424000.0,-10426000.0,-65685000.0,-120728000.0,-374509000.0,-35344000.0,288636000.0,-326000.0,62520000.0,62520000.0,62520000.0,0.0,0.0,0.083,206420000.0,51984000.0,37264000.0,1.042,1.576,45.551,45.521,2164627000.0,0.0,21.85,3.784,3.812,146957000.0,621342000.0,752561000.0,752561000.0,0.0,0.019,0.034,0.031,0.159,0.0,29009000.0,1.0,130336455.0,131285000.0,140713000.0,5.732,3231594000.0,0.0,33654000.0,4413000.0,24.615,915354000.0
19,DOFSQ,MRY,2001-12-31,2001-12-31,2001-12-31,2021-08-04,-2880000.0,3502681000.0,3291183500.0,1427579000.0,2075102000.0,0.281,13.945,-266891000.0,398990000.0,398990000.0,503698000.0,173823000.0,4.514,0.89,1130124000.0,209488000.0,920636000.0,1130124000.0,0.0,170017000.0,0.0,0.016,0.5,298570000.0,468587000.0,0.507,468587000.0,298570000.0,260485000.0,1.31,1.26,1.31,1853146000.0,1831915250.0,1853146000.0,4707386912.0,16.0,10.046,103845000.0,0.781,1.0,420602000.0,0.455,38329000.0,38085000.0,3879235000.0,3756256000.0,40814000.0,748387000.0,748387000.0,0.0,1649535000.0,316251000.0,1333284000.0,4014415912.0,251239000.0,0.0,-37768000.0,450268000.0,-66502000.0,-53647000.0,-65850000.0,201041000.0,370736000.0,0.0,173823000.0,173823000.0,173823000.0,0.0,0.0,0.188,195192000.0,225410000.0,31924000.0,0.382,2.166,23.095,23.206,2002873000.0,0.0,30.4,4.343,4.371,193653000.0,624507000.0,924300000.0,924300000.0,0.0,0.053,0.095,0.079,0.323,0.0,25502000.0,1.0,132053155.0,132886000.0,142365000.0,6.956,3464352000.0,0.0,86662000.0,5862000.0,26.07,1111328000.0
20,DOFSQ,MRY,2000-12-31,2000-12-31,2000-12-31,2021-08-04,670000.0,3079506000.0,2968892250.0,1072190000.0,2007316000.0,0.231,12.189,-290645000.0,144456000.0,144456000.0,457927000.0,72281000.0,8.716,0.742,866291000.0,9732000.0,856559000.0,866291000.0,0.0,145596000.0,0.0,0.013,0.5,121139000.0,266735000.0,0.39,266735000.0,121139000.0,110867000.0,0.53,0.53,0.53,1767853000.0,1821749000.0,1767853000.0,6041498080.0,50.0,22.65,-94110000.0,-0.649,1.0,226574000.0,0.331,55205000.0,10272000.0,3623123000.0,3334597000.0,40698000.0,717678000.0,717678000.0,0.0,1311653000.0,123013000.0,1188640000.0,5360791080.0,32140000.0,0.0,-92836000.0,402178000.0,-67608000.0,290798000.0,-455193000.0,-164548000.0,196535000.0,0.0,72281000.0,72281000.0,72281000.0,0.0,0.0,0.106,169399000.0,57175000.0,39795000.0,0.943,3.032,74.166,75.472,1931182000.0,0.0,40.0,7.832,8.476,153452000.0,517186000.0,684501000.0,684501000.0,0.0,0.024,0.04,0.036,0.177,0.0,23803000.0,1.0,134019777.0,145040000.0,135164000.0,4.719,3024301000.0,0.0,38586000.0,337000.0,20.851,949177000.0
21,DOFSQ,MRY,1999-12-31,1999-12-31,1999-12-31,2021-08-04,-9229000.0,2681029000.0,2674332750.0,860292000.0,1820737000.0,0.307,12.644,-323471000.0,112316000.0,112316000.0,431523000.0,156071000.0,6.354,0.455,400000000.0,0.0,400000000.0,400000000.0,0.0,142963000.0,0.0,0.016,0.5,249575000.0,392538000.0,0.478,392538000.0,249575000.0,240363000.0,1.15,1.11,1.15,1842222000.0,1823791000.0,1842222000.0,4452809027.0,18.0,11.344,74651000.0,0.512,1.0,389501000.0,0.474,73174000.0,9212000.0,2760138000.0,2736175000.0,38760000.0,529042000.0,529042000.0,0.0,838807000.0,135401000.0,703406000.0,4150790027.0,11118000.0,0.0,35000.0,0.0,-67911000.0,-67876000.0,-319128000.0,4343000.0,398122000.0,0.0,156071000.0,156071000.0,156071000.0,0.0,0.0,0.19,165840000.0,223661000.0,72630000.0,0.435,2.253,26.596,26.574,1737905000.0,0.0,30.56,5.056,5.423,143569000.0,635943000.0,821024000.0,821024000.0,0.0,0.058,0.086,0.091,0.304,0.0,22877000.0,1.0,135824281.0,145698000.0,135822000.0,5.635,2607855000.0,0.0,84292000.0,18720000.0,17.899,724891000.0
22,DOFSQ,MRY,1998-12-31,1998-12-31,1998-12-31,2021-08-04,-7998000.0,2609716000.0,2507459000.0,938424000.0,1671292000.0,0.482,12.717,-223463000.0,101198000.0,101198000.0,484625000.0,383659000.0,5.85,0.487,400000000.0,0.0,400000000.0,400000000.0,0.0,130271000.0,0.0,0.021,0.5,604718000.0,734989000.0,0.608,734989000.0,604718000.0,590231000.0,2.78,2.66,2.78,1755258000.0,1684373250.0,1755258000.0,3494823024.0,6.0,4.755,323721000.0,2.345,1.0,724176000.0,0.599,109825000.0,14487000.0,2638292000.0,2553173000.0,35794000.0,535774000.0,535774000.0,0.0,854458000.0,160401000.0,694057000.0,3217470024.0,-1760000.0,0.0,-88437000.0,0.0,-69226000.0,-157663000.0,-391281000.0,-167818000.0,547184000.0,0.0,383659000.0,383659000.0,383659000.0,0.0,0.0,0.317,155595000.0,568581000.0,93938000.0,0.18,1.833,8.386,8.522,1551820000.0,0.0,23.69,2.662,2.705,233719000.0,547783000.0,1208801000.0,1208801000.0,0.0,0.153,0.228,0.237,0.5,0.0,25324000.0,1.0,135815535.0,138020000.0,147896000.0,8.758,2499891000.0,0.0,206572000.0,13180000.0,18.113,778023000.0
23,DOFSQ,MRY,1997-12-31,1997-12-31,1997-12-31,2021-08-04,-1928000.0,2298561000.0,1936530500.0,718775000.0,1579786000.0,0.494,11.082,-354285000.0,102958000.0,102958000.0,406343000.0,278605000.0,5.481,0.497,400000000.0,0.0,400000000.0,400000000.0,0.0,108335000.0,0.0,0.003,0.14,440331000.0,548666000.0,0.574,548666000.0,440331000.0,430061000.0,2.01,1.93,2.01,1535527000.0,1365129500.0,1535527000.0,,,,42083000.0,0.304,1.0,549750000.0,0.575,118623000.0,10270000.0,2345835000.0,1853665000.0,33714000.0,363137000.0,363137000.0,0.0,763034000.0,131145000.0,631889000.0,6705864341.0,74778000.0,0.0,82942000.0,320938000.0,-19503000.0,384377000.0,-705967000.0,-351682000.0,396368000.0,0.0,278605000.0,278605000.0,278605000.0,0.0,0.0,0.291,129877000.0,419873000.0,57557000.0,0.07,4.367,24.069,23.945,1451741000.0,0.0,48.13,7.014,6.975,205589000.0,233350000.0,956093000.0,956093000.0,0.0,0.144,0.204,0.238,0.461,0.0,22556000.0,1.0,139328160.0,138560000.0,147489000.0,6.9,2179938000.0,0.0,151456000.0,24653000.0,15.733,587630000.0
24,DOFSQ,MRY,1996-12-31,1996-12-31,1996-12-31,2021-08-04,-928000.0,1574500000.0,,242967000.0,1331533000.0,,9.599,-226411000.0,28180000.0,28180000.0,341654000.0,146388000.0,1.898,0.318,73000000.0,10000000.0,63000000.0,73000000.0,0.0,75767000.0,0.0,0.0,0.0,215031000.0,290798000.0,0.476,290798000.0,215031000.0,212705000.0,1.18,1.18,1.18,1194732000.0,,1194732000.0,,,,-16178000.0,-0.13,1.0,269776000.0,0.441,129825000.0,2326000.0,1361495000.0,,30407000.0,0.0,0.0,0.0,379768000.0,128000000.0,251768000.0,,17874000.0,20883000.0,5016000.0,2953000.0,0.0,7969000.0,-200328000.0,5200000.0,210233000.0,0.0,146388000.0,146388000.0,146388000.0,0.0,0.0,0.239,56285000.0,213491000.0,63172000.0,0.0,,,24.153,1198160000.0,0.0,28.5,,5.801,172214000.0,-25056000.0,611430000.0,611430000.0,0.0,,,,0.352,0.0,15640000.0,1.0,,124462000.0,124462000.0,4.913,1444675000.0,0.0,66317000.0,26377000.0,11.607,114967000.0
25,DOFSQ,MRY,1995-12-31,1995-12-31,1995-12-31,2021-08-04,,,,,,,,-65130000.0,,,259560000.0,-7026000.0,,,,,,,,52865000.0,,0.0,0.0,13249000.0,66114000.0,0.196,66114000.0,13249000.0,-13803000.0,,,,,,,,,,-12464000.0,,1.0,77024000.0,0.229,,27052000.0,,,,,,,,,,,-7464000.0,0.0,338363000.0,-331245000.0,-2118000.0,5000000.0,-65130000.0,0.0,52666000.0,0.0,-7026000.0,-7026000.0,-7026000.0,0.0,0.0,-0.021,65373000.0,11651000.0,,,,,,,0.0,16.875,,,,,336584000.0,336584000.0,0.0,,,,0.039,0.0,13857000.0,1.0,,,,,,,-6777000.0,,,
0,DOFSQ,MRQ,2020-12-31,2020-12-31,2020-12-31,2021-08-04,0.0,4948453000.0,,625315000.0,4323138000.0,,14.361,-26907000.0,430380000.0,430380000.0,148080000.0,-149538000.0,3.104,1.496,2618805000.0,0.0,2618805000.0,2618805000.0,0.0,76877000.0,0.0,0.0,0.0,-151139000.0,-74262000.0,-0.442,-74262000.0,-151139000.0,-150971000.0,-1.08,-1.08,-1.08,1982566000.0,,1982566000.0,2229007341.0,-2.0,-2.44,-25968000.0,-0.188,1.0,19977000.0,0.119,0.0,-168000.0,6935439000.0,,0.0,0.0,0.0,0.0,2965887000.0,201439000.0,2764448000.0,23745341.0,-18013000.0,7955000.0,0.0,0.0,0.0,0.0,-18952000.0,0.0,939000.0,0.0,-149538000.0,-149538000.0,-149538000.0,0.0,0.0,-0.89,85993000.0,-66016000.0,33437000.0,0.0,0.012,-0.019,-0.019,4122809000.0,0.0,0.172,0.032,0.032,130660000.0,157297000.0,168057000.0,168057000.0,0.0,,,,,0.0,12098000.0,1.0,138054311.0,138056000.0,138056000.0,1.217,4948453000.0,0.0,-1433000.0,27214000.0,35.844,423876000.0
1,DOFSQ,MRQ,2020-09-30,2020-09-30,2020-09-30,2021-08-04,0.0,5101873000.0,,652286000.0,4449587000.0,,15.444,-44242000.0,448393000.0,448393000.0,139499000.0,-98606000.0,3.472,1.393,2653655000.0,0.0,2653655000.0,2653655000.0,0.0,75330000.0,0.0,0.0,0.0,-98413000.0,-23083000.0,-0.167,-23083000.0,-98413000.0,-98511000.0,-0.71,-0.71,-0.71,2132104000.0,,2132104000.0,2241648948.0,-2.0,-2.811,-69535000.0,-0.504,1.0,-1242000.0,-0.009,0.0,98000.0,7119280000.0,,0.0,0.0,0.0,0.0,2969769000.0,187855000.0,2781914000.0,30371948.0,-63009000.0,611000.0,0.0,0.0,0.0,0.0,-37716000.0,5915000.0,-25293000.0,0.0,-98606000.0,-98606000.0,-98606000.0,0.0,0.0,-0.713,87976000.0,-89218000.0,31980000.0,0.0,0.014,-0.026,-0.026,4243106000.0,0.0,0.22,0.036,0.036,138624000.0,306835000.0,138257000.0,138257000.0,0.0,,,,,1000.0,12781000.0,1.0,138054311.0,138054000.0,138054000.0,1.001,5101873000.0,0.0,95000.0,28359000.0,36.956,464431000.0
2,DOFSQ,MRQ,2020-06-30,2020-06-30,2020-06-30,2021-08-04,-21000.0,5280633000.0,,784959000.0,4495674000.0,,16.159,-43529000.0,511402000.0,511402000.0,174250000.0,-144820000.0,3.992,1.367,2722679000.0,0.0,2722679000.0,2722679000.0,0.0,74835000.0,0.0,0.0,0.0,-138436000.0,-63601000.0,-0.321,-63601000.0,-138436000.0,-148769000.0,-1.05,-1.05,-1.05,2230689000.0,,2230689000.0,1948970090.0,-2.0,-2.574,12045000.0,0.087,1.0,23953000.0,0.121,0.0,10333000.0,7295295000.0,,0.0,5720000.0,5720000.0,0.0,3049944000.0,196615000.0,2853329000.0,35893090.0,12264000.0,219000.0,0.0,0.0,0.0,0.0,-43310000.0,0.0,55574000.0,0.0,-144820000.0,-144820000.0,-144820000.0,0.0,0.0,-0.731,107435000.0,-83482000.0,35210000.0,0.0,0.016,-0.031,-0.03,4286176000.0,0.0,0.26,0.037,0.037,190966000.0,405441000.0,198203000.0,198203000.0,0.0,,,,,4093000.0,15701000.0,1.0,138050347.0,138043000.0,138043000.0,1.436,5280633000.0,0.0,-3949000.0,15948000.0,38.254,588344000.0
3,DOFSQ,MRQ,2020-03-31,2020-03-31,2020-03-31,2021-08-04,-19000.0,5378333000.0,,844070000.0,4534263000.0,,17.206,-74850000.0,499138000.0,499138000.0,195624000.0,-861940000.0,0.314,1.268,2412215000.0,2412215000.0,0.0,2412215000.0,0.0,93043000.0,0.0,0.0,0.0,-845518000.0,-752475000.0,-3.283,-752475000.0,-845518000.0,-877839000.0,-6.25,-6.25,-6.25,2371488000.0,,2371488000.0,2071458155.0,-2.0,-2.895,-97691000.0,-0.709,1.0,33546000.0,0.146,0.0,32321000.0,4607163000.0,,0.0,0.0,0.0,0.0,3006845000.0,2684247000.0,322598000.0,251998155.0,342857000.0,4548000.0,0.0,436000000.0,0.0,436000000.0,-70302000.0,0.0,-22841000.0,0.0,-861940000.0,-861940000.0,-861940000.0,0.0,0.0,-3.761,105955000.0,-72409000.0,59564000.0,0.0,0.106,-0.22,-0.22,4329983000.0,0.0,1.83,0.258,0.258,268163000.0,550261000.0,229170000.0,229170000.0,0.0,,,,,1543000.0,16345000.0,1.0,137703910.0,137831000.0,137831000.0,1.663,5378333000.0,0.0,-15899000.0,16437000.0,39.021,-1840177000.0
4,DOFSQ,MRQ,2019-12-31,2019-12-31,2019-12-31,2021-08-04,-18000.0,5834044000.0,,476795000.0,5357249000.0,,23.473,-76271000.0,156281000.0,156281000.0,217170000.0,-74770000.0,1.576,0.805,1975741000.0,0.0,1975741000.0,1975741000.0,0.0,91752000.0,0.0,0.0,0.0,-50022000.0,41730000.0,0.151,41730000.0,-50022000.0,-80672000.0,-0.55,-0.55,-0.55,3232210000.0,,3232210000.0,2756165110.0,-10.0,36.069,-52971000.0,-0.385,1.0,59206000.0,0.214,0.0,30650000.0,7350910000.0,,0.0,0.0,0.0,0.0,2601834000.0,302594000.0,2299240000.0,990022110.0,-52851000.0,120000.0,0.0,0.0,0.0,0.0,-76151000.0,0.0,23300000.0,0.0,-74770000.0,-74770000.0,-74770000.0,0.0,0.0,-0.271,108075000.0,-48869000.0,68586000.0,0.0,0.306,-2.772,-2.765,5152828000.0,0.0,7.19,1.01,1.009,250856000.0,1412201000.0,276376000.0,276376000.0,0.0,,,,,1675000.0,16442000.0,1.0,137694313.0,137700000.0,137700000.0,2.007,5834044000.0,0.0,-5902000.0,23228000.0,42.368,174201000.0
5,DOFSQ,MRQ,2019-09-30,2019-09-30,2019-09-30,2021-08-04,-16000.0,5871034000.0,,514422000.0,5356612000.0,,24.005,-77484000.0,209132000.0,209132000.0,212991000.0,-95128000.0,1.842,0.776,1975275000.0,0.0,1975275000.0,1975275000.0,0.0,88693000.0,0.0,0.0,0.0,-71512000.0,17181000.0,0.068,17181000.0,-71512000.0,-102610000.0,-0.69,-0.69,-0.69,3305324000.0,,3305324000.0,2592887380.0,-10.0,30.262,-89012000.0,-0.646,1.0,41029000.0,0.162,0.0,31098000.0,7357971000.0,,0.0,0.0,0.0,0.0,2565710000.0,279206000.0,2286504000.0,765580380.0,61623000.0,524000.0,0.0,0.0,0.0,0.0,73151000.0,150111000.0,-11528000.0,0.0,-95128000.0,-95128000.0,-95128000.0,0.0,0.0,-0.374,113863000.0,-72834000.0,68760000.0,0.0,0.232,-2.117,-2.122,5150876000.0,0.0,5.56,0.817,0.817,237621000.0,1486971000.0,254020000.0,254020000.0,0.0,,,,,1577000.0,18830000.0,1.0,137694313.0,137694000.0,137694000.0,1.845,5871034000.0,0.0,-7482000.0,20242000.0,42.638,235216000.0
6,DOFSQ,MRQ,2019-06-30,2019-06-30,2019-06-30,2021-08-04,-6000.0,5977236000.0,,590664000.0,5386572000.0,,24.685,-86445000.0,147509000.0,147509000.0,234095000.0,-113988000.0,2.192,0.759,1974816000.0,0.0,1974816000.0,1974816000.0,0.0,88253000.0,0.0,0.0,0.0,-110183000.0,-21930000.0,-0.101,-21930000.0,-110183000.0,-141342000.0,-0.83,-0.83,-0.83,3398897000.0,,3398897000.0,3072840861.0,-14.0,23.861,-91990000.0,-0.668,1.0,-17389000.0,-0.08,0.0,31159000.0,7535094000.0,,0.0,149945000.0,149945000.0,0.0,2578339000.0,269449000.0,2308890000.0,1221315861.0,24669000.0,15478000.0,0.0,0.0,0.0,-10000.0,30224000.0,101191000.0,-5545000.0,0.0,-113988000.0,-113988000.0,-113988000.0,0.0,0.0,-0.526,94111000.0,-111500000.0,60533000.0,0.0,0.359,-3.845,-3.857,5163696000.0,0.0,8.87,1.26,1.26,163086000.0,1582099000.0,216706000.0,216706000.0,0.0,,,,,1542000.0,15294000.0,1.0,137690627.0,137691000.0,137691000.0,1.574,5977236000.0,0.0,-27354000.0,16722000.0,43.411,321215000.0
7,DOFSQ,MRQ,2019-03-31,2019-03-31,2019-03-31,2021-08-04,2000.0,6112484000.0,,732802000.0,5379682000.0,,25.537,-85890000.0,122840000.0,122840000.0,174172000.0,-73328000.0,2.682,0.741,1974365000.0,0.0,1974365000.0,1974365000.0,0.0,86898000.0,0.0,0.0,0.0,-47465000.0,39433000.0,0.169,39433000.0,-47465000.0,-77390000.0,-0.53,-0.53,-0.53,3511876000.0,,3511876000.0,3261577323.0,-21.0,17.839,-83028000.0,-0.604,1.0,59370000.0,0.254,0.0,29925000.0,7690752000.0,,0.0,249858000.0,249858000.0,0.0,2600608000.0,273257000.0,2327351000.0,1441728323.0,-31233000.0,95000.0,0.0,0.0,0.0,-2000.0,-34093000.0,51702000.0,2862000.0,0.0,-73328000.0,-73328000.0,-73328000.0,0.0,0.0,-0.314,108497000.0,-49127000.0,60284000.0,0.0,0.411,-5.283,-5.325,5170858000.0,0.0,10.49,1.412,1.413,189381000.0,1696087000.0,233542000.0,233542000.0,0.0,,,,,1414000.0,17312000.0,1.0,137438353.0,137522000.0,137522000.0,1.698,6112484000.0,0.0,-4062000.0,15096000.0,44.447,459545000.0
8,DOFSQ,MRQ,2018-12-31,2018-12-31,2018-12-31,2021-08-04,21000.0,6035694000.0,,785938000.0,5249756000.0,,26.082,-62655000.0,154073000.0,154073000.0,166827000.0,-79207000.0,3.318,0.684,1973922000.0,0.0,1973922000.0,1973922000.0,0.0,86255000.0,0.0,0.0,0.0,-35259000.0,50996000.0,0.219,50996000.0,-35259000.0,-66303000.0,-0.57,-0.57,-0.57,3584653000.0,,3584653000.0,3069018587.0,-30.0,13.437,-19353000.0,-0.141,1.0,65695000.0,0.283,0.0,31044000.0,7618697000.0,,0.0,299849000.0,299849000.0,0.0,2451041000.0,236846000.0,2214195000.0,1297383587.0,-47780000.0,534000.0,0.0,0.0,0.0,-5417000.0,-85665000.0,-23544000.0,43302000.0,0.0,-79207000.0,-79207000.0,-79207000.0,0.0,0.0,-0.341,102972000.0,-37277000.0,43933000.0,0.0,0.362,-7.197,-7.206,5184222000.0,0.0,9.44,1.198,1.197,168620000.0,1769415000.0,232522000.0,232522000.0,0.0,,,,,2713000.0,15294000.0,1.0,137434702.0,137438000.0,137438000.0,1.692,6035694000.0,0.0,12904000.0,20685000.0,43.916,549092000.0
9,DOFSQ,MRQ,2018-09-30,2018-09-30,2018-09-30,2021-08-04,-4000.0,6068323000.0,,814435000.0,5253888000.0,,26.639,-69319000.0,201853000.0,201853000.0,194030000.0,-51112000.0,3.91,0.657,1973488000.0,0.0,1973488000.0,1973488000.0,0.0,81884000.0,0.0,0.0,0.0,-21601000.0,60283000.0,0.211,60283000.0,-21601000.0,-55894000.0,-0.37,-0.37,-0.37,3661139000.0,,3661139000.0,4577580160.0,-63.0,17.698,-11330000.0,-0.082,1.0,92292000.0,0.322,0.0,34293000.0,7631641000.0,,0.0,274690000.0,274690000.0,0.0,2407184000.0,208317000.0,2198867000.0,2748689160.0,57685000.0,67810000.0,0.0,0.0,0.0,-179000.0,-125000.0,1384000.0,57989000.0,0.0,-51112000.0,-51112000.0,-51112000.0,0.0,0.0,-0.179,115335000.0,-23043000.0,42169000.0,0.0,0.751,-20.666,-20.619,5191841000.0,0.0,20.0,2.297,2.296,198701000.0,1848623000.0,286322000.0,286322000.0,0.0,,,,,1568000.0,33308000.0,1.0,137434458.0,137434000.0,137434000.0,2.083,6068323000.0,0.0,-4782000.0,14789000.0,44.154,606118000.0
10,DOFSQ,MRQ,2018-06-30,2018-06-30,2018-06-30,2021-08-04,23000.0,6112779000.0,,844193000.0,5268586000.0,,27.001,-58949000.0,144168000.0,144168000.0,192735000.0,-69274000.0,4.234,0.647,1973059000.0,0.0,1973059000.0,1973059000.0,0.0,81825000.0,0.0,0.0,0.0,-49701000.0,32124000.0,0.119,32124000.0,-49701000.0,-79286000.0,-0.5,-0.5,-0.5,3710730000.0,,3710730000.0,4409707754.0,-165.0,14.392,-11951000.0,-0.087,1.0,76126000.0,0.283,0.0,29585000.0,7742308000.0,,0.0,274671000.0,274671000.0,0.0,2402049000.0,199362000.0,2202687000.0,2866753754.0,-285516000.0,296000.0,0.0,0.0,0.0,-24000.0,-332490000.0,-273837000.0,46998000.0,0.0,-69274000.0,-69274000.0,-69274000.0,0.0,0.0,-0.258,101276000.0,-25150000.0,54717000.0,0.0,0.773,-40.323,-40.115,5197197000.0,0.0,20.86,2.246,2.246,203131000.0,1899735000.0,268861000.0,268861000.0,0.0,,,,,871000.0,18236000.0,1.0,137428272.0,137429000.0,137429000.0,1.956,6112779000.0,0.0,-10012000.0,14522000.0,44.48,644831000.0
11,DOFSQ,MRQ,2018-03-31,2018-03-31,2018-03-31,2021-08-04,-7000.0,6193083000.0,,879969000.0,5313114000.0,,27.489,-31483000.0,429684000.0,429684000.0,192159000.0,19321000.0,4.512,0.639,1972638000.0,0.0,1972638000.0,1972638000.0,0.0,81825000.0,0.0,0.0,0.0,3176000.0,85001000.0,0.288,85001000.0,3176000.0,-25142000.0,0.14,0.14,0.14,3779632000.0,,3779632000.0,3607947284.0,84.0,9.482,52286000.0,0.38,1.0,103351000.0,0.35,0.0,28318000.0,7541011000.0,,0.0,0.0,0.0,0.0,2413451000.0,195026000.0,2218425000.0,2011759284.0,53647000.0,1427000.0,0.0,0.0,0.0,-66000.0,-30056000.0,0.0,83769000.0,0.0,19321000.0,19321000.0,19321000.0,0.0,0.0,0.065,102839000.0,512000.0,33719000.0,0.0,0.532,142.395,146.6,5221709000.0,0.0,14.66,1.43,1.433,199615000.0,1969006000.0,295510000.0,295510000.0,0.0,,,,,1597000.0,18513000.0,1.0,137227782.0,137495000.0,137294000.0,2.149,6193083000.0,0.0,-44463000.0,22189000.0,45.042,684943000.0
12,DOFSQ,MRQ,2017-12-31,2017-12-31,2017-12-31,2021-08-04,-5000.0,6250570000.0,,886653000.0,5363917000.0,,27.479,-38968000.0,376037000.0,376037000.0,212408000.0,-31941000.0,3.971,0.656,1972225000.0,0.0,1972225000.0,1972225000.0,0.0,86203000.0,0.0,0.0,0.0,-4962000.0,81241000.0,0.235,81241000.0,-4962000.0,-35081000.0,-0.24,-0.24,-0.24,3774261000.0,,3774261000.0,4246230467.0,46.0,9.633,88205000.0,0.642,1.0,133800000.0,0.386,0.0,30119000.0,7623470000.0,,0.0,0.0,0.0,0.0,2476309000.0,223288000.0,2253021000.0,2551064467.0,99351000.0,11179000.0,0.0,0.0,0.0,-37000.0,-27785000.0,4000.0,127173000.0,0.0,-31941000.0,-31941000.0,-31941000.0,0.0,0.0,-0.092,112140000.0,21660000.0,38755000.0,0.0,0.676,139.053,143.0,5261641000.0,0.0,18.59,1.717,1.717,256730000.0,1964497000.0,346208000.0,346208000.0,0.0,,,,,1444000.0,20206000.0,1.0,137227782.0,137349000.0,137228000.0,2.521,6250570000.0,0.0,-3140000.0,29878000.0,45.509,663365000.0
13,DOFSQ,MRQ,2017-09-30,2017-09-30,2017-09-30,2021-08-04,-3000.0,6198228000.0,,648477000.0,5549751000.0,,27.723,-28724000.0,276686000.0,276686000.0,206292000.0,10799000.0,3.583,0.629,1971852000.0,0.0,1971852000.0,1971852000.0,0.0,83281000.0,0.0,0.0,0.0,24761000.0,108042000.0,0.295,108042000.0,24761000.0,-3801000.0,0.08,0.08,0.08,3804762000.0,,3804762000.0,3810280370.0,19.0,6.97,161030000.0,1.173,1.0,159731000.0,0.436,0.0,28562000.0,7712424000.0,,0.0,0.0,0.0,0.0,2393466000.0,180970000.0,2212496000.0,1989791370.0,115717000.0,-60000.0,0.0,-38035000.0,0.0,-45261000.0,-28776000.0,31000.0,189754000.0,0.0,10799000.0,10799000.0,10799000.0,0.0,0.0,0.03,101150000.0,58581000.0,33301000.0,0.0,0.523,11.96,11.983,5432689000.0,0.0,14.5,1.299,1.299,271390000.0,1996438000.0,366023000.0,366023000.0,0.0,,,,,2155000.0,17806000.0,1.0,137226991.0,137241000.0,137227000.0,2.667,6198228000.0,0.0,-14600000.0,7436000.0,45.163,467507000.0
14,DOFSQ,MRQ,2017-06-30,2017-06-30,2017-06-30,2021-08-04,-2000.0,6193263000.0,,580176000.0,5613087000.0,,27.632,-42402000.0,160969000.0,160969000.0,203007000.0,15949000.0,3.693,0.633,1981458000.0,0.0,1981458000.0,1981458000.0,0.0,85982000.0,0.0,0.0,0.0,20231000.0,106213000.0,0.266,106213000.0,20231000.0,-7020000.0,0.12,0.12,0.12,3791818000.0,,3791818000.0,3343990609.0,15.0,5.777,35803000.0,0.261,1.0,196282000.0,0.492,0.0,27251000.0,7856661000.0,,0.0,0.0,0.0,0.0,2401445000.0,157091000.0,2244354000.0,1486137609.0,37653000.0,1980000.0,0.0,0.0,0.0,-142000.0,-40410000.0,0.0,78205000.0,0.0,15949000.0,15949000.0,15949000.0,0.0,0.0,0.04,104190000.0,92092000.0,32717000.0,0.0,0.392,8.768,8.805,5490158000.0,0.0,10.83,0.981,0.981,311517000.0,1985640000.0,399289000.0,399289000.0,0.0,,,,,2217000.0,19010000.0,1.0,137224156.0,137227000.0,137224000.0,2.91,6193263000.0,0.0,-22969000.0,13672000.0,45.132,423085000.0
15,DOFSQ,MRQ,2017-03-31,2017-03-31,2017-03-31,2021-08-04,-1000.0,6268943000.0,,515503000.0,5753440000.0,,27.497,-29487000.0,123316000.0,123316000.0,214001000.0,23539000.0,2.557,0.661,1981169000.0,0.0,1981169000.0,1981169000.0,0.0,93229000.0,0.0,0.0,0.0,52058000.0,145287000.0,0.388,145287000.0,52058000.0,24462000.0,0.17,0.17,0.17,3773995000.0,,3773995000.0,4220956069.0,-10.0,-65.675,69189000.0,0.504,1.0,160225000.0,0.428,0.0,27596000.0,7925213000.0,,0.0,24000.0,24000.0,0.0,2494948000.0,201583000.0,2293365000.0,2292105069.0,-32917000.0,2097000.0,0.0,-104200000.0,0.0,-104214000.0,-27379000.0,0.0,98676000.0,0.0,23539000.0,23539000.0,23539000.0,0.0,0.0,0.063,109366000.0,50859000.0,33278000.0,0.0,0.607,-5.252,-5.238,5616367000.0,0.0,16.71,1.524,1.525,286408000.0,1969691000.0,374226000.0,374226000.0,0.0,,,,,434000.0,17483000.0,1.0,137169663.0,137250000.0,137173000.0,2.727,6268943000.0,0.0,923000.0,9272000.0,45.675,313920000.0
16,DOFSQ,MRQ,2016-12-31,2016-12-31,2016-12-31,2021-08-04,1000.0,6371877000.0,,505807000.0,5866070000.0,,27.339,-54437000.0,156233000.0,156233000.0,181117000.0,116082000.0,1.485,0.699,2085084000.0,104200000.0,1980884000.0,2085084000.0,0.0,86031000.0,0.0,0.0,0.0,101104000.0,187135000.0,0.478,187135000.0,101104000.0,79874000.0,0.84,0.84,0.84,3750134000.0,,3750134000.0,4509276035.0,-12.0,1328.211,100123000.0,0.73,1.0,210757000.0,0.538,0.0,21230000.0,7960229000.0,,0.0,0.0,0.0,0.0,2621743000.0,340499000.0,2281244000.0,2427903035.0,74904000.0,52684000.0,0.0,-77900000.0,0.0,-77914000.0,-1742000.0,11000.0,154560000.0,0.0,116082000.0,116082000.0,116082000.0,0.0,0.0,0.296,106612000.0,104145000.0,30242000.0,0.0,0.647,-6.518,-6.507,5726935000.0,0.0,17.7,1.517,1.517,247028000.0,1946765000.0,391874000.0,391874000.0,0.0,,,,,1126000.0,14786000.0,1.0,137169663.0,137171000.0,137171000.0,2.857,6371877000.0,0.0,-36208000.0,23898000.0,46.452,165308000.0
17,DOFSQ,MRQ,2016-09-30,2016-09-30,2016-09-30,2021-08-04,3000.0,6409175000.0,,477123000.0,5932052000.0,,26.469,-64824000.0,81329000.0,81329000.0,194619000.0,13927000.0,0.994,0.764,2162702000.0,182100000.0,1980602000.0,2162702000.0,0.0,86473000.0,0.0,0.007,0.0,53778000.0,140251000.0,0.402,140251000.0,53778000.0,34746000.0,0.1,0.1,0.1,3632928000.0,,3632928000.0,4619902765.0,-6.0,-11.374,121700000.0,0.887,1.0,154559000.0,0.443,0.0,19032000.0,8010667000.0,,0.0,46000.0,46000.0,0.0,2776247000.0,479881000.0,2296366000.0,2415557765.0,-21950000.0,1740000.0,0.0,-145200000.0,0.0,-145401000.0,-63073000.0,11000.0,186524000.0,0.0,13927000.0,13927000.0,13927000.0,0.0,0.0,0.04,100488000.0,54071000.0,36480000.0,0.0,0.665,-3.291,-3.292,5819309000.0,0.0,17.61,1.369,1.37,273982000.0,1830683000.0,349178000.0,349178000.0,0.0,,,,,925000.0,15237000.0,1.0,137169663.0,137254000.0,137170000.0,2.544,6409175000.0,0.0,20819000.0,36911000.0,46.696,-2758000.0
18,DOFSQ,MRQ,2016-06-30,2016-06-30,2016-06-30,2021-08-04,4000.0,6505278000.0,,546417000.0,5958861000.0,,26.377,-475298000.0,103279000.0,103279000.0,214863000.0,-589937000.0,0.87,0.798,2307624000.0,327300000.0,1980324000.0,2307624000.0,0.0,105016000.0,0.0,0.01,0.0,-641959000.0,-536943000.0,-1.381,-536943000.0,-641959000.0,-666115000.0,-4.3,-4.3,-4.3,3618077000.0,,3618077000.0,5188458901.0,-8.0,-20.986,-411158000.0,-2.997,1.0,173884000.0,0.447,0.0,24156000.0,8081635000.0,,0.0,57000.0,57000.0,0.0,2887201000.0,627988000.0,2259213000.0,3337337901.0,-25649000.0,54003000.0,0.0,327300000.0,0.0,326925000.0,-416714000.0,4592000.0,64140000.0,0.0,-589937000.0,-589937000.0,-589937000.0,0.0,0.0,-1.518,122408000.0,51476000.0,35567000.0,0.0,0.922,-5.458,-5.455,5848172000.0,0.0,24.33,1.648,1.648,324588000.0,1816756000.0,388747000.0,388747000.0,0.0,,,,,1635000.0,18139000.0,1.0,137169663.0,137170000.0,137170000.0,2.834,6505278000.0,0.0,-76178000.0,60624000.0,47.425,-81571000.0
19,DOFSQ,MRQ,2016-03-31,2016-03-31,2016-03-31,2021-08-04,-11595000.0,6944599000.0,,615034000.0,6329565000.0,,30.573,-58114000.0,128928000.0,128928000.0,239632000.0,87425000.0,1.614,0.656,1980049000.0,0.0,1980049000.0,1980049000.0,0.0,104240000.0,0.0,0.017,0.0,108712000.0,212952000.0,0.453,212952000.0,108712000.0,83196000.0,0.64,0.64,0.64,4194780000.0,,4194780000.0,5142792681.0,61.0,9.444,183216000.0,1.335,1.0,230911000.0,0.491,0.0,25516000.0,8414733000.0,,0.0,5067000.0,5067000.0,0.0,2749819000.0,380987000.0,2368832000.0,2980458681.0,9900000.0,113295000.0,0.0,-286589000.0,0.0,-286622000.0,55192000.0,0.0,241330000.0,0.0,87425000.0,87425000.0,87425000.0,0.0,0.0,0.186,119342000.0,111569000.0,51421000.0,0.0,0.711,43.29,43.46,6219242000.0,0.0,21.73,1.313,1.313,363597000.0,2406693000.0,470543000.0,470543000.0,0.0,,,,,1194000.0,15398000.0,1.0,137158706.0,137206000.0,137162000.0,3.429,6944599000.0,0.0,-4229000.0,40357000.0,50.614,234047000.0
20,DOFSQ,MRQ,2015-12-31,2015-12-31,2015-12-31,2021-08-04,-5035000.0,7149894000.0,,669595000.0,6480299000.0,,29.985,-72313000.0,119028000.0,119028000.0,267539000.0,-245384000.0,1.07,0.738,2266367000.0,286589000.0,1979778000.0,2266367000.0,0.0,114448000.0,0.0,0.024,0.125,-336891000.0,-222443000.0,-0.4,-222443000.0,-336891000.0,-360025000.0,-1.79,-1.79,-1.79,4112770000.0,,4112770000.0,5240623697.0,-18.0,25.471,197437000.0,1.439,1.0,288024000.0,0.518,0.0,23134000.0,8671510000.0,,0.0,11518000.0,11518000.0,0.0,3037124000.0,625723000.0,2411401000.0,2894048697.0,-22103000.0,4607000.0,0.0,-206407000.0,-17145000.0,-224164000.0,-67689000.0,17000.0,269750000.0,0.0,-245384000.0,-245384000.0,-245384000.0,0.0,0.0,-0.442,128756000.0,159268000.0,70272000.0,-0.07,0.704,-10.551,-10.55,6378814000.0,0.0,21.1,1.196,1.196,405370000.0,2319136000.0,555563000.0,555563000.0,0.0,,,,,1353000.0,15574000.0,1.0,137158706.0,137160000.0,137160000.0,4.05,7149894000.0,0.0,-114641000.0,15093000.0,52.128,43872000.0
21,DOFSQ,MRQ,2015-09-30,2015-09-30,2015-09-30,2021-08-04,-2827000.0,7850496000.0,,841077000.0,7009419000.0,,31.895,-72231000.0,141131000.0,141131000.0,288420000.0,136422000.0,0.945,0.794,2487706000.0,492996000.0,1994710000.0,2487706000.0,0.0,118086000.0,0.0,0.072,0.125,181117000.0,299203000.0,0.491,299203000.0,181117000.0,159767000.0,0.99,0.99,0.99,4376153000.0,,4376153000.0,4896617614.0,22.0,6.715,193602000.0,1.411,1.0,321322000.0,0.527,0.0,21350000.0,9306654000.0,,0.0,13621000.0,13621000.0,0.0,3474343000.0,890417000.0,2583926000.0,2372845614.0,45277000.0,790000.0,0.0,-131982000.0,-17144000.0,-149126000.0,-71430000.0,11000.0,265833000.0,0.0,136422000.0,136422000.0,136422000.0,0.0,0.0,0.224,137342000.0,183980000.0,78571000.0,0.126,0.542,33.926,33.269,6888248000.0,0.0,17.3,0.935,0.935,515754000.0,2581664000.0,609742000.0,609742000.0,0.0,,,,,1317000.0,16888000.0,1.0,137158706.0,137203000.0,137159000.0,4.444,7850496000.0,0.0,23345000.0,33546000.0,57.218,-49340000.0
22,DOFSQ,MRQ,2015-06-30,2015-06-30,2015-06-30,2021-08-04,-615000.0,7875642000.0,,822430000.0,7053212000.0,,31.033,-489079000.0,95854000.0,95854000.0,359205000.0,90386000.0,0.796,0.85,2619626000.0,624978000.0,1994648000.0,2619626000.0,0.0,123329000.0,0.0,0.077,0.125,131496000.0,254825000.0,0.402,254825000.0,131496000.0,106028000.0,0.66,0.66,0.66,4257770000.0,,4257770000.0,5599857202.0,44.0,8.891,-448801000.0,-3.271,1.0,274827000.0,0.433,0.0,25468000.0,9365708000.0,,0.0,15953000.0,15953000.0,0.0,3617872000.0,1033706000.0,2584166000.0,3540066202.0,-88921000.0,2889000.0,0.0,374978000.0,-17999000.0,356979000.0,-486178000.0,12000.0,40278000.0,0.0,90386000.0,90386000.0,90386000.0,0.0,0.0,0.143,140706000.0,134121000.0,83584000.0,0.189,0.831,-255.878,-286.778,6930329000.0,0.0,25.81,1.327,1.328,516008000.0,2462386000.0,634032000.0,634032000.0,0.0,,,,,1330000.0,16548000.0,1.0,137158706.0,137201000.0,137159000.0,4.621,7875642000.0,0.0,15642000.0,21759000.0,57.402,-211276000.0
23,DOFSQ,MRQ,2015-03-31,2015-03-31,2015-03-31,2021-08-04,-3968000.0,7535829000.0,,843797000.0,6692032000.0,,30.476,-197032000.0,184775000.0,184775000.0,370750000.0,-255709000.0,1.094,0.803,2244566000.0,249979000.0,1994587000.0,2244566000.0,0.0,137299000.0,0.0,0.103,0.125,-263136000.0,-125837000.0,-0.203,-125837000.0,-263136000.0,-287118000.0,-1.86,-1.86,-1.86,4179846000.0,,4179846000.0,5685057214.0,44.0,9.243,-36466000.0,-0.266,1.0,249306000.0,0.402,0.0,23982000.0,8824562000.0,,0.0,14016000.0,14016000.0,0.0,3355983000.0,771058000.0,2584925000.0,3674192214.0,-48848000.0,4763000.0,0.0,0.0,-17144000.0,-17156000.0,-192258000.0,11000.0,160566000.0,0.0,-255709000.0,-255709000.0,-255709000.0,0.0,0.0,-0.412,160308000.0,88998000.0,102869000.0,-0.067,0.879,-253.253,-267.9,6574142000.0,0.0,26.79,1.348,1.348,445685000.0,2389145000.0,620056000.0,620056000.0,0.0,,,,,856000.0,17452000.0,1.0,137147899.0,137151000.0,137151000.0,4.521,7535829000.0,0.0,-31409000.0,34685000.0,54.945,72739000.0
24,DOFSQ,MRQ,2014-12-31,2014-12-31,2014-12-31,2021-08-04,-3605000.0,8021289000.0,,899059000.0,7122230000.0,,32.413,-1008439000.0,233623000.0,233623000.0,359353000.0,98843000.0,1.05,0.802,2244488000.0,249962000.0,1994526000.0,2244488000.0,0.0,131712000.0,0.0,0.095,0.875,169267000.0,300979000.0,0.446,300979000.0,169267000.0,153270000.0,0.73,0.72,0.73,4451563000.0,,4451563000.0,6810283416.0,12.0,6.588,-698444000.0,-5.086,1.0,315968000.0,0.468,0.0,15997000.0,9175508000.0,,0.0,16033000.0,16033000.0,0.0,3569726000.0,856646000.0,2713080000.0,5034694416.0,-235200000.0,1562000.0,0.0,0.0,-120950000.0,-122345000.0,-422850000.0,584027000.0,309995000.0,0.0,98843000.0,98843000.0,98843000.0,0.0,0.0,0.146,153865000.0,162103000.0,138444000.0,1.199,1.131,13.009,13.018,6945953000.0,0.0,36.71,1.789,1.794,463862000.0,2661999000.0,675321000.0,675321000.0,0.0,,,,,948000.0,19923000.0,1.0,137147764.0,137337000.0,137146000.0,4.917,8021289000.0,0.0,54427000.0,41648000.0,58.406,42413000.0
25,DOFSQ,MRQ,2014-09-30,2014-09-30,2014-09-30,2021-08-04,-2204000.0,8036512000.0,,1771705000.0,6264807000.0,,32.614,-206950000.0,468823000.0,468823000.0,409239000.0,52645000.0,2.032,0.797,2244412000.0,249946000.0,1994466000.0,2244412000.0,0.0,108854000.0,0.0,0.102,0.875,91017000.0,199871000.0,0.271,199871000.0,91017000.0,81639000.0,0.38,0.38,0.38,4472914000.0,,4472914000.0,6213500616.0,10.0,6.109,108559000.0,0.792,1.0,328443000.0,0.445,0.0,9378000.0,8940354000.0,,0.0,600143000.0,600143000.0,0.0,3563598000.0,871747000.0,2691851000.0,4699989616.0,-511994000.0,279000.0,0.0,-250000000.0,-120926000.0,-370872000.0,-456631000.0,-249960000.0,315509000.0,0.0,52645000.0,52645000.0,52645000.0,0.0,0.0,0.071,128565000.0,199878000.0,104027000.0,2.303,1.051,12.343,12.462,6071935000.0,0.0,34.27,1.64,1.64,517389000.0,2684355000.0,737682000.0,737682000.0,0.0,,,,,138000.0,18604000.0,1.0,137145889.0,137147000.0,137146000.0,5.379,8036512000.0,0.0,28994000.0,51156000.0,58.598,899958000.0
26,DOFSQ,MRQ,2014-06-30,2014-06-30,2014-06-30,2021-08-04,3547000.0,8362322000.0,,2076864000.0,6285458000.0,,33.153,-222061000.0,980817000.0,980817000.0,437666000.0,89713000.0,2.595,0.839,2494328000.0,249992000.0,2244336000.0,2494328000.0,0.0,108906000.0,0.0,0.071,0.875,131126000.0,240032000.0,0.347,240032000.0,131126000.0,112603000.0,0.65,0.65,0.65,4546948000.0,,4546948000.0,8880347592.0,14.0,8.477,-157749000.0,-1.15,1.0,254578000.0,0.368,0.0,18523000.0,9075617000.0,,0.0,350156000.0,350156000.0,0.0,3815374000.0,800216000.0,3015158000.0,6806252592.0,560677000.0,16304000.0,-1392000.0,0.0,-121709000.0,-122915000.0,619280000.0,825037000.0,64312000.0,0.0,89713000.0,89713000.0,89713000.0,0.0,0.0,0.13,120812000.0,133766000.0,121164000.0,1.346,1.497,16.095,16.272,6055990000.0,0.0,49.63,2.401,2.402,545024000.0,2752837000.0,692244000.0,692244000.0,0.0,,,,,1004000.0,20478000.0,1.0,137139887.0,137149000.0,137145000.0,5.047,8362322000.0,0.0,22890000.0,11583000.0,60.973,1276648000.0
27,DOFSQ,MRQ,2014-03-31,2014-03-31,2014-03-31,2021-08-04,3042000.0,8327987000.0,,2165656000.0,6162331000.0,,33.061,-595314000.0,420140000.0,420140000.0,393456000.0,145810000.0,2.87,0.819,2494235000.0,249973000.0,2244262000.0,2494235000.0,0.0,107011000.0,0.0,0.072,0.875,185834000.0,292845000.0,0.413,292845000.0,185834000.0,167679000.0,1.05,1.05,1.05,4578091000.0,,4578091000.0,8926500444.0,12.0,7.636,-292299000.0,-2.111,1.0,315968000.0,0.445,0.0,18155000.0,9647622000.0,,0.0,1175135000.0,1175135000.0,0.0,3749896000.0,754460000.0,2995436000.0,6779368444.0,73129000.0,173000.0,-86364000.0,0.0,-122655000.0,-209852000.0,-20034000.0,575107000.0,303015000.0,0.0,145810000.0,145810000.0,145810000.0,0.0,0.0,0.206,129691000.0,186277000.0,92924000.0,0.833,1.481,13.075,13.072,5954496000.0,0.0,48.76,2.338,2.328,416177000.0,2784249000.0,709424000.0,709424000.0,0.0,,,,,1417000.0,22827000.0,1.0,139035448.0,138473000.0,138469000.0,5.123,8327987000.0,0.0,21869000.0,28442000.0,60.142,1411196000.0
28,DOFSQ,MRQ,2013-12-31,2013-12-31,2013-12-31,2021-08-04,350000.0,8391434000.0,,2718110000.0,5673324000.0,,33.352,-217138000.0,347011000.0,347011000.0,426876000.0,92615000.0,3.646,0.81,2494143000.0,249954000.0,2244189000.0,2494143000.0,0.0,96985000.0,0.0,0.061,0.875,187325000.0,284310000.0,0.391,284310000.0,187325000.0,180195000.0,0.67,0.67,0.67,4637258000.0,,4637258000.0,8971359700.0,11.0,7.557,-9050000.0,-0.065,1.0,299621000.0,0.412,0.0,7130000.0,9792984000.0,,0.0,1750053000.0,1750053000.0,0.0,3754176000.0,745582000.0,3008594000.0,7913897700.0,-91783000.0,1543000.0,0.0,997805000.0,-122386000.0,865474000.0,-1165345000.0,-949750000.0,208088000.0,0.0,92615000.0,92615000.0,92615000.0,0.0,0.0,0.127,111952000.0,187669000.0,94151000.0,1.306,1.707,14.423,14.41,5467227000.0,0.0,56.92,2.71,2.71,469355000.0,2761161000.0,726497000.0,726497000.0,0.0,,,,,946000.0,16298000.0,1.0,139035448.0,139040000.0,139038000.0,5.225,8391434000.0,0.0,87580000.0,30806000.0,60.353,1972528000.0
29,DOFSQ,MRQ,2013-09-30,2013-09-30,2013-09-30,2021-08-04,-626000.0,7342608000.0,,1817552000.0,5525056000.0,,33.541,-197537000.0,438794000.0,438794000.0,434392000.0,94748000.0,2.535,0.574,1496256000.0,249935000.0,1246321000.0,1496256000.0,0.0,97143000.0,0.0,0.056,0.875,133258000.0,230401000.0,0.326,230401000.0,133258000.0,131565000.0,0.68,0.68,0.68,4664336000.0,,4664336000.0,9790909119.0,12.0,8.226,140241000.0,1.008,1.0,271773000.0,0.385,0.0,1693000.0,7683195000.0,,0.0,800204000.0,800204000.0,0.0,2678272000.0,716875000.0,1961397000.0,8664689119.0,68822000.0,879000.0,0.0,0.0,-122378000.0,-122378000.0,-146578000.0,50080000.0,337778000.0,0.0,94748000.0,94748000.0,94748000.0,0.0,0.0,0.134,134421000.0,137352000.0,86533000.0,1.287,1.858,14.164,14.164,5331470000.0,0.0,62.32,2.943,2.943,424808000.0,2791242000.0,706165000.0,706165000.0,0.0,,,,,850000.0,15240000.0,1.0,139035448.0,139065000.0,139035000.0,5.078,7342608000.0,0.0,36817000.0,26175000.0,52.8,1100677000.0
30,DOFSQ,MRQ,2013-06-30,2013-06-30,2013-06-30,2021-08-04,-5847000.0,7312502000.0,,1862787000.0,5449715000.0,,33.696,-359204000.0,369972000.0,369972000.0,381841000.0,185334000.0,4.306,0.56,1496192000.0,0.0,1496192000.0,1496192000.0,0.0,97143000.0,0.0,0.051,0.875,264252000.0,361395000.0,0.477,361395000.0,264252000.0,256301000.0,1.33,1.33,1.33,4686167000.0,,4686167000.0,10752267468.0,12.0,8.255,-115188000.0,-0.828,1.0,376177000.0,0.496,0.0,7951000.0,8006138000.0,,0.0,850232000.0,850232000.0,0.0,2626335000.0,432584000.0,2193751000.0,9564248468.0,61863000.0,248000.0,0.0,0.0,-123269000.0,-123269000.0,-58884000.0,300072000.0,244016000.0,0.0,185334000.0,185334000.0,185334000.0,0.0,0.0,0.244,113318000.0,262859000.0,74489000.0,0.658,2.041,13.758,13.758,5239231000.0,0.0,68.79,3.223,3.224,485878000.0,2819144000.0,758018000.0,758018000.0,0.0,,,,,989000.0,16435000.0,1.0,139035448.0,139072000.0,139035000.0,5.451,7312502000.0,0.0,70967000.0,23735000.0,52.581,1430203000.0
31,DOFSQ,MRQ,2013-03-31,2013-03-31,2013-03-31,2021-08-04,1252000.0,7266859000.0,,2073575000.0,5193284000.0,,33.286,-183719000.0,308109000.0,308109000.0,404383000.0,175989000.0,4.526,0.57,1496128000.0,0.0,1496128000.0,1496128000.0,0.0,96821000.0,0.0,0.05,0.875,214248000.0,311069000.0,0.426,311069000.0,214248000.0,206179000.0,1.27,1.27,1.27,4629452000.0,,4629452000.0,10831670009.0,12.0,8.331,92387000.0,0.664,1.0,325358000.0,0.446,0.0,8069000.0,7996746000.0,,0.0,1150168000.0,1150168000.0,0.0,2637407000.0,458132000.0,2179275000.0,9671036009.0,-27323000.0,2230000.0,0.0,0.0,-122298000.0,-122161000.0,-181268000.0,221000.0,276106000.0,0.0,175989000.0,175989000.0,175989000.0,0.0,0.0,0.241,111632000.0,213726000.0,90758000.0,0.689,2.089,13.596,13.586,4967242000.0,0.0,69.56,3.281,3.282,485900000.0,2756319000.0,729741000.0,729741000.0,0.0,,,,,788000.0,16815000.0,1.0,139031570.0,139081000.0,139032000.0,5.247,7266859000.0,0.0,30190000.0,30596000.0,52.249,1615443000.0
32,DOFSQ,MRQ,2012-12-31,2012-12-31,2012-12-31,2021-08-04,2496000.0,7235286000.0,,2132943000.0,5102343000.0,,32.911,-187369000.0,335432000.0,335432000.0,387016000.0,155661000.0,4.393,0.581,1496066000.0,0.0,1496066000.0,1496066000.0,0.0,92844000.0,0.0,0.052,0.875,194477000.0,287321000.0,0.383,287321000.0,194477000.0,185041000.0,1.12,1.12,1.12,4576394000.0,,4576394000.0,10627905411.0,11.0,7.831,114302000.0,0.822,1.0,363521000.0,0.484,0.0,9436000.0,7910374000.0,,0.0,1150158000.0,1150158000.0,0.0,2658892000.0,485546000.0,2173346000.0,9448500411.0,18833000.0,1558000.0,0.0,0.0,-122261000.0,-122384000.0,-160454000.0,25357000.0,301671000.0,0.0,155661000.0,155661000.0,155661000.0,0.0,0.0,0.207,106122000.0,257399000.0,96631000.0,0.781,2.065,13.114,13.12,4864972000.0,0.0,67.96,3.164,3.164,499660000.0,2702915000.0,750537000.0,750537000.0,0.0,,,,,1109000.0,14837000.0,1.0,139030318.0,139054000.0,139029000.0,5.397,7235286000.0,0.0,29380000.0,64481000.0,52.032,1647397000.0
33,DOFSQ,MRQ,2012-09-30,2012-09-30,2012-09-30,2021-08-04,2901000.0,7179750000.0,,2098831000.0,5080919000.0,,32.66,-129979000.0,316599000.0,316599000.0,371844000.0,178186000.0,4.851,0.581,1496004000.0,0.0,1496004000.0,1496004000.0,0.0,99207000.0,0.0,0.053,0.875,243567000.0,342774000.0,0.47,342774000.0,243567000.0,234847000.0,1.28,1.28,1.28,4541430000.0,,4541430000.0,10269134217.0,10.0,7.433,266274000.0,1.915,1.0,357297000.0,0.49,0.0,8720000.0,7926457000.0,,0.0,1175572000.0,1175572000.0,0.0,2638320000.0,432698000.0,2205622000.0,9149550217.0,-59760000.0,319000.0,0.0,0.0,-122252000.0,-125889000.0,-330124000.0,-200464000.0,396253000.0,0.0,178186000.0,178186000.0,178186000.0,0.0,0.0,0.244,112475000.0,244822000.0,78312000.0,0.684,2.015,12.146,12.165,4835715000.0,0.0,65.81,3.066,3.066,463219000.0,2669775000.0,729141000.0,729141000.0,0.0,,,,,748000.0,13476000.0,1.0,139029786.0,139053000.0,139030000.0,5.244,7179750000.0,0.0,56661000.0,31573000.0,51.633,1666133000.0
34,DOFSQ,MRQ,2012-06-30,2012-06-30,2012-06-30,2021-08-04,-86000.0,7082897000.0,,2044620000.0,5038277000.0,,32.235,-274459000.0,376359000.0,376359000.0,416889000.0,201461000.0,5.21,0.58,1495943000.0,0.0,1495943000.0,1495943000.0,0.0,99469000.0,0.0,0.059,0.875,259489000.0,358958000.0,0.486,358958000.0,259489000.0,246758000.0,1.45,1.45,1.45,4481992000.0,,4481992000.0,9593082259.0,9.0,6.436,-10956000.0,-0.079,1.0,321299000.0,0.435,0.0,12731000.0,7810023000.0,,0.0,975947000.0,975947000.0,0.0,2600905000.0,392458000.0,2208447000.0,8220720259.0,252838000.0,87682000.0,0.0,0.0,-123594000.0,-123504000.0,112839000.0,299616000.0,263503000.0,0.0,201461000.0,201461000.0,201461000.0,0.0,0.0,0.273,64115000.0,257184000.0,63953000.0,0.603,1.834,9.881,9.888,4780747000.0,0.0,59.13,2.624,2.624,532302000.0,2614072000.0,738188000.0,738188000.0,0.0,,,,,1261000.0,18741000.0,1.0,139027909.0,139040000.0,139029000.0,5.309,7082897000.0,0.0,45297000.0,24787000.0,50.941,1652162000.0
35,DOFSQ,MRQ,2012-03-31,2012-03-31,2012-03-31,2021-08-04,816000.0,7025538000.0,,2131924000.0,4893614000.0,,31.664,-110234000.0,123521000.0,123521000.0,410253000.0,185169000.0,5.204,0.596,1495883000.0,0.0,1495883000.0,1495883000.0,0.0,101393000.0,0.0,0.052,0.875,266764000.0,368157000.0,0.479,368157000.0,266764000.0,251435000.0,1.33,1.33,1.33,4402549000.0,,4402549000.0,10442124201.0,9.0,6.53,239608000.0,1.723,1.0,358389000.0,0.466,0.0,15329000.0,7988206000.0,,0.0,1276592000.0,1276592000.0,0.0,2622989000.0,409694000.0,2213295000.0,9280066201.0,-210244000.0,48936000.0,0.0,0.0,-122138000.0,-122107000.0,-437979000.0,-376681000.0,349842000.0,0.0,185169000.0,185169000.0,185169000.0,0.0,0.0,0.241,92979000.0,265410000.0,59460000.0,0.658,2.108,10.345,10.349,4611233000.0,0.0,66.75,2.825,2.826,574906000.0,2535071000.0,768642000.0,768642000.0,0.0,,,,,1239000.0,17586000.0,1.0,139027209.0,139040000.0,139028000.0,5.528,7025538000.0,0.0,66266000.0,43259000.0,50.529,1722230000.0
36,DOFSQ,MRQ,2011-12-31,2011-12-31,2011-12-31,2021-08-04,-4642000.0,6964157000.0,,1992683000.0,4971474000.0,,31.171,-131451000.0,333765000.0,333765000.0,420372000.0,188490000.0,4.664,0.607,1495823000.0,0.0,1495823000.0,1495823000.0,0.0,95089000.0,0.0,0.063,0.875,216540000.0,311629000.0,0.416,311629000.0,216540000.0,203547000.0,1.35,1.35,1.35,4333063000.0,,4333063000.0,8830405569.0,7.0,5.348,209511000.0,1.507,1.0,327985000.0,0.438,0.0,12993000.0,7698924000.0,,0.0,902414000.0,902414000.0,0.0,2631094000.0,427291000.0,2203803000.0,7682643569.0,-14238000.0,475000.0,0.0,0.0,-122127000.0,-122127000.0,-233073000.0,-102097000.0,340962000.0,0.0,188490000.0,188490000.0,188490000.0,0.0,0.0,0.252,109709000.0,218276000.0,64147000.0,0.648,1.773,7.982,7.986,4667469000.0,0.0,55.26,2.312,2.313,563934000.0,2472310000.0,748357000.0,748357000.0,0.0,,,,,1207000.0,16334000.0,1.0,139027209.0,139008000.0,139027000.0,5.384,6964157000.0,0.0,15057000.0,26744000.0,50.099,1565392000.0
37,DOFSQ,MRQ,2011-09-30,2011-09-30,2011-09-30,2021-08-04,-8893000.0,6839235000.0,,1930272000.0,4908963000.0,,30.643,-64464000.0,348003000.0,348003000.0,407575000.0,256854000.0,5.176,0.605,1495765000.0,0.0,1495765000.0,1495765000.0,0.0,101175000.0,0.0,0.064,0.875,350723000.0,451898000.0,0.515,451898000.0,350723000.0,334849000.0,1.85,1.85,1.85,4260615000.0,,4260615000.0,8826171115.0,6.0,4.986,291040000.0,2.093,1.0,470602000.0,0.536,0.0,15874000.0,7614036000.0,,0.0,801931000.0,801931000.0,0.0,2578620000.0,372961000.0,2205659000.0,7610340115.0,68127000.0,923000.0,0.0,0.0,-122118000.0,-122114000.0,-165263000.0,-101722000.0,355504000.0,0.0,256854000.0,256854000.0,256854000.0,0.0,0.0,0.292,120325000.0,350277000.0,59169000.0,0.473,1.786,7.492,7.488,4605748000.0,0.0,54.74,2.228,2.229,622949000.0,2406188000.0,878177000.0,878177000.0,0.0,,,,,829000.0,14879000.0,1.0,139027039.0,139041000.0,139027000.0,6.316,6839235000.0,0.0,77995000.0,34583000.0,49.189,1557311000.0
38,DOFSQ,MRQ,2011-06-30,2011-06-30,2011-06-30,2021-08-04,5497000.0,6730623000.0,,1769208000.0,4961415000.0,,29.77,-208244000.0,279876000.0,279876000.0,407293000.0,266586000.0,4.781,0.626,1495707000.0,0.0,1495707000.0,1495707000.0,0.0,101175000.0,0.0,0.05,0.875,366252000.0,467427000.0,0.525,467427000.0,366252000.0,344026000.0,1.92,1.92,1.92,4139597000.0,,4139597000.0,10791322816.0,8.0,6.207,108916000.0,0.783,1.0,482203000.0,0.542,0.0,22226000.0,7576395000.0,,0.0,700486000.0,700486000.0,0.0,2591026000.0,370059000.0,2220967000.0,9788893816.0,-213345000.0,1419000.0,0.0,0.0,-123791000.0,-123791000.0,-406714000.0,-199889000.0,317160000.0,0.0,266586000.0,266586000.0,266586000.0,0.0,0.0,0.3,114607000.0,367596000.0,60535000.0,0.456,2.365,10.224,10.219,4159542000.0,0.0,70.41,2.934,2.934,592157000.0,2271609000.0,889496000.0,889496000.0,0.0,,,,,1684000.0,16372000.0,1.0,139027039.0,139052000.0,139027000.0,6.397,6730623000.0,0.0,77440000.0,30627000.0,48.404,1399149000.0
39,DOFSQ,MRQ,2011-03-31,2011-03-31,2011-03-31,2021-08-04,4405000.0,6611903000.0,,1704137000.0,4907766000.0,,28.712,-370597000.0,493221000.0,493221000.0,379314000.0,250612000.0,4.342,0.656,1495650000.0,0.0,1495650000.0,1495650000.0,0.0,101173000.0,0.0,0.053,0.875,318893000.0,420066000.0,0.521,420066000.0,318893000.0,296849000.0,1.8,1.8,1.8,3992545000.0,,3992545000.0,11833589897.0,9.0,6.903,35882000.0,0.258,1.0,427075000.0,0.53,0.0,22044000.0,7221810000.0,,0.0,500564000.0,500564000.0,0.0,2619358000.0,392522000.0,2226836000.0,10802389897.0,28828000.0,2786000.0,0.0,0.0,-122021000.0,-122021000.0,-255630000.0,112181000.0,406479000.0,0.0,250612000.0,250612000.0,250612000.0,0.0,0.0,0.311,107810000.0,319265000.0,66511000.0,0.486,2.706,11.803,11.809,4225999000.0,0.0,77.7,3.304,3.304,565753000.0,2127333000.0,806389000.0,806389000.0,0.0,,,,,1236000.0,17725000.0,1.0,139026897.0,139053000.0,139027000.0,5.799,6611903000.0,0.0,46237000.0,37423000.0,47.55,1311615000.0
40,DOFSQ,MRQ,2010-12-31,2010-12-31,2010-12-31,2021-08-04,3141000.0,6726984000.0,,1863498000.0,4863486000.0,,27.775,-121267000.0,464393000.0,464393000.0,398378000.0,241687000.0,2.975,0.742,1495593000.0,0.0,1495593000.0,1495593000.0,0.0,95912000.0,0.0,0.079,0.875,334989000.0,430901000.0,0.512,430901000.0,334989000.0,310512000.0,1.74,1.74,1.74,3861712000.0,,3861712000.0,10607827721.0,7.0,5.829,211158000.0,1.519,1.0,442588000.0,0.526,0.0,24477000.0,7131896000.0,,0.0,612346000.0,612346000.0,0.0,2865272000.0,626288000.0,2238984000.0,9296723721.0,279959000.0,1733000.0,0.0,0.0,-121993000.0,-121993000.0,69527000.0,189061000.0,332425000.0,0.0,241687000.0,241687000.0,241687000.0,0.0,0.0,0.287,106878000.0,335710000.0,99236000.0,0.503,2.407,9.73,9.734,4283792000.0,0.0,66.87,2.798,2.799,644967000.0,1998995000.0,840966000.0,840966000.0,0.0,,,,,1107000.0,16098000.0,1.0,139026824.0,139037000.0,139026000.0,6.049,6726984000.0,0.0,68825000.0,57862000.0,48.383,1237210000.0
41,DOFSQ,MRQ,2010-09-30,2010-09-30,2010-09-30,2021-08-04,1091000.0,6500689000.0,,1770659000.0,4730030000.0,,26.883,-109705000.0,184434000.0,184434000.0,400868000.0,198524000.0,3.5,0.739,1495538000.0,0.0,1495538000.0,1495538000.0,0.0,99117000.0,0.0,0.094,0.875,321133000.0,420250000.0,0.525,420250000.0,321133000.0,298566000.0,1.43,1.43,1.43,3737714000.0,,3737714000.0,10392168083.0,7.0,5.411,145883000.0,1.049,1.0,398856000.0,0.499,0.0,22567000.0,7305875000.0,,0.0,800593000.0,800593000.0,0.0,2762975000.0,505918000.0,2257057000.0,9421804083.0,-340685000.0,185075000.0,-107000.0,0.0,-121998000.0,-121966000.0,-474307000.0,-549677000.0,255588000.0,0.0,198524000.0,198524000.0,198524000.0,0.0,0.0,0.248,81676000.0,317180000.0,75496000.0,0.612,2.521,9.519,9.518,4283708000.0,0.0,67.77,2.793,2.794,649190000.0,1879232000.0,799724000.0,799724000.0,0.0,,,,,1102000.0,16999000.0,1.0,139026178.0,139037000.0,139027000.0,5.752,6500689000.0,0.0,100042000.0,81987000.0,46.755,1264741000.0
42,DOFSQ,MRQ,2010-06-30,2010-06-30,2010-06-30,2021-08-04,-2405000.0,6514965000.0,,1735481000.0,4779484000.0,,26.294,-95492000.0,525119000.0,525119000.0,362148000.0,224393000.0,2.969,0.782,1495483000.0,0.0,1495483000.0,1495483000.0,0.0,100746000.0,0.0,0.121,1.5,342259000.0,443005000.0,0.539,443005000.0,342259000.0,320926000.0,1.61,1.61,1.61,3656874000.0,,3656874000.0,9839627010.0,6.0,4.739,133932000.0,0.963,1.0,460455000.0,0.56,0.0,21333000.0,6900746000.0,,0.0,250691000.0,250691000.0,0.0,2858091000.0,584583000.0,2273508000.0,8646038010.0,219065000.0,269000.0,0.0,-4238000.0,-211073000.0,-215311000.0,204952000.0,300175000.0,229424000.0,0.0,224393000.0,224393000.0,224393000.0,0.0,0.0,0.273,114648000.0,345807000.0,77881000.0,0.932,2.364,7.483,7.484,4299215000.0,0.0,62.19,2.483,2.484,693826000.0,1803021000.0,822603000.0,822603000.0,0.0,,,,,1781000.0,16849000.0,1.0,139026178.0,139079000.0,139026000.0,5.915,6514965000.0,0.0,96533000.0,147851000.0,46.844,1150898000.0
43,DOFSQ,MRQ,2010-03-31,2010-03-31,2010-03-31,2021-08-04,653000.0,6724803000.0,,1901655000.0,4823148000.0,,26.205,-107798000.0,306054000.0,306054000.0,320932000.0,290853000.0,2.306,0.846,1499643000.0,4215000.0,1495428000.0,1499643000.0,0.0,97402000.0,0.0,0.09,2.0,428333000.0,525735000.0,0.612,525735000.0,428333000.0,406012000.0,2.09,2.09,2.09,3643143000.0,,3643143000.0,13470051868.0,7.0,5.985,357083000.0,2.568,1.0,538749000.0,0.627,0.0,22321000.0,7093666000.0,,0.0,650756000.0,650756000.0,0.0,3081660000.0,824726000.0,2256934000.0,12346914868.0,-70363000.0,989000.0,107000.0,0.0,-278597000.0,-278588000.0,-256656000.0,-149847000.0,464881000.0,0.0,290853000.0,290853000.0,290853000.0,0.0,0.0,0.338,112072000.0,426677000.0,167239000.0,0.957,3.389,9.364,9.358,4414387000.0,0.0,88.81,3.425,3.425,797932000.0,1788013000.0,859681000.0,859681000.0,0.0,,,,,1938000.0,16654000.0,1.0,139026178.0,139026000.0,139129000.0,6.184,6724803000.0,0.0,115159000.0,360628000.0,48.371,1076929000.0
44,DOFSQ,MRQ,2009-12-31,2009-12-31,2009-12-31,2021-08-04,1605000.0,6264261000.0,,1723370000.0,4540891000.0,,26.094,-102707000.0,376417000.0,376417000.0,335103000.0,276064000.0,4.168,0.725,1499554000.0,4179000.0,1495375000.0,1499554000.0,0.0,89468000.0,0.0,0.081,2.0,442145000.0,531613000.0,0.597,531613000.0,442145000.0,418971000.0,1.99,1.98,1.99,3630642000.0,,3630642000.0,14433373546.0,8.0,6.374,277675000.0,1.996,1.0,555679000.0,0.624,0.0,23174000.0,6973923000.0,,0.0,400853000.0,400853000.0,0.0,2633619000.0,413475000.0,2220144000.0,13681448546.0,125596000.0,33071000.0,-527000.0,496720000.0,-278590000.0,214448000.0,-469234000.0,-399598000.0,380382000.0,0.0,276064000.0,276064000.0,276064000.0,0.0,0.0,0.31,106481000.0,449198000.0,75015000.0,1.005,3.768,9.941,9.941,4432052000.0,0.0,98.42,3.768,3.77,791023000.0,1776498000.0,890782000.0,890782000.0,0.0,,,,,1517000.0,14804000.0,1.0,139010857.0,139139000.0,139019000.0,6.402,6264261000.0,0.0,142907000.0,32410000.0,45.022,1309895000.0
45,DOFSQ,MRQ,2009-09-30,2009-09-30,2009-09-30,2021-08-04,3774000.0,5715458000.0,,1218787000.0,4496671000.0,,26.116,-1033477000.0,250821000.0,250821000.0,327019000.0,364134000.0,2.986,0.573,1002746000.0,4143000.0,998603000.0,1002746000.0,0.0,86485000.0,0.0,0.084,2.0,489316000.0,575801000.0,0.634,575801000.0,489316000.0,475285000.0,2.62,2.62,2.62,3632782000.0,,3632782000.0,13809883785.0,7.0,6.235,-602443000.0,-4.331,1.0,581356000.0,0.64,0.0,14031000.0,6059252000.0,,0.0,880000.0,880000.0,0.0,2082676000.0,408131000.0,1674545000.0,13277642785.0,-219607000.0,460938000.0,372000.0,0.0,-278585000.0,-278384000.0,-372257000.0,200282000.0,431034000.0,0.0,364134000.0,364134000.0,364134000.0,0.0,0.0,0.401,101896000.0,479460000.0,58004000.0,0.763,3.655,9.528,9.523,4402130000.0,0.0,95.52,3.644,3.647,764639000.0,1779697000.0,908375000.0,908375000.0,0.0,,,,,1448000.0,15628000.0,1.0,139003798.0,139103000.0,139005000.0,6.53,5715458000.0,0.0,111151000.0,47746000.0,41.088,810656000.0
46,DOFSQ,MRQ,2009-06-30,2009-06-30,2009-06-30,2021-08-04,3870000.0,5608533000.0,,1590119000.0,4018414000.0,,25.497,-95876000.0,470428000.0,470428000.0,327284000.0,387440000.0,3.675,0.582,1002669000.0,4107000.0,998562000.0,1002669000.0,0.0,85431000.0,0.0,0.089,2.0,532126000.0,617557000.0,0.653,617557000.0,532126000.0,520838000.0,2.79,2.79,2.79,3546185000.0,,3546185000.0,11537525202.0,6.0,5.337,202443000.0,1.456,1.0,619123000.0,0.654,0.0,11288000.0,5708104000.0,,0.0,200920000.0,200920000.0,0.0,2062348000.0,432670000.0,1629678000.0,11544037202.0,-39426000.0,-453872000.0,155000.0,499255000.0,-279779000.0,215879000.0,-553624000.0,-3876000.0,298319000.0,0.0,387440000.0,387440000.0,387440000.0,0.0,0.0,0.409,101504000.0,517619000.0,66004000.0,0.717,3.255,8.616,8.615,3918052000.0,0.0,83.05,3.175,3.177,753675000.0,1694755000.0,946407000.0,946407000.0,0.0,,,,,1671000.0,16166000.0,1.0,139001050.0,139081000.0,139002000.0,6.805,5608533000.0,0.0,133398000.0,46627000.0,40.326,1157449000.0
47,DOFSQ,MRQ,2009-03-31,2009-03-31,2009-03-31,2021-08-04,44000.0,5282837000.0,,1734814000.0,3548023000.0,,24.692,-130408000.0,509854000.0,509854000.0,327462000.0,348581000.0,2.289,0.539,503342000.0,0.0,503342000.0,503342000.0,0.0,85062000.0,0.0,0.107,2.0,454454000.0,539516000.0,0.609,539516000.0,454454000.0,453337000.0,2.51,2.51,2.51,3432256000.0,,3432256000.0,8904834003.0,5.0,4.033,276671000.0,1.99,1.0,558258000.0,0.63,0.0,1117000.0,4518501000.0,,0.0,300926000.0,300926000.0,0.0,1850581000.0,757824000.0,1092757000.0,8737606003.0,173802000.0,325000.0,0.0,0.0,-278257000.0,-278257000.0,44980000.0,175063000.0,407079000.0,0.0,348581000.0,348581000.0,348581000.0,0.0,0.0,0.394,101322000.0,456936000.0,291190000.0,0.797,2.546,6.384,6.388,3467580000.0,0.0,62.86,2.398,2.398,785837000.0,1586440000.0,885720000.0,885720000.0,0.0,,,,,1705000.0,16315000.0,1.0,139001050.0,139001000.0,139064000.0,6.372,5282837000.0,0.0,104756000.0,130271000.0,38.006,976990000.0
48,DOFSQ,MRQ,2008-12-31,2008-12-31,2008-12-31,2021-08-04,510000.0,4954431000.0,,1466733000.0,3487698000.0,,24.252,-179195000.0,336052000.0,336052000.0,327526000.0,293343000.0,2.881,0.474,503280000.0,0.0,503280000.0,503280000.0,0.0,75267000.0,0.0,0.104,2.0,406932000.0,482199000.0,0.534,482199000.0,406932000.0,403062000.0,2.11,2.11,2.11,3361485000.0,,3361485000.0,8060498887.0,4.0,3.759,401168000.0,2.894,1.0,575681000.0,0.637,0.0,3870000.0,4612572000.0,,0.0,400592000.0,400592000.0,0.0,1592946000.0,509087000.0,1083859000.0,8192721887.0,-299390000.0,3079000.0,0.0,0.0,-278236000.0,-278236000.0,-601517000.0,-425401000.0,580363000.0,0.0,293343000.0,293343000.0,293343000.0,0.0,0.0,0.325,119601000.0,456080000.0,93982000.0,0.948,2.437,6.251,6.25,3414373000.0,0.0,58.94,2.312,2.311,574842000.0,1516908000.0,903207000.0,903207000.0,0.0,,,,,1723000.0,14708000.0,1.0,139001050.0,138608000.0,139457000.0,6.516,4954431000.0,0.0,109719000.0,85579000.0,35.744,957646000.0
49,DOFSQ,MRQ,2008-09-30,2008-09-30,2008-09-30,2021-08-04,17000.0,4847284000.0,,1481864000.0,3365420000.0,,23.956,-167783000.0,635442000.0,635442000.0,332399000.0,310533000.0,3.212,0.455,503219000.0,0.0,503219000.0,503219000.0,0.0,72155000.0,0.0,0.053,1.375,450414000.0,522569000.0,0.58,522569000.0,450414000.0,447425000.0,2.23,2.23,2.23,3332059000.0,,3332059000.0,14287026213.0,8.0,7.059,277456000.0,1.995,1.0,567977000.0,0.631,0.0,2989000.0,4253707000.0,,0.0,1138000.0,1138000.0,0.0,1515225000.0,461354000.0,1053871000.0,14325448213.0,93862000.0,1671000.0,492000.0,0.0,-191269000.0,-190466000.0,-160911000.0,5201000.0,445239000.0,0.0,310533000.0,310533000.0,310533000.0,0.0,0.0,0.345,92152000.0,475825000.0,76525000.0,0.617,4.299,12.14,12.153,3321529000.0,0.0,103.06,4.331,4.334,708108000.0,1601248000.0,900376000.0,900376000.0,0.0,,,,,1050000.0,13944000.0,1.0,139001050.0,139091000.0,139001000.0,6.473,4847284000.0,0.0,136892000.0,74199000.0,34.85,1020510000.0
50,DOFSQ,MRQ,2008-06-30,2008-06-30,2008-06-30,2021-08-04,33000.0,4866535000.0,,1550756000.0,3315779000.0,,23.086,-194221000.0,541580000.0,541580000.0,290782000.0,416164000.0,2.49,0.516,503158000.0,0.0,503158000.0,503158000.0,0.0,70803000.0,0.0,0.031,1.375,592674000.0,663477000.0,0.695,663477000.0,592674000.0,590779000.0,2.99,2.99,2.99,3210883000.0,,3210883000.0,19217938947.0,12.0,10.392,101330000.0,0.729,1.0,663590000.0,0.695,0.0,1895000.0,4205244000.0,,0.0,199086000.0,199086000.0,0.0,1655652000.0,622869000.0,1032783000.0,19332734947.0,-79744000.0,1048000.0,1458000.0,-73000.0,-191653000.0,-189270000.0,-186025000.0,7148000.0,295551000.0,0.0,416164000.0,416164000.0,416164000.0,0.0,0.0,0.436,86345000.0,577245000.0,282806000.0,0.46,6.021,17.983,18.0,3278724000.0,0.0,139.14,6.336,6.343,674091000.0,1482295000.0,954372000.0,954372000.0,0.0,,,,,534000.0,15768000.0,1.0,138944480.0,139083000.0,138959000.0,6.862,4866535000.0,0.0,174615000.0,52527000.0,34.99,927887000.0
51,DOFSQ,MRQ,2008-03-31,2008-03-31,2008-03-31,2021-08-04,24000.0,4502786000.0,,1324882000.0,3177904000.0,,21.417,-125658000.0,621324000.0,621324000.0,300195000.0,290507000.0,2.677,0.512,506528000.0,3430000.0,503098000.0,506528000.0,0.0,69192000.0,0.0,0.026,1.375,407122000.0,476314000.0,0.606,476314000.0,407122000.0,405780000.0,2.09,2.09,2.09,2978188000.0,,2978188000.0,16033553638.0,12.0,10.018,172877000.0,1.243,1.0,485907000.0,0.618,0.0,1342000.0,3892988000.0,,0.0,1282000.0,1282000.0,0.0,1524598000.0,495002000.0,1029596000.0,16164880638.0,-16637000.0,83000.0,52000.0,0.0,-190995000.0,-190860000.0,-124312000.0,1263000.0,298535000.0,0.0,290507000.0,290507000.0,290507000.0,0.0,0.0,0.37,84863000.0,401044000.0,99271000.0,0.658,5.428,17.748,17.744,3144656000.0,0.0,116.4,5.887,5.895,600354000.0,1257664000.0,786102000.0,786102000.0,0.0,,,,,1594000.0,15722000.0,1.0,138873545.0,139054000.0,138873000.0,5.653,4502786000.0,0.0,115273000.0,128688000.0,32.382,829880000.0
52,DOFSQ,MRQ,2007-12-31,2007-12-31,2007-12-31,2021-08-04,15000.0,4341465000.0,,1265190000.0,3076275000.0,,21.388,-195770000.0,637961000.0,637961000.0,303991000.0,162864000.0,2.793,0.509,506634000.0,3563000.0,503071000.0,506634000.0,0.0,64124000.0,0.0,0.04,1.375,297321000.0,361445000.0,0.542,361445000.0,297321000.0,292402000.0,1.17,1.18,1.17,2877067000.0,,2877067000.0,19920298244.0,16.0,13.272,139053000.0,1.034,1.0,362711000.0,0.544,0.0,4919000.0,3757127000.0,,0.0,1301000.0,1301000.0,0.0,1464398000.0,453011000.0,1011387000.0,19712494244.0,333334000.0,3203000.0,1314000.0,0.0,-190976000.0,-188748000.0,187259000.0,379826000.0,334823000.0,0.0,162864000.0,162864000.0,162864000.0,0.0,0.0,0.244,77197000.0,285514000.0,132243000.0,1.175,6.852,23.343,23.165,3040063000.0,0.0,142.0,7.677,7.621,522808000.0,1158535000.0,666702000.0,666702000.0,0.0,,,,,274000.0,16238000.0,1.0,138820382.0,134516000.0,143328000.0,4.956,4341465000.0,0.0,129538000.0,81684000.0,32.275,812179000.0
53,DOFSQ,MRQ,2007-09-30,2007-09-30,2007-09-30,2021-08-04,97000.0,4244862000.0,,1353604000.0,2891258000.0,,20.837,-221010000.0,304627000.0,304627000.0,295684000.0,205523000.0,4.065,0.466,512431000.0,9420000.0,503011000.0,512431000.0,0.0,57565000.0,0.0,0.04,0.125,290581000.0,348146000.0,0.541,348146000.0,290581000.0,288247000.0,1.48,1.48,1.48,2896079000.0,,2896079000.0,15607168362.0,12.0,10.467,68531000.0,0.493,1.0,348278000.0,0.541,0.0,2334000.0,4119653000.0,,51215000.0,375394000.0,375394000.0,0.0,1348783000.0,333013000.0,1015770000.0,15711435362.0,-312110000.0,-19000.0,1865000.0,0.0,-17336000.0,-14666000.0,-586985000.0,-365956000.0,289541000.0,0.0,205523000.0,205523000.0,205523000.0,0.0,0.0,0.319,70307000.0,277971000.0,115441000.0,0.084,5.425,17.4,16.985,2864997000.0,0.0,113.29,6.337,6.351,545249000.0,1185013000.0,643962000.0,643962000.0,0.0,,,,,540000.0,13105000.0,1.0,138683338.0,138990000.0,138683000.0,4.633,4244862000.0,0.0,82724000.0,40037000.0,30.541,1020591000.0
54,DOFSQ,MRQ,2007-06-30,2007-06-30,2007-06-30,2021-08-04,3000.0,3964828000.0,,1232702000.0,2732126000.0,,19.459,-131507000.0,616737000.0,616737000.0,234302000.0,251927000.0,4.646,0.467,512470000.0,9517000.0,502953000.0,512470000.0,0.0,58335000.0,0.0,0.044,0.125,356223000.0,414558000.0,0.639,414558000.0,356223000.0,352453000.0,1.82,1.81,1.82,2703445000.0,,2703445000.0,14272935444.0,12.0,10.039,72804000.0,0.524,1.0,414573000.0,0.639,0.0,3770000.0,3595233000.0,,50638000.0,1569000.0,1569000.0,0.0,1261383000.0,265328000.0,996055000.0,14051193444.0,314074000.0,3810000.0,2527000.0,0.0,-17298000.0,-13706000.0,123469000.0,251166000.0,204311000.0,0.0,251927000.0,251927000.0,251927000.0,0.0,0.0,0.388,66956000.0,347617000.0,72964000.0,0.069,5.198,16.303,15.721,2707154000.0,0.0,101.56,5.98,6.005,505269000.0,996826000.0,648875000.0,648875000.0,0.0,,,,,-105000.0,12174000.0,1.0,138353618.0,138928000.0,138447000.0,4.671,3964828000.0,0.0,100526000.0,46840000.0,28.539,967374000.0
55,DOFSQ,MRQ,2007-03-31,2007-03-31,2007-03-31,2021-08-04,-4441000.0,3764951000.0,,1095994000.0,2668957000.0,,17.607,-98814000.0,302663000.0,302663000.0,230073000.0,224150000.0,3.656,0.54,524405000.0,0.0,524405000.0,524405000.0,0.0,55705000.0,0.0,0.056,4.125,321125000.0,376830000.0,0.62,376830000.0,321125000.0,310270000.0,1.66,1.64,1.66,2444346000.0,,2444346000.0,11638807478.0,11.0,8.921,280827000.0,2.023,1.0,378111000.0,0.622,0.0,10855000.0,3686932000.0,,48980000.0,251120000.0,251120000.0,0.0,1320605000.0,299761000.0,1020844000.0,11199195478.0,-222035000.0,3867000.0,5130000.0,0.0,-570682000.0,-563142000.0,-38534000.0,56413000.0,379641000.0,0.0,224150000.0,224150000.0,224150000.0,0.0,0.0,0.369,66169000.0,311942000.0,74535000.0,2.485,4.582,14.254,13.492,2652130000.0,0.0,80.95,5.061,5.078,464778000.0,762197000.0,608184000.0,608184000.0,0.0,,,,,-1449000.0,11966000.0,1.0,138347072.0,138828000.0,135286000.0,4.381,3764951000.0,0.0,86120000.0,93878000.0,27.12,796233000.0
56,DOFSQ,MRQ,2006-12-31,2006-12-31,2006-12-31,2021-08-04,-4417000.0,4132839000.0,,1481547000.0,2651292000.0,,17.963,-183519000.0,524698000.0,524698000.0,233168000.0,221355000.0,4.442,0.782,964310000.0,0.0,964310000.0,964310000.0,0.0,51645000.0,0.0,0.025,0.125,299845000.0,351490000.0,0.608,351490000.0,299845000.0,294427000.0,1.71,1.6,1.71,2319508000.0,,2319508000.0,10604471966.0,11.0,8.904,40432000.0,0.313,1.0,345030000.0,0.597,0.0,5418000.0,4238942000.0,,0.0,301159000.0,301159000.0,0.0,1813331000.0,333509000.0,1479822000.0,10326854966.0,-163481000.0,349000.0,319000.0,0.0,-16149000.0,-16193000.0,-371239000.0,-192800000.0,223951000.0,0.0,221355000.0,221355000.0,221355000.0,0.0,0.0,0.383,61783000.0,283247000.0,122000000.0,0.073,4.452,14.61,14.614,2628453000.0,0.0,79.94,5.031,5.029,567474000.0,1137151000.0,578198000.0,578198000.0,0.0,,,,,668000.0,11765000.0,1.0,129182574.0,129129000.0,138781000.0,4.478,4132839000.0,0.0,73072000.0,26531000.0,32.006,1148038000.0
57,DOFSQ,MRQ,2006-09-30,2006-09-30,2006-09-30,2021-08-04,65000.0,3894145000.0,,1343933000.0,2550212000.0,,15.244,-138993000.0,688179000.0,688179000.0,238865000.0,164450000.0,4.929,0.841,965796000.0,0.0,965796000.0,965796000.0,0.0,49757000.0,0.0,0.028,0.125,229175000.0,278932000.0,0.542,278932000.0,229175000.0,223047000.0,1.27,1.19,1.27,2115736000.0,,2115736000.0,9669506774.0,12.0,9.377,150498000.0,1.084,1.0,275591000.0,0.536,0.0,6128000.0,3899097000.0,,48654000.0,100406000.0,100406000.0,0.0,1778409000.0,272665000.0,1505744000.0,9347704774.0,44263000.0,-349000.0,556000.0,0.0,-16145000.0,-15408000.0,-229820000.0,-91738000.0,289491000.0,0.0,164450000.0,164450000.0,164450000.0,0.0,0.0,0.32,59444000.0,216147000.0,74355000.0,0.098,4.418,15.78,15.767,2526965000.0,0.0,72.37,5.073,5.451,448179000.0,931945000.0,514456000.0,514456000.0,0.0,,,,,662000.0,9959000.0,1.0,129165466.0,138789000.0,129172000.0,3.707,3894145000.0,0.0,58597000.0,15939000.0,28.058,1071268000.0
58,DOFSQ,MRQ,2006-06-30,2006-06-30,2006-06-30,2021-08-04,-15000.0,3706968000.0,,1224954000.0,2482014000.0,,14.164,-63393000.0,643916000.0,643916000.0,211992000.0,175721000.0,4.774,0.886,965718000.0,0.0,965718000.0,965718000.0,0.0,49519000.0,0.0,0.024,0.125,247911000.0,297430000.0,0.581,297430000.0,247911000.0,242167000.0,1.36,1.27,1.36,1965731000.0,,1965731000.0,11548194778.0,16.0,12.464,50044000.0,0.361,1.0,300196000.0,0.586,0.0,5744000.0,3772205000.0,,47517000.0,2040000.0,2040000.0,0.0,1741237000.0,256565000.0,1484672000.0,10835835778.0,386966000.0,0.0,1602000.0,0.0,-16138000.0,-13734000.0,287263000.0,352390000.0,113437000.0,0.0,175721000.0,175721000.0,175721000.0,0.0,0.0,0.343,62101000.0,238095000.0,52514000.0,0.092,5.512,21.248,21.194,2459728000.0,0.0,83.93,6.612,7.108,462239000.0,783640000.0,512188000.0,512188000.0,0.0,,,,,4000.0,9886000.0,1.0,129105633.0,138782000.0,129131000.0,3.691,3706968000.0,0.0,66446000.0,14921000.0,26.711,968389000.0
59,DOFSQ,MRQ,2006-03-31,2006-03-31,2006-03-31,2021-08-04,52000.0,3555272000.0,,1127507000.0,2427765000.0,,12.966,-165332000.0,256950000.0,256950000.0,185497000.0,145321000.0,4.181,0.976,969309000.0,0.0,969309000.0,969309000.0,0.0,49582000.0,0.0,0.022,1.625,213497000.0,263079000.0,0.588,263079000.0,213497000.0,206691000.0,1.13,1.06,1.13,1799091000.0,,1799091000.0,11686078632.0,21.0,15.652,-32122000.0,-0.232,1.0,262233000.0,0.586,0.0,6806000.0,3997972000.0,,47601000.0,351421000.0,351421000.0,0.0,1756181000.0,269659000.0,1486522000.0,11551014632.0,-585640000.0,0.0,786000.0,0.0,-209723000.0,-208764000.0,-510086000.0,-345228000.0,133210000.0,0.0,145321000.0,145321000.0,145321000.0,0.0,0.0,0.325,59290000.0,202943000.0,96561000.0,1.438,6.42,30.758,30.651,2405161000.0,0.0,89.5,8.192,8.807,437337000.0,624057000.0,447730000.0,447730000.0,0.0,,,,,459000.0,9941000.0,1.0,129061616.0,138751000.0,129026000.0,3.227,3555272000.0,0.0,61370000.0,40327000.0,25.623,857848000.0
60,DOFSQ,MRQ,2005-12-31,2005-12-31,2005-12-31,2021-08-04,9000.0,3606922000.0,,1281878000.0,2325044000.0,,14.401,-106763000.0,842590000.0,842590000.0,178065000.0,106898000.0,4.766,0.946,977654000.0,0.0,977654000.0,977654000.0,0.0,45780000.0,0.0,0.005,0.125,145962000.0,191742000.0,0.521,191742000.0,145962000.0,137827000.0,0.83,0.77,0.83,1853327000.0,,1853327000.0,9455481653.0,24.0,16.249,67282000.0,0.523,1.0,190258000.0,0.517,0.0,8135000.0,3473000000.0,,47196000.0,2281000.0,2281000.0,0.0,1753595000.0,268986000.0,1484609000.0,8951903653.0,355880000.0,-19551000.0,1982000.0,-10952000.0,-16101000.0,-26937000.0,208298000.0,302153000.0,174045000.0,474000.0,106898000.0,106898000.0,106898000.0,0.0,0.0,0.29,49341000.0,140917000.0,60976000.0,0.151,4.83,34.386,34.436,2302020000.0,0.0,69.56,7.332,7.331,357104000.0,688459000.0,368323000.0,368323000.0,0.0,,,,,0.0,9575000.0,1.0,128693267.0,128690000.0,141351000.0,2.862,3606922000.0,0.0,30929000.0,38973000.0,28.028,1012892000.0
61,DOFSQ,MRQ,2005-09-30,2005-09-30,2005-09-30,2021-08-04,-2166000.0,3403579000.0,,1174771000.0,2228808000.0,,12.66,-57607000.0,486710000.0,486710000.0,168887000.0,82039000.0,6.472,0.94,990288000.0,12818000.0,977470000.0,990288000.0,0.0,46494000.0,0.0,0.005,0.125,127760000.0,174254000.0,0.561,174254000.0,127760000.0,119419000.0,0.64,0.6,0.64,1754316000.0,,1754316000.0,8184701604.0,29.0,17.576,61274000.0,0.442,1.0,141635000.0,0.456,0.0,8341000.0,3725644000.0,,47733000.0,302414000.0,302414000.0,0.0,1649263000.0,181513000.0,1467750000.0,7882462604.0,-201169000.0,3496000.0,4630000.0,-437000.0,-16088000.0,-11895000.0,-307745000.0,-297722000.0,118881000.0,-410000.0,82039000.0,82039000.0,82039000.0,0.0,0.0,0.264,21056000.0,120579000.0,36129000.0,0.195,4.493,47.853,48.228,2204523000.0,0.0,61.25,7.232,7.786,303484000.0,597662000.0,310522000.0,310522000.0,0.0,,,,,0.0,8928000.0,1.0,128693267.0,138567000.0,128748000.0,2.241,3403579000.0,0.0,37380000.0,15236000.0,24.563,993258000.0
62,DOFSQ,MRQ,2005-06-30,2005-06-30,2005-06-30,2021-08-04,-2458000.0,3554524000.0,,1338754000.0,2215770000.0,,12.194,-108375000.0,687879000.0,687879000.0,171588000.0,41282000.0,3.053,1.11,990118000.0,12818000.0,977300000.0,990118000.0,0.0,45978000.0,0.0,0.005,0.062,71547000.0,117525000.0,0.415,117525000.0,71547000.0,55791000.0,0.32,0.31,0.32,1684364000.0,,1684364000.0,7825029661.0,47.0,22.546,-56453000.0,-0.409,1.0,111811000.0,0.395,0.0,15756000.0,3418187000.0,,47631000.0,302335000.0,302335000.0,0.0,1870160000.0,438576000.0,1431584000.0,6870011661.0,445257000.0,16055000.0,3851000.0,-211982000.0,-8036000.0,-216106000.0,609334000.0,701654000.0,51922000.0,107000.0,41282000.0,41282000.0,41282000.0,0.0,0.0,0.146,46914000.0,64897000.0,333105000.0,0.194,4.079,80.235,82.2,2191437000.0,0.0,53.43,6.956,7.473,263227000.0,531711000.0,283399000.0,283399000.0,0.0,,,,,0.0,9186000.0,1.0,128579668.0,138134000.0,128590000.0,2.052,3554524000.0,0.0,14509000.0,10469000.0,25.732,900178000.0
63,DOFSQ,MRQ,2005-03-31,2005-03-31,2005-03-31,2021-08-04,-2469000.0,3397570000.0,,1238203000.0,2159367000.0,,11.93,-21084000.0,242622000.0,242622000.0,155549000.0,30118000.0,2.061,1.062,1197640000.0,488215000.0,709425000.0,1197640000.0,0.0,45472000.0,0.0,0.005,0.062,52925000.0,98397000.0,0.38,98397000.0,52925000.0,43358000.0,0.23,0.23,0.23,1647863000.0,,1647863000.0,7343446408.0,83.0,27.427,22639000.0,0.164,1.0,103209000.0,0.399,0.0,9567000.0,3751787000.0,,47636000.0,702262000.0,702262000.0,0.0,1749707000.0,600801000.0,1148906000.0,6415938408.0,-23385000.0,0.0,1084000.0,0.0,-8035000.0,-7012000.0,-59925000.0,-38841000.0,43723000.0,-171000.0,30118000.0,30118000.0,30118000.0,0.0,0.0,0.116,55203000.0,48006000.0,30099000.0,0.27,3.893,189.557,199.6,2129947000.0,0.0,49.9,7.215,7.751,220221000.0,498465000.0,258758000.0,258758000.0,0.0,,,,,0.0,9473000.0,1.0,128575920.0,138130000.0,128573000.0,1.873,3397570000.0,0.0,13240000.0,8261000.0,24.597,637402000.0
64,DOFSQ,MRQ,2004-12-31,2004-12-31,2004-12-31,2021-08-04,-1988000.0,3379386000.0,,1195681000.0,2183705000.0,,12.648,-21031000.0,266007000.0,266007000.0,168386000.0,11283000.0,1.948,1.079,1193515000.0,484102000.0,709413000.0,1193515000.0,0.0,44718000.0,0.0,0.006,0.062,30779000.0,75497000.0,0.318,75497000.0,30779000.0,20906000.0,0.08,0.08,0.08,1625828000.0,,1625828000.0,6135758365.0,230.0,29.849,54793000.0,0.426,1.0,68934000.0,0.29,0.0,9873000.0,3692987000.0,,47590000.0,661849000.0,661849000.0,0.0,1753558000.0,613907000.0,1139651000.0,5148223365.0,52132000.0,0.0,168000.0,-10404000.0,-8032000.0,-20019000.0,-2922000.0,11209000.0,75824000.0,-751000.0,11283000.0,11283000.0,11283000.0,0.0,0.0,0.048,53472000.0,15462000.0,27530000.0,0.775,3.167,-710.786,-667.5,2154593000.0,0.0,40.05,6.319,6.343,187558000.0,476382000.0,237320000.0,237320000.0,0.0,,,,,0.0,8482000.0,1.0,128544903.0,128544000.0,128544000.0,1.846,3379386000.0,0.0,9623000.0,14661000.0,26.29,581774000.0
65,DOFSQ,MRQ,2004-09-30,2004-09-30,2004-09-30,2021-08-04,-3952000.0,3341576000.0,,1119354000.0,2222222000.0,,12.563,-16686000.0,213875000.0,213875000.0,147227000.0,2941000.0,1.917,1.063,1201410000.0,479190000.0,722220000.0,1201410000.0,0.0,45043000.0,0.0,0.008,0.062,10614000.0,55657000.0,0.267,55657000.0,10614000.0,2957000.0,0.02,0.02,0.02,1619825000.0,,1619825000.0,5084985790.0,689.0,27.488,46510000.0,0.361,1.0,60971000.0,0.293,887000.0,7657000.0,3744388000.0,,48099000.0,669284000.0,669284000.0,0.0,1721751000.0,583836000.0,1137915000.0,4266347790.0,84548000.0,0.0,-18077000.0,247832000.0,-8083000.0,221672000.0,-199988000.0,-183302000.0,63196000.0,-332000.0,2941000.0,2941000.0,2941000.0,0.0,0.0,0.014,53307000.0,7664000.0,18687000.0,3.1,2.634,-247.698,-253.769,2190616000.0,0.0,32.99,5.577,5.56,153952000.0,473131000.0,208198000.0,208198000.0,0.0,,,,,0.0,6728000.0,1.0,129322455.0,128941000.0,128899000.0,1.615,3340689000.0,0.0,16000.0,3847000.0,25.909,535518000.0
66,DOFSQ,MRQ,2004-06-30,2004-06-30,2004-06-30,2021-08-04,-4122000.0,3096668000.0,,841948000.0,2254720000.0,,12.703,-28618000.0,129327000.0,129327000.0,141002000.0,-10495000.0,8.473,0.885,947965000.0,11969000.0,935996000.0,947965000.0,0.0,44554000.0,0.0,0.013,0.062,-6360000.0,38194000.0,0.207,38194000.0,-6360000.0,-12733000.0,-0.08,-0.08,-0.08,1642842000.0,,1642842000.0,3909756103.0,-391.0,23.577,1985000.0,0.015,1.0,43944000.0,0.238,4291000.0,6373000.0,3811643000.0,,48296000.0,35755000.0,35755000.0,0.0,1453826000.0,99372000.0,1354454000.0,3081754103.0,13358000.0,0.0,0.0,0.0,-8083000.0,-8083000.0,-9938000.0,18680000.0,30603000.0,776000.0,-10495000.0,-10495000.0,-10495000.0,0.0,0.0,-0.057,53444000.0,-9500000.0,21170000.0,-0.775,1.876,-97.438,-99.292,2220509000.0,0.0,23.83,4.16,4.16,596039000.0,478273000.0,184946000.0,184946000.0,0.0,,,,,0.0,8760000.0,1.0,129322455.0,129322000.0,129322000.0,1.43,3092377000.0,0.0,-2238000.0,2944000.0,23.912,742576000.0
67,DOFSQ,MRQ,2004-03-31,2004-03-31,2004-03-31,2021-08-04,-3399000.0,3236767000.0,,962335000.0,2274432000.0,,12.853,-22894000.0,115969000.0,115969000.0,140912000.0,-10972000.0,4.277,0.947,943971000.0,11969000.0,932002000.0,943971000.0,0.0,44520000.0,0.0,0.016,0.062,-8309000.0,36211000.0,0.197,36211000.0,-8309000.0,-14663000.0,-0.08,-0.08,-0.08,1662143000.0,,1662143000.0,3961964186.0,-237.0,25.381,15765000.0,0.122,1.0,43286000.0,0.235,7695000.0,6354000.0,3832066000.0,,48520000.0,628509000.0,628509000.0,0.0,1574624000.0,225008000.0,1349616000.0,3128310186.0,9624000.0,0.0,0.0,0.0,-8083000.0,-8083000.0,-20840000.0,2054000.0,38659000.0,-112000.0,-10972000.0,-10972000.0,-10972000.0,0.0,0.0,-0.06,52984000.0,-9698000.0,144540000.0,-0.775,1.882,-82.716,-83.414,2236575000.0,0.0,24.19,4.351,4.351,149447000.0,496851000.0,184198000.0,184198000.0,0.0,,,,,0.0,8789000.0,1.0,129322455.0,129322000.0,129322000.0,1.424,3229072000.0,0.0,-3691000.0,3542000.0,24.969,737327000.0
68,DOFSQ,MRQ,2003-12-31,2003-12-31,2003-12-31,2021-08-04,-4117000.0,3135019000.0,,835263000.0,2299756000.0,,12.926,-31989000.0,106345000.0,106345000.0,129208000.0,1302000.0,8.353,0.866,939999000.0,11969000.0,928030000.0,939999000.0,0.0,43492000.0,0.0,0.021,0.062,11432000.0,54924000.0,0.293,54924000.0,11432000.0,4889000.0,0.01,0.01,0.01,1680480000.0,,1680480000.0,3444756692.0,-114.0,23.713,68240000.0,0.525,1.0,58477000.0,0.312,11099000.0,6543000.0,3857574000.0,,48035000.0,503995000.0,503995000.0,0.0,1454539000.0,100000000.0,1354539000.0,2673200692.0,-64067000.0,0.0,-18211000.0,-11155000.0,-8146000.0,-37512000.0,-126764000.0,-97045000.0,100229000.0,-20000.0,1302000.0,1302000.0,1302000.0,0.0,0.0,0.007,49243000.0,9234000.0,15653000.0,6.2,1.591,-55.215,-55.432,2257876000.0,0.0,20.51,3.926,3.923,154124000.0,515906000.0,187685000.0,187685000.0,0.0,,,,,0.0,6273000.0,1.0,130336455.0,130004000.0,130004000.0,1.444,3123920000.0,0.0,3587000.0,6761000.0,24.029,735263000.0
69,DOFSQ,MRQ,2003-09-30,2003-09-30,2003-09-30,2021-08-04,-4097000.0,3137293000.0,,820219000.0,2317074000.0,,13.086,-42811000.0,175674000.0,175674000.0,135142000.0,-11463000.0,7.953,0.839,947230000.0,11155000.0,936075000.0,947230000.0,0.0,43256000.0,0.0,0.026,0.125,-6758000.0,36498000.0,0.198,36498000.0,-6758000.0,-13190000.0,-0.09,-0.09,-0.09,1705555000.0,,1705555000.0,3210990290.0,-144.0,20.745,-14044000.0,-0.108,1.0,48765000.0,0.265,14503000.0,6432000.0,3791208000.0,,48295000.0,405447000.0,405447000.0,0.0,1431738000.0,103138000.0,1328600000.0,2489426290.0,-45939000.0,0.0,0.0,0.0,-16292000.0,-16292000.0,-58414000.0,-15603000.0,28767000.0,0.0,-11463000.0,-11463000.0,-11463000.0,0.0,0.0,-0.062,51946000.0,-3181000.0,20868000.0,-1.389,1.46,-57.334,-56.176,2270377000.0,0.0,19.1,3.681,3.681,168499000.0,522750000.0,183907000.0,183907000.0,0.0,,,,,0.0,7181000.0,1.0,130336455.0,130336000.0,130336000.0,1.411,3122790000.0,0.0,-1727000.0,2265000.0,23.96,717081000.0
70,DOFSQ,MRQ,2003-06-30,2003-06-30,2003-06-30,2021-08-04,-5102000.0,3161327000.0,,838208000.0,2323119000.0,,13.291,-63578000.0,221761000.0,221761000.0,130131000.0,-16687000.0,7.989,0.825,943325000.0,11155000.0,932170000.0,943325000.0,0.0,41553000.0,0.0,0.024,0.125,-13085000.0,28468000.0,0.174,28468000.0,-13085000.0,-18463000.0,-0.13,-0.13,-0.13,1732305000.0,,1732305000.0,3479705190.0,159.0,17.313,-59195000.0,-0.454,1.0,33069000.0,0.203,17908000.0,5378000.0,3760067000.0,,46581000.0,393124000.0,393124000.0,0.0,1429022000.0,104916000.0,1324106000.0,2735762190.0,24792000.0,0.0,0.0,0.0,-16292000.0,-16292000.0,36701000.0,100279000.0,4383000.0,0.0,-16687000.0,-16687000.0,-16687000.0,0.0,0.0,-0.102,49710000.0,-16641000.0,34784000.0,-0.962,1.579,-266.826,-262.375,2273081000.0,0.0,20.99,4.068,4.068,151015000.0,550505000.0,163200000.0,163200000.0,0.0,,,,,0.0,8214000.0,1.0,130336455.0,130336000.0,130336000.0,1.252,3143419000.0,0.0,-1776000.0,943000.0,24.118,733292000.0
71,DOFSQ,MRQ,2003-03-31,2003-03-31,2003-03-31,2021-08-04,-3123000.0,3211025000.0,,903272000.0,2307753000.0,,13.559,-133648000.0,195525000.0,195525000.0,119408000.0,-21566000.0,7.44,0.817,939468000.0,11155000.0,928313000.0,939468000.0,0.0,47277000.0,0.0,0.026,0.125,-21898000.0,25379000.0,0.174,25379000.0,-21898000.0,-27473000.0,-0.17,-0.17,-0.17,1767263000.0,,1767263000.0,3280550592.0,55.0,13.558,-104576000.0,-0.802,1.0,26741000.0,0.183,21311000.0,5575000.0,3812252000.0,,46715000.0,495563000.0,495563000.0,0.0,1443762000.0,121405000.0,1322357000.0,2529830592.0,9106000.0,0.0,0.0,0.0,-16292000.0,-16292000.0,-3674000.0,129974000.0,29072000.0,0.0,-21566000.0,-21566000.0,-21566000.0,0.0,0.0,-0.148,54476000.0,-27735000.0,37144000.0,-0.735,1.431,137.521,138.643,2250999000.0,0.0,19.41,3.629,3.629,138297000.0,583484000.0,146149000.0,146149000.0,0.0,,,,,0.0,7200000.0,1.0,130336455.0,130336000.0,130336000.0,1.121,3189714000.0,0.0,-5907000.0,7403000.0,24.473,781867000.0
72,DOFSQ,MRQ,2002-12-31,2002-12-31,2002-12-31,2021-08-04,-730000.0,3256308000.0,,1031299000.0,2225009000.0,,13.866,-134593000.0,182453000.0,182453000.0,119982000.0,6296000.0,8.895,0.802,935630000.0,11155000.0,924475000.0,935630000.0,0.0,45026000.0,0.0,0.023,0.125,19413000.0,64439000.0,0.352,64439000.0,19413000.0,13588000.0,0.05,0.05,0.05,1807514000.0,,1807514000.0,3521168542.0,29.0,11.846,-92813000.0,-0.712,1.0,63059000.0,0.345,24714000.0,5825000.0,3868826000.0,,45405000.0,627614000.0,627614000.0,0.0,1448794000.0,115945000.0,1332849000.0,2847851542.0,-76886000.0,0.0,-12857000.0,-10426000.0,-16290000.0,-39573000.0,-78767000.0,55826000.0,41780000.0,-326000.0,6296000.0,6296000.0,6296000.0,0.0,0.0,0.034,52879000.0,10180000.0,37264000.0,2.5,1.576,45.551,45.521,2164627000.0,0.0,21.85,3.784,3.812,146957000.0,621342000.0,183041000.0,183041000.0,0.0,,,,,0.0,7895000.0,1.0,130336455.0,130355000.0,139792000.0,1.404,3231594000.0,0.0,7292000.0,4413000.0,24.791,915354000.0
73,DOFSQ,MRQ,2002-09-30,2002-09-30,2002-09-30,2021-08-04,-4206000.0,3290506000.0,,1154889000.0,2135617000.0,,13.898,-88097000.0,268949000.0,268949000.0,118420000.0,21704000.0,8.467,0.801,942266000.0,10426000.0,931840000.0,942266000.0,0.0,45187000.0,0.0,0.025,0.125,37511000.0,82698000.0,0.459,82698000.0,37511000.0,31513000.0,0.17,0.16,0.17,1826890000.0,,1826890000.0,3365031942.0,20.0,9.809,-6832000.0,-0.052,1.0,61763000.0,0.343,28118000.0,5998000.0,3799307000.0,,41228000.0,677979000.0,677979000.0,0.0,1463616000.0,136398000.0,1327218000.0,2623088942.0,-179790000.0,0.0,-10567000.0,0.0,-16444000.0,-27011000.0,-234044000.0,-145947000.0,81265000.0,0.0,21704000.0,21704000.0,21704000.0,0.0,0.0,0.12,52236000.0,9527000.0,34320000.0,0.735,1.436,27.315,26.959,2075018000.0,0.0,19.95,3.158,3.157,136617000.0,631336000.0,180183000.0,180183000.0,0.0,,,,,0.0,7026000.0,1.0,131483155.0,131450000.0,140833000.0,1.371,3262388000.0,0.0,9809000.0,5433000.0,24.818,1018491000.0
74,DOFSQ,MRQ,2002-06-30,2002-06-30,2002-06-30,2021-08-04,-2685000.0,3551959000.0,,1455612000.0,2096347000.0,,13.939,-60190000.0,448739000.0,448739000.0,127597000.0,11962000.0,3.676,0.937,1190682000.0,262614000.0,928068000.0,1190682000.0,0.0,44585000.0,0.0,0.018,0.125,24861000.0,69446000.0,0.37,69446000.0,24861000.0,18571000.0,0.09,0.09,0.09,1833718000.0,,1833718000.0,4434278918.0,21.0,11.404,-11638000.0,-0.088,1.0,60190000.0,0.321,31522000.0,6290000.0,3866383000.0,,40754000.0,762909000.0,762909000.0,0.0,1718241000.0,395997000.0,1322244000.0,3749264918.0,198984000.0,0.0,0.0,0.0,-16444000.0,-16444000.0,166876000.0,227066000.0,48552000.0,0.0,11962000.0,11962000.0,11962000.0,0.0,0.0,0.064,51992000.0,8198000.0,40491000.0,1.389,2.045,29.347,29.381,2032131000.0,0.0,28.5,4.255,4.255,170208000.0,626076000.0,187787000.0,187787000.0,0.0,,,,,0.0,7440000.0,1.0,131553155.0,131553000.0,131561000.0,1.427,3520437000.0,0.0,6609000.0,5111000.0,26.761,1059615000.0
75,DOFSQ,MRQ,2002-03-31,2002-03-31,2002-03-31,2021-08-04,-9492000.0,3278656000.0,,1194113000.0,2084543000.0,,12.964,-56285000.0,249755000.0,249755000.0,128159000.0,22558000.0,8.928,0.79,934769000.0,10426000.0,924343000.0,934769000.0,0.0,42697000.0,0.0,0.016,0.125,37972000.0,80669000.0,0.4,80669000.0,37972000.0,32502000.0,0.17,0.17,0.17,1831392000.0,,1831392000.0,4843485625.0,18.0,10.892,60754000.0,0.43,1.0,73391000.0,0.364,34926000.0,5470000.0,3794990000.0,,40837000.0,715842000.0,715842000.0,0.0,1447264000.0,133754000.0,1313510000.0,4112351625.0,-149235000.0,0.0,-20000000.0,0.0,-16507000.0,-37700000.0,-228574000.0,-172289000.0,117039000.0,0.0,22558000.0,22558000.0,22558000.0,0.0,0.0,0.112,49345000.0,24046000.0,23042000.0,0.735,2.245,25.774,25.835,2016493000.0,0.0,31.26,4.467,4.797,160929000.0,630558000.0,201550000.0,201550000.0,0.0,,,,,0.0,6648000.0,1.0,131553155.0,141268000.0,131786000.0,1.427,3243730000.0,0.0,9944000.0,7838000.0,22.962,1060359000.0
76,DOFSQ,MRQ,2001-12-31,2001-12-31,2001-12-31,2021-08-04,-2880000.0,3502681000.0,,1427579000.0,2075102000.0,,13.945,-106011000.0,398990000.0,398990000.0,164719000.0,39808000.0,4.514,0.89,1130124000.0,209488000.0,920636000.0,1130124000.0,0.0,43144000.0,0.0,0.016,0.125,67085000.0,110229000.0,0.422,110229000.0,67085000.0,61244000.0,0.31,0.29,0.31,1853146000.0,,1853146000.0,4707386912.0,16.0,10.046,180000.0,0.001,1.0,96389000.0,0.369,38329000.0,5841000.0,3879235000.0,,40814000.0,748387000.0,748387000.0,0.0,1649535000.0,316251000.0,1333284000.0,4014415912.0,151534000.0,0.0,-6802000.0,-9732000.0,-16509000.0,-32496000.0,77839000.0,183850000.0,106191000.0,0.0,39808000.0,39808000.0,39808000.0,0.0,0.0,0.152,49299000.0,47090000.0,31924000.0,0.403,2.166,23.095,23.206,2002873000.0,0.0,30.4,4.343,4.371,193653000.0,624507000.0,261108000.0,261108000.0,0.0,,,,,0.0,6482000.0,1.0,132053155.0,132886000.0,169962000.0,1.965,3464352000.0,0.0,21436000.0,5862000.0,26.07,1111328000.0
77,DOFSQ,MRQ,2001-09-30,2001-09-30,2001-09-30,2021-08-04,13972000.0,3289433000.0,,1248504000.0,2040929000.0,,12.362,-65621000.0,244161000.0,244161000.0,115726000.0,53427000.0,8.907,0.781,937132000.0,9732000.0,927400000.0,937132000.0,0.0,43143000.0,0.0,0.02,0.125,85357000.0,128500000.0,0.557,128500000.0,85357000.0,79430000.0,0.4,0.38,0.4,1847073000.0,,1847073000.0,4139113169.0,15.0,9.392,60085000.0,0.402,1.0,114910000.0,0.498,42464000.0,5927000.0,3799770000.0,,40791000.0,744915000.0,744915000.0,0.0,1442360000.0,140170000.0,1302190000.0,3362662169.0,87123000.0,0.0,-30966000.0,0.0,-16667000.0,-44669000.0,6086000.0,71707000.0,125706000.0,0.0,53427000.0,53427000.0,53427000.0,0.0,0.0,0.232,49197000.0,65713000.0,58175000.0,0.312,1.821,20.669,20.672,1939243000.0,0.0,25.22,3.825,4.286,198350000.0,601206000.0,230636000.0,230636000.0,0.0,,,,,0.0,6054000.0,1.0,133333155.0,149417000.0,132889000.0,1.544,3246969000.0,0.0,26003000.0,7208000.0,21.731,1108334000.0
78,DOFSQ,MRQ,2001-06-30,2001-06-30,2001-06-30,2021-08-04,1445000.0,3248827000.0,,1254484000.0,1994343000.0,,12.843,-62179000.0,157038000.0,157038000.0,114556000.0,43760000.0,8.76,0.777,933489000.0,9732000.0,923757000.0,933489000.0,0.0,42171000.0,0.0,0.015,0.125,83133000.0,125304000.0,0.551,125304000.0,83133000.0,65134000.0,0.33,0.32,0.33,1828123000.0,,1828123000.0,4972728668.0,23.0,13.47,-1208000.0,-0.008,1.0,112775000.0,0.496,46654000.0,17999000.0,3835416000.0,,40802000.0,788690000.0,788690000.0,0.0,1420704000.0,143208000.0,1277496000.0,4410755668.0,-147525000.0,0.0,0.0,460000000.0,-16682000.0,37094000.0,-245590000.0,-183411000.0,60971000.0,0.0,43760000.0,43760000.0,43760000.0,0.0,0.0,0.192,48250000.0,64525000.0,69597000.0,0.379,2.413,36.835,36.722,1915896000.0,0.0,33.05,5.473,5.837,211544000.0,564448000.0,227331000.0,227331000.0,0.0,,,,,0.0,6079000.0,1.0,133457055.0,142342000.0,133447000.0,1.597,3202173000.0,0.0,21374000.0,8542000.0,22.496,1111276000.0
79,DOFSQ,MRQ,2001-03-31,2001-03-31,2001-03-31,2021-08-04,5550000.0,3123793000.0,,1155735000.0,1968058000.0,,12.58,-33080000.0,304563000.0,304563000.0,108697000.0,36828000.0,9.301,0.736,866536000.0,9732000.0,856804000.0,866536000.0,0.0,41559000.0,0.0,0.013,0.125,62995000.0,104554000.0,0.509,104554000.0,62995000.0,54677000.0,0.28,0.27,0.28,1799319000.0,,1799319000.0,5961306270.0,43.0,20.717,44788000.0,0.313,1.0,96528000.0,0.47,50901000.0,8318000.0,3510603000.0,,41123000.0,604050000.0,604050000.0,0.0,1324474000.0,124262000.0,1200212000.0,5239471270.0,160107000.0,0.0,0.0,0.0,-16644000.0,-13576000.0,95815000.0,128895000.0,77868000.0,0.0,36828000.0,36828000.0,36828000.0,0.0,0.0,0.179,48446000.0,48082000.0,57180000.0,0.446,2.912,65.805,65.583,1894957000.0,0.0,39.35,7.258,7.796,161703000.0,537370000.0,205225000.0,205225000.0,0.0,,,,,0.0,6887000.0,1.0,133150477.0,143027000.0,133165000.0,1.435,3072892000.0,0.0,17849000.0,3813000.0,21.485,1031473000.0
80,DOFSQ,MRQ,2000-12-31,2000-12-31,2000-12-31,2021-08-04,670000.0,3079506000.0,,1072190000.0,2007316000.0,,12.29,-65641000.0,144456000.0,144456000.0,142927000.0,28679000.0,8.716,0.742,866291000.0,9732000.0,856559000.0,866291000.0,0.0,35096000.0,0.0,0.013,0.125,47268000.0,82364000.0,0.381,82364000.0,47268000.0,43698000.0,0.21,0.21,0.21,1767853000.0,,1767853000.0,6041498080.0,50.0,22.65,18256000.0,0.127,1.0,73081000.0,0.338,55205000.0,3570000.0,3623123000.0,,40698000.0,717678000.0,717678000.0,0.0,1311653000.0,123013000.0,1188640000.0,5360791080.0,18508000.0,0.0,-80915000.0,0.0,-16758000.0,-43228000.0,-22161000.0,43480000.0,83897000.0,0.0,28679000.0,28679000.0,28679000.0,0.0,0.0,0.133,41046000.0,32035000.0,39795000.0,0.595,3.032,74.166,75.472,1931182000.0,0.0,40.0,7.832,8.476,153452000.0,517186000.0,216008000.0,216008000.0,0.0,,,,,0.0,5950000.0,1.0,134019777.0,143843000.0,133967000.0,1.502,3024301000.0,0.0,15019000.0,337000.0,21.025,949177000.0
81,DOFSQ,MRQ,2000-09-30,2000-09-30,2000-09-30,2021-08-04,506000.0,3071916000.0,,1108779000.0,1963137000.0,,13.558,-81632000.0,125948000.0,125948000.0,111294000.0,10477000.0,11.345,0.673,806655000.0,0.0,806655000.0,806655000.0,0.0,37008000.0,0.0,0.012,0.125,19929000.0,56937000.0,0.362,56937000.0,19929000.0,16068000.0,0.08,0.08,0.08,1836683000.0,,1836683000.0,6016098153.0,63.0,24.839,-60343000.0,-0.445,1.0,46054000.0,0.293,69816000.0,3861000.0,3585073000.0,,40629000.0,755706000.0,755706000.0,0.0,1235233000.0,97734000.0,1137499000.0,5553197153.0,-214307000.0,0.0,-3497000.0,0.0,-16930000.0,-16727000.0,-218869000.0,-137237000.0,21289000.0,0.0,10477000.0,10477000.0,10477000.0,0.0,0.0,0.067,42926000.0,3128000.0,49944000.0,1.562,3.023,97.799,95.349,1870650000.0,0.0,41.0,8.685,8.687,144451000.0,628695000.0,157348000.0,157348000.0,0.0,,,,,0.0,5918000.0,1.0,135443833.0,135469000.0,135469000.0,1.162,3002100000.0,0.0,5591000.0,2691000.0,22.161,1011045000.0
82,DOFSQ,MRQ,2000-06-30,2000-06-30,2000-06-30,2021-08-04,-6370000.0,3062952000.0,,1146219000.0,1916733000.0,,13.546,-96394000.0,340255000.0,340255000.0,102883000.0,3637000.0,11.061,0.668,803156000.0,0.0,803156000.0,803156000.0,0.0,36617000.0,0.0,0.014,0.125,7282000.0,43899000.0,0.306,43899000.0,7282000.0,5675000.0,0.03,0.03,0.03,1835862000.0,,1835862000.0,5054663893.0,37.0,17.943,-51706000.0,-0.382,1.0,40434000.0,0.282,70935000.0,1607000.0,3351295000.0,,39993000.0,606435000.0,606435000.0,0.0,1227090000.0,103623000.0,1123467000.0,4761235893.0,233683000.0,0.0,0.0,402178000.0,-16941000.0,376156000.0,-187161000.0,-90767000.0,44688000.0,0.0,3637000.0,3637000.0,3637000.0,0.0,0.0,0.025,42532000.0,-2098000.0,50695000.0,4.167,2.593,56.58,55.762,1824758000.0,0.0,35.13,6.912,6.912,119434000.0,635148000.0,143317000.0,143317000.0,0.0,,,,,0.0,5915000.0,1.0,135531907.0,135532000.0,135532000.0,1.057,2992017000.0,0.0,2038000.0,7265000.0,22.076,1042596000.0
83,DOFSQ,MRQ,2000-03-31,2000-03-31,2000-03-31,2021-08-04,-8938000.0,2661195000.0,,815794000.0,1845401000.0,,12.686,-46978000.0,106572000.0,106572000.0,100823000.0,29488000.0,7.869,0.441,400000000.0,0.0,400000000.0,400000000.0,0.0,36875000.0,0.0,0.013,0.125,46660000.0,83535000.0,0.498,83535000.0,46660000.0,45426000.0,0.22,0.21,0.22,1846598000.0,,1846598000.0,5700172311.0,27.0,15.95,-317000.0,-0.002,1.0,67005000.0,0.399,72055000.0,1234000.0,2778897000.0,,39145000.0,511578000.0,511578000.0,0.0,814597000.0,103671000.0,710926000.0,5412488311.0,-5744000.0,0.0,-8424000.0,0.0,-16979000.0,-25403000.0,-27002000.0,19976000.0,46661000.0,0.0,29488000.0,29488000.0,29488000.0,0.0,0.0,0.176,42895000.0,24110000.0,48433000.0,0.568,2.931,40.47,40.343,1763796000.0,0.0,39.94,7.114,7.642,129759000.0,648452000.0,167828000.0,167828000.0,0.0,,,,,0.0,6020000.0,1.0,135515481.0,145564000.0,135688000.0,1.153,2589140000.0,0.0,15938000.0,14366000.0,17.787,712123000.0
84,DOFSQ,MRQ,1999-12-31,1999-12-31,1999-12-31,2021-08-04,-9229000.0,2681029000.0,,860292000.0,1820737000.0,,12.644,-91869000.0,112316000.0,112316000.0,106881000.0,13180000.0,6.354,0.455,400000000.0,0.0,400000000.0,400000000.0,0.0,35515000.0,0.0,0.016,0.125,22313000.0,57828000.0,0.338,57828000.0,22313000.0,20575000.0,0.1,0.1,0.1,1842222000.0,,1842222000.0,4452809027.0,18.0,11.344,-19887000.0,-0.136,1.0,64029000.0,0.375,73174000.0,1738000.0,2760138000.0,,38760000.0,529042000.0,529042000.0,0.0,838807000.0,135401000.0,703406000.0,4150790027.0,14335000.0,0.0,0.0,0.0,-16978000.0,-16978000.0,-40669000.0,51200000.0,71982000.0,0.0,13180000.0,13180000.0,13180000.0,0.0,0.0,0.077,41106000.0,22923000.0,72630000.0,1.25,2.253,26.596,26.574,1737905000.0,0.0,30.56,5.056,5.423,143569000.0,635943000.0,170910000.0,170910000.0,0.0,,,,,0.0,5591000.0,1.0,135824281.0,145701000.0,135825000.0,1.173,2607855000.0,0.0,7395000.0,18720000.0,17.899,724891000.0
85,DOFSQ,MRQ,1999-09-30,1999-09-30,1999-09-30,2021-08-04,-13019000.0,2694313000.0,,916572000.0,1777741000.0,,12.644,-77291000.0,97981000.0,97981000.0,115123000.0,37846000.0,5.827,0.463,400000000.0,0.0,400000000.0,400000000.0,0.0,36085000.0,0.0,0.015,0.125,60365000.0,96450000.0,0.467,96450000.0,60365000.0,58213000.0,0.28,0.27,0.28,1842230000.0,,1842230000.0,4838191500.0,14.0,9.752,16445000.0,0.113,1.0,91617000.0,0.443,88547000.0,2152000.0,2750490000.0,,38093000.0,582466000.0,582466000.0,0.0,852083000.0,157295000.0,694788000.0,4533814500.0,2358000.0,0.0,0.0,0.0,-16978000.0,-16978000.0,-74400000.0,2891000.0,93736000.0,0.0,37846000.0,37846000.0,37846000.0,0.0,0.0,0.183,41449000.0,50168000.0,68017000.0,0.446,2.461,20.109,20.108,1680248000.0,0.0,33.38,4.857,5.21,153036000.0,639741000.0,206740000.0,206740000.0,0.0,,,,,0.0,5364000.0,1.0,135824281.0,145700000.0,135824000.0,1.419,2605766000.0,0.0,20367000.0,48242000.0,17.884,759277000.0
86,DOFSQ,MRQ,1999-06-30,1999-06-30,1999-06-30,2021-08-04,-12300000.0,2660361000.0,,923674000.0,1736687000.0,,12.506,-59421000.0,95623000.0,95623000.0,98801000.0,53227000.0,6.189,0.46,400000000.0,0.0,400000000.0,400000000.0,0.0,35706000.0,0.0,0.018,0.125,83853000.0,119559000.0,0.555,119559000.0,83853000.0,81863000.0,0.39,0.37,0.39,1822081000.0,,1822081000.0,4184747095.0,9.0,6.931,40862000.0,0.28,1.0,116536000.0,0.541,89801000.0,1990000.0,2725703000.0,,37155000.0,585601000.0,585601000.0,0.0,838280000.0,149234000.0,689046000.0,3854693095.0,25677000.0,0.0,35000.0,0.0,-16978000.0,-16943000.0,-57663000.0,1758000.0,100283000.0,0.0,53227000.0,53227000.0,53227000.0,0.0,0.0,0.247,41627000.0,74909000.0,60841000.0,0.321,2.116,13.009,13.078,1637750000.0,0.0,28.38,3.697,3.966,160582000.0,618873000.0,215337000.0,215337000.0,0.0,,,,,0.0,5921000.0,1.0,135824281.0,145700000.0,135824000.0,1.478,2570560000.0,0.0,28636000.0,40882000.0,17.643,774440000.0
87,DOFSQ,MRQ,1999-03-31,1999-03-31,1999-03-31,2021-08-04,-9466000.0,2661628000.0,,931274000.0,1730354000.0,,12.277,-94890000.0,69946000.0,69946000.0,110718000.0,51818000.0,5.319,0.488,400000000.0,0.0,400000000.0,400000000.0,0.0,35657000.0,0.0,0.016,0.125,83044000.0,118701000.0,0.521,118701000.0,83044000.0,79712000.0,0.38,0.37,0.38,1788631000.0,,1788631000.0,4594647372.0,8.0,6.628,37231000.0,0.256,1.0,117319000.0,0.514,108241000.0,3332000.0,2708369000.0,,36093000.0,589068000.0,589068000.0,0.0,872997000.0,175072000.0,697925000.0,4295845372.0,-31252000.0,0.0,0.0,0.0,-16977000.0,-16977000.0,-146396000.0,-51506000.0,132121000.0,0.0,51818000.0,51818000.0,51818000.0,0.0,0.0,0.227,41658000.0,75661000.0,84452000.0,0.329,2.402,12.109,12.26,1612762000.0,0.0,31.63,3.733,4.004,200153000.0,582624000.0,228037000.0,228037000.0,0.0,,,,,0.0,6001000.0,1.0,135815535.0,145692000.0,135816000.0,1.565,2553387000.0,0.0,27894000.0,43144000.0,17.526,756202000.0
88,DOFSQ,MRQ,1998-12-31,1998-12-31,1998-12-31,2021-08-04,-7998000.0,2609716000.0,,938424000.0,1671292000.0,,12.717,-91793000.0,101198000.0,101198000.0,126686000.0,82570000.0,5.85,0.487,400000000.0,0.0,400000000.0,400000000.0,0.0,32220000.0,0.0,0.021,0.125,129181000.0,161401000.0,0.569,161401000.0,129181000.0,125933000.0,0.61,0.59,0.61,1755258000.0,,1755258000.0,3494823024.0,6.0,4.755,66285000.0,0.48,1.0,156743000.0,0.553,109825000.0,3248000.0,2638292000.0,,35794000.0,535774000.0,535774000.0,0.0,854458000.0,160401000.0,694057000.0,3217470024.0,-21449000.0,0.0,0.0,0.0,-16977000.0,-16977000.0,-162550000.0,-70757000.0,158078000.0,0.0,82570000.0,82570000.0,82570000.0,0.0,0.0,0.291,38906000.0,117837000.0,93938000.0,0.205,1.833,8.386,8.522,1551820000.0,0.0,23.69,2.662,2.705,233719000.0,547783000.0,283429000.0,283429000.0,0.0,,,,,0.0,6349000.0,1.0,135815535.0,138020000.0,175298000.0,2.054,2499891000.0,0.0,43363000.0,13180000.0,18.113,778023000.0
89,DOFSQ,MRQ,1998-09-30,1998-09-30,1998-09-30,2021-08-04,-5359000.0,2505470000.0,,865887000.0,1639583000.0,,11.471,-58919000.0,122647000.0,122647000.0,116503000.0,108702000.0,6.077,0.481,400000000.0,0.0,400000000.0,400000000.0,0.0,33305000.0,0.0,0.017,0.125,170835000.0,204140000.0,0.646,204140000.0,170835000.0,167220000.0,0.79,0.75,0.79,1692304000.0,,1692304000.0,3973410850.0,7.0,5.466,106060000.0,0.719,1.0,199283000.0,0.631,113770000.0,3615000.0,2526575000.0,,35257000.0,468462000.0,443187000.0,25275000.0,813166000.0,142478000.0,670688000.0,3630891850.0,65166000.0,0.0,-88648000.0,0.0,-17417000.0,-106065000.0,6252000.0,65171000.0,164979000.0,0.0,108702000.0,108702000.0,108702000.0,0.0,0.0,0.344,39034000.0,160249000.0,53092000.0,0.158,2.146,9.545,9.511,1490549000.0,0.0,26.06,3.032,3.21,235881000.0,482190000.0,315786000.0,315786000.0,0.0,,,,,0.0,5984000.0,1.0,139328160.0,147528000.0,137652000.0,2.141,2391700000.0,0.0,58518000.0,35548000.0,16.212,723409000.0
90,DOFSQ,MRQ,1998-06-30,1998-06-30,1998-06-30,2021-08-04,-3030000.0,2513041000.0,,720965000.0,1792076000.0,,11.341,-35997000.0,57481000.0,57481000.0,116103000.0,111665000.0,5.007,0.485,400000000.0,0.0,400000000.0,400000000.0,0.0,32747000.0,0.0,0.01,0.125,176211000.0,208958000.0,0.646,208958000.0,176211000.0,172430000.0,0.8,0.76,0.8,1692052000.0,,1692052000.0,5938262130.0,11.0,8.806,68276000.0,0.458,1.0,207414000.0,0.641,115388000.0,3781000.0,2596190000.0,,34997000.0,530224000.0,326789000.0,203435000.0,820989000.0,143982000.0,677007000.0,5616318130.0,-20575000.0,0.0,0.0,0.0,-17416000.0,-17416000.0,-107432000.0,-71435000.0,104273000.0,0.0,111665000.0,111665000.0,111665000.0,0.0,0.0,0.345,38962000.0,168452000.0,55885000.0,0.156,3.319,16.068,16.06,1463063000.0,0.0,40.31,4.96,5.311,272787000.0,390905000.0,323517000.0,323517000.0,0.0,,,,,0.0,6219000.0,1.0,139328160.0,149204000.0,139328000.0,2.168,2397653000.0,0.0,60765000.0,32041000.0,16.07,576983000.0
91,DOFSQ,MRQ,1998-03-31,1998-03-31,1998-03-31,2021-08-04,-2954000.0,2401609000.0,,638676000.0,1762933000.0,,10.71,-36754000.0,78056000.0,78056000.0,125333000.0,80722000.0,4.123,0.503,400000000.0,0.0,400000000.0,400000000.0,0.0,31999000.0,0.0,0.006,0.125,128491000.0,160490000.0,0.561,160490000.0,128491000.0,124648000.0,0.58,0.56,0.58,1597879000.0,,1597879000.0,6619753901.0,14.0,11.101,83100000.0,0.557,1.0,160736000.0,0.562,117005000.0,3843000.0,2451635000.0,,34363000.0,454888000.0,277402000.0,177486000.0,803730000.0,154913000.0,648817000.0,6322711901.0,-24902000.0,0.0,211000.0,0.0,-17416000.0,-17205000.0,-127551000.0,-90797000.0,119854000.0,0.0,80722000.0,80722000.0,80722000.0,0.0,0.0,0.282,38693000.0,122043000.0,58568000.0,0.216,3.957,20.86,20.817,1458192000.0,0.0,45.38,6.095,6.526,238295000.0,296656000.0,286069000.0,286069000.0,0.0,,,,,0.0,6772000.0,1.0,139328160.0,149201000.0,139325000.0,1.917,2284604000.0,0.0,43926000.0,47095000.0,15.312,483763000.0
92,DOFSQ,MRQ,1997-12-31,1997-12-31,1997-12-31,2021-08-04,-1928000.0,2298561000.0,,718775000.0,1579786000.0,,11.082,-61197000.0,102958000.0,102958000.0,118476000.0,79310000.0,5.481,0.497,400000000.0,0.0,400000000.0,400000000.0,0.0,26747000.0,0.0,0.003,0.07,126650000.0,153397000.0,0.563,153397000.0,126650000.0,123320000.0,0.57,0.54,0.57,1535527000.0,,1535527000.0,,,,91479000.0,0.66,1.0,153853000.0,0.565,118623000.0,3330000.0,2345835000.0,,33714000.0,363137000.0,363137000.0,0.0,763034000.0,131145000.0,631889000.0,6705864341.0,32098000.0,0.0,4000.0,0.0,-9752000.0,-9748000.0,-110830000.0,-49633000.0,152676000.0,0.0,79310000.0,79310000.0,79310000.0,0.0,0.0,0.291,33528000.0,120325000.0,57557000.0,0.123,4.367,24.069,23.945,1451741000.0,0.0,48.13,7.014,6.975,205589000.0,233350000.0,272329000.0,272329000.0,0.0,,,,,0.0,7711000.0,1.0,139328160.0,138560000.0,175032000.0,1.965,2179938000.0,0.0,44010000.0,24653000.0,15.733,587630000.0
93,DOFSQ,MRQ,1997-09-30,1997-09-30,1997-09-30,2021-08-04,,,,,,,,-58198000.0,,,99907000.0,77831000.0,,,,,,,,28546000.0,,0.001,0.07,122929000.0,151475000.0,0.605,151475000.0,122929000.0,119338000.0,0.56,0.54,0.56,,,,,,,25838000.0,0.173,1.0,150590000.0,0.601,,3591000.0,,,,,,,,,,,29715000.0,0.0,201000.0,0.0,-9751000.0,-9550000.0,-44771000.0,13427000.0,84036000.0,0.0,77831000.0,77831000.0,77831000.0,0.0,0.0,0.311,33577000.0,117013000.0,,0.125,,,,,0.0,55.25,,,,,250497000.0,250497000.0,0.0,,,,,0.0,5045000.0,1.0,,149179000.0,139303000.0,1.679,,,41507000.0,,,
94,DOFSQ,MRQ,1997-06-30,1997-06-30,1997-06-30,2021-08-04,,,,,,,,-161407000.0,,,98221000.0,65234000.0,,,,,,,,27230000.0,,0.0,0.0,103738000.0,130968000.0,0.573,130968000.0,103738000.0,100389000.0,0.47,0.45,0.47,,,,,,,-75406000.0,-0.507,1.0,130313000.0,0.57,,3349000.0,,,,,,,,,,,1887000.0,0.0,82404000.0,-312000.0,0.0,82092000.0,-166206000.0,-4799000.0,86001000.0,0.0,65234000.0,65234000.0,65234000.0,0.0,0.0,0.285,32084000.0,98229000.0,,0.0,,,,,0.0,38.94,,,,,228534000.0,228534000.0,0.0,,,,,0.0,4859000.0,1.0,,148702000.0,138826000.0,1.537,,,35155000.0,,,
95,DOFSQ,MRQ,1997-03-31,1997-03-31,1997-03-31,2021-08-04,,,,,,,,-73483000.0,,,89739000.0,56230000.0,,,,,,,,25812000.0,,0.0,0.0,87014000.0,112826000.0,0.551,112826000.0,87014000.0,87014000.0,0.41,0.39,0.41,,,,,,,172000.0,0.001,1.0,114994000.0,0.562,,0.0,,,,,,,,,,,11078000.0,0.0,333000.0,321250000.0,0.0,321583000.0,-384160000.0,-310677000.0,73655000.0,0.0,56230000.0,56230000.0,56230000.0,0.0,0.0,0.275,30688000.0,84306000.0,,0.0,,,,,0.0,34.25,,,,,204733000.0,204733000.0,0.0,,,,,0.0,4941000.0,1.0,,142804000.0,136768000.0,1.434,,,30784000.0,,,
96,DOFSQ,MRQ,1996-12-31,1996-12-31,1996-12-31,2021-08-04,-928000.0,1574500000.0,,242967000.0,1331533000.0,,9.599,,28180000.0,28180000.0,,,1.898,0.318,73000000.0,10000000.0,63000000.0,73000000.0,0.0,,0.0,0.0,0.0,,,,,,,,,,1194732000.0,,1194732000.0,,,,,,1.0,,,129825000.0,,1361495000.0,,30407000.0,0.0,0.0,0.0,379768000.0,128000000.0,251768000.0,,,,,,,,,,,,,,,,,,,,63172000.0,,,,24.153,1198160000.0,,28.5,,5.801,172214000.0,-25056000.0,,,,,,,,,,1.0,,124462000.0,,,1444675000.0,0.0,,26377000.0,11.607,114967000.0
0,DOFSQ,MRT,2020-12-31,2020-12-31,2020-12-31,2021-08-04,0.0,4948453000.0,5177323000.0,625315000.0,4323138000.0,0.142,14.367,-189528000.0,430380000.0,430380000.0,657453000.0,-1254904000.0,3.104,1.496,2618805000.0,0.0,2618805000.0,2618805000.0,0.0,320085000.0,0.0,0.0,0.0,-1233505000.0,-913420000.0,-1.245,-913420000.0,-1233505000.0,-1276090000.0,-9.09,-9.09,-9.09,1982566000.0,2179211750.0,1982566000.0,2229007341.0,-2.0,-2.44,-181149000.0,-1.313,1.0,76234000.0,0.104,0.0,42585000.0,6935439000.0,6489294250.0,0.0,0.0,0.0,0.0,2965887000.0,201439000.0,2764448000.0,23745341.0,274099000.0,13333000.0,0.0,436000000.0,0.0,436000000.0,-170280000.0,5915000.0,8379000.0,0.0,-1254904000.0,-1254904000.0,-1254904000.0,0.0,0.0,-1.71,387359000.0,-311125000.0,33437000.0,0.0,0.012,-0.019,-0.019,4122809000.0,0.0,0.172,0.032,0.032,130660000.0,157297000.0,733687000.0,733687000.0,0.0,-0.242,-0.576,-0.19,-1.681,5637000.0,56925000.0,1.0,138054311.0,137996000.0,137996000.0,5.317,4948453000.0,0.0,-21186000.0,27214000.0,35.859,423876000.0
1,DOFSQ,MRT,2020-09-30,2020-09-30,2020-09-30,2021-08-04,0.0,5101873000.0,5398720750.0,652286000.0,4449587000.0,0.156,15.444,-238892000.0,448393000.0,448393000.0,726543000.0,-1180136000.0,3.472,1.393,2653655000.0,0.0,2653655000.0,2653655000.0,0.0,334960000.0,0.0,0.0,0.0,-1132389000.0,-797429000.0,-0.947,-797429000.0,-1132389000.0,-1205791000.0,-8.56,-8.56,-8.56,2132104000.0,2491622750.0,2132104000.0,2241648948.0,-2.0,-2.811,-208152000.0,-1.508,1.0,115463000.0,0.137,0.0,73402000.0,7119280000.0,6593162000.0,0.0,0.0,0.0,0.0,2969769000.0,187855000.0,2781914000.0,30371948.0,239261000.0,5498000.0,0.0,436000000.0,0.0,436000000.0,-227479000.0,5915000.0,30740000.0,0.0,-1180136000.0,-1180136000.0,-1180136000.0,0.0,0.0,-1.402,409441000.0,-293978000.0,31980000.0,0.0,0.014,-0.026,-0.026,4243106000.0,0.0,0.22,0.036,0.036,138624000.0,306835000.0,842006000.0,842006000.0,0.0,-0.219,-0.474,-0.172,-1.345,7312000.0,61269000.0,1.0,138054311.0,138054000.0,138054000.0,6.099,5101873000.0,0.0,-25655000.0,28359000.0,36.956,464431000.0
2,DOFSQ,MRT,2020-06-30,2020-06-30,2020-06-30,2021-08-04,-21000.0,5280633000.0,5591011000.0,784959000.0,4495674000.0,0.171,16.159,-272134000.0,511402000.0,511402000.0,800035000.0,-1176658000.0,3.992,1.367,2722679000.0,0.0,2722679000.0,2722679000.0,0.0,348323000.0,0.0,0.0,0.0,-1105488000.0,-757165000.0,-0.791,-757165000.0,-1105488000.0,-1209890000.0,-8.54,-8.54,-8.54,2230689000.0,2784927750.0,2230689000.0,1948970090.0,-2.0,-2.574,-227629000.0,-1.649,1.0,157734000.0,0.165,0.0,104402000.0,7295295000.0,6652834750.0,0.0,5720000.0,5720000.0,0.0,3049944000.0,196615000.0,2853329000.0,35893090.0,363893000.0,5411000.0,0.0,436000000.0,0.0,436000000.0,-116612000.0,150111000.0,44505000.0,0.0,-1176658000.0,-1176658000.0,-1176658000.0,0.0,0.0,-1.229,435328000.0,-277594000.0,35210000.0,0.0,0.016,-0.031,-0.03,4286176000.0,0.0,0.26,0.037,0.037,190966000.0,405441000.0,957769000.0,957769000.0,0.0,-0.21,-0.423,-0.166,-1.154,8888000.0,67318000.0,1.0,138050347.0,138043000.0,138043000.0,6.938,5280633000.0,0.0,-33232000.0,15948000.0,38.254,588344000.0
3,DOFSQ,MRT,2020-03-31,2020-03-31,2020-03-31,2021-08-04,-19000.0,5378333000.0,5765161750.0,844070000.0,4534263000.0,0.169,17.206,-315050000.0,499138000.0,499138000.0,859880000.0,-1145826000.0,0.314,1.268,2412215000.0,2412215000.0,0.0,2412215000.0,0.0,361741000.0,0.0,0.0,0.0,-1077235000.0,-715494000.0,-0.733,-715494000.0,-1077235000.0,-1202463000.0,-8.32,-8.32,-8.32,2371488000.0,3076979750.0,2371488000.0,2071458155.0,-2.0,-2.895,-331664000.0,-2.406,1.0,116392000.0,0.119,0.0,125228000.0,4607163000.0,6712784500.0,0.0,0.0,0.0,0.0,3006845000.0,2684247000.0,322598000.0,251998155.0,376298000.0,20670000.0,0.0,436000000.0,0.0,435990000.0,-43078000.0,251302000.0,-16614000.0,0.0,-1145826000.0,-1145826000.0,-1145826000.0,0.0,0.0,-1.174,422004000.0,-305612000.0,59564000.0,0.0,0.106,-0.22,-0.22,4329983000.0,0.0,1.83,0.258,0.258,268163000.0,550261000.0,976272000.0,976272000.0,0.0,-0.199,-0.372,-0.16,-1.103,6337000.0,66911000.0,1.0,137703910.0,137831000.0,137831000.0,7.083,5378333000.0,0.0,-56637000.0,16437000.0,39.021,-1840177000.0
4,DOFSQ,MRT,2019-12-31,2019-12-31,2019-12-31,2021-08-04,-18000.0,5834044000.0,5948699500.0,476795000.0,5357249000.0,0.165,23.481,-326090000.0,156281000.0,156281000.0,838428000.0,-357214000.0,1.576,0.805,1975741000.0,0.0,1975741000.0,1975741000.0,0.0,355596000.0,0.0,0.0,0.0,-279182000.0,76414000.0,0.078,76414000.0,-279182000.0,-402014000.0,-2.6,-2.6,-2.6,3232210000.0,3362076750.0,3232210000.0,2756165110.0,-10.0,36.069,-317001000.0,-2.303,1.0,142216000.0,0.145,0.0,122832000.0,7350910000.0,7483681750.0,0.0,0.0,0.0,0.0,2601834000.0,302594000.0,2299240000.0,990022110.0,2208000.0,16217000.0,0.0,0.0,0.0,-12000.0,-6869000.0,303004000.0,9089000.0,0.0,-357214000.0,-357214000.0,-357214000.0,0.0,0.0,-0.364,424546000.0,-282330000.0,68586000.0,0.0,0.306,-2.772,-2.765,5152828000.0,0.0,7.19,1.01,1.009,250856000.0,1412201000.0,980644000.0,980644000.0,0.0,-0.06,-0.106,-0.037,-0.285,6208000.0,67878000.0,1.0,137694313.0,137652000.0,137652000.0,7.124,5834044000.0,0.0,-44800000.0,23228000.0,42.383,174201000.0
5,DOFSQ,MRT,2019-09-30,2019-09-30,2019-09-30,2021-08-04,-16000.0,5871034000.0,5999112000.0,514422000.0,5356612000.0,0.156,24.005,-312474000.0,209132000.0,209132000.0,788085000.0,-361651000.0,1.842,0.776,1975275000.0,0.0,1975275000.0,1975275000.0,0.0,350099000.0,0.0,0.0,0.0,-264419000.0,85680000.0,0.091,85680000.0,-264419000.0,-387645000.0,-2.62,-2.62,-2.62,3305324000.0,3450187500.0,3305324000.0,2592887380.0,-10.0,30.262,-283383000.0,-2.058,1.0,148705000.0,0.159,0.0,123226000.0,7357971000.0,7550628500.0,0.0,0.0,0.0,0.0,2565710000.0,279206000.0,2286504000.0,765580380.0,7279000.0,16631000.0,0.0,0.0,0.0,-5429000.0,-16383000.0,279460000.0,29091000.0,0.0,-361651000.0,-361651000.0,-361651000.0,0.0,0.0,-0.386,419443000.0,-270738000.0,68760000.0,0.0,0.232,-2.117,-2.122,5150876000.0,0.0,5.56,0.817,0.817,237621000.0,1486971000.0,936790000.0,936790000.0,0.0,-0.06,-0.105,-0.035,-0.282,7246000.0,66730000.0,1.0,137694313.0,137694000.0,137694000.0,6.803,5871034000.0,0.0,-25994000.0,20242000.0,42.638,235216000.0
6,DOFSQ,MRT,2019-06-30,2019-06-30,2019-06-30,2021-08-04,-6000.0,5977236000.0,6048434250.0,590664000.0,5386572000.0,0.16,24.685,-304309000.0,147509000.0,147509000.0,769124000.0,-317635000.0,2.192,0.759,1974816000.0,0.0,1974816000.0,1974816000.0,0.0,343290000.0,0.0,0.0,0.0,-214508000.0,128782000.0,0.133,128782000.0,-214508000.0,-340929000.0,-2.3,-2.3,-2.3,3398897000.0,3539141250.0,3398897000.0,3072840861.0,-14.0,23.861,-205701000.0,-1.494,1.0,199968000.0,0.206,0.0,126421000.0,7535094000.0,7619046000.0,0.0,149945000.0,149945000.0,0.0,2578339000.0,269449000.0,2308890000.0,1221315861.0,3341000.0,83917000.0,0.0,0.0,0.0,-5608000.0,-89659000.0,130733000.0,98608000.0,0.0,-317635000.0,-317635000.0,-317635000.0,0.0,0.0,-0.328,420915000.0,-220947000.0,60533000.0,0.0,0.359,-3.845,-3.857,5163696000.0,0.0,8.87,1.26,1.26,163086000.0,1582099000.0,969092000.0,969092000.0,0.0,-0.053,-0.09,-0.028,-0.221,7237000.0,81208000.0,1.0,137690627.0,137691000.0,137691000.0,7.038,5977236000.0,0.0,-23294000.0,16722000.0,43.411,321215000.0
7,DOFSQ,MRT,2019-03-31,2019-03-31,2019-03-31,2021-08-04,2000.0,6112484000.0,6082320000.0,732802000.0,5379682000.0,0.168,25.537,-276813000.0,122840000.0,122840000.0,727764000.0,-272921000.0,2.682,0.741,1974365000.0,0.0,1974365000.0,1974365000.0,0.0,336862000.0,0.0,0.0,0.0,-154026000.0,182836000.0,0.179,182836000.0,-154026000.0,-278873000.0,-1.97,-1.97,-1.97,3511876000.0,3617099500.0,3511876000.0,3261577323.0,-21.0,17.839,-125662000.0,-0.914,1.0,293483000.0,0.287,0.0,124847000.0,7690752000.0,7670849500.0,0.0,249858000.0,249858000.0,0.0,2600608000.0,273257000.0,2327351000.0,1441728323.0,-306844000.0,68735000.0,0.0,0.0,0.0,-5622000.0,-452373000.0,-244295000.0,151151000.0,0.0,-272921000.0,-272921000.0,-272921000.0,0.0,0.0,-0.267,428080000.0,-134597000.0,60284000.0,0.0,0.411,-5.283,-5.325,5170858000.0,0.0,10.49,1.412,1.413,189381000.0,1696087000.0,1021247000.0,1021247000.0,0.0,-0.045,-0.075,-0.02,-0.151,6566000.0,84150000.0,1.0,137438353.0,137522000.0,137522000.0,7.426,6112484000.0,0.0,-5952000.0,15096000.0,44.447,459545000.0
8,DOFSQ,MRT,2018-12-31,2018-12-31,2018-12-31,2021-08-04,21000.0,6035694000.0,6102469750.0,785938000.0,5249756000.0,0.178,26.089,-222406000.0,154073000.0,154073000.0,745751000.0,-180272000.0,3.318,0.684,1973922000.0,0.0,1973922000.0,1973922000.0,0.0,331789000.0,0.0,0.0,0.0,-103385000.0,228404000.0,0.211,228404000.0,-103385000.0,-226625000.0,-1.31,-1.31,-1.31,3584653000.0,3684038500.0,3584653000.0,3069018587.0,-30.0,13.437,9652000.0,0.07,1.0,337464000.0,0.312,0.0,123240000.0,7618697000.0,7633414250.0,0.0,299849000.0,299849000.0,0.0,2451041000.0,236846000.0,2214195000.0,1297383587.0,-221964000.0,70067000.0,0.0,0.0,0.0,-5686000.0,-448336000.0,-295997000.0,232058000.0,0.0,-180272000.0,-180272000.0,-180272000.0,0.0,0.0,-0.166,422422000.0,-84958000.0,43933000.0,0.0,0.362,-7.197,-7.206,5184222000.0,0.0,9.44,1.198,1.197,168620000.0,1769415000.0,1083215000.0,1083215000.0,0.0,-0.03,-0.049,-0.014,-0.095,6749000.0,85351000.0,1.0,137434702.0,137399000.0,137399000.0,7.884,6035694000.0,0.0,-46353000.0,20685000.0,43.928,549092000.0
9,DOFSQ,MRT,2018-09-30,2018-09-30,2018-09-30,2021-08-04,-4000.0,6068323000.0,6156188750.0,814435000.0,5253888000.0,0.194,26.639,-198719000.0,201853000.0,201853000.0,791332000.0,-133006000.0,3.91,0.657,1973488000.0,0.0,1973488000.0,1973488000.0,0.0,331737000.0,0.0,0.0,0.0,-73088000.0,258649000.0,0.216,258649000.0,-73088000.0,-195403000.0,-0.97,-0.97,-0.97,3661139000.0,3731440500.0,3661139000.0,4577580160.0,-63.0,17.698,117210000.0,0.853,1.0,405569000.0,0.339,0.0,122315000.0,7631641000.0,7634607500.0,0.0,274690000.0,274690000.0,0.0,2407184000.0,208317000.0,2198867000.0,2748689160.0,-74833000.0,80712000.0,0.0,0.0,0.0,-306000.0,-390456000.0,-272449000.0,315929000.0,0.0,-133006000.0,-133006000.0,-133006000.0,0.0,0.0,-0.111,431590000.0,-26021000.0,42169000.0,0.0,0.751,-20.666,-20.619,5191841000.0,0.0,20.0,2.297,2.296,198701000.0,1848623000.0,1196901000.0,1196901000.0,0.0,-0.022,-0.036,-0.01,-0.061,5480000.0,90263000.0,1.0,137434458.0,137434000.0,137434000.0,8.709,6068323000.0,0.0,-62397000.0,14789000.0,44.154,606118000.0
10,DOFSQ,MRT,2018-06-30,2018-06-30,2018-06-30,2021-08-04,23000.0,6112779000.0,6188665000.0,844193000.0,5268586000.0,0.206,27.001,-158124000.0,144168000.0,144168000.0,803594000.0,-71095000.0,4.234,0.647,1973059000.0,0.0,1973059000.0,1973059000.0,0.0,333134000.0,0.0,0.0,0.0,-26726000.0,306408000.0,0.24,306408000.0,-26726000.0,-143310000.0,-0.52,-0.52,-0.52,3710730000.0,3767346250.0,3710730000.0,4409707754.0,-165.0,14.392,289570000.0,2.107,1.0,473008000.0,0.371,0.0,116584000.0,7742308000.0,7654803250.0,0.0,274671000.0,274671000.0,0.0,2402049000.0,199362000.0,2202687000.0,2866753754.0,-16801000.0,12842000.0,0.0,-38035000.0,0.0,-45388000.0,-419107000.0,-273802000.0,447694000.0,0.0,-71095000.0,-71095000.0,-71095000.0,0.0,0.0,-0.056,417405000.0,55603000.0,54717000.0,0.0,0.773,-40.323,-40.115,5197197000.0,0.0,20.86,2.246,2.246,203131000.0,1899735000.0,1276602000.0,1276602000.0,0.0,-0.011,-0.019,-0.003,-0.021,6067000.0,74761000.0,1.0,137428272.0,137429000.0,137429000.0,9.289,6112779000.0,0.0,-72215000.0,14522000.0,44.48,644831000.0
11,DOFSQ,MRT,2018-03-31,2018-03-31,2018-03-31,2021-08-04,-7000.0,6193083000.0,6208786000.0,879969000.0,5313114000.0,0.227,27.489,-141577000.0,429684000.0,429684000.0,813866000.0,14128000.0,4.512,0.639,1972638000.0,0.0,1972638000.0,1972638000.0,0.0,337291000.0,0.0,0.0,0.0,43206000.0,380497000.0,0.27,380497000.0,43206000.0,-71044000.0,0.1,0.1,0.1,3779632000.0,3787618250.0,3779632000.0,3607947284.0,84.0,9.482,337324000.0,2.453,1.0,593164000.0,0.422,0.0,114250000.0,7541011000.0,7683391500.0,0.0,0.0,0.0,0.0,2413451000.0,195026000.0,2218425000.0,2011759284.0,306368000.0,14526000.0,0.0,-38035000.0,0.0,-45506000.0,-127027000.0,35000.0,478901000.0,0.0,14128000.0,14128000.0,14128000.0,0.0,0.0,0.01,420319000.0,172845000.0,33719000.0,0.0,0.532,142.395,146.6,5221709000.0,0.0,14.66,1.43,1.433,199615000.0,1969006000.0,1407030000.0,1407030000.0,0.0,0.002,0.004,0.006,0.031,7413000.0,75535000.0,1.0,137227782.0,137495000.0,137294000.0,10.233,6193083000.0,0.0,-85172000.0,22189000.0,45.042,684943000.0
12,DOFSQ,MRT,2017-12-31,2017-12-31,2017-12-31,2021-08-04,-5000.0,6250570000.0,6227751000.0,886653000.0,5363917000.0,0.239,27.496,-139581000.0,376037000.0,376037000.0,835708000.0,18346000.0,3.971,0.656,1972225000.0,0.0,1972225000.0,1972225000.0,0.0,348695000.0,0.0,0.0,0.0,92088000.0,440783000.0,0.297,440783000.0,92088000.0,-21440000.0,0.13,0.13,0.13,3774261000.0,3786209000.0,3774261000.0,4246230467.0,46.0,9.633,354227000.0,2.581,1.0,650038000.0,0.438,0.0,113528000.0,7623470000.0,7779442000.0,0.0,0.0,0.0,0.0,2476309000.0,223288000.0,2253021000.0,2551064467.0,219804000.0,15196000.0,0.0,-142235000.0,0.0,-149654000.0,-124350000.0,35000.0,493808000.0,0.0,18346000.0,18346000.0,18346000.0,0.0,0.0,0.012,426846000.0,223192000.0,38755000.0,0.0,0.676,139.053,143.0,5261641000.0,0.0,18.59,1.717,1.717,256730000.0,1964497000.0,1485746000.0,1485746000.0,0.0,0.003,0.005,0.012,0.062,6250000.0,74505000.0,1.0,137227782.0,137265000.0,137213000.0,10.824,6250570000.0,0.0,-39786000.0,29878000.0,45.537,663365000.0
13,DOFSQ,MRT,2017-09-30,2017-09-30,2017-09-30,2021-08-04,-3000.0,6198228000.0,6258077750.0,648477000.0,5549751000.0,0.245,27.723,-155050000.0,276686000.0,276686000.0,804417000.0,166369000.0,3.583,0.629,1971852000.0,0.0,1971852000.0,1971852000.0,0.0,348523000.0,0.0,0.0,0.0,198154000.0,546677000.0,0.357,546677000.0,198154000.0,93515000.0,1.21,1.21,1.21,3804762000.0,3780177250.0,3804762000.0,3810280370.0,19.0,6.97,366145000.0,2.668,1.0,726995000.0,0.475,0.0,104639000.0,7712424000.0,7863631750.0,0.0,0.0,0.0,0.0,2393466000.0,180970000.0,2212496000.0,1989791370.0,195357000.0,56701000.0,0.0,-220135000.0,0.0,-227531000.0,-98307000.0,42000.0,521195000.0,0.0,166369000.0,166369000.0,166369000.0,0.0,0.0,0.109,421318000.0,305677000.0,33301000.0,0.0,0.523,11.96,11.983,5432689000.0,0.0,14.5,1.299,1.299,271390000.0,1996438000.0,1531412000.0,1531412000.0,0.0,0.027,0.044,0.025,0.129,5932000.0,69085000.0,1.0,137226991.0,137241000.0,137227000.0,11.159,6198228000.0,0.0,-72854000.0,7436000.0,45.163,467507000.0
14,DOFSQ,MRT,2017-06-30,2017-06-30,2017-06-30,2021-08-04,-2000.0,6193263000.0,6310814500.0,580176000.0,5613087000.0,0.24,27.632,-191150000.0,160969000.0,160969000.0,792744000.0,169497000.0,3.693,0.633,1981458000.0,0.0,1981458000.0,1981458000.0,0.0,351715000.0,0.0,0.0,0.0,227171000.0,578886000.0,0.382,578886000.0,227171000.0,132062000.0,1.23,1.23,1.23,3791818000.0,3737218750.0,3791818000.0,3343990609.0,15.0,5.777,326815000.0,2.382,1.0,721823000.0,0.477,0.0,95109000.0,7856661000.0,7938192500.0,0.0,0.0,0.0,0.0,2401445000.0,157091000.0,2244354000.0,1486137609.0,57690000.0,58501000.0,0.0,-327300000.0,0.0,-327671000.0,-132604000.0,22000.0,517965000.0,0.0,169497000.0,169497000.0,169497000.0,0.0,0.0,0.112,420656000.0,301167000.0,32717000.0,0.0,0.392,8.768,8.805,5490158000.0,0.0,10.83,0.981,0.981,311517000.0,1985640000.0,1514567000.0,1514567000.0,0.0,0.027,0.045,0.029,0.15,4702000.0,66516000.0,1.0,137224156.0,137227000.0,137224000.0,11.037,6193263000.0,0.0,-37435000.0,13672000.0,45.132,423085000.0
15,DOFSQ,MRT,2017-03-31,2017-03-31,2017-03-31,2021-08-04,-1000.0,6268943000.0,6388818250.0,515503000.0,5753440000.0,0.235,27.497,-624046000.0,123316000.0,123316000.0,804600000.0,-436389000.0,2.557,0.661,1981169000.0,0.0,1981169000.0,1981169000.0,0.0,370749000.0,0.0,0.0,0.0,-435019000.0,-64270000.0,-0.043,-64270000.0,-435019000.0,-527033000.0,-3.19,-3.19,-3.19,3773995000.0,3693783500.0,3773995000.0,4220956069.0,-10.0,-65.675,-120146000.0,-0.875,1.0,699425000.0,0.465,0.0,92014000.0,7925213000.0,7994436000.0,0.0,24000.0,24000.0,0.0,2494948000.0,201583000.0,2293365000.0,2292105069.0,-5612000.0,110524000.0,0.0,0.0,0.0,-604000.0,-508908000.0,4614000.0,503900000.0,0.0,-436389000.0,-436389000.0,-436389000.0,0.0,0.0,-0.29,438874000.0,260551000.0,33278000.0,0.0,0.607,-5.252,-5.238,5616367000.0,0.0,16.71,1.524,1.525,286408000.0,1969691000.0,1504025000.0,1504025000.0,0.0,-0.068,-0.118,-0.054,-0.289,4120000.0,65645000.0,1.0,137169663.0,137250000.0,137173000.0,10.958,6268943000.0,0.0,-90644000.0,9272000.0,45.675,313920000.0
16,DOFSQ,MRT,2016-12-31,2016-12-31,2016-12-31,2021-08-04,1000.0,6371877000.0,6557732250.0,505807000.0,5866070000.0,0.244,27.34,-652673000.0,156233000.0,156233000.0,830231000.0,-372503000.0,1.485,0.699,2085084000.0,104200000.0,1980884000.0,2085084000.0,0.0,381760000.0,0.0,0.0,0.0,-378365000.0,3395000.0,0.002,3395000.0,-378365000.0,-468299000.0,-2.72,-2.72,-2.72,3750134000.0,3798979750.0,3750134000.0,4509276035.0,-12.0,1328.211,-6119000.0,-0.045,1.0,770111000.0,0.481,0.0,89934000.0,7960229000.0,8116816000.0,0.0,0.0,0.0,0.0,2621743000.0,340499000.0,2281244000.0,2427903035.0,37205000.0,221722000.0,0.0,-182389000.0,0.0,-183012000.0,-426337000.0,4614000.0,646554000.0,0.0,-372503000.0,-372503000.0,-372503000.0,0.0,0.0,-0.233,448850000.0,321261000.0,30242000.0,0.0,0.647,-6.518,-6.507,5726935000.0,0.0,17.7,1.517,1.517,247028000.0,1946765000.0,1600342000.0,1600342000.0,0.0,-0.057,-0.098,-0.047,-0.236,4880000.0,63560000.0,1.0,137169663.0,137168000.0,137168000.0,11.667,6371877000.0,0.0,-95796000.0,23898000.0,46.453,165308000.0
17,DOFSQ,MRT,2016-09-30,2016-09-30,2016-09-30,2021-08-04,3000.0,6409175000.0,6752236500.0,477123000.0,5932052000.0,0.261,26.469,-670549000.0,81329000.0,81329000.0,916653000.0,-733969000.0,0.994,0.764,2162702000.0,182100000.0,1980602000.0,2162702000.0,0.0,410177000.0,0.0,0.007,0.125,-816360000.0,-406183000.0,-0.23,-406183000.0,-816360000.0,-908198000.0,-5.35,-5.35,-5.35,3632928000.0,3889638750.0,3632928000.0,4619902765.0,-6.0,-11.374,91195000.0,0.664,1.0,847378000.0,0.48,0.0,91838000.0,8010667000.0,8294636250.0,0.0,46000.0,46000.0,0.0,2776247000.0,479881000.0,2296366000.0,2415557765.0,-59802000.0,173645000.0,0.0,-310896000.0,-17145000.0,-329262000.0,-492284000.0,4620000.0,761744000.0,0.0,-733969000.0,-733969000.0,-733969000.0,0.0,0.0,-0.416,470994000.0,376384000.0,36480000.0,-0.023,0.665,-3.291,-3.292,5819309000.0,0.0,17.61,1.369,1.37,273982000.0,1830683000.0,1764031000.0,1764031000.0,0.0,-0.109,-0.189,-0.098,-0.463,5107000.0,64348000.0,1.0,137169663.0,137254000.0,137170000.0,12.852,6409175000.0,0.0,-174229000.0,36911000.0,46.696,-2758000.0
18,DOFSQ,MRT,2016-06-30,2016-06-30,2016-06-30,2021-08-04,4000.0,6505278000.0,7112566750.0,546417000.0,5958861000.0,0.285,26.377,-677956000.0,103279000.0,103279000.0,1010454000.0,-611474000.0,0.87,0.798,2307624000.0,327300000.0,1980324000.0,2307624000.0,0.0,441790000.0,0.0,0.01,0.25,-689021000.0,-247231000.0,-0.122,-247231000.0,-689021000.0,-783177000.0,-4.46,-4.46,-4.46,3618077000.0,4075445000.0,3618077000.0,5188458901.0,-8.0,-20.986,163097000.0,1.189,1.0,1014141000.0,0.501,0.0,94156000.0,8081635000.0,8618633000.0,0.0,57000.0,57000.0,0.0,2887201000.0,627988000.0,2259213000.0,3337337901.0,7425000.0,172695000.0,0.0,-297678000.0,-34289000.0,-332987000.0,-500641000.0,4620000.0,841053000.0,0.0,-611474000.0,-611474000.0,-611474000.0,0.0,0.0,-0.302,507848000.0,506293000.0,35567000.0,-0.056,0.922,-5.458,-5.455,5848172000.0,0.0,24.33,1.648,1.648,324588000.0,1816756000.0,2024595000.0,2024595000.0,0.0,-0.086,-0.15,-0.08,-0.34,5499000.0,65999000.0,1.0,137169663.0,137170000.0,137170000.0,14.76,6505278000.0,0.0,-171703000.0,60624000.0,47.425,-81571000.0
19,DOFSQ,MRT,2016-03-31,2016-03-31,2016-03-31,2021-08-04,-11595000.0,6944599000.0,7455157750.0,615034000.0,6329565000.0,0.304,30.573,-691737000.0,128928000.0,128928000.0,1154796000.0,68849000.0,1.614,0.656,1980049000.0,0.0,1980049000.0,1980049000.0,0.0,460103000.0,0.0,0.017,0.375,84434000.0,544537000.0,0.24,544537000.0,84434000.0,-11034000.0,0.5,0.5,0.5,4194780000.0,4235368250.0,4194780000.0,5142792681.0,61.0,9.444,125454000.0,0.914,1.0,1115084000.0,0.491,0.0,95468000.0,8414733000.0,8939651250.0,0.0,5067000.0,5067000.0,0.0,2749819000.0,380987000.0,2368832000.0,2980458681.0,-55847000.0,121581000.0,0.0,-250000000.0,-52288000.0,-302933000.0,-570105000.0,40000.0,817191000.0,0.0,68849000.0,68849000.0,68849000.0,0.0,0.0,0.03,526146000.0,588938000.0,51421000.0,0.75,0.711,43.29,43.46,6219242000.0,0.0,21.73,1.313,1.313,363597000.0,2406693000.0,2269880000.0,2269880000.0,0.0,0.009,0.016,0.009,0.037,5194000.0,64408000.0,1.0,137158706.0,137206000.0,137162000.0,16.544,6944599000.0,0.0,-79883000.0,40357000.0,50.614,234047000.0
20,DOFSQ,MRT,2015-12-31,2015-12-31,2015-12-31,2021-08-04,-5035000.0,7149894000.0,7602965250.0,669595000.0,6480299000.0,0.318,29.986,-830655000.0,119028000.0,119028000.0,1285914000.0,-274285000.0,1.07,0.738,2266367000.0,286589000.0,1979778000.0,2266367000.0,0.0,493162000.0,0.0,0.024,0.5,-287414000.0,205748000.0,0.085,205748000.0,-287414000.0,-381348000.0,-2.0,-2.0,-2.0,4112770000.0,4231634750.0,4112770000.0,5240623697.0,-18.0,25.471,-94228000.0,-0.687,1.0,1133479000.0,0.468,0.0,93934000.0,8671510000.0,9042108500.0,0.0,11518000.0,11518000.0,0.0,3037124000.0,625723000.0,2411401000.0,2894048697.0,-114595000.0,13049000.0,0.0,36589000.0,-69432000.0,-33467000.0,-817555000.0,51000.0,736427000.0,0.0,-274285000.0,-274285000.0,-274285000.0,0.0,0.0,-0.113,567112000.0,566367000.0,70272000.0,-0.25,0.704,-10.551,-10.55,6378814000.0,0.0,21.1,1.196,1.196,405370000.0,2319136000.0,2419393000.0,2419393000.0,0.0,-0.036,-0.065,-0.032,-0.119,4856000.0,66462000.0,1.0,137158706.0,137157000.0,137157000.0,17.64,7149894000.0,0.0,-107063000.0,15093000.0,52.129,43872000.0
21,DOFSQ,MRT,2015-09-30,2015-09-30,2015-09-30,2021-08-04,-2827000.0,7850496000.0,7820814000.0,841077000.0,7009419000.0,0.325,31.895,-1766781000.0,141131000.0,141131000.0,1377728000.0,69942000.0,0.945,0.794,2487706000.0,492996000.0,1994710000.0,2487706000.0,0.0,510426000.0,0.0,0.072,1.25,218744000.0,729170000.0,0.287,729170000.0,218744000.0,131947000.0,0.52,0.51,0.52,4376153000.0,4316333000.0,4376153000.0,4896617614.0,22.0,6.715,-990109000.0,-7.216,1.0,1161423000.0,0.457,0.0,86797000.0,9306654000.0,9168108000.0,0.0,13621000.0,13621000.0,0.0,3474343000.0,890417000.0,2583926000.0,2372845614.0,-327692000.0,10004000.0,0.0,242996000.0,-173237000.0,68352000.0,-1172716000.0,584061000.0,776672000.0,0.0,69942000.0,69942000.0,69942000.0,0.0,0.0,0.028,592221000.0,569202000.0,78571000.0,2.404,0.542,33.926,33.269,6888248000.0,0.0,17.3,0.935,0.935,515754000.0,2581664000.0,2539151000.0,2539151000.0,0.0,0.009,0.016,0.024,0.086,4451000.0,70811000.0,1.0,137158706.0,137203000.0,137159000.0,18.507,7850496000.0,0.0,62005000.0,33546000.0,57.218,-49340000.0
22,DOFSQ,MRT,2015-06-30,2015-06-30,2015-06-30,2021-08-04,-615000.0,7875642000.0,7867318000.0,822430000.0,7053212000.0,0.339,31.033,-1901500000.0,95854000.0,95854000.0,1498547000.0,-13835000.0,0.796,0.85,2619626000.0,624978000.0,1994648000.0,2619626000.0,0.0,501194000.0,0.0,0.077,2.0,128644000.0,629838000.0,0.236,629838000.0,128644000.0,53819000.0,-0.09,-0.1,-0.09,4257770000.0,4340523250.0,4257770000.0,5599857202.0,44.0,8.891,-1075152000.0,-7.836,1.0,1168544000.0,0.438,0.0,74825000.0,9365708000.0,9076533000.0,0.0,15953000.0,15953000.0,0.0,3617872000.0,1033706000.0,2584166000.0,3540066202.0,-884963000.0,9493000.0,0.0,124978000.0,-277019000.0,-153394000.0,-1557917000.0,334090000.0,826348000.0,0.0,-13835000.0,-13835000.0,-13835000.0,0.0,0.0,-0.005,583444000.0,585100000.0,83584000.0,-22.222,0.831,-255.878,-286.778,6930329000.0,0.0,25.81,1.327,1.328,516008000.0,2462386000.0,2667091000.0,2667091000.0,0.0,-0.002,-0.003,0.014,0.048,3272000.0,72527000.0,1.0,137158706.0,137201000.0,137159000.0,19.439,7875642000.0,0.0,67654000.0,21759000.0,57.402,-211276000.0
23,DOFSQ,MRT,2015-03-31,2015-03-31,2015-03-31,2021-08-04,-3968000.0,7535829000.0,7988988000.0,843797000.0,6692032000.0,0.341,30.476,-1634482000.0,184775000.0,184775000.0,1577008000.0,-14508000.0,1.094,0.803,2244566000.0,249979000.0,1994587000.0,2244566000.0,0.0,486771000.0,0.0,0.103,2.75,128274000.0,615045000.0,0.226,615045000.0,128274000.0,60394000.0,-0.1,-0.11,-0.1,4179846000.0,4412817750.0,4179846000.0,5685057214.0,44.0,9.243,-784100000.0,-5.717,1.0,1148295000.0,0.421,0.0,67880000.0,8824562000.0,9004010250.0,0.0,14016000.0,14016000.0,0.0,3355983000.0,771058000.0,2584925000.0,3674192214.0,-235365000.0,22908000.0,-1392000.0,-250000000.0,-380729000.0,-633288000.0,-452459000.0,1159115000.0,850382000.0,0.0,-14508000.0,-14508000.0,-14508000.0,0.0,0.0,-0.005,563550000.0,584745000.0,102869000.0,-27.5,0.879,-253.253,-267.9,6574142000.0,0.0,26.79,1.348,1.348,445685000.0,2389145000.0,2725303000.0,2725303000.0,0.0,-0.002,-0.003,0.014,0.047,2946000.0,76457000.0,1.0,137147899.0,137151000.0,137151000.0,19.871,7535829000.0,0.0,74902000.0,34685000.0,54.945,72739000.0
24,DOFSQ,MRT,2014-12-31,2014-12-31,2014-12-31,2021-08-04,-3605000.0,8021289000.0,8187027500.0,899059000.0,7122230000.0,0.344,32.37,-2032764000.0,233623000.0,233623000.0,1599714000.0,387011000.0,1.05,0.802,2244488000.0,249962000.0,1994526000.0,2244488000.0,0.0,456483000.0,0.0,0.095,3.5,577244000.0,1033727000.0,0.367,1033727000.0,577244000.0,515191000.0,2.82,2.81,2.82,4451563000.0,4512379000.0,4451563000.0,6810283416.0,12.0,6.588,-1039933000.0,-7.562,1.0,1214957000.0,0.432,0.0,62053000.0,9175508000.0,9209775250.0,0.0,16033000.0,16033000.0,0.0,3569726000.0,856646000.0,2713080000.0,5034694416.0,-113388000.0,18318000.0,-87756000.0,-250000000.0,-486240000.0,-825984000.0,-280235000.0,1734211000.0,992831000.0,0.0,387011000.0,387011000.0,387011000.0,0.0,0.0,0.137,532933000.0,682024000.0,138444000.0,1.241,1.131,13.009,13.018,6945953000.0,0.0,36.71,1.789,1.794,463862000.0,2661999000.0,2814671000.0,2814671000.0,0.0,0.047,0.086,0.063,0.205,3507000.0,81832000.0,1.0,137147764.0,137523000.0,137473000.0,20.467,8021289000.0,0.0,128180000.0,41648000.0,58.327,42413000.0
25,DOFSQ,MRT,2014-09-30,2014-09-30,2014-09-30,2021-08-04,-2204000.0,8036512000.0,8279563750.0,1771705000.0,6264807000.0,0.346,32.614,-1241463000.0,468823000.0,468823000.0,1667237000.0,380783000.0,2.032,0.797,2244412000.0,249946000.0,1994466000.0,2244412000.0,0.0,421756000.0,0.0,0.102,3.5,595302000.0,1017058000.0,0.355,1017058000.0,595302000.0,542116000.0,2.75,2.75,2.75,4472914000.0,4558802750.0,4472914000.0,6213500616.0,10.0,6.109,-350539000.0,-2.556,1.0,1198610000.0,0.418,0.0,53186000.0,8940354000.0,9364144250.0,0.0,600143000.0,600143000.0,0.0,3563598000.0,871747000.0,2691851000.0,4699989616.0,30029000.0,18299000.0,-87756000.0,747805000.0,-487676000.0,161835000.0,-1022730000.0,200434000.0,890924000.0,0.0,380783000.0,380783000.0,380783000.0,0.0,0.0,0.133,491020000.0,707590000.0,104027000.0,1.273,1.051,12.343,12.462,6071935000.0,0.0,34.27,1.64,1.64,517389000.0,2684355000.0,2865847000.0,2865847000.0,0.0,0.046,0.084,0.064,0.208,3505000.0,78207000.0,1.0,137145889.0,137147000.0,137146000.0,20.896,8036512000.0,0.0,161333000.0,51156000.0,58.598,899958000.0
26,DOFSQ,MRT,2014-06-30,2014-06-30,2014-06-30,2021-08-04,3547000.0,8362322000.0,8106087750.0,2076864000.0,6285458000.0,0.35,33.153,-1232050000.0,980817000.0,980817000.0,1692390000.0,422886000.0,2.595,0.839,2494328000.0,249992000.0,2244336000.0,2494328000.0,0.0,410045000.0,0.0,0.071,3.5,637543000.0,1047588000.0,0.37,1047588000.0,637543000.0,592042000.0,3.05,3.05,3.05,4546948000.0,4606658250.0,4546948000.0,8880347592.0,14.0,8.477,-318857000.0,-2.325,1.0,1141940000.0,0.403,0.0,45501000.0,9075617000.0,9049854500.0,0.0,350156000.0,350156000.0,0.0,3815374000.0,800216000.0,3015158000.0,6806252592.0,610845000.0,18899000.0,-87756000.0,997805000.0,-489128000.0,410329000.0,-712677000.0,500474000.0,913193000.0,0.0,422886000.0,422886000.0,422886000.0,0.0,0.0,0.149,496876000.0,645064000.0,121164000.0,1.148,1.497,16.095,16.272,6055990000.0,0.0,49.63,2.401,2.402,545024000.0,2752837000.0,2834330000.0,2834330000.0,0.0,0.052,0.092,0.07,0.225,4217000.0,74843000.0,1.0,137139887.0,137149000.0,137145000.0,20.666,8362322000.0,0.0,169156000.0,11583000.0,60.973,1276648000.0
27,DOFSQ,MRT,2014-03-31,2014-03-31,2014-03-31,2021-08-04,3042000.0,8327987000.0,7843632750.0,2165656000.0,6162331000.0,0.37,33.061,-1369193000.0,420140000.0,420140000.0,1636565000.0,518507000.0,2.87,0.819,2494235000.0,249973000.0,2244262000.0,2494235000.0,0.0,398282000.0,0.0,0.072,3.5,770669000.0,1168951000.0,0.403,1168951000.0,770669000.0,735740000.0,3.73,3.73,3.73,4578091000.0,4641463000.0,4578091000.0,8926500444.0,12.0,7.636,-276296000.0,-1.995,1.0,1263539000.0,0.436,0.0,34929000.0,9647622000.0,8782484750.0,0.0,1175135000.0,1175135000.0,0.0,3749896000.0,754460000.0,2995436000.0,6779368444.0,112031000.0,2843000.0,-86364000.0,997805000.0,-490688000.0,409975000.0,-1390841000.0,-24491000.0,1092897000.0,0.0,518507000.0,518507000.0,518507000.0,0.0,0.0,0.179,489382000.0,774157000.0,92924000.0,0.938,1.481,13.075,13.072,5954496000.0,0.0,48.76,2.338,2.328,416177000.0,2784249000.0,2900104000.0,2900104000.0,0.0,0.066,0.112,0.088,0.266,4202000.0,70800000.0,1.0,139035448.0,138473000.0,138469000.0,20.943,8327987000.0,0.0,217233000.0,28442000.0,60.142,1411196000.0
28,DOFSQ,MRT,2013-12-31,2013-12-31,2013-12-31,2021-08-04,350000.0,8391434000.0,7578350750.0,2718110000.0,5673324000.0,0.385,33.346,-957598000.0,347011000.0,347011000.0,1647492000.0,548686000.0,3.646,0.81,2494143000.0,249954000.0,2244189000.0,2494143000.0,0.0,388092000.0,0.0,0.061,3.5,799083000.0,1187175000.0,0.407,1187175000.0,799083000.0,774240000.0,3.95,3.95,3.95,4637258000.0,4654303250.0,4637258000.0,8971359700.0,11.0,7.557,108390000.0,0.779,1.0,1272929000.0,0.436,0.0,24843000.0,9792984000.0,8369765750.0,0.0,1750053000.0,1750053000.0,0.0,3754176000.0,745582000.0,3008594000.0,7913897700.0,11579000.0,4900000.0,0.0,997805000.0,-490331000.0,497666000.0,-1552075000.0,-599377000.0,1065988000.0,0.0,548686000.0,548686000.0,548686000.0,0.0,0.0,0.188,471323000.0,801606000.0,94151000.0,0.886,1.707,14.423,14.41,5467227000.0,0.0,56.92,2.71,2.71,469355000.0,2761161000.0,2920421000.0,2920421000.0,0.0,0.072,0.118,0.095,0.274,3573000.0,64788000.0,1.0,139035448.0,139064000.0,139035000.0,21.001,8391434000.0,0.0,225554000.0,30806000.0,60.342,1972528000.0
29,DOFSQ,MRT,2013-09-30,2013-09-30,2013-09-30,2021-08-04,-626000.0,7342608000.0,7289313750.0,1817552000.0,5525056000.0,0.404,33.541,-927829000.0,438794000.0,438794000.0,1607632000.0,611732000.0,2.535,0.574,1496256000.0,249935000.0,1246321000.0,1496256000.0,0.0,383951000.0,0.0,0.056,3.5,806235000.0,1190186000.0,0.404,1190186000.0,806235000.0,779086000.0,4.4,4.4,4.4,4664336000.0,4639087250.0,4664336000.0,9790909119.0,12.0,8.226,231742000.0,1.666,1.0,1336829000.0,0.454,0.0,27149000.0,7683195000.0,7899113250.0,0.0,800204000.0,800204000.0,0.0,2678272000.0,716875000.0,1961397000.0,8664689119.0,122195000.0,4915000.0,0.0,0.0,-490206000.0,-490192000.0,-547184000.0,375730000.0,1159571000.0,0.0,611732000.0,611732000.0,611732000.0,0.0,0.0,0.208,465493000.0,871336000.0,86533000.0,0.795,1.858,14.164,14.164,5331470000.0,0.0,62.32,2.943,2.943,424808000.0,2791242000.0,2944461000.0,2944461000.0,0.0,0.084,0.132,0.102,0.274,3736000.0,63327000.0,1.0,139035448.0,139065000.0,139035000.0,21.173,7342608000.0,0.0,167354000.0,26175000.0,52.8,1100677000.0
30,DOFSQ,MRT,2013-06-30,2013-06-30,2013-06-30,2021-08-04,-5847000.0,7312502000.0,7248599250.0,1862787000.0,5449715000.0,0.409,33.696,-860271000.0,369972000.0,369972000.0,1545084000.0,695170000.0,4.306,0.56,1496192000.0,0.0,1496192000.0,1496192000.0,0.0,386015000.0,0.0,0.051,3.5,916544000.0,1302559000.0,0.439,1302559000.0,916544000.0,882368000.0,5.0,5.0,5.0,4686167000.0,4608360750.0,4686167000.0,10752267468.0,12.0,8.255,357775000.0,2.573,1.0,1422353000.0,0.479,0.0,34176000.0,8006138000.0,7959928750.0,0.0,850232000.0,850232000.0,0.0,2626335000.0,432584000.0,2193751000.0,9564248468.0,-6387000.0,4355000.0,0.0,0.0,-490080000.0,-493703000.0,-730730000.0,125186000.0,1218046000.0,0.0,695170000.0,695170000.0,695170000.0,0.0,0.0,0.234,443547000.0,978806000.0,74489000.0,0.7,2.041,13.758,13.758,5239231000.0,0.0,68.79,3.223,3.224,485878000.0,2819144000.0,2967437000.0,2967437000.0,0.0,0.096,0.151,0.115,0.309,3634000.0,61563000.0,1.0,139035448.0,139072000.0,139035000.0,21.337,7312502000.0,0.0,187198000.0,23735000.0,52.581,1430203000.0
31,DOFSQ,MRT,2013-03-31,2013-03-31,2013-03-31,2021-08-04,1252000.0,7266859000.0,7191198000.0,2073575000.0,5193284000.0,0.41,33.286,-775526000.0,308109000.0,308109000.0,1580132000.0,711297000.0,4.526,0.57,1496128000.0,0.0,1496128000.0,1496128000.0,0.0,388341000.0,0.0,0.05,3.5,911781000.0,1300122000.0,0.441,1300122000.0,911781000.0,872825000.0,5.12,5.12,5.12,4629452000.0,4557317000.0,4629452000.0,10831670009.0,12.0,8.331,462007000.0,3.322,1.0,1367475000.0,0.464,0.0,38956000.0,7996746000.0,7910900000.0,0.0,1150168000.0,1150168000.0,0.0,2637407000.0,458132000.0,2179275000.0,9671036009.0,184588000.0,91789000.0,0.0,0.0,-490405000.0,-493938000.0,-559007000.0,124730000.0,1237533000.0,0.0,711297000.0,711297000.0,711297000.0,0.0,0.0,0.241,394344000.0,973131000.0,90758000.0,0.684,2.089,13.596,13.586,4967242000.0,0.0,69.56,3.281,3.282,485900000.0,2756319000.0,2947607000.0,2947607000.0,0.0,0.099,0.156,0.115,0.309,3906000.0,63869000.0,1.0,139031570.0,139081000.0,139032000.0,21.193,7266859000.0,0.0,161528000.0,30596000.0,52.249,1615443000.0
32,DOFSQ,MRT,2012-12-31,2012-12-31,2012-12-31,2021-08-04,2496000.0,7235286000.0,7130867750.0,2132943000.0,5102343000.0,0.419,32.912,-702041000.0,335432000.0,335432000.0,1586002000.0,720477000.0,4.393,0.581,1496066000.0,0.0,1496066000.0,1496066000.0,0.0,392913000.0,0.0,0.052,3.5,964297000.0,1357210000.0,0.454,1357210000.0,964297000.0,918081000.0,5.18,5.18,5.18,4576394000.0,4500591250.0,4576394000.0,10627905411.0,11.0,7.831,609228000.0,4.381,1.0,1400506000.0,0.469,0.0,46216000.0,7910374000.0,7908765000.0,0.0,1150158000.0,1150158000.0,0.0,2658892000.0,485546000.0,2173346000.0,9448500411.0,1667000.0,138495000.0,0.0,0.0,-490245000.0,-493884000.0,-815718000.0,-252172000.0,1311269000.0,0.0,720477000.0,720477000.0,720477000.0,0.0,0.0,0.241,375691000.0,1024815000.0,96631000.0,0.676,2.065,13.114,13.12,4864972000.0,0.0,67.96,3.164,3.164,499660000.0,2702915000.0,2986508000.0,2986508000.0,0.0,0.101,0.16,0.122,0.323,4357000.0,64640000.0,1.0,139030318.0,139048000.0,139029000.0,21.478,7235286000.0,0.0,197604000.0,64481000.0,52.034,1647397000.0
33,DOFSQ,MRT,2012-09-30,2012-09-30,2012-09-30,2021-08-04,2901000.0,7179750000.0,7063085500.0,2098831000.0,5080919000.0,0.423,32.66,-646123000.0,316599000.0,316599000.0,1619358000.0,753306000.0,4.851,0.581,1496004000.0,0.0,1496004000.0,1496004000.0,0.0,395158000.0,0.0,0.053,3.5,986360000.0,1381518000.0,0.463,1381518000.0,986360000.0,936587000.0,5.41,5.41,5.41,4541430000.0,4439758500.0,4541430000.0,10269134217.0,10.0,7.433,704437000.0,5.066,1.0,1364970000.0,0.457,0.0,49773000.0,7926457000.0,7855902500.0,0.0,1175572000.0,1175572000.0,0.0,2638320000.0,432698000.0,2205622000.0,9149550217.0,-31404000.0,137412000.0,0.0,0.0,-490111000.0,-493627000.0,-888337000.0,-379626000.0,1350560000.0,0.0,753306000.0,753306000.0,753306000.0,0.0,0.0,0.252,379278000.0,985692000.0,78312000.0,0.647,2.015,12.146,12.165,4835715000.0,0.0,65.81,3.066,3.066,463219000.0,2669775000.0,2984328000.0,2984328000.0,0.0,0.107,0.17,0.126,0.331,4455000.0,66137000.0,1.0,139029786.0,139053000.0,139030000.0,21.462,7179750000.0,0.0,183281000.0,31573000.0,51.633,1666133000.0
34,DOFSQ,MRT,2012-06-30,2012-06-30,2012-06-30,2021-08-04,-86000.0,7082897000.0,6977956750.0,2044620000.0,5038277000.0,0.449,32.235,-580608000.0,376359000.0,376359000.0,1655089000.0,831974000.0,5.21,0.58,1495943000.0,0.0,1495943000.0,1495943000.0,0.0,397126000.0,0.0,0.059,3.5,1093516000.0,1490642000.0,0.476,1490642000.0,1093516000.0,1036589000.0,5.98,5.98,5.98,4481992000.0,4369554750.0,4481992000.0,9593082259.0,9.0,6.436,729203000.0,5.245,1.0,1478275000.0,0.472,0.0,56927000.0,7810023000.0,7777797250.0,0.0,975947000.0,975947000.0,0.0,2600905000.0,392458000.0,2208447000.0,8220720259.0,96483000.0,138016000.0,0.0,0.0,-489977000.0,-489852000.0,-723476000.0,-280884000.0,1309811000.0,0.0,831974000.0,831974000.0,831974000.0,0.0,0.0,0.266,387128000.0,1091147000.0,63953000.0,0.585,1.834,9.881,9.888,4780747000.0,0.0,59.13,2.624,2.624,532302000.0,2614072000.0,3133364000.0,3133364000.0,0.0,0.119,0.19,0.141,0.349,4536000.0,67540000.0,1.0,139027909.0,139040000.0,139029000.0,22.536,7082897000.0,0.0,204615000.0,24787000.0,50.941,1652162000.0
35,DOFSQ,MRT,2012-03-31,2012-03-31,2012-03-31,2021-08-04,816000.0,7025538000.0,6889888250.0,2131924000.0,4893614000.0,0.477,31.664,-514393000.0,123521000.0,123521000.0,1645493000.0,897099000.0,5.204,0.596,1495883000.0,0.0,1495883000.0,1495883000.0,0.0,398832000.0,0.0,0.052,3.5,1200279000.0,1599111000.0,0.487,1599111000.0,1200279000.0,1133857000.0,6.45,6.45,6.45,4402549000.0,4283956000.0,4402549000.0,10442124201.0,9.0,6.53,849075000.0,6.107,1.0,1639179000.0,0.499,0.0,66422000.0,7988206000.0,7719390250.0,0.0,1276592000.0,1276592000.0,0.0,2622989000.0,409694000.0,2213295000.0,9280066201.0,-369700000.0,51753000.0,0.0,0.0,-490174000.0,-490139000.0,-1243029000.0,-780389000.0,1363468000.0,0.0,897099000.0,897099000.0,897099000.0,0.0,0.0,0.273,437620000.0,1201559000.0,59460000.0,0.543,2.108,10.345,10.349,4611233000.0,0.0,66.75,2.825,2.826,574906000.0,2535071000.0,3284672000.0,3284672000.0,0.0,0.13,0.209,0.155,0.365,4959000.0,65171000.0,1.0,139027209.0,139040000.0,139028000.0,23.624,7025538000.0,0.0,236758000.0,43259000.0,50.529,1722230000.0
36,DOFSQ,MRT,2011-12-31,2011-12-31,2011-12-31,2021-08-04,-4642000.0,6964157000.0,6786479500.0,1992683000.0,4971474000.0,0.49,31.165,-774756000.0,333765000.0,333765000.0,1614554000.0,962542000.0,4.664,0.607,1495823000.0,0.0,1495823000.0,1495823000.0,0.0,398612000.0,0.0,0.063,3.5,1252408000.0,1651020000.0,0.497,1651020000.0,1252408000.0,1179271000.0,6.92,6.92,6.92,4333063000.0,4181455000.0,4333063000.0,8830405569.0,7.0,5.348,645349000.0,4.642,1.0,1707865000.0,0.514,0.0,73137000.0,7698924000.0,7527791250.0,0.0,902414000.0,902414000.0,0.0,2631094000.0,427291000.0,2203803000.0,7682643569.0,-130628000.0,5603000.0,0.0,0.0,-490057000.0,-490053000.0,-1060680000.0,-291527000.0,1420105000.0,0.0,962542000.0,962542000.0,962542000.0,0.0,0.0,0.29,452451000.0,1255414000.0,64147000.0,0.506,1.773,7.982,7.986,4667469000.0,0.0,55.26,2.312,2.313,563934000.0,2472310000.0,3322419000.0,3322419000.0,0.0,0.142,0.23,0.166,0.377,4956000.0,65310000.0,1.0,139027209.0,139038000.0,139027000.0,23.896,6964157000.0,0.0,216729000.0,26744000.0,50.088,1565392000.0
37,DOFSQ,MRT,2011-09-30,2011-09-30,2011-09-30,2021-08-04,-8893000.0,6839235000.0,6727186250.0,1930272000.0,4908963000.0,0.508,30.643,-764572000.0,348003000.0,348003000.0,1592560000.0,1015739000.0,5.176,0.605,1495765000.0,0.0,1495765000.0,1495765000.0,0.0,399435000.0,0.0,0.064,3.5,1370857000.0,1770292000.0,0.518,1770292000.0,1370857000.0,1286236000.0,7.31,7.31,7.31,4260615000.0,4063617250.0,4260615000.0,8826171115.0,6.0,4.986,646996000.0,4.653,1.0,1822468000.0,0.534,0.0,84621000.0,7614036000.0,7386034250.0,0.0,801931000.0,801931000.0,0.0,2578620000.0,372961000.0,2205659000.0,7610340115.0,163569000.0,6861000.0,0.0,0.0,-489923000.0,-489919000.0,-758080000.0,-369000.0,1411568000.0,0.0,1015739000.0,1015739000.0,1015739000.0,0.0,0.0,0.297,449620000.0,1372848000.0,59169000.0,0.479,1.786,7.492,7.488,4605748000.0,0.0,54.74,2.228,2.229,622949000.0,2406188000.0,3415028000.0,3415028000.0,0.0,0.151,0.25,0.186,0.401,4856000.0,65074000.0,1.0,139027039.0,139041000.0,139027000.0,24.561,6839235000.0,0.0,270497000.0,34583000.0,49.189,1557311000.0
38,DOFSQ,MRT,2011-06-30,2011-06-30,2011-06-30,2021-08-04,5497000.0,6730623000.0,6642549750.0,1769208000.0,4961415000.0,0.502,29.77,-809813000.0,279876000.0,279876000.0,1585853000.0,957409000.0,4.781,0.626,1495707000.0,0.0,1495707000.0,1495707000.0,0.0,397377000.0,0.0,0.05,3.5,1341267000.0,1738644000.0,0.521,1738644000.0,1341267000.0,1249953000.0,6.89,6.89,6.89,4139597000.0,3932892000.0,4139597000.0,10791322816.0,8.0,6.207,501839000.0,3.609,1.0,1750722000.0,0.525,0.0,91314000.0,7576395000.0,7308994000.0,0.0,700486000.0,700486000.0,0.0,2591026000.0,370059000.0,2220967000.0,9788893816.0,-245243000.0,191013000.0,-107000.0,0.0,-489803000.0,-489771000.0,-1067124000.0,-448324000.0,1311652000.0,0.0,957409000.0,957409000.0,957409000.0,0.0,0.0,0.287,410971000.0,1339751000.0,60535000.0,0.508,2.365,10.224,10.219,4159542000.0,0.0,70.41,2.934,2.934,592157000.0,2271609000.0,3336575000.0,3336575000.0,0.0,0.144,0.243,0.184,0.402,5129000.0,67194000.0,1.0,139027039.0,139052000.0,139027000.0,23.995,6730623000.0,0.0,292544000.0,30627000.0,48.404,1399149000.0
39,DOFSQ,MRT,2011-03-31,2011-03-31,2011-03-31,2021-08-04,4405000.0,6611903000.0,6588635250.0,1704137000.0,4907766000.0,0.496,28.712,-697061000.0,493221000.0,493221000.0,1540708000.0,915216000.0,4.342,0.656,1495650000.0,0.0,1495650000.0,1495650000.0,0.0,396948000.0,0.0,0.053,4.125,1317274000.0,1714222000.0,0.524,1714222000.0,1317274000.0,1226853000.0,6.58,6.58,6.58,3992545000.0,3812211250.0,3992545000.0,11833589897.0,9.0,6.903,526855000.0,3.789,1.0,1728974000.0,0.529,0.0,90421000.0,7221810000.0,7140081750.0,0.0,500564000.0,500564000.0,0.0,2619358000.0,392522000.0,2226836000.0,10802389897.0,187167000.0,189863000.0,-107000.0,-4238000.0,-577085000.0,-581291000.0,-455458000.0,51740000.0,1223916000.0,0.0,915216000.0,915216000.0,915216000.0,0.0,0.0,0.28,411012000.0,1317962000.0,66511000.0,0.627,2.706,11.803,11.809,4225999000.0,0.0,77.7,3.304,3.304,565753000.0,2127333000.0,3269682000.0,3269682000.0,0.0,0.139,0.24,0.184,0.403,5226000.0,67671000.0,1.0,139026897.0,139053000.0,139027000.0,23.514,6611903000.0,0.0,311637000.0,37423000.0,47.55,1311615000.0
40,DOFSQ,MRT,2010-12-31,2010-12-31,2010-12-31,2021-08-04,3141000.0,6726984000.0,6616860250.0,1863498000.0,4863486000.0,0.502,27.768,-434262000.0,464393000.0,464393000.0,1482326000.0,955457000.0,2.975,0.742,1495593000.0,0.0,1495593000.0,1495593000.0,0.0,393177000.0,0.0,0.079,5.25,1426714000.0,1819891000.0,0.548,1819891000.0,1426714000.0,1336016000.0,6.87,6.87,6.87,3861712000.0,3724860750.0,3861712000.0,10607827721.0,7.0,5.829,848056000.0,6.098,1.0,1840648000.0,0.554,0.0,90698000.0,7131896000.0,7108045750.0,0.0,612346000.0,612346000.0,0.0,2865272000.0,626288000.0,2238984000.0,9296723721.0,87976000.0,188066000.0,0.0,-4238000.0,-733661000.0,-737858000.0,-456484000.0,-210288000.0,1282318000.0,0.0,955457000.0,955457000.0,955457000.0,0.0,0.0,0.288,415274000.0,1425374000.0,99236000.0,0.764,2.407,9.73,9.734,4283792000.0,0.0,66.87,2.798,2.799,644967000.0,1998995000.0,3322974000.0,3322974000.0,0.0,0.144,0.257,0.201,0.429,5928000.0,66600000.0,1.0,139026824.0,139070000.0,139026000.0,23.894,6726984000.0,0.0,380559000.0,57862000.0,48.371,1237210000.0
41,DOFSQ,MRT,2010-09-30,2010-09-30,2010-09-30,2021-08-04,1091000.0,6500689000.0,6501179500.0,1770659000.0,4730030000.0,0.519,26.883,-415702000.0,184434000.0,184434000.0,1419051000.0,989834000.0,3.5,0.739,1495538000.0,0.0,1495538000.0,1495538000.0,0.0,386733000.0,0.0,0.094,6.375,1533870000.0,1920603000.0,0.569,1920603000.0,1533870000.0,1444475000.0,7.12,7.11,7.12,3737714000.0,3667093250.0,3737714000.0,10392168083.0,7.0,5.411,914573000.0,6.578,1.0,1953739000.0,0.579,0.0,89395000.0,7305875000.0,7068552500.0,0.0,800593000.0,800593000.0,0.0,2762975000.0,505918000.0,2257057000.0,9421804083.0,-66387000.0,219404000.0,-527000.0,492482000.0,-890258000.0,-401417000.0,-995245000.0,-798947000.0,1330275000.0,0.0,989834000.0,989834000.0,989834000.0,0.0,0.0,0.293,414877000.0,1538862000.0,75496000.0,0.895,2.521,9.519,9.518,4283708000.0,0.0,67.77,2.793,2.794,649190000.0,1879232000.0,3372790000.0,3372790000.0,0.0,0.152,0.27,0.217,0.455,6338000.0,65306000.0,1.0,139026178.0,139037000.0,139027000.0,24.258,6500689000.0,0.0,454641000.0,81987000.0,46.755,1264741000.0
42,DOFSQ,MRT,2010-06-30,2010-06-30,2010-06-30,2021-08-04,-2405000.0,6514965000.0,6304871750.0,1735481000.0,4779484000.0,0.552,26.294,-1339474000.0,525119000.0,525119000.0,1345202000.0,1155444000.0,2.969,0.782,1495483000.0,0.0,1495483000.0,1495483000.0,0.0,374101000.0,0.0,0.121,7.5,1702053000.0,2076154000.0,0.596,2076154000.0,1702053000.0,1621194000.0,8.31,8.3,8.31,3656874000.0,3640860250.0,3656874000.0,9839627010.0,6.0,4.739,166247000.0,1.195,1.0,2136239000.0,0.614,0.0,80859000.0,6900746000.0,6756896750.0,0.0,250691000.0,250691000.0,0.0,2858091000.0,584583000.0,2273508000.0,8646038010.0,54691000.0,495267000.0,-48000.0,492482000.0,-1046845000.0,-557835000.0,-893195000.0,-48988000.0,1505721000.0,0.0,1155444000.0,1155444000.0,1155444000.0,0.0,0.0,0.332,435097000.0,1701142000.0,77881000.0,0.903,2.364,7.483,7.484,4299215000.0,0.0,62.19,2.483,2.484,693826000.0,1803021000.0,3481441000.0,3481441000.0,0.0,0.183,0.317,0.252,0.489,6684000.0,63935000.0,1.0,139026178.0,139079000.0,139026000.0,25.032,6514965000.0,0.0,465750000.0,147851000.0,46.844,1150898000.0
43,DOFSQ,MRT,2010-03-31,2010-03-31,2010-03-31,2021-08-04,653000.0,6724803000.0,6078263750.0,1901655000.0,4823148000.0,0.593,26.205,-1339858000.0,306054000.0,306054000.0,1310338000.0,1318491000.0,2.306,0.846,1499643000.0,4215000.0,1495428000.0,1499643000.0,0.0,358786000.0,0.0,0.09,8.0,1891920000.0,2250706000.0,0.624,2250706000.0,1891920000.0,1821106000.0,9.49,9.48,9.49,3643143000.0,3613188000.0,3643143000.0,13470051868.0,7.0,5.985,234758000.0,1.689,1.0,2294907000.0,0.637,0.0,70814000.0,7093666000.0,6458736250.0,0.0,650756000.0,650756000.0,0.0,3081660000.0,824726000.0,2256934000.0,12346914868.0,-203800000.0,41126000.0,107000.0,995975000.0,-1115551000.0,-126645000.0,-1651771000.0,-353039000.0,1574616000.0,0.0,1318491000.0,1318491000.0,1318491000.0,0.0,0.0,0.366,421953000.0,1872954000.0,167239000.0,0.843,3.389,9.364,9.358,4414387000.0,0.0,88.81,3.425,3.425,797932000.0,1788013000.0,3605245000.0,3605245000.0,0.0,0.217,0.365,0.293,0.525,6574000.0,63252000.0,1.0,139026178.0,139026000.0,139129000.0,25.932,6724803000.0,0.0,502615000.0,360628000.0,48.371,1076929000.0
44,DOFSQ,MRT,2009-12-31,2009-12-31,2009-12-31,2021-08-04,1605000.0,6264261000.0,5717772250.0,1723370000.0,4540891000.0,0.635,26.102,-1362468000.0,376417000.0,376417000.0,1316868000.0,1376219000.0,4.168,0.725,1499554000.0,4179000.0,1495375000.0,1499554000.0,0.0,346446000.0,0.0,0.081,8.0,1918041000.0,2264487000.0,0.624,2264487000.0,1918041000.0,1868431000.0,9.9,9.89,9.9,3630642000.0,3560466250.0,3630642000.0,14433373546.0,8.0,6.374,154346000.0,1.11,1.0,2314416000.0,0.637,0.0,49610000.0,6973923000.0,5814945000.0,0.0,400853000.0,400853000.0,0.0,2633619000.0,413475000.0,2220144000.0,13681448546.0,40365000.0,40462000.0,0.0,995975000.0,-1115211000.0,-126314000.0,-1350135000.0,-28129000.0,1516814000.0,0.0,1376219000.0,1376219000.0,1376219000.0,0.0,0.0,0.379,411203000.0,1903213000.0,75015000.0,0.808,3.768,9.941,9.941,4432052000.0,0.0,98.42,3.768,3.77,791023000.0,1776498000.0,3631284000.0,3631284000.0,0.0,0.241,0.387,0.33,0.528,6341000.0,62913000.0,1.0,139010857.0,139097000.0,139007000.0,26.106,6264261000.0,0.0,492212000.0,32410000.0,45.035,1309895000.0
45,DOFSQ,MRT,2009-09-30,2009-09-30,2009-09-30,2021-08-04,3774000.0,5715458000.0,5390314750.0,1218787000.0,4496671000.0,0.676,26.116,-1438956000.0,250821000.0,250821000.0,1309291000.0,1393498000.0,2.986,0.573,1002746000.0,4143000.0,998603000.0,1002746000.0,0.0,332245000.0,0.0,0.084,8.0,1882828000.0,2215073000.0,0.608,2215073000.0,1882828000.0,1852522000.0,10.03,10.03,10.03,3632782000.0,3493177000.0,3632782000.0,13809883785.0,7.0,6.235,277839000.0,1.997,1.0,2334418000.0,0.641,0.0,30306000.0,6059252000.0,5224607250.0,0.0,880000.0,880000.0,0.0,2082676000.0,408131000.0,1674545000.0,13277642785.0,-384621000.0,10470000.0,527000.0,499255000.0,-1114857000.0,-618998000.0,-1482418000.0,-53932000.0,1716795000.0,0.0,1393498000.0,1393498000.0,1393498000.0,0.0,0.0,0.382,424323000.0,1910095000.0,58004000.0,0.798,3.655,9.528,9.523,4402130000.0,0.0,95.52,3.644,3.647,764639000.0,1779697000.0,3643709000.0,3643709000.0,0.0,0.259,0.399,0.36,0.517,6547000.0,62817000.0,1.0,139003798.0,139103000.0,139005000.0,26.194,5715458000.0,0.0,459024000.0,47746000.0,41.088,810656000.0
46,DOFSQ,MRT,2009-06-30,2009-06-30,2009-06-30,2021-08-04,3870000.0,5608533000.0,5173271250.0,1590119000.0,4018414000.0,0.703,25.497,-573262000.0,470428000.0,470428000.0,1314671000.0,1339897000.0,3.675,0.582,1002669000.0,4107000.0,998562000.0,1002669000.0,0.0,317915000.0,0.0,0.089,7.375,1843926000.0,2161841000.0,0.595,2161841000.0,1843926000.0,1824662000.0,9.64,9.64,9.64,3546185000.0,3417996250.0,3546185000.0,11537525202.0,6.0,5.337,1157738000.0,8.324,1.0,2321039000.0,0.638,0.0,19264000.0,5708104000.0,4773221000.0,0.0,200920000.0,200920000.0,0.0,2062348000.0,432670000.0,1629678000.0,11544037202.0,-71152000.0,-448797000.0,647000.0,499255000.0,-1027541000.0,-531080000.0,-1271072000.0,-249013000.0,1731000000.0,0.0,1339897000.0,1339897000.0,1339897000.0,0.0,0.0,0.369,414579000.0,1906460000.0,66004000.0,0.765,3.255,8.616,8.615,3918052000.0,0.0,83.05,3.175,3.177,753675000.0,1694755000.0,3635710000.0,3635710000.0,0.0,0.259,0.392,0.386,0.507,6149000.0,61133000.0,1.0,139001050.0,139081000.0,139002000.0,26.141,5608533000.0,0.0,484765000.0,46627000.0,40.326,1157449000.0
47,DOFSQ,MRT,2009-03-31,2009-03-31,2009-03-31,2021-08-04,44000.0,5282837000.0,4987771750.0,1734814000.0,3548023000.0,0.731,24.692,-671607000.0,509854000.0,509854000.0,1278169000.0,1368621000.0,2.289,0.539,503342000.0,0.0,503342000.0,503342000.0,0.0,303287000.0,0.0,0.107,6.75,1904474000.0,2207761000.0,0.606,2207761000.0,1904474000.0,1894603000.0,9.84,9.84,9.84,3432256000.0,3334170750.0,3432256000.0,8904834003.0,5.0,4.033,1056625000.0,7.602,1.0,2365506000.0,0.649,0.0,9871000.0,4518501000.0,4397506000.0,0.0,300926000.0,300926000.0,0.0,1850581000.0,757824000.0,1092757000.0,8737606003.0,-111470000.0,6123000.0,1950000.0,-73000.0,-939415000.0,-936229000.0,-903473000.0,-237989000.0,1728232000.0,0.0,1368621000.0,1368621000.0,1368621000.0,0.0,0.0,0.376,399420000.0,1966086000.0,291190000.0,0.686,2.546,6.384,6.388,3467580000.0,0.0,62.86,2.398,2.398,785837000.0,1586440000.0,3643675000.0,3643675000.0,0.0,0.274,0.41,0.433,0.523,5012000.0,60735000.0,1.0,139001050.0,139001000.0,139064000.0,26.213,5282837000.0,0.0,525982000.0,130271000.0,38.006,976990000.0
48,DOFSQ,MRT,2008-12-31,2008-12-31,2008-12-31,2021-08-04,510000.0,4954431000.0,4792759000.0,1466733000.0,3487698000.0,0.739,24.19,-666857000.0,336052000.0,336052000.0,1250902000.0,1310547000.0,2.881,0.474,503280000.0,0.0,503280000.0,503280000.0,0.0,287417000.0,0.0,0.104,6.125,1857142000.0,2144559000.0,0.605,2144559000.0,1857142000.0,1847046000.0,9.43,9.42,9.43,3361485000.0,3220653750.0,3361485000.0,8060498887.0,4.0,3.759,952831000.0,6.857,1.0,2293155000.0,0.647,0.0,10096000.0,4612572000.0,4241127750.0,0.0,400592000.0,400592000.0,0.0,1592946000.0,509087000.0,1083859000.0,8192721887.0,-301909000.0,5881000.0,2002000.0,-73000.0,-852153000.0,-848832000.0,-1072765000.0,-411789000.0,1619688000.0,0.0,1310547000.0,1310547000.0,1310547000.0,0.0,0.0,0.37,382961000.0,1910194000.0,93982000.0,0.65,2.437,6.251,6.25,3414373000.0,0.0,58.94,2.312,2.311,574842000.0,1516908000.0,3544057000.0,3544057000.0,0.0,0.273,0.407,0.438,0.524,4901000.0,60142000.0,1.0,139001050.0,138959000.0,139073000.0,25.504,4954431000.0,0.0,536499000.0,85579000.0,35.654,957646000.0
49,DOFSQ,MRT,2008-09-30,2008-09-30,2008-09-30,2021-08-04,17000.0,4847284000.0,4639517500.0,1481864000.0,3365420000.0,0.713,23.956,-683432000.0,635442000.0,635442000.0,1227367000.0,1180068000.0,3.212,0.455,503219000.0,0.0,503219000.0,503219000.0,0.0,276274000.0,0.0,0.053,5.5,1747531000.0,2023805000.0,0.612,2023805000.0,1747531000.0,1736386000.0,8.48,8.49,8.48,3332059000.0,3099549250.0,3332059000.0,14287026213.0,8.0,7.059,690716000.0,4.966,1.0,2080185000.0,0.629,0.0,11145000.0,4253707000.0,4027266500.0,0.0,1138000.0,1138000.0,0.0,1515225000.0,461354000.0,1053871000.0,14325448213.0,330815000.0,6005000.0,3316000.0,-73000.0,-764893000.0,-759344000.0,-283989000.0,393438000.0,1374148000.0,0.0,1180068000.0,1180068000.0,1180068000.0,0.0,0.0,0.357,340557000.0,1739628000.0,76525000.0,0.649,4.299,12.14,12.153,3321529000.0,0.0,103.06,4.331,4.334,708108000.0,1601248000.0,3307552000.0,3307552000.0,0.0,0.254,0.381,0.434,0.528,3452000.0,61672000.0,1.0,139001050.0,139091000.0,139001000.0,23.78,4847284000.0,0.0,556318000.0,74199000.0,34.85,1020510000.0
50,DOFSQ,MRT,2008-06-30,2008-06-30,2008-06-30,2021-08-04,33000.0,4866535000.0,4488912000.0,1550756000.0,3315779000.0,0.68,23.086,-736659000.0,541580000.0,541580000.0,1190652000.0,1075058000.0,2.49,0.516,503158000.0,0.0,503158000.0,503158000.0,0.0,261684000.0,0.0,0.031,4.25,1587698000.0,1849382000.0,0.606,1849382000.0,1587698000.0,1577208000.0,7.73,7.74,7.73,3210883000.0,2990554250.0,3210883000.0,19217938947.0,12.0,10.392,481791000.0,3.464,1.0,1860486000.0,0.61,0.0,10490000.0,4205244000.0,3993753000.0,0.0,199086000.0,199086000.0,0.0,1655652000.0,622869000.0,1032783000.0,19332734947.0,-75157000.0,4315000.0,4689000.0,-73000.0,-590960000.0,-583544000.0,-710063000.0,22281000.0,1218450000.0,0.0,1075058000.0,1075058000.0,1075058000.0,0.0,0.0,0.352,318712000.0,1541774000.0,282806000.0,0.55,6.021,17.983,18.0,3278724000.0,0.0,139.14,6.336,6.343,674091000.0,1482295000.0,3051138000.0,3051138000.0,0.0,0.239,0.359,0.398,0.52,2942000.0,60833000.0,1.0,138944480.0,139083000.0,138959000.0,21.938,4866535000.0,0.0,502150000.0,52527000.0,34.99,927887000.0
51,DOFSQ,MRT,2008-03-31,2008-03-31,2008-03-31,2021-08-04,24000.0,4502786000.0,4263485250.0,1324882000.0,3177904000.0,0.644,21.417,-673945000.0,621324000.0,621324000.0,1134172000.0,910821000.0,2.677,0.512,506528000.0,3430000.0,503098000.0,506528000.0,0.0,249216000.0,0.0,0.026,3.0,1351247000.0,1600463000.0,0.583,1600463000.0,1351247000.0,1338882000.0,6.56,6.56,6.56,2978188000.0,2863694750.0,2978188000.0,16033553638.0,12.0,10.018,453265000.0,3.26,1.0,1611469000.0,0.587,0.0,12365000.0,3892988000.0,3841250250.0,0.0,1282000.0,1282000.0,0.0,1524598000.0,495002000.0,1029596000.0,16164880638.0,318661000.0,7077000.0,5758000.0,0.0,-416605000.0,-407980000.0,-400569000.0,266299000.0,1127210000.0,0.0,910821000.0,910821000.0,910821000.0,0.0,0.0,0.332,299323000.0,1312146000.0,99271000.0,0.457,5.428,17.748,17.744,3144656000.0,0.0,116.4,5.887,5.895,600354000.0,1257664000.0,2745641000.0,2745641000.0,0.0,0.214,0.318,0.352,0.492,2303000.0,57239000.0,1.0,138873545.0,139054000.0,138873000.0,19.745,4502786000.0,0.0,428061000.0,128688000.0,32.382,829880000.0
52,DOFSQ,MRT,2007-12-31,2007-12-31,2007-12-31,2021-08-04,15000.0,4341465000.0,4079026500.0,1265190000.0,3076275000.0,0.629,20.876,-647101000.0,637961000.0,637961000.0,1064050000.0,844464000.0,2.793,0.509,506634000.0,3563000.0,503071000.0,506634000.0,0.0,235729000.0,0.0,0.04,5.75,1265250000.0,1500979000.0,0.585,1500979000.0,1265250000.0,1243372000.0,6.13,6.11,6.13,2877067000.0,2730234250.0,2877067000.0,19920298244.0,16.0,13.272,561215000.0,4.072,1.0,1503673000.0,0.586,0.0,21878000.0,3757127000.0,3789736250.0,0.0,1301000.0,1301000.0,0.0,1464398000.0,453011000.0,1011387000.0,19712494244.0,113263000.0,10861000.0,10836000.0,0.0,-796292000.0,-780262000.0,-314791000.0,321449000.0,1208316000.0,0.0,844464000.0,844464000.0,844464000.0,0.0,0.0,0.329,280629000.0,1223044000.0,132243000.0,0.938,6.852,23.343,23.165,3040063000.0,0.0,142.0,7.677,7.621,522808000.0,1158535000.0,2567723000.0,2567723000.0,0.0,0.207,0.309,0.334,0.493,-740000.0,53483000.0,1.0,138820382.0,137816000.0,138945000.0,18.632,4341465000.0,0.0,398908000.0,81684000.0,31.502,812179000.0
53,DOFSQ,MRT,2007-09-30,2007-09-30,2007-09-30,2021-08-04,97000.0,4244862000.0,4026870000.0,1353604000.0,2891258000.0,0.616,20.837,-634850000.0,304627000.0,304627000.0,993227000.0,902955000.0,4.065,0.466,512431000.0,9420000.0,503011000.0,512431000.0,0.0,223250000.0,0.0,0.04,4.5,1267774000.0,1491024000.0,0.601,1491024000.0,1267774000.0,1245397000.0,6.67,6.53,6.67,2896079000.0,2590844500.0,2896079000.0,15607168362.0,12.0,10.467,462594000.0,3.328,1.0,1485992000.0,0.599,0.0,22377000.0,4119653000.0,3910190000.0,51215000.0,375394000.0,375394000.0,0.0,1348783000.0,333013000.0,1015770000.0,15711435362.0,-383552000.0,8007000.0,9841000.0,0.0,-621465000.0,-607707000.0,-873289000.0,-251177000.0,1097444000.0,0.0,902955000.0,902955000.0,902955000.0,0.0,0.0,0.364,265215000.0,1220777000.0,115441000.0,0.675,5.425,17.4,16.985,2864997000.0,0.0,113.29,6.337,6.351,545249000.0,1185013000.0,2479219000.0,2479219000.0,0.0,0.224,0.349,0.324,0.511,-346000.0,49010000.0,1.0,138683338.0,138990000.0,138683000.0,17.837,4244862000.0,0.0,342442000.0,40037000.0,30.541,1020591000.0
54,DOFSQ,MRT,2007-06-30,2007-06-30,2007-06-30,2021-08-04,3000.0,3964828000.0,3939190750.0,1232702000.0,2732126000.0,0.596,19.459,-552833000.0,616737000.0,616737000.0,936408000.0,861882000.0,4.646,0.467,512470000.0,9517000.0,502953000.0,512470000.0,0.0,215442000.0,0.0,0.044,4.5,1206368000.0,1421810000.0,0.605,1421810000.0,1206368000.0,1180197000.0,6.46,6.24,6.46,2703445000.0,2395758750.0,2703445000.0,14272935444.0,12.0,10.039,544561000.0,3.92,1.0,1413305000.0,0.601,0.0,26171000.0,3595233000.0,3855051000.0,50638000.0,1569000.0,1569000.0,0.0,1261383000.0,265328000.0,996055000.0,14051193444.0,-27179000.0,7677000.0,8532000.0,0.0,-620274000.0,-608449000.0,-516124000.0,23041000.0,1097394000.0,0.0,861882000.0,861882000.0,861882000.0,0.0,0.0,0.367,254352000.0,1158953000.0,72964000.0,0.697,5.198,16.303,15.721,2707154000.0,0.0,101.56,5.98,6.005,505269000.0,996826000.0,2349713000.0,2349713000.0,0.0,0.219,0.36,0.313,0.513,-224000.0,45864000.0,1.0,138353618.0,138928000.0,138447000.0,16.913,3964828000.0,0.0,318315000.0,46840000.0,28.539,967374000.0
55,DOFSQ,MRT,2007-03-31,2007-03-31,2007-03-31,2021-08-04,-4441000.0,3764951000.0,3874725750.0,1095994000.0,2668957000.0,0.571,17.607,-484719000.0,302663000.0,302663000.0,914098000.0,785676000.0,3.656,0.54,524405000.0,0.0,524405000.0,524405000.0,0.0,206626000.0,0.0,0.056,4.5,1098056000.0,1304682000.0,0.59,1304682000.0,1098056000.0,1069911000.0,6.0,5.7,6.0,2444346000.0,2211330250.0,2444346000.0,11638807478.0,11.0,8.921,521801000.0,3.759,1.0,1298928000.0,0.587,0.0,28145000.0,3686932000.0,3899294000.0,48980000.0,251120000.0,251120000.0,0.0,1320605000.0,299761000.0,1020844000.0,11199195478.0,45713000.0,3867000.0,7607000.0,0.0,-619114000.0,-608477000.0,-352330000.0,124265000.0,1006520000.0,0.0,785676000.0,785676000.0,785676000.0,0.0,0.0,0.355,249497000.0,1049431000.0,74535000.0,0.75,4.582,14.254,13.492,2652130000.0,0.0,80.95,5.061,5.078,464778000.0,762197000.0,2213026000.0,2213026000.0,0.0,0.203,0.355,0.282,0.496,-115000.0,43576000.0,1.0,138347072.0,138828000.0,135286000.0,15.941,3764951000.0,0.0,284235000.0,93878000.0,27.12,796233000.0
56,DOFSQ,MRT,2006-12-31,2006-12-31,2006-12-31,2021-08-04,-4417000.0,4132839000.0,3822306000.0,1481547000.0,2651292000.0,0.537,17.963,-551237000.0,524698000.0,524698000.0,869522000.0,706847000.0,4.442,0.782,964310000.0,0.0,964310000.0,964310000.0,0.0,200503000.0,0.0,0.025,2.0,990428000.0,1190931000.0,0.58,1190931000.0,990428000.0,966332000.0,5.47,5.12,5.47,2319508000.0,2050016500.0,2319508000.0,10604471966.0,11.0,8.904,208852000.0,1.617,1.0,1183050000.0,0.576,0.0,24096000.0,4238942000.0,3977054000.0,0.0,301159000.0,301159000.0,0.0,1813331000.0,333509000.0,1479822000.0,10326854966.0,-317892000.0,0.0,3263000.0,0.0,-258155000.0,-254099000.0,-823882000.0,-277376000.0,760089000.0,0.0,706847000.0,706847000.0,706847000.0,0.0,0.0,0.344,242618000.0,940432000.0,122000000.0,0.366,4.452,14.61,14.614,2628453000.0,0.0,79.94,5.031,5.029,567474000.0,1137151000.0,2052572000.0,2052572000.0,0.0,0.185,0.345,0.249,0.483,1793000.0,41551000.0,1.0,129182574.0,129129000.0,138781000.0,15.896,4132839000.0,0.0,259485000.0,26531000.0,32.006,1148038000.0
57,DOFSQ,MRT,2006-09-30,2006-09-30,2006-09-30,2021-08-04,65000.0,3894145000.0,3690826750.0,1343933000.0,2550212000.0,0.499,15.244,-474481000.0,688179000.0,688179000.0,814419000.0,592390000.0,4.929,0.841,965796000.0,0.0,965796000.0,965796000.0,0.0,194638000.0,0.0,0.028,2.0,836545000.0,1031183000.0,0.56,1031183000.0,836545000.0,809732000.0,4.59,4.29,4.59,2115736000.0,1933471250.0,2115736000.0,9669506774.0,12.0,9.377,235702000.0,1.698,1.0,1028278000.0,0.558,0.0,26813000.0,3899097000.0,3785568500.0,48654000.0,100406000.0,100406000.0,0.0,1778409000.0,272665000.0,1505744000.0,9347704774.0,201469000.0,-19900000.0,4926000.0,-10952000.0,-258107000.0,-264843000.0,-244345000.0,217577000.0,710183000.0,474000.0,592390000.0,592390000.0,592390000.0,0.0,0.0,0.321,230176000.0,798102000.0,74355000.0,0.436,4.418,15.78,15.767,2526965000.0,0.0,72.37,5.073,5.451,448179000.0,931945000.0,1842697000.0,1842697000.0,0.0,0.161,0.306,0.221,0.454,1125000.0,39361000.0,1.0,129165466.0,138789000.0,129172000.0,13.277,3894145000.0,0.0,217342000.0,15939000.0,28.058,1071268000.0
58,DOFSQ,MRT,2006-06-30,2006-06-30,2006-06-30,2021-08-04,-15000.0,3706968000.0,3568185250.0,1224954000.0,2482014000.0,0.459,14.164,-393095000.0,643916000.0,643916000.0,744441000.0,509979000.0,4.774,0.886,965718000.0,0.0,965718000.0,965718000.0,0.0,191375000.0,0.0,0.024,2.0,735130000.0,926505000.0,0.565,926505000.0,735130000.0,706104000.0,3.96,3.7,3.96,1965731000.0,1843116250.0,1965731000.0,11548194778.0,16.0,12.464,146478000.0,1.055,1.0,894322000.0,0.546,0.0,29026000.0,3772205000.0,3742205250.0,47517000.0,2040000.0,2040000.0,0.0,1741237000.0,256565000.0,1484672000.0,10835835778.0,-43963000.0,-16055000.0,9000000.0,-11389000.0,-258050000.0,-261330000.0,-322270000.0,11593000.0,539573000.0,64000.0,509979000.0,509979000.0,509979000.0,0.0,0.0,0.311,191788000.0,702534000.0,52514000.0,0.505,5.512,21.248,21.194,2459728000.0,0.0,83.93,6.612,7.108,462239000.0,783640000.0,1638763000.0,1638763000.0,0.0,0.143,0.277,0.196,0.449,463000.0,38330000.0,1.0,129105633.0,138782000.0,129131000.0,11.808,3706968000.0,0.0,196125000.0,14921000.0,26.711,968389000.0
59,DOFSQ,MRT,2006-03-31,2006-03-31,2006-03-31,2021-08-04,52000.0,3555272000.0,3530074250.0,1127507000.0,2427765000.0,0.399,12.966,-438077000.0,256950000.0,256950000.0,704037000.0,375540000.0,4.181,0.976,969309000.0,0.0,969309000.0,969309000.0,0.0,187834000.0,0.0,0.022,1.938,558766000.0,746600000.0,0.53,746600000.0,558766000.0,519728000.0,2.92,2.74,2.92,1799091000.0,1772774500.0,1799091000.0,11686078632.0,21.0,15.652,39981000.0,0.288,1.0,705937000.0,0.501,0.0,39038000.0,3997972000.0,3653700750.0,47601000.0,351421000.0,351421000.0,0.0,1756181000.0,269659000.0,1486522000.0,11551014632.0,14328000.0,0.0,11249000.0,-223371000.0,-249948000.0,-463702000.0,-199000.0,360857000.0,478058000.0,171000.0,375540000.0,375540000.0,375540000.0,0.0,0.0,0.266,176601000.0,529336000.0,96561000.0,0.664,6.42,30.758,30.651,2405161000.0,0.0,89.5,8.192,8.807,437337000.0,624057000.0,1409974000.0,1409974000.0,0.0,0.106,0.212,0.153,0.396,459000.0,37630000.0,1.0,129061616.0,138751000.0,129026000.0,10.162,3555272000.0,0.0,144188000.0,40327000.0,25.623,857848000.0
60,DOFSQ,MRT,2005-12-31,2005-12-31,2005-12-31,2021-08-04,9000.0,3606922000.0,3490648750.0,1281878000.0,2325044000.0,0.35,14.401,-293829000.0,842590000.0,842590000.0,674089000.0,260337000.0,4.766,0.946,977654000.0,0.0,977654000.0,977654000.0,0.0,183724000.0,0.0,0.005,0.375,398194000.0,581918000.0,0.477,581918000.0,398194000.0,356395000.0,2.02,1.91,2.02,1853327000.0,1734967500.0,1853327000.0,9455481653.0,24.0,16.249,94742000.0,0.736,1.0,546913000.0,0.448,0.0,41799000.0,3473000000.0,3592154500.0,47196000.0,2281000.0,2281000.0,0.0,1753595000.0,268986000.0,1484609000.0,8951903653.0,576583000.0,0.0,11547000.0,-223371000.0,-48260000.0,-261950000.0,449962000.0,667244000.0,388571000.0,0.0,260337000.0,260337000.0,260337000.0,0.0,0.0,0.213,172514000.0,374399000.0,60976000.0,0.186,4.83,34.386,34.436,2302020000.0,0.0,69.56,7.332,7.331,357104000.0,688459000.0,1221002000.0,1221002000.0,0.0,0.075,0.15,0.111,0.326,0.0,37162000.0,1.0,128693267.0,128690000.0,141351000.0,9.488,3606922000.0,0.0,96058000.0,38973000.0,28.028,1012892000.0
61,DOFSQ,MRT,2005-09-30,2005-09-30,2005-09-30,2021-08-04,-2166000.0,3403579000.0,3433764750.0,1174771000.0,2228808000.0,0.317,12.66,-208097000.0,486710000.0,486710000.0,664410000.0,164722000.0,6.472,0.94,990288000.0,12818000.0,977470000.0,990288000.0,0.0,182662000.0,0.0,0.005,0.312,283011000.0,465673000.0,0.427,465673000.0,283011000.0,239474000.0,1.27,1.22,1.27,1754316000.0,1678092750.0,1754316000.0,8184701604.0,29.0,17.576,82253000.0,0.594,1.0,425589000.0,0.39,0.0,43537000.0,3725644000.0,3647151250.0,47733000.0,302414000.0,302414000.0,0.0,1649263000.0,181513000.0,1467750000.0,7882462604.0,272835000.0,19551000.0,9733000.0,-222823000.0,-40191000.0,-255032000.0,238742000.0,376300000.0,290350000.0,-1225000.0,164722000.0,164722000.0,164722000.0,0.0,0.0,0.151,176645000.0,248944000.0,36129000.0,0.246,4.493,47.853,48.228,2204523000.0,0.0,61.25,7.232,7.786,303484000.0,597662000.0,1089999000.0,1089999000.0,0.0,0.048,0.098,0.078,0.26,0.0,36069000.0,1.0,128693267.0,138567000.0,128748000.0,7.866,3403579000.0,0.0,74752000.0,15236000.0,24.563,993258000.0
62,DOFSQ,MRT,2005-06-30,2005-06-30,2005-06-30,2021-08-04,-2458000.0,3554524000.0,3418264000.0,1338754000.0,2215770000.0,0.289,12.194,-167176000.0,687879000.0,687879000.0,642750000.0,85624000.0,3.053,1.11,990118000.0,12818000.0,977300000.0,990118000.0,0.0,181211000.0,0.0,0.005,0.25,165865000.0,347076000.0,0.351,347076000.0,165865000.0,123012000.0,0.65,0.64,0.65,1684364000.0,1644470000.0,1684364000.0,7825029661.0,47.0,22.546,67489000.0,0.489,1.0,344925000.0,0.349,0.0,42853000.0,3418187000.0,3651837250.0,47631000.0,302335000.0,302335000.0,0.0,1870160000.0,438576000.0,1431584000.0,6870011661.0,558552000.0,16055000.0,-12974000.0,25446000.0,-32186000.0,-21465000.0,346499000.0,490720000.0,234665000.0,-1147000.0,85624000.0,85624000.0,85624000.0,0.0,0.0,0.087,208896000.0,136029000.0,333105000.0,0.385,4.079,80.235,82.2,2191437000.0,0.0,53.43,6.956,7.473,263227000.0,531711000.0,987675000.0,987675000.0,0.0,0.025,0.052,0.045,0.168,0.0,33869000.0,1.0,128579668.0,138134000.0,128590000.0,7.15,3554524000.0,0.0,37388000.0,10469000.0,25.732,900178000.0
63,DOFSQ,MRT,2005-03-31,2005-03-31,2005-03-31,2021-08-04,-2469000.0,3397570000.0,3303800000.0,1238203000.0,2159367000.0,0.269,11.93,-87419000.0,242622000.0,242622000.0,612164000.0,33847000.0,2.061,1.062,1197640000.0,488215000.0,709425000.0,1197640000.0,0.0,179787000.0,0.0,0.005,0.25,87958000.0,267745000.0,0.301,267745000.0,87958000.0,54488000.0,0.25,0.25,0.25,1647863000.0,1634089500.0,1647863000.0,7343446408.0,83.0,27.427,125927000.0,0.912,1.0,277058000.0,0.312,0.0,33470000.0,3751787000.0,3750201250.0,47636000.0,702262000.0,702262000.0,0.0,1749707000.0,600801000.0,1148906000.0,6415938408.0,126653000.0,0.0,-16825000.0,237428000.0,-32233000.0,186558000.0,-272773000.0,-192254000.0,213346000.0,-478000.0,33847000.0,33847000.0,33847000.0,0.0,0.0,0.038,215426000.0,61632000.0,30099000.0,1.0,3.893,189.557,199.6,2129947000.0,0.0,49.9,7.215,7.751,220221000.0,498465000.0,889222000.0,889222000.0,0.0,0.01,0.021,0.023,0.099,0.0,33443000.0,1.0,128575920.0,138130000.0,128573000.0,6.438,3397570000.0,0.0,20641000.0,8261000.0,24.597,637402000.0
64,DOFSQ,MRT,2004-12-31,2004-12-31,2004-12-31,2021-08-04,-1988000.0,3379386000.0,3263599250.0,1195681000.0,2183705000.0,0.25,12.601,-89229000.0,266007000.0,266007000.0,597527000.0,-7243000.0,1.948,1.079,1193515000.0,484102000.0,709413000.0,1193515000.0,0.0,178835000.0,0.0,0.006,0.25,26724000.0,205559000.0,0.252,205559000.0,26724000.0,-3533000.0,-0.06,-0.06,-0.06,1625828000.0,1637659500.0,1625828000.0,6135758365.0,230.0,29.849,119053000.0,0.923,1.0,217135000.0,0.267,0.0,30257000.0,3692987000.0,3770271000.0,47590000.0,661849000.0,661849000.0,0.0,1753558000.0,613907000.0,1139651000.0,5148223365.0,159662000.0,0.0,-17909000.0,237428000.0,-32281000.0,185487000.0,-233688000.0,-151359000.0,208282000.0,-419000.0,-7243000.0,-7243000.0,-7243000.0,0.0,0.0,-0.009,213207000.0,3928000.0,27530000.0,-4.167,3.167,-710.786,-667.5,2154593000.0,0.0,40.05,6.319,6.343,187558000.0,476382000.0,814662000.0,814662000.0,0.0,-0.002,-0.004,0.007,0.033,0.0,32759000.0,1.0,128544903.0,129021000.0,129021000.0,6.314,3379386000.0,0.0,3710000.0,14661000.0,26.193,581774000.0
65,DOFSQ,MRT,2004-09-30,2004-09-30,2004-09-30,2021-08-04,-3952000.0,3341576000.0,3202507500.0,1119354000.0,2222222000.0,0.239,12.563,-100187000.0,213875000.0,213875000.0,558349000.0,-17224000.0,1.917,1.063,1201410000.0,479190000.0,722220000.0,1201410000.0,0.0,177609000.0,0.0,0.008,0.25,7377000.0,184986000.0,0.242,184986000.0,7377000.0,-19550000.0,-0.13,-0.13,-0.13,1619825000.0,1651322500.0,1619825000.0,5084985790.0,689.0,27.488,132500000.0,1.028,1.0,206678000.0,0.27,887000.0,26927000.0,3744388000.0,3811417750.0,48099000.0,669284000.0,669284000.0,0.0,1721751000.0,583836000.0,1137915000.0,4266347790.0,43463000.0,0.0,-36288000.0,236677000.0,-32395000.0,167994000.0,-357530000.0,-259613000.0,232687000.0,312000.0,-17224000.0,-17224000.0,-17224000.0,0.0,0.0,-0.023,208978000.0,-2300000.0,18687000.0,-1.923,2.634,-247.698,-253.769,2190616000.0,0.0,32.99,5.577,5.56,153952000.0,473131000.0,765027000.0,765027000.0,0.0,-0.005,-0.01,0.002,0.01,0.0,30550000.0,1.0,129322455.0,128941000.0,128899000.0,5.933,3340689000.0,0.0,-2326000.0,3847000.0,25.909,535518000.0
66,DOFSQ,MRT,2004-06-30,2004-06-30,2004-06-30,2021-08-04,-4122000.0,3096668000.0,3151436750.0,841948000.0,2254720000.0,0.235,12.703,-126312000.0,129327000.0,129327000.0,546264000.0,-31628000.0,8.473,0.885,947965000.0,11969000.0,935996000.0,947965000.0,0.0,175822000.0,0.0,0.013,0.312,-9995000.0,165827000.0,0.224,165827000.0,-9995000.0,-35697000.0,-0.24,-0.24,-0.24,1642842000.0,1672755000.0,1642842000.0,3909756103.0,-391.0,23.577,71946000.0,0.556,1.0,194472000.0,0.263,4291000.0,25702000.0,3811643000.0,3823122750.0,48296000.0,35755000.0,35755000.0,0.0,1453826000.0,99372000.0,1354454000.0,3081754103.0,-87024000.0,0.0,-18211000.0,-11155000.0,-40604000.0,-69970000.0,-215956000.0,-91914000.0,198258000.0,644000.0,-31628000.0,-31628000.0,-31628000.0,0.0,0.0,-0.043,207617000.0,-13145000.0,21170000.0,-1.3,1.876,-97.438,-99.292,2220509000.0,0.0,23.83,4.16,4.16,596039000.0,478273000.0,740736000.0,740736000.0,0.0,-0.01,-0.019,-0.003,-0.013,0.0,31003000.0,1.0,129322455.0,129322000.0,129322000.0,5.728,3092377000.0,0.0,-4069000.0,2944000.0,23.912,742576000.0
67,DOFSQ,MRT,2004-03-31,2004-03-31,2004-03-31,2021-08-04,-3399000.0,3236767000.0,3167601500.0,962335000.0,2274432000.0,0.227,12.853,-161272000.0,115969000.0,115969000.0,535393000.0,-37820000.0,4.277,0.947,943971000.0,11969000.0,932002000.0,943971000.0,0.0,172821000.0,0.0,0.016,0.375,-16720000.0,156101000.0,0.217,156101000.0,-16720000.0,-41427000.0,-0.29,-0.29,-0.29,1662143000.0,1695120750.0,1662143000.0,3961964186.0,-237.0,25.381,10766000.0,0.083,1.0,183597000.0,0.255,7695000.0,24707000.0,3832066000.0,3810228750.0,48520000.0,628509000.0,628509000.0,0.0,1574624000.0,225008000.0,1349616000.0,3128310186.0,-75590000.0,0.0,-18211000.0,-11155000.0,-48813000.0,-78179000.0,-169317000.0,-10315000.0,172038000.0,-132000.0,-37820000.0,-37820000.0,-37820000.0,0.0,0.0,-0.053,203883000.0,-20286000.0,144540000.0,-1.293,1.882,-82.716,-83.414,2236575000.0,0.0,24.19,4.351,4.351,149447000.0,496851000.0,718990000.0,718990000.0,0.0,-0.012,-0.022,-0.004,-0.023,0.0,30457000.0,1.0,129322455.0,129322000.0,129322000.0,5.56,3229072000.0,0.0,-3607000.0,3542000.0,24.969,737327000.0
68,DOFSQ,MRT,2003-12-31,2003-12-31,2003-12-31,2021-08-04,-4117000.0,3135019000.0,3161166000.0,835263000.0,2299756000.0,0.215,12.902,-272026000.0,106345000.0,106345000.0,513889000.0,-48414000.0,8.353,0.866,939999000.0,11969000.0,928030000.0,939999000.0,0.0,175578000.0,0.0,0.021,0.438,-30309000.0,145269000.0,0.213,145269000.0,-30309000.0,-54237000.0,-0.37,-0.37,-0.37,1680480000.0,1721400750.0,1680480000.0,3444756692.0,-114.0,23.713,-109575000.0,-0.841,1.0,167052000.0,0.245,11099000.0,23928000.0,3857574000.0,3805275250.0,48035000.0,503995000.0,503995000.0,0.0,1454539000.0,100000000.0,1354539000.0,2673200692.0,-76108000.0,0.0,-18211000.0,-11155000.0,-57022000.0,-86388000.0,-152151000.0,117605000.0,162451000.0,-20000.0,-48414000.0,-48414000.0,-48414000.0,0.0,0.0,-0.071,205375000.0,-38323000.0,15653000.0,-1.184,1.591,-55.215,-55.432,2257876000.0,0.0,20.51,3.926,3.923,154124000.0,515906000.0,680941000.0,680941000.0,0.0,-0.015,-0.028,-0.008,-0.045,0.0,28868000.0,1.0,130336455.0,130253000.0,130253000.0,5.228,3123920000.0,0.0,-5823000.0,6761000.0,23.983,735263000.0
69,DOFSQ,MRT,2003-09-30,2003-09-30,2003-09-30,2021-08-04,-4097000.0,3137293000.0,3191488250.0,820219000.0,2317074000.0,0.212,13.086,-374630000.0,175674000.0,175674000.0,504663000.0,-43420000.0,7.953,0.839,947230000.0,11155000.0,936075000.0,947230000.0,0.0,177112000.0,0.0,0.026,0.5,-22328000.0,154784000.0,0.229,154784000.0,-22328000.0,-45538000.0,-0.34,-0.34,-0.34,1705555000.0,1753159250.0,1705555000.0,3210990290.0,-144.0,20.745,-270628000.0,-2.076,1.0,171634000.0,0.254,14503000.0,23210000.0,3791208000.0,3808088250.0,48295000.0,405447000.0,405447000.0,0.0,1431738000.0,103138000.0,1328600000.0,2489426290.0,-88927000.0,0.0,-12857000.0,-10426000.0,-65166000.0,-88449000.0,-104154000.0,270476000.0,104002000.0,-326000.0,-43420000.0,-43420000.0,-43420000.0,0.0,0.0,-0.064,209011000.0,-37377000.0,20868000.0,-1.471,1.46,-57.334,-56.176,2270377000.0,0.0,19.1,3.681,3.681,168499000.0,522750000.0,676297000.0,676297000.0,0.0,-0.014,-0.025,-0.006,-0.033,0.0,30490000.0,1.0,130336455.0,130336000.0,130336000.0,5.189,3122790000.0,0.0,-2118000.0,2265000.0,23.96,717081000.0
70,DOFSQ,MRT,2003-06-30,2003-06-30,2003-06-30,2021-08-04,-5102000.0,3161327000.0,3229791500.0,838208000.0,2323119000.0,0.208,13.291,-419916000.0,221761000.0,221761000.0,487941000.0,-10253000.0,7.989,0.825,943325000.0,11155000.0,932170000.0,943325000.0,0.0,179043000.0,0.0,0.024,0.5,21941000.0,200984000.0,0.299,200984000.0,21941000.0,-835000.0,-0.08,-0.09,-0.08,1732305000.0,1783493000.0,1732305000.0,3479705190.0,159.0,17.313,-263416000.0,-2.021,1.0,184632000.0,0.275,17908000.0,22776000.0,3760067000.0,3810113000.0,46581000.0,393124000.0,393124000.0,0.0,1429022000.0,104916000.0,1324106000.0,2735762190.0,-222778000.0,0.0,-23424000.0,-10426000.0,-65318000.0,-99168000.0,-279784000.0,140132000.0,156500000.0,-326000.0,-10253000.0,-10253000.0,-10253000.0,0.0,0.0,-0.015,209301000.0,-24669000.0,34784000.0,-6.25,1.579,-266.826,-262.375,2273081000.0,0.0,20.99,4.068,4.068,151015000.0,550505000.0,672573000.0,672573000.0,0.0,-0.003,-0.006,0.006,0.033,0.0,30335000.0,1.0,130336455.0,130336000.0,130336000.0,5.16,3143419000.0,0.0,9418000.0,943000.0,24.118,733292000.0
71,DOFSQ,MRT,2003-03-31,2003-03-31,2003-03-31,2021-08-04,-3123000.0,3211025000.0,3327449500.0,903272000.0,2307753000.0,0.21,13.559,-416528000.0,195525000.0,195525000.0,485407000.0,18396000.0,7.44,0.817,939468000.0,11155000.0,928313000.0,939468000.0,0.0,182075000.0,0.0,0.026,0.5,59887000.0,241962000.0,0.347,241962000.0,59887000.0,36199000.0,0.14,0.13,0.14,1767263000.0,1808846250.0,1767263000.0,3280550592.0,55.0,13.558,-215859000.0,-1.656,1.0,211753000.0,0.304,21311000.0,23688000.0,3812252000.0,3836692000.0,46715000.0,495563000.0,495563000.0,0.0,1443762000.0,121405000.0,1322357000.0,2529830592.0,-48586000.0,0.0,-23424000.0,-10426000.0,-65470000.0,-99320000.0,-149609000.0,266919000.0,200669000.0,-326000.0,18396000.0,18396000.0,18396000.0,0.0,0.0,0.026,211583000.0,170000.0,37144000.0,3.571,1.431,137.521,138.643,2250999000.0,0.0,19.41,3.629,3.629,138297000.0,583484000.0,697160000.0,697160000.0,0.0,0.006,0.01,0.016,0.086,0.0,29561000.0,1.0,130336455.0,130336000.0,130336000.0,5.349,3189714000.0,0.0,17803000.0,7403000.0,24.473,781867000.0
72,DOFSQ,MRT,2002-12-31,2002-12-31,2002-12-31,2021-08-04,-730000.0,3256308000.0,3344357250.0,1031299000.0,2225009000.0,0.225,13.768,-339165000.0,182453000.0,182453000.0,494157000.0,62520000.0,8.895,0.802,935630000.0,11155000.0,924475000.0,935630000.0,0.0,177495000.0,0.0,0.023,0.5,119757000.0,297252000.0,0.395,297252000.0,119757000.0,96174000.0,0.48,0.47,0.48,1807514000.0,1824878500.0,1807514000.0,3521168542.0,29.0,11.846,-50529000.0,-0.385,1.0,258404000.0,0.343,24714000.0,23583000.0,3868826000.0,3832376500.0,45405000.0,627614000.0,627614000.0,0.0,1448794000.0,115945000.0,1332849000.0,2847851542.0,-206927000.0,0.0,-43424000.0,-10426000.0,-65685000.0,-120728000.0,-374509000.0,-35344000.0,288636000.0,-326000.0,62520000.0,62520000.0,62520000.0,0.0,0.0,0.083,206420000.0,51984000.0,37264000.0,1.042,1.576,45.551,45.521,2164627000.0,0.0,21.85,3.784,3.812,146957000.0,621342000.0,752561000.0,752561000.0,0.0,0.019,0.034,0.031,0.159,0.0,29009000.0,1.0,130336455.0,131285000.0,140713000.0,5.732,3231594000.0,0.0,33654000.0,4413000.0,24.615,915354000.0
73,DOFSQ,MRT,2002-09-30,2002-09-30,2002-09-30,2021-08-04,-4206000.0,3290506000.0,3405950500.0,1154889000.0,2135617000.0,0.244,13.898,-310583000.0,268949000.0,268949000.0,538895000.0,96032000.0,8.467,0.801,942266000.0,10426000.0,931840000.0,942266000.0,0.0,175613000.0,0.0,0.025,0.5,167429000.0,343042000.0,0.413,343042000.0,167429000.0,143830000.0,0.74,0.71,0.74,1826890000.0,1836286500.0,1826890000.0,3365031942.0,20.0,9.809,42464000.0,0.323,1.0,291733000.0,0.351,28118000.0,23599000.0,3799307000.0,3834978750.0,41228000.0,677979000.0,677979000.0,0.0,1463616000.0,136398000.0,1327218000.0,2623088942.0,21493000.0,0.0,-37369000.0,-9732000.0,-65904000.0,-113651000.0,-217903000.0,92680000.0,353047000.0,0.0,96032000.0,96032000.0,96032000.0,0.0,0.0,0.116,202872000.0,88861000.0,34320000.0,0.676,1.436,27.315,26.959,2075018000.0,0.0,19.95,3.158,3.157,136617000.0,631336000.0,830628000.0,830628000.0,0.0,0.028,0.052,0.044,0.202,0.0,27596000.0,1.0,131483155.0,131450000.0,140833000.0,6.319,3262388000.0,0.0,47798000.0,5433000.0,24.818,1018491000.0
74,DOFSQ,MRT,2002-06-30,2002-06-30,2002-06-30,2021-08-04,-2685000.0,3551959000.0,3405682250.0,1455612000.0,2096347000.0,0.259,13.939,-288107000.0,448739000.0,448739000.0,536201000.0,127755000.0,3.676,0.937,1190682000.0,262614000.0,928068000.0,1190682000.0,0.0,173569000.0,0.0,0.018,0.5,215275000.0,388844000.0,0.441,388844000.0,215275000.0,191747000.0,0.97,0.93,0.97,1833718000.0,1841332250.0,1833718000.0,4434278918.0,21.0,11.404,109381000.0,0.831,1.0,344880000.0,0.391,31522000.0,23528000.0,3866383000.0,3835094500.0,40754000.0,762909000.0,762909000.0,0.0,1718241000.0,395997000.0,1322244000.0,3749264918.0,288406000.0,0.0,-57768000.0,-9732000.0,-66127000.0,-131309000.0,22227000.0,310334000.0,397488000.0,0.0,127755000.0,127755000.0,127755000.0,0.0,0.0,0.145,199833000.0,145047000.0,40491000.0,0.515,2.045,29.347,29.381,2032131000.0,0.0,28.5,4.255,4.255,170208000.0,626076000.0,881081000.0,881081000.0,0.0,0.038,0.069,0.056,0.244,0.0,26624000.0,1.0,131553155.0,131553000.0,131561000.0,6.698,3520437000.0,0.0,63992000.0,5111000.0,26.761,1059615000.0
75,DOFSQ,MRT,2002-03-31,2002-03-31,2002-03-31,2021-08-04,-9492000.0,3278656000.0,3329899250.0,1194113000.0,2084543000.0,0.276,12.964,-290096000.0,249755000.0,249755000.0,523160000.0,159553000.0,8.928,0.79,934769000.0,10426000.0,924343000.0,934769000.0,0.0,171155000.0,0.0,0.016,0.5,273547000.0,444702000.0,0.483,444702000.0,273547000.0,238310000.0,1.21,1.16,1.21,1831392000.0,1839933500.0,1831392000.0,4843485625.0,18.0,10.892,119811000.0,0.848,1.0,397465000.0,0.432,34926000.0,35237000.0,3794990000.0,3827352750.0,40837000.0,715842000.0,715842000.0,0.0,1447264000.0,133754000.0,1313510000.0,4112351625.0,-58103000.0,0.0,-57768000.0,450268000.0,-66365000.0,-77771000.0,-390239000.0,-100143000.0,409907000.0,0.0,159553000.0,159553000.0,159553000.0,0.0,0.0,0.173,196091000.0,201374000.0,23042000.0,0.413,2.245,25.774,25.835,2016493000.0,0.0,31.26,4.467,4.797,160929000.0,630558000.0,920625000.0,920625000.0,0.0,0.048,0.087,0.071,0.297,0.0,25263000.0,1.0,131553155.0,141268000.0,131786000.0,6.517,3243730000.0,0.0,78757000.0,7838000.0,22.962,1060359000.0
76,DOFSQ,MRT,2001-12-31,2001-12-31,2001-12-31,2021-08-04,-2880000.0,3502681000.0,3291183500.0,1427579000.0,2075102000.0,0.281,13.945,-266891000.0,398990000.0,398990000.0,503698000.0,173823000.0,4.514,0.89,1130124000.0,209488000.0,920636000.0,1130124000.0,0.0,170017000.0,0.0,0.016,0.5,298570000.0,468587000.0,0.507,468587000.0,298570000.0,260485000.0,1.31,1.26,1.31,1853146000.0,1831915250.0,1853146000.0,4707386912.0,16.0,10.046,103845000.0,0.781,1.0,420602000.0,0.455,38329000.0,38085000.0,3879235000.0,3756256000.0,40814000.0,748387000.0,748387000.0,0.0,1649535000.0,316251000.0,1333284000.0,4014415912.0,251239000.0,0.0,-37768000.0,450268000.0,-66502000.0,-53647000.0,-65850000.0,201041000.0,370736000.0,0.0,173823000.0,173823000.0,173823000.0,0.0,0.0,0.188,195192000.0,225410000.0,31924000.0,0.382,2.166,23.095,23.206,2002873000.0,0.0,30.4,4.343,4.371,193653000.0,624507000.0,924300000.0,924300000.0,0.0,0.053,0.095,0.079,0.323,0.0,25502000.0,1.0,132053155.0,132886000.0,142365000.0,6.956,3464352000.0,0.0,86662000.0,5862000.0,26.07,1111328000.0
77,DOFSQ,MRT,2001-09-30,2001-09-30,2001-09-30,2021-08-04,13972000.0,3289433000.0,3185389750.0,1248504000.0,2040929000.0,0.276,12.362,-226521000.0,244161000.0,244161000.0,481906000.0,162694000.0,8.907,0.781,937132000.0,9732000.0,927400000.0,937132000.0,0.0,161969000.0,0.0,0.02,0.5,278753000.0,440722000.0,0.501,440722000.0,278753000.0,242939000.0,1.22,1.18,1.22,1847073000.0,1810592000.0,1847073000.0,4139113169.0,15.0,9.392,121921000.0,0.816,1.0,397294000.0,0.452,42464000.0,35814000.0,3799770000.0,3692228000.0,40791000.0,744915000.0,744915000.0,0.0,1442360000.0,140170000.0,1302190000.0,3362662169.0,118213000.0,0.0,-111881000.0,460000000.0,-66751000.0,-64379000.0,-165850000.0,60671000.0,348442000.0,0.0,162694000.0,162694000.0,162694000.0,0.0,0.0,0.185,186939000.0,210355000.0,58175000.0,0.41,1.821,20.669,20.672,1939243000.0,0.0,25.22,3.825,4.286,198350000.0,601206000.0,879200000.0,879200000.0,0.0,0.051,0.09,0.075,0.317,0.0,24970000.0,1.0,133333155.0,149417000.0,132889000.0,5.884,3246969000.0,0.0,80245000.0,7208000.0,21.731,1108334000.0
78,DOFSQ,MRT,2001-06-30,2001-06-30,2001-06-30,2021-08-04,1445000.0,3248827000.0,3131010500.0,1254484000.0,1994343000.0,0.257,12.843,-242532000.0,157038000.0,157038000.0,477474000.0,119744000.0,8.76,0.777,933489000.0,9732000.0,923757000.0,933489000.0,0.0,155834000.0,0.0,0.015,0.5,213325000.0,369159000.0,0.458,369159000.0,213325000.0,179577000.0,0.9,0.88,0.9,1828123000.0,1807994500.0,1828123000.0,4972728668.0,23.0,13.47,1493000.0,0.01,1.0,328438000.0,0.408,46654000.0,33748000.0,3835416000.0,3638553750.0,40802000.0,788690000.0,788690000.0,0.0,1420704000.0,143208000.0,1277496000.0,4410755668.0,-183217000.0,0.0,-84412000.0,460000000.0,-67014000.0,-36437000.0,-390805000.0,-148273000.0,244025000.0,0.0,119744000.0,119744000.0,119744000.0,0.0,0.0,0.149,180668000.0,147770000.0,69597000.0,0.556,2.413,36.835,36.722,1915896000.0,0.0,33.05,5.473,5.837,211544000.0,564448000.0,805912000.0,805912000.0,0.0,0.038,0.066,0.059,0.265,0.0,24834000.0,1.0,133457055.0,142342000.0,133447000.0,5.662,3202173000.0,0.0,59833000.0,8542000.0,22.496,1111276000.0
79,DOFSQ,MRT,2001-03-31,2001-03-31,2001-03-31,2021-08-04,5550000.0,3123793000.0,3084541750.0,1155735000.0,1968058000.0,0.234,12.58,-276747000.0,304563000.0,304563000.0,465801000.0,79621000.0,9.301,0.736,866536000.0,9732000.0,856804000.0,866536000.0,0.0,150280000.0,0.0,0.013,0.5,137474000.0,287754000.0,0.399,287754000.0,137474000.0,120118000.0,0.6,0.59,0.6,1799319000.0,1809929250.0,1799319000.0,5961306270.0,43.0,20.717,-49005000.0,-0.343,1.0,256097000.0,0.355,50901000.0,17356000.0,3510603000.0,3517523500.0,41123000.0,604050000.0,604050000.0,0.0,1324474000.0,124262000.0,1200212000.0,5239471270.0,197991000.0,0.0,-84412000.0,402178000.0,-67273000.0,302625000.0,-332376000.0,-55629000.0,227742000.0,0.0,79621000.0,79621000.0,79621000.0,0.0,0.0,0.11,174950000.0,81147000.0,57180000.0,0.833,2.912,65.805,65.583,1894957000.0,0.0,39.35,7.258,7.796,161703000.0,537370000.0,721898000.0,721898000.0,0.0,0.026,0.044,0.039,0.19,0.0,24670000.0,1.0,133150477.0,143027000.0,133165000.0,5.047,3072892000.0,0.0,40497000.0,3813000.0,21.485,1031473000.0
80,DOFSQ,MRT,2000-12-31,2000-12-31,2000-12-31,2021-08-04,670000.0,3079506000.0,2968892250.0,1072190000.0,2007316000.0,0.231,12.189,-290645000.0,144456000.0,144456000.0,457927000.0,72281000.0,8.716,0.742,866291000.0,9732000.0,856559000.0,866291000.0,0.0,145596000.0,0.0,0.013,0.5,121139000.0,266735000.0,0.39,266735000.0,121139000.0,110867000.0,0.53,0.53,0.53,1767853000.0,1821749000.0,1767853000.0,6041498080.0,50.0,22.65,-94110000.0,-0.649,1.0,226574000.0,0.331,55205000.0,10272000.0,3623123000.0,3334597000.0,40698000.0,717678000.0,717678000.0,0.0,1311653000.0,123013000.0,1188640000.0,5360791080.0,32140000.0,0.0,-92836000.0,402178000.0,-67608000.0,290798000.0,-455193000.0,-164548000.0,196535000.0,0.0,72281000.0,72281000.0,72281000.0,0.0,0.0,0.106,169399000.0,57175000.0,39795000.0,0.943,3.032,74.166,75.472,1931182000.0,0.0,40.0,7.832,8.476,153452000.0,517186000.0,684501000.0,684501000.0,0.0,0.024,0.04,0.036,0.177,0.0,23803000.0,1.0,134019777.0,145040000.0,135164000.0,4.719,3024301000.0,0.0,38586000.0,337000.0,20.851,949177000.0
81,DOFSQ,MRT,2000-09-30,2000-09-30,2000-09-30,2021-08-04,506000.0,3071916000.0,2869273000.0,1108779000.0,1963137000.0,0.223,13.558,-316873000.0,125948000.0,125948000.0,421881000.0,56782000.0,11.345,0.673,806655000.0,0.0,806655000.0,806655000.0,0.0,146015000.0,0.0,0.012,0.5,96184000.0,242199000.0,0.379,242199000.0,96184000.0,87744000.0,0.43,0.42,0.43,1836683000.0,1840341250.0,1836683000.0,6016098153.0,63.0,24.839,-132253000.0,-0.976,1.0,217522000.0,0.34,69816000.0,8440000.0,3585073000.0,3118850750.0,40629000.0,755706000.0,755706000.0,0.0,1235233000.0,97734000.0,1137499000.0,5553197153.0,27967000.0,0.0,-11921000.0,402178000.0,-67828000.0,317048000.0,-473701000.0,-156828000.0,184620000.0,0.0,56782000.0,56782000.0,56782000.0,0.0,0.0,0.089,169459000.0,48063000.0,49944000.0,1.163,3.023,97.799,95.349,1870650000.0,0.0,41.0,8.685,8.687,144451000.0,628695000.0,639403000.0,639403000.0,0.0,0.02,0.031,0.031,0.15,0.0,23444000.0,1.0,135443833.0,135469000.0,135469000.0,4.72,3002100000.0,0.0,30962000.0,2691000.0,22.161,1011045000.0
82,DOFSQ,MRT,2000-06-30,2000-06-30,2000-06-30,2021-08-04,-6370000.0,3062952000.0,2774872250.0,1146219000.0,1916733000.0,0.248,13.546,-312532000.0,340255000.0,340255000.0,425710000.0,84151000.0,11.061,0.668,803156000.0,0.0,803156000.0,803156000.0,0.0,145092000.0,0.0,0.014,0.5,136620000.0,281712000.0,0.409,281712000.0,136620000.0,129889000.0,0.63,0.61,0.63,1835862000.0,1841728000.0,1835862000.0,5054663893.0,37.0,17.943,-55465000.0,-0.409,1.0,263085000.0,0.382,70935000.0,6731000.0,3351295000.0,2910205000.0,39993000.0,606435000.0,606435000.0,0.0,1227090000.0,103623000.0,1123467000.0,4761235893.0,244632000.0,0.0,-8424000.0,402178000.0,-67876000.0,316797000.0,-329232000.0,-16700000.0,257067000.0,0.0,84151000.0,84151000.0,84151000.0,0.0,0.0,0.122,167982000.0,95103000.0,50695000.0,0.794,2.593,56.58,55.762,1824758000.0,0.0,35.13,6.912,6.912,119434000.0,635148000.0,688795000.0,688795000.0,0.0,0.03,0.046,0.047,0.198,0.0,22890000.0,1.0,135531907.0,135532000.0,135532000.0,5.082,2992017000.0,0.0,45738000.0,7265000.0,22.076,1042596000.0
83,DOFSQ,MRT,2000-03-31,2000-03-31,2000-03-31,2021-08-04,-8938000.0,2661195000.0,2674224500.0,815794000.0,1845401000.0,0.284,12.686,-275559000.0,106572000.0,106572000.0,421628000.0,133741000.0,7.869,0.441,400000000.0,0.0,400000000.0,400000000.0,0.0,144181000.0,0.0,0.013,0.5,213191000.0,357372000.0,0.47,357372000.0,213191000.0,206077000.0,0.99,0.95,0.99,1846598000.0,1838282750.0,1846598000.0,5700172311.0,27.0,15.95,37103000.0,0.255,1.0,339187000.0,0.446,72055000.0,7114000.0,2778897000.0,2753807000.0,39145000.0,511578000.0,511578000.0,0.0,814597000.0,103671000.0,710926000.0,5412488311.0,36626000.0,0.0,-8389000.0,0.0,-67913000.0,-76302000.0,-199734000.0,75825000.0,312662000.0,0.0,133741000.0,133741000.0,133741000.0,0.0,0.0,0.176,167077000.0,172110000.0,48433000.0,0.505,2.931,40.47,40.343,1763796000.0,0.0,39.94,7.114,7.642,129759000.0,648452000.0,760815000.0,760815000.0,0.0,0.05,0.073,0.077,0.28,0.0,22896000.0,1.0,135515481.0,145564000.0,135688000.0,5.227,2589140000.0,0.0,72336000.0,14366000.0,17.787,712123000.0
84,DOFSQ,MRT,1999-12-31,1999-12-31,1999-12-31,2021-08-04,-9229000.0,2681029000.0,2674332750.0,860292000.0,1820737000.0,0.307,12.644,-323471000.0,112316000.0,112316000.0,431523000.0,156071000.0,6.354,0.455,400000000.0,0.0,400000000.0,400000000.0,0.0,142963000.0,0.0,0.016,0.5,249575000.0,392538000.0,0.478,392538000.0,249575000.0,240363000.0,1.15,1.11,1.15,1842222000.0,1823791000.0,1842222000.0,4452809027.0,18.0,11.344,74651000.0,0.512,1.0,389501000.0,0.474,73174000.0,9212000.0,2760138000.0,2736175000.0,38760000.0,529042000.0,529042000.0,0.0,838807000.0,135401000.0,703406000.0,4150790027.0,11118000.0,0.0,35000.0,0.0,-67911000.0,-67876000.0,-319128000.0,4343000.0,398122000.0,0.0,156071000.0,156071000.0,156071000.0,0.0,0.0,0.19,165840000.0,223661000.0,72630000.0,0.435,2.253,26.596,26.574,1737905000.0,0.0,30.56,5.056,5.423,143569000.0,635943000.0,821024000.0,821024000.0,0.0,0.058,0.086,0.091,0.304,0.0,22877000.0,1.0,135824281.0,145698000.0,135822000.0,5.635,2607855000.0,0.0,84292000.0,18720000.0,17.899,724891000.0
85,DOFSQ,MRT,1999-09-30,1999-09-30,1999-09-30,2021-08-04,-13019000.0,2694313000.0,2656504500.0,916572000.0,1777741000.0,0.351,12.644,-323395000.0,97981000.0,97981000.0,451328000.0,225461000.0,5.827,0.463,400000000.0,0.0,400000000.0,400000000.0,0.0,139668000.0,0.0,0.015,0.5,356443000.0,496111000.0,0.531,496111000.0,356443000.0,345721000.0,1.66,1.6,1.66,1842230000.0,1802050000.0,1842230000.0,4838191500.0,14.0,9.752,160823000.0,1.104,1.0,482215000.0,0.517,88547000.0,10722000.0,2750490000.0,2705713500.0,38093000.0,582466000.0,582466000.0,0.0,852083000.0,157295000.0,694788000.0,4533814500.0,-24666000.0,0.0,35000.0,0.0,-67910000.0,-67875000.0,-441009000.0,-117614000.0,484218000.0,0.0,225461000.0,225461000.0,225461000.0,0.0,0.0,0.242,163640000.0,318575000.0,68017000.0,0.301,2.461,20.109,20.108,1680248000.0,0.0,33.38,4.857,5.21,153036000.0,639741000.0,933543000.0,933543000.0,0.0,0.085,0.125,0.132,0.382,0.0,23635000.0,1.0,135824281.0,145700000.0,135824000.0,6.407,2605766000.0,0.0,120260000.0,48242000.0,17.884,759277000.0
86,DOFSQ,MRT,1999-06-30,1999-06-30,1999-06-30,2021-08-04,-12300000.0,2660361000.0,2609293750.0,923674000.0,1736687000.0,0.4,12.506,-305023000.0,95623000.0,95623000.0,452708000.0,296317000.0,6.189,0.46,400000000.0,0.0,400000000.0,400000000.0,0.0,136888000.0,0.0,0.018,0.5,466913000.0,603801000.0,0.579,603801000.0,466913000.0,454728000.0,2.17,2.08,2.17,1822081000.0,1764568500.0,1822081000.0,4184747095.0,9.0,6.931,250438000.0,1.719,1.0,589881000.0,0.566,89801000.0,12185000.0,2725703000.0,2649734750.0,37155000.0,585601000.0,585601000.0,0.0,838280000.0,149234000.0,689046000.0,3854693095.0,38142000.0,0.0,-88613000.0,0.0,-68349000.0,-156962000.0,-360357000.0,-55334000.0,555461000.0,0.0,296317000.0,296317000.0,296317000.0,0.0,0.0,0.284,161225000.0,428656000.0,60841000.0,0.23,2.116,13.009,13.078,1637750000.0,0.0,28.38,3.697,3.966,160582000.0,618873000.0,1042589000.0,1042589000.0,0.0,0.114,0.168,0.176,0.448,0.0,24255000.0,1.0,135824281.0,145700000.0,135824000.0,7.156,2570560000.0,0.0,158411000.0,40882000.0,17.643,774440000.0
87,DOFSQ,MRT,1999-03-31,1999-03-31,1999-03-31,2021-08-04,-9466000.0,2661628000.0,2572463750.0,931274000.0,1730354000.0,0.447,12.277,-281599000.0,69946000.0,69946000.0,470010000.0,354755000.0,5.319,0.488,400000000.0,0.0,400000000.0,400000000.0,0.0,133929000.0,0.0,0.016,0.5,559271000.0,693200000.0,0.602,693200000.0,559271000.0,545295000.0,2.58,2.47,2.58,1788631000.0,1732061250.0,1788631000.0,4594647372.0,8.0,6.628,277852000.0,1.907,1.0,680759000.0,0.592,108241000.0,13976000.0,2708369000.0,2617356500.0,36093000.0,589068000.0,589068000.0,0.0,872997000.0,175072000.0,697925000.0,4295845372.0,-8110000.0,0.0,-88648000.0,0.0,-68787000.0,-157435000.0,-410126000.0,-128527000.0,559451000.0,0.0,354755000.0,354755000.0,354755000.0,0.0,0.0,0.308,158560000.0,522199000.0,84452000.0,0.194,2.402,12.109,12.26,1612762000.0,0.0,31.63,3.733,4.004,200153000.0,582624000.0,1150769000.0,1150769000.0,0.0,0.138,0.205,0.214,0.486,0.0,24553000.0,1.0,135815535.0,145692000.0,135816000.0,7.899,2553387000.0,0.0,190540000.0,43144000.0,17.526,756202000.0
88,DOFSQ,MRT,1998-12-31,1998-12-31,1998-12-31,2021-08-04,-7998000.0,2609716000.0,2507459000.0,938424000.0,1671292000.0,0.482,12.717,-223463000.0,101198000.0,101198000.0,484625000.0,383659000.0,5.85,0.487,400000000.0,0.0,400000000.0,400000000.0,0.0,130271000.0,0.0,0.021,0.5,604718000.0,734989000.0,0.608,734989000.0,604718000.0,590231000.0,2.78,2.66,2.78,1755258000.0,1684373250.0,1755258000.0,3494823024.0,6.0,4.755,323721000.0,2.345,1.0,724176000.0,0.599,109825000.0,14487000.0,2638292000.0,2553173000.0,35794000.0,535774000.0,535774000.0,0.0,854458000.0,160401000.0,694057000.0,3217470024.0,-1760000.0,0.0,-88437000.0,0.0,-69226000.0,-157663000.0,-391281000.0,-167818000.0,547184000.0,0.0,383659000.0,383659000.0,383659000.0,0.0,0.0,0.317,155595000.0,568581000.0,93938000.0,0.18,1.833,8.386,8.522,1551820000.0,0.0,23.69,2.662,2.705,233719000.0,547783000.0,1208801000.0,1208801000.0,0.0,0.153,0.228,0.237,0.5,0.0,25324000.0,1.0,135815535.0,138020000.0,147896000.0,8.758,2499891000.0,0.0,206572000.0,13180000.0,18.113,778023000.0
89,DOFSQ,MRT,1998-09-30,1998-09-30,1998-09-30,2021-08-04,-5359000.0,2505470000.0,2429670250.0,865887000.0,1639583000.0,0.493,11.471,-192867000.0,122647000.0,122647000.0,476415000.0,380399000.0,6.077,0.481,400000000.0,0.0,400000000.0,400000000.0,0.0,124798000.0,0.0,0.017,0.445,602187000.0,726985000.0,0.607,726985000.0,602187000.0,587618000.0,2.74,2.61,2.74,1692304000.0,1629440500.0,1692304000.0,3973410850.0,7.0,5.466,348915000.0,2.365,1.0,721286000.0,0.602,113770000.0,14569000.0,2526575000.0,2480058750.0,35257000.0,468462000.0,443187000.0,25275000.0,813166000.0,142478000.0,670688000.0,3630891850.0,51787000.0,0.0,-88433000.0,0.0,-62001000.0,-150434000.0,-339561000.0,-146694000.0,541782000.0,0.0,380399000.0,380399000.0,380399000.0,0.0,0.0,0.318,150217000.0,571069000.0,53092000.0,0.162,2.146,9.545,9.511,1490549000.0,0.0,26.06,3.032,3.21,235881000.0,482190000.0,1197701000.0,1197701000.0,0.0,0.157,0.233,0.243,0.503,0.0,26686000.0,1.0,139328160.0,147528000.0,137652000.0,8.118,2391700000.0,0.0,207219000.0,35548000.0,16.212,723409000.0
90,DOFSQ,MRT,1998-06-30,1998-06-30,1998-06-30,2021-08-04,-3030000.0,2513041000.0,,720965000.0,1792076000.0,,11.341,-192146000.0,57481000.0,57481000.0,459819000.0,349528000.0,5.007,0.485,400000000.0,0.0,400000000.0,400000000.0,0.0,120039000.0,0.0,0.01,0.39,554281000.0,674320000.0,0.595,674320000.0,554281000.0,539736000.0,2.51,2.4,2.51,1692052000.0,,1692052000.0,5938262130.0,11.0,8.806,268693000.0,1.801,1.0,672593000.0,0.594,115388000.0,14545000.0,2596190000.0,,34997000.0,530224000.0,326789000.0,203435000.0,820989000.0,143982000.0,677007000.0,5616318130.0,16336000.0,0.0,416000.0,0.0,-54335000.0,-53919000.0,-390584000.0,-198438000.0,460839000.0,0.0,349528000.0,349528000.0,349528000.0,0.0,0.0,0.309,144760000.0,527833000.0,55885000.0,0.155,3.319,16.068,16.06,1463063000.0,0.0,40.31,4.96,5.311,272787000.0,390905000.0,1132412000.0,1132412000.0,0.0,,,,0.489,0.0,25747000.0,1.0,139328160.0,149204000.0,139328000.0,7.59,2397653000.0,0.0,190208000.0,32041000.0,16.07,576983000.0
91,DOFSQ,MRT,1998-03-31,1998-03-31,1998-03-31,2021-08-04,-2954000.0,2401609000.0,,638676000.0,1762933000.0,,10.71,-317556000.0,78056000.0,78056000.0,441937000.0,303097000.0,4.123,0.503,400000000.0,0.0,400000000.0,400000000.0,0.0,114522000.0,0.0,0.006,0.265,481808000.0,596330000.0,0.575,596330000.0,481808000.0,467695000.0,2.18,2.09,2.18,1597879000.0,,1597879000.0,6619753901.0,14.0,11.101,125011000.0,0.838,1.0,595492000.0,0.574,117005000.0,14113000.0,2451635000.0,,34363000.0,454888000.0,277402000.0,177486000.0,803730000.0,154913000.0,648817000.0,6322711901.0,38798000.0,0.0,82820000.0,-312000.0,-36919000.0,45589000.0,-449358000.0,-131802000.0,442567000.0,0.0,303097000.0,303097000.0,303097000.0,0.0,0.0,0.292,137882000.0,457610000.0,58568000.0,0.122,3.957,20.86,20.817,1458192000.0,0.0,45.38,6.095,6.526,238295000.0,296656000.0,1037429000.0,1037429000.0,0.0,,,,0.464,0.0,24387000.0,1.0,139328160.0,149201000.0,139325000.0,6.953,2284604000.0,0.0,164598000.0,47095000.0,15.312,483763000.0
92,DOFSQ,MRT,1997-12-31,1997-12-31,1997-12-31,2021-08-04,-1928000.0,2298561000.0,1936530500.0,718775000.0,1579786000.0,0.494,11.082,-354285000.0,102958000.0,102958000.0,406343000.0,278605000.0,5.481,0.497,400000000.0,0.0,400000000.0,400000000.0,0.0,108335000.0,0.0,0.003,0.14,440331000.0,548666000.0,0.574,548666000.0,440331000.0,430061000.0,2.01,1.93,2.01,1535527000.0,1365129500.0,1535527000.0,,,,42083000.0,0.304,1.0,549750000.0,0.575,118623000.0,10270000.0,2345835000.0,1853665000.0,33714000.0,363137000.0,363137000.0,0.0,763034000.0,131145000.0,631889000.0,6705864341.0,74778000.0,0.0,82942000.0,320938000.0,-19503000.0,384377000.0,-705967000.0,-351682000.0,396368000.0,0.0,278605000.0,278605000.0,278605000.0,0.0,0.0,0.291,129877000.0,419873000.0,57557000.0,0.07,4.367,24.069,23.945,1451741000.0,0.0,48.13,7.014,6.975,205589000.0,233350000.0,956093000.0,956093000.0,0.0,0.144,0.204,0.238,0.461,0.0,22556000.0,1.0,139328160.0,138560000.0,147489000.0,6.9,2179938000.0,0.0,151456000.0,24653000.0,15.733,587630000.0
93,DOFSQ,MRT,1997-09-30,1997-09-30,1997-09-30,2021-08-04,,,,,,,,,,,,,,,,,,,,,,0.001,0.07,,,,,,,,,,,,,,,,,,1.0,,,,,,,,,,,,,,,,,,,,,,,,,,,,,,,,,,,,,,,,55.25,,,,,,,,,,,,,,1.0,,149179000.0,,,,,,,,
94,DOFSQ,MRT,1997-06-30,1997-06-30,1997-06-30,2021-08-04,,,,,,,,,,,,,,,,,,,,,,0.0,0.0,,,,,,,,,,,,,,,,,,1.0,,,,,,,,,,,,,,,,,,,,,,,,,,,,,,,,,,,,,,,,38.94,,,,,,,,,,,,,,1.0,,148702000.0,,,,,,,,
95,DOFSQ,MRT,1997-03-31,1997-03-31,1997-03-31,2021-08-04,,,,,,,,,,,,,,,,,,,,,,0.0,0.0,,,,,,,,,,,,,,,,,,1.0,,,,,,,,,,,,,,,,,,,,,,,,,,,,,,,,,,,,,,,,34.25,,,,,,,,,,,,,,1.0,,142804000.0,,,,,,,,
96,DOFSQ,MRT,1996-12-31,1996-12-31,1996-12-31,2021-08-04,-928000.0,1574500000.0,,242967000.0,1331533000.0,,9.599,-226411000.0,28180000.0,28180000.0,341654000.0,146388000.0,1.898,0.318,73000000.0,10000000.0,63000000.0,73000000.0,0.0,75767000.0,0.0,0.0,0.0,215031000.0,290798000.0,0.476,290798000.0,215031000.0,212705000.0,1.18,1.18,1.18,1194732000.0,,1194732000.0,,,,-16178000.0,-0.13,1.0,269776000.0,0.441,129825000.0,2326000.0,1361495000.0,,30407000.0,0.0,0.0,0.0,379768000.0,128000000.0,251768000.0,,17874000.0,20883000.0,5016000.0,2953000.0,0.0,7969000.0,-200328000.0,5200000.0,210233000.0,0.0,146388000.0,146388000.0,146388000.0,0.0,0.0,0.239,56285000.0,213491000.0,63172000.0,0.0,,,24.153,1198160000.0,0.0,28.5,,5.801,172214000.0,-25056000.0,611430000.0,611430000.0,0.0,,,,0.352,0.0,15640000.0,1.0,,124462000.0,124462000.0,4.913,1444675000.0,0.0,66317000.0,26377000.0,11.607,114967000.0
97,DOFSQ,MRT,1995-12-31,1995-12-31,1995-12-31,2021-08-04,,,,,,,,-65130000.0,,,259560000.0,-7026000.0,,,,,,,,52865000.0,,0.0,0.0,13249000.0,66114000.0,0.196,66114000.0,13249000.0,-13803000.0,,,,,,,,,,-12464000.0,,1.0,77024000.0,0.229,,27052000.0,,,,,,,,,,,-7464000.0,0.0,338363000.0,-331245000.0,-2118000.0,5000000.0,-65130000.0,0.0,52666000.0,0.0,-7026000.0,-7026000.0,-7026000.0,0.0,0.0,-0.021,65373000.0,11651000.0,,,,,,,0.0,16.875,,,,,336584000.0,336584000.0,0.0,,,,0.039,0.0,13857000.0,1.0,,,,,,,-6777000.0,,,
