None,ticker,dimension,calendardate,datekey,reportperiod,lastupdated,accoci,assets,assetsavg,assetsc,assetsnc,assetturnover,bvps,capex,cashneq,cashnequsd,cor,consolinc,currentratio,de,debt,debtc,debtnc,debtusd,deferredrev,depamor,deposits,divyield,dps,ebit,ebitda,ebitdamargin,ebitdausd,ebitusd,ebt,eps,epsdil,epsusd,equity,equityavg,equityusd,ev,evebit,evebitda,fcf,fcfps,fxusd,gp,grossmargin,intangibles,intexp,invcap,invcapavg,inventory,investments,investmentsc,investmentsnc,liabilities,liabilitiesc,liabilitiesnc,marketcap,ncf,ncfbus,ncfcommon,ncfdebt,ncfdiv,ncff,ncfi,ncfinv,ncfo,ncfx,netinc,netinccmn,netinccmnusd,netincdis,netincnci,netmargin,opex,opinc,payables,payoutratio,pb,pe,pe1,ppnenet,prefdivis,price,ps,ps1,receivables,retearn,revenue,revenueusd,rnd,roa,roe,roic,ros,sbcomp,sgna,sharefactor,sharesbas,shareswa,shareswadil,sps,tangibles,taxassets,taxexp,taxliabilities,tbvps,workingcapital
0,PH,MRY,2021-12-31,2021-06-30,2021-06-30,2021-09-08,-1566727000.0,20341200000.0,19949023000.0,5616750000.0,14724450000.0,0.719,65.075,-69367000.0,733117000.0,733117000.0,10449680000.0,1746861000.0,1.814,1.42,6584877000.0,2824000.0,6582053000.0,6584877000.0,0.0,595390000.0,0.0,0.012,3.67,2496232000.0,3091622000.0,0.215,3091622000.0,2496232000.0,2246196000.0,13.54,13.35,13.54,8398307000.0,7356363750.0,8398307000.0,45903067269.0,18.0,14.848,2505634000.0,19.415,1.0,3897960000.0,0.272,11579484000.0,250036000.0,11516973000.0,11594670500.0,2090642000.0,813355000.0,39116000.0,774239000.0,11927530000.0,3096503000.0,8831027000.0,39634371269.0,47603000.0,0.0,-214134000.0,-1934031000.0,-475174000.0,-2623339000.0,-13000.0,44610000.0,2575001000.0,95954000.0,1746100000.0,1746100000.0,1746100000.0,0.0,761000.0,0.122,1417970000.0,2479990000.0,1667878000.0,0.271,4.719,22.699,22.682,2266476000.0,0.0,307.11,2.762,2.762,2509909000.0,14915497000.0,14347640000.0,14347640000.0,0.0,0.088,0.237,0.215,0.174,121483000.0,1527302000.0,1.0,129055945.0,129055945.0,,111.174,8761716000.0,104251000.0,500096000.0,790365000.0,67.891,2520247000.0
1,PH,MRY,2020-12-31,2020-06-30,2020-06-30,2021-09-08,-2558875000.0,19887753000.0,20216402750.0,5034768000.0,14852985000.0,0.677,48.568,-206246000.0,685514000.0,685514000.0,10292291000.0,1202332000.0,1.599,2.191,8461785000.0,809529000.0,7652256000.0,8461785000.0,0.0,537531000.0,0.0,0.019,3.52,1814653000.0,2352184000.0,0.172,2352184000.0,1814653000.0,1506492000.0,9.36,9.26,9.36,6227224000.0,6237501250.0,6227224000.0,31933901464.0,18.0,13.576,1864703000.0,14.543,1.0,3403229000.0,0.248,11668848000.0,308161000.0,12846803000.0,13099081500.0,1964195000.0,835368000.0,70805000.0,764563000.0,13645983000.0,3148373000.0,10497610000.0,23498405464.0,-2534253000.0,-5076064000.0,-213426000.0,1117774000.0,-453838000.0,449310000.0,-5023993000.0,80741000.0,2070949000.0,-30519000.0,1201970000.0,1201970000.0,1201970000.0,0.0,362000.0,0.088,1655326000.0,1747903000.0,1111759000.0,0.376,3.773,19.55,19.58,2292735000.0,0.0,183.27,1.716,1.716,2099268000.0,13643907000.0,13695520000.0,13695520000.0,0.0,0.059,0.193,0.139,0.132,111375000.0,1656553000.0,1.0,128217414.0,128217414.0,,106.815,8218905000.0,126839000.0,304522000.0,614165000.0,64.101,1886395000.0
2,PH,MRY,2019-12-31,2019-06-30,2019-06-30,2021-09-08,-2059048000.0,17576690000.0,15946838500.0,7673086000.0,9903604000.0,0.898,46.474,-148497000.0,3219767000.0,3219767000.0,10688970000.0,1525083000.0,2.435,1.947,7107845000.0,587014000.0,6520831000.0,7107845000.0,0.0,436189000.0,0.0,0.019,3.16,2139046000.0,2575235000.0,0.18,2575235000.0,2139046000.0,1948908000.0,11.73,11.57,11.73,5961969000.0,5972134000.0,5961969000.0,26012583664.0,12.0,10.101,1581643000.0,12.329,1.0,3631354000.0,0.254,7237082000.0,190138000.0,11075913000.0,9399796500.0,1678132000.0,898704000.0,150931000.0,747773000.0,11608538000.0,3151773000.0,8456765000.0,21809799664.0,2397630000.0,17636000.0,-857577000.0,2172351000.0,-412468000.0,902306000.0,-218510000.0,-106872000.0,1730140000.0,-16306000.0,1524516000.0,1524516000.0,1524516000.0,0.0,567000.0,0.106,1552988000.0,2078366000.0,1413155000.0,0.269,3.658,14.306,14.494,1768287000.0,0.0,170.01,1.523,1.523,2441762000.0,12777538000.0,14320324000.0,14320324000.0,0.0,0.096,0.255,0.228,0.149,104078000.0,1543939000.0,1.0,128285393.0,128285393.0,,111.629,10339608000.0,150462000.0,424392000.0,360378000.0,80.598,4521313000.0
3,PH,MRY,2018-12-31,2018-06-30,2018-06-30,2021-09-08,-1763086000.0,15320087000.0,15813507750.0,5085238000.0,10234849000.0,0.904,44.073,-165786000.0,822137000.0,822137000.0,10737745000.0,1061315000.0,1.59,1.613,4957025000.0,638466000.0,4318559000.0,4957025000.0,0.0,466085000.0,0.0,0.018,2.74,1915636000.0,2381721000.0,0.167,2381721000.0,1915636000.0,1701763000.0,7.98,7.83,7.98,5859866000.0,5692140000.0,5859866000.0,25506295321.0,13.0,10.709,1430914000.0,10.762,1.0,3564647000.0,0.249,7519940000.0,213873000.0,8737552000.0,9343401000.0,1621304000.0,834044000.0,32995000.0,801049000.0,9454594000.0,3197483000.0,6257111000.0,20721727321.0,-62749000.0,177741000.0,-377359000.0,-939325000.0,-365288000.0,-1681972000.0,23677000.0,3298000.0,1596700000.0,-1154000.0,1060801000.0,1060801000.0,1060801000.0,0.0,514000.0,0.074,1635506000.0,1929141000.0,1430306000.0,0.343,3.536,19.534,19.53,1856237000.0,0.0,155.85,1.449,1.449,2473916000.0,11625975000.0,14302392000.0,14302392000.0,0.0,0.067,0.186,0.205,0.134,118831000.0,1639989000.0,1.0,132959431.0,132959431.0,,107.57,7800147000.0,57623000.0,640962000.0,433736000.0,58.666,1887755000.0
4,PH,MRY,2017-12-31,2017-06-30,2017-06-30,2021-09-08,-1924204000.0,15489904000.0,13629441000.0,4779718000.0,10710186000.0,0.883,39.507,-189100000.0,884886000.0,884886000.0,9119029000.0,983844000.0,1.408,1.943,5870360000.0,1008465000.0,4861895000.0,5870360000.0,0.0,355229000.0,0.0,0.016,2.58,1490645000.0,1845874000.0,0.153,1845874000.0,1490645000.0,1328209000.0,7.37,7.25,7.37,5261649000.0,4794694500.0,5261649000.0,26497116435.0,18.0,14.355,1111463000.0,8.345,1.0,2910283000.0,0.242,7894362000.0,162436000.0,9185156000.0,8425832500.0,1549494000.0,881793000.0,39318000.0,842475000.0,10222558000.0,3395860000.0,6826698000.0,21285364435.0,-336767000.0,-3983587000.0,-335876000.0,2463884000.0,-345380000.0,1782628000.0,-3363240000.0,813652000.0,1300563000.0,-56718000.0,983412000.0,983412000.0,983412000.0,0.0,432000.0,0.082,1369559000.0,1540724000.0,1300496000.0,0.35,4.045,21.644,21.685,1937292000.0,0.0,159.82,1.769,1.769,2185738000.0,10930348000.0,12029312000.0,12029312000.0,0.0,0.072,0.205,0.177,0.124,80339000.0,1412820000.0,1.0,133183359.0,133183359.0,,90.321,7595542000.0,36057000.0,344797000.0,374927000.0,57.031,1383858000.0
5,PH,MRY,2016-12-31,2016-06-30,2016-06-30,2021-09-08,-2227765000.0,12034142000.0,11964797000.0,5207787000.0,6826355000.0,0.95,33.971,-130586000.0,1221653000.0,1221653000.0,8823384000.0,807216000.0,2.201,1.63,3014244000.0,361787000.0,2652457000.0,3014244000.0,0.0,306843000.0,0.0,0.023,2.52,1250869000.0,1557712000.0,0.137,1557712000.0,1250869000.0,1114352000.0,5.96,5.89,5.96,4575255000.0,4812447750.0,4575255000.0,16768983590.0,13.0,10.765,1080192000.0,8.02,1.0,2537369000.0,0.223,3825608000.0,136517000.0,7635237000.0,7785555500.0,1173329000.0,1709834000.0,882342000.0,827492000.0,7455464000.0,2365888000.0,5089576000.0,14552333590.0,41069000.0,-43227000.0,-587239000.0,85843000.0,-341962000.0,-843358000.0,-264639000.0,-50831000.0,1210778000.0,-61712000.0,806840000.0,806840000.0,806840000.0,0.0,376000.0,0.071,1348323000.0,1189046000.0,1034589000.0,0.423,3.181,18.036,18.129,1568100000.0,0.0,108.05,1.281,1.281,1826103000.0,10302866000.0,11360753000.0,11360753000.0,0.0,0.067,0.168,0.161,0.11,71293000.0,1359360000.0,1.0,134681477.0,134681477.0,,84.353,8208534000.0,605155000.0,307512000.0,181992000.0,60.948,2841899000.0
6,PH,MRY,2015-12-31,2015-06-30,2015-06-30,2021-09-08,-1738618000.0,12279282000.0,12482380250.0,5440945000.0,6838337000.0,1.018,36.807,-195872000.0,1180584000.0,1180584000.0,9655245000.0,1012553000.0,2.316,1.405,2947102000.0,223142000.0,2723960000.0,2947102000.0,0.0,317491000.0,0.0,0.02,2.37,1550233000.0,1867724000.0,0.147,1867724000.0,1550233000.0,1431827000.0,7.08,6.97,7.08,5104287000.0,5647938500.0,5104287000.0,18505316536.0,12.0,9.908,1167361000.0,8.418,1.0,3056499000.0,0.24,3956118000.0,118406000.0,7740562000.0,7634267750.0,1300459000.0,1545420000.0,733490000.0,811930000.0,7171713000.0,2349120000.0,4822593000.0,16132263536.0,-432971000.0,18647000.0,-1432954000.0,667307000.0,-340389000.0,-1106036000.0,-579163000.0,-355937000.0,1363233000.0,-111005000.0,1012140000.0,1012140000.0,1012140000.0,0.0,413000.0,0.08,1549227000.0,1507272000.0,1092138000.0,0.335,3.161,15.939,16.431,1664022000.0,0.0,116.33,1.269,1.269,1984728000.0,9841885000.0,12711744000.0,12711744000.0,0.0,0.081,0.179,0.203,0.122,96093000.0,1544746000.0,1.0,138676726.0,138676726.0,,91.665,8323164000.0,406267000.0,419687000.0,202507000.0,60.018,3091825000.0
7,PH,MRY,2014-12-31,2014-06-30,2014-06-30,2021-09-08,-823498000.0,13274362000.0,13007255000.0,6071580000.0,7202782000.0,1.016,44.713,-201972000.0,1613555000.0,1613555000.0,10188227000.0,1041418000.0,1.867,0.993,2324764000.0,816622000.0,1508142000.0,2324764000.0,0.0,336702000.0,0.0,0.015,1.86,1638916000.0,1975618000.0,0.149,1975618000.0,1638916000.0,1556350000.0,6.98,6.87,6.98,6659428000.0,6373127750.0,6659428000.0,19217226107.0,12.0,9.727,1185921000.0,7.963,1.0,3027744000.0,0.229,4359707000.0,82566000.0,6373068000.0,5913025750.0,1371681000.0,1592482000.0,573701000.0,1018781000.0,6611554000.0,3252796000.0,3358758000.0,18725758107.0,-167857000.0,184905000.0,-196030000.0,-517573000.0,-278244000.0,-958115000.0,-646401000.0,-624880000.0,1387893000.0,48766000.0,1041048000.0,1041048000.0,1041048000.0,0.0,370000.0,0.079,1413971000.0,1613773000.0,1252040000.0,0.266,2.812,17.987,18.013,1824294000.0,0.0,125.73,1.417,1.417,2246613000.0,9174189000.0,13215971000.0,13215971000.0,0.0,0.08,0.163,0.277,0.124,103161000.0,1633992000.0,1.0,148936277.0,148936277.0,,88.736,8914655000.0,136193000.0,515302000.0,318430000.0,59.855,2818784000.0
8,PH,MRY,2013-12-31,2013-06-30,2013-06-30,2021-09-08,-1107833000.0,12540898000.0,11952152250.0,5531186000.0,7009712000.0,1.089,38.448,-240849000.0,1781412000.0,1781412000.0,10086675000.0,948784000.0,1.571,1.185,2829786000.0,1333826000.0,1495960000.0,2829786000.0,0.0,335624000.0,0.0,0.018,1.7,1402196000.0,1737820000.0,0.134,1737820000.0,1402196000.0,1310644000.0,6.36,6.26,6.36,5738426000.0,5403581250.0,5738426000.0,15584973490.0,11.0,8.968,950086000.0,6.366,1.0,2929029000.0,0.225,4514014000.0,91552000.0,5555055000.0,5762717250.0,1377405000.0,687458000.0,0.0,687458000.0,6799417000.0,3520203000.0,3279214000.0,14238570490.0,943095000.0,-547629000.0,-225803000.0,992047000.0,-255009000.0,576174000.0,-809845000.0,0.0,1190935000.0,-14169000.0,948427000.0,948427000.0,948427000.0,0.0,357000.0,0.073,1544674000.0,1384355000.0,1156002000.0,0.267,2.481,15.013,15.0,1808240000.0,0.0,95.4,1.094,1.094,2062745000.0,8421270000.0,13015704000.0,13015704000.0,0.0,0.079,0.176,0.243,0.108,84996000.0,1554973000.0,1.0,149251263.0,149251263.0,,87.207,8026884000.0,126955000.0,362217000.0,238999000.0,53.781,2010983000.0
9,PH,MRY,2012-12-31,2012-06-30,2012-06-30,2021-09-08,-1415900000.0,11170282000.0,10677145000.0,4498114000.0,6672168000.0,1.231,32.416,-198413000.0,838317000.0,838317000.0,9958337000.0,1155492000.0,1.809,1.279,1729535000.0,225589000.0,1503946000.0,1729535000.0,0.0,321929000.0,0.0,0.02,1.54,1665819000.0,1987748000.0,0.151,1987748000.0,1665819000.0,1573029000.0,7.62,7.45,7.62,4896515000.0,5162374250.0,4896515000.0,12628474414.0,8.0,6.353,1331972000.0,8.818,1.0,3187605000.0,0.242,4021074000.0,92790000.0,5554413000.0,5453242250.0,1400732000.0,931126000.0,0.0,931126000.0,6264552000.0,2486013000.0,3778539000.0,11612809414.0,180851000.0,-156256000.0,-446370000.0,-5162000.0,-240654000.0,-823520000.0,-375768000.0,0.0,1530385000.0,-150246000.0,1151823000.0,1151823000.0,1151823000.0,0.0,3669000.0,0.088,1516822000.0,1670783000.0,1194684000.0,0.202,2.372,10.082,10.089,1719968000.0,0.0,76.88,0.883,0.883,1992284000.0,7787175000.0,13145942000.0,13145942000.0,0.0,0.108,0.223,0.305,0.127,80935000.0,1519316000.0,1.0,151051111.0,151051111.0,,87.03,7149208000.0,129352000.0,421206000.0,241900000.0,47.33,2012101000.0
10,PH,MRY,2011-12-31,2011-06-30,2011-06-30,2021-09-08,-450990000.0,10886805000.0,10898058000.0,4305256000.0,6581549000.0,1.133,33.198,-175005000.0,657466000.0,657466000.0,9387457000.0,1057150000.0,1.801,1.003,1766357000.0,75271000.0,1691086000.0,1766357000.0,0.0,339800000.0,0.0,0.014,1.25,1505405000.0,1845205000.0,0.149,1845205000.0,1505405000.0,1405701000.0,6.51,6.37,6.51,5383854000.0,5218492000.0,5383854000.0,15302548630.0,10.0,8.293,991928000.0,6.116,1.0,2958413000.0,0.24,4186838000.0,99704000.0,5417815000.0,5551147750.0,1412153000.0,597532000.0,0.0,597532000.0,5398469000.0,2391043000.0,3007426000.0,14553539630.0,81940000.0,-60227000.0,-667234000.0,-85283000.0,-206084000.0,-915778000.0,-244938000.0,0.0,1166933000.0,75723000.0,1049130000.0,1049130000.0,1049130000.0,0.0,8020000.0,0.085,1460063000.0,1498350000.0,1173851000.0,0.192,2.703,13.872,13.785,1797179000.0,0.0,89.74,1.179,1.179,1977856000.0,6891407000.0,12345870000.0,12345870000.0,0.0,0.096,0.201,0.271,0.122,73238000.0,1467773000.0,1.0,162174500.0,162174500.0,,76.127,6699967000.0,145847000.0,356571000.0,392809000.0,41.313,1914213000.0
11,PH,MRY,2010-12-31,2010-06-30,2010-06-30,2021-09-08,-1208561000.0,9910382000.0,9874998000.0,3588796000.0,6321586000.0,1.012,27.124,-117293000.0,575526000.0,575526000.0,7847067000.0,556365000.0,1.628,1.248,1776906000.0,363272000.0,1413634000.0,1776906000.0,0.0,362509000.0,0.0,0.018,1.01,856116000.0,1218625000.0,0.122,1218625000.0,856116000.0,752517000.0,3.44,3.4,3.44,4367965000.0,4502901250.0,4367965000.0,10453064095.0,12.0,8.578,1101529000.0,6.84,1.0,2146099000.0,0.215,3936385000.0,103599000.0,4970486000.0,5351159500.0,1171655000.0,687320000.0,0.0,687320000.0,5450982000.0,2204891000.0,3246091000.0,8931036095.0,387915000.0,-5451000.0,-14692000.0,-486263000.0,-162739000.0,-649996000.0,-146173000.0,0.0,1218822000.0,-34738000.0,554065000.0,554065000.0,554065000.0,0.0,2300000.0,0.055,1287372000.0,858727000.0,888743000.0,0.294,2.045,16.119,16.122,1697881000.0,0.0,55.46,0.894,0.894,1599941000.0,6086545000.0,9993166000.0,9993166000.0,0.0,0.056,0.123,0.16,0.086,59318000.0,1277080000.0,1.0,161035631.0,161035631.0,,62.056,5973997000.0,130129000.0,198452000.0,311670000.0,37.097,1383905000.0
12,PH,MRY,2009-12-31,2009-06-30,2009-06-30,2021-09-08,-843019000.0,9855902000.0,9917789750.0,3123781000.0,6732121000.0,1.039,26.591,-241747000.0,187611000.0,187611000.0,8181348000.0,510144000.0,1.557,1.29,2321172000.0,481467000.0,1839705000.0,2321172000.0,0.0,357737000.0,0.0,0.023,1.0,793525000.0,1151262000.0,0.112,1151262000.0,793525000.0,681454000.0,3.15,3.13,3.15,4268199000.0,4515600000.0,4268199000.0,9326114719.0,12.0,8.101,887445000.0,5.529,1.0,2127667000.0,0.206,4176939000.0,112071000.0,5806770000.0,5835648750.0,1254550000.0,674628000.0,0.0,674628000.0,5505462000.0,2005754000.0,3499708000.0,6895517719.0,-138437000.0,-722635000.0,-444243000.0,327778000.0,-161575000.0,-274348000.0,-960831000.0,0.0,1129192000.0,-32450000.0,508515000.0,508515000.0,508515000.0,0.0,1629000.0,0.049,1290043000.0,837624000.0,649718000.0,0.317,1.616,13.56,13.638,1880554000.0,0.0,42.96,0.669,0.669,1417305000.0,5722038000.0,10309015000.0,10309015000.0,0.0,0.051,0.113,0.136,0.077,47215000.0,1290379000.0,1.0,160510189.0,160510189.0,,64.227,5678963000.0,121980000.0,172939000.0,296564000.0,35.381,1118027000.0
13,PH,MRY,2008-12-31,2008-06-30,2008-06-30,2021-09-08,117642000.0,10386854000.0,9476632500.0,4095625000.0,6291229000.0,1.282,31.354,-250330000.0,326048000.0,326048000.0,9339072000.0,957513000.0,1.876,0.975,2071316000.0,118864000.0,1952452000.0,2071316000.0,0.0,326724000.0,0.0,0.012,0.84,1425520000.0,1752244000.0,0.144,1752244000.0,1425520000.0,1326524000.0,5.64,5.53,5.64,5258971000.0,4925332000.0,5258971000.0,13591351695.0,10.0,7.757,1066280000.0,6.357,1.0,2806533000.0,0.231,3818701000.0,98996000.0,6130165000.0,5443537250.0,1494694000.0,546006000.0,0.0,546006000.0,5127883000.0,2183256000.0,2944627000.0,11962581695.0,153342000.0,-921014000.0,-551197000.0,667039000.0,-142260000.0,1222000.0,-1170800000.0,0.0,1316610000.0,6310000.0,949466000.0,949466000.0,949466000.0,0.0,8047000.0,0.078,1360686000.0,1445847000.0,961886000.0,0.149,2.275,12.599,12.645,1926522000.0,0.0,71.32,0.985,0.985,2046726000.0,5387836000.0,12145605000.0,12145605000.0,0.0,0.1,0.193,0.262,0.117,44947000.0,1364082000.0,1.0,167731095.0,167731095.0,,72.411,6568153000.0,145831000.0,377058000.0,345814000.0,39.159,1912369000.0
14,PH,MRY,2007-12-31,2007-06-30,2007-06-30,2021-09-08,-112621000.0,8441413000.0,8482682000.0,3386175000.0,5055238000.0,1.264,27.119,-192001000.0,172706000.0,172706000.0,8272949000.0,830046000.0,1.759,0.792,1285300000.0,195384000.0,1089916000.0,1285300000.0,0.0,294566000.0,0.0,0.011,0.693,1242696000.0,1537262000.0,0.143,1537262000.0,1242696000.0,1159282000.0,4.75,4.68,4.75,4711665000.0,4454809750.0,4711665000.0,12566352256.0,10.0,8.175,764904000.0,4.403,1.0,2445110000.0,0.228,2849676000.0,83414000.0,4779086000.0,5140338250.0,1265802000.0,469190000.0,0.0,469190000.0,3729748000.0,1925245000.0,1804503000.0,11340636256.0,1153000.0,-378639000.0,-392784000.0,107073000.0,-121263000.0,-380427000.0,-579761000.0,0.0,956905000.0,4436000.0,830046000.0,830046000.0,830046000.0,0.0,0.0,0.077,1209597000.0,1235513000.0,788560000.0,0.146,2.407,13.663,13.742,1736372000.0,0.0,65.273,1.058,1.058,1737748000.0,4625195000.0,10718059000.0,10718059000.0,0.0,0.098,0.186,0.242,0.116,33203000.0,1226861000.0,1.0,173740725.0,173740725.0,,61.69,5591737000.0,140264000.0,329236000.0,266958000.0,32.184,1460930000.0
15,PH,MRY,2006-12-31,2006-06-30,2006-06-30,2021-09-08,-194819000.0,8173432000.0,7732523500.0,3138978000.0,5034454000.0,1.214,23.5,-157015000.0,171553000.0,171553000.0,7367618000.0,673167000.0,1.867,0.927,1131500000.0,72039000.0,1059461000.0,1131500000.0,0.0,280971000.0,0.0,0.012,0.613,1010612000.0,1291583000.0,0.138,1291583000.0,1010612000.0,934849000.0,3.76,3.71,3.76,4241203000.0,3790862250.0,4241203000.0,10505683066.0,10.0,8.134,793679000.0,4.398,1.0,2018270000.0,0.215,2481553000.0,75763000.0,4970721000.0,4854219500.0,1182878000.0,859107000.0,0.0,859107000.0,3932229000.0,1681105000.0,2251124000.0,9336619066.0,-164527000.0,-743266000.0,470000.0,-101480000.0,-109643000.0,-190247000.0,-921243000.0,0.0,950694000.0,-3731000.0,673167000.0,673167000.0,673167000.0,-34891000.0,0.0,0.072,1051942000.0,966328000.0,770665000.0,0.163,2.201,13.87,13.759,1693794000.0,0.0,51.733,0.995,0.995,1592323000.0,3916412000.0,9385888000.0,9385888000.0,0.0,0.087,0.178,0.208,0.108,33448000.0,1036646000.0,1.0,180475884.0,180475884.0,,52.006,5691879000.0,127986000.0,261682000.0,258931000.0,31.538,1457873000.0
16,PH,MRY,2005-12-31,2005-06-30,2005-06-30,2021-09-08,-470964000.0,6860703000.0,6659258000.0,2755707000.0,4104996000.0,1.212,18.527,-134621000.0,336080000.0,336080000.0,6391477000.0,604692000.0,2.118,1.054,970386000.0,31962000.0,938424000.0,970386000.0,0.0,262690000.0,0.0,0.013,0.52,876666000.0,1139356000.0,0.141,1139356000.0,876666000.0,809797000.0,3.393,3.347,3.393,3340147000.0,3326266250.0,3340147000.0,8333456115.0,10.0,7.314,718885000.0,3.988,1.0,1677328000.0,0.208,1610915000.0,66869000.0,4583270000.0,4639847000.0,1017045000.0,831595000.0,0.0,831595000.0,3520556000.0,1300824000.0,2219732000.0,7452828115.0,152233000.0,-438569000.0,-23724000.0,-21202000.0,-92612000.0,-137538000.0,-565383000.0,0.0,853506000.0,1648000.0,604692000.0,604692000.0,604692000.0,-71526000.0,0.0,0.075,864148000.0,813180000.0,569047000.0,0.153,2.231,12.325,12.184,1581348000.0,0.0,41.34,0.924,0.924,1225423000.0,3352888000.0,8068805000.0,8068805000.0,0.0,0.091,0.182,0.189,0.109,0.0,860278000.0,1.0,180281280.0,180281280.0,,44.757,5249788000.0,127490000.0,205105000.0,133193000.0,29.12,1454883000.0
17,PH,MRY,2004-12-31,2004-06-30,2004-06-30,2021-09-08,-311710000.0,6235233000.0,6037030250.0,2491441000.0,3743792000.0,1.141,16.631,-111096000.0,183847000.0,183847000.0,5577888000.0,345783000.0,2.011,1.091,988994000.0,35198000.0,953796000.0,988994000.0,0.0,249686000.0,0.0,0.013,0.507,559798000.0,809484000.0,0.118,809484000.0,559798000.0,486654000.0,1.96,1.94,1.96,2982454000.0,2766313000.0,2982454000.0,8072624420.0,14.0,9.973,551302000.0,3.074,1.0,1309708000.0,0.19,1279617000.0,73144000.0,4522119000.0,4509405750.0,976258000.0,798242000.0,0.0,798242000.0,3252779000.0,1238644000.0,2014135000.0,7108806420.0,-62003000.0,-167101000.0,56223000.0,-415428000.0,-89286000.0,-448491000.0,-270472000.0,0.0,662398000.0,-5438000.0,345783000.0,345783000.0,345783000.0,-13698000.0,0.0,0.05,764499000.0,545209000.0,525113000.0,0.259,2.384,20.559,20.224,1585989000.0,0.0,39.64,1.032,1.032,1174601000.0,2840787000.0,6887596000.0,6887596000.0,0.0,0.057,0.125,0.124,0.081,0.0,765570000.0,1.0,179334168.0,179334168.0,,38.406,4955616000.0,140848000.0,140871000.0,202058000.0,27.633,1252797000.0
18,PH,MRY,2003-12-31,2003-06-30,2003-06-30,2021-09-08,-445982000.0,5985633000.0,5739839250.0,2396807000.0,3588826000.0,1.1,14.227,-137321000.0,245850000.0,245850000.0,5246417000.0,196272000.0,1.683,1.374,1390567000.0,424235000.0,966332000.0,1390567000.0,0.0,258665000.0,0.0,0.018,0.493,373839000.0,632504000.0,0.1,632504000.0,373839000.0,292432000.0,1.127,1.12,1.127,2520911000.0,2632271500.0,2520911000.0,6265947102.0,17.0,9.907,420241000.0,2.372,1.0,1065276000.0,0.169,1168054000.0,81407000.0,4538569000.0,4507430500.0,997167000.0,720022000.0,0.0,720022000.0,3464722000.0,1423727000.0,2040995000.0,4960201102.0,199466000.0,-1939000.0,9386000.0,-145716000.0,-85833000.0,-222163000.0,-136404000.0,0.0,557562000.0,976000.0,196272000.0,196272000.0,196272000.0,-4435000.0,0.0,0.031,698472000.0,366804000.0,437103000.0,0.437,1.968,25.272,24.839,1657425000.0,0.0,27.993,0.786,0.786,1002060000.0,2584268000.0,6311693000.0,6311693000.0,0.0,0.034,0.075,0.083,0.059,0.0,694815000.0,1.0,177192228.0,177192228.0,,35.621,4817579000.0,143106000.0,96160000.0,85874000.0,27.188,973080000.0
19,PH,MRY,2002-12-31,2002-06-30,2002-06-30,2021-09-08,-247497000.0,5752583000.0,5638098250.0,2235618000.0,3516965000.0,1.091,14.632,-186715000.0,46384000.0,46384000.0,5116570000.0,130150000.0,1.644,1.227,1505576000.0,416693000.0,1088883000.0,1505576000.0,0.0,281598000.0,0.0,0.015,0.48,300520000.0,582118000.0,0.095,582118000.0,300520000.0,218036000.0,0.753,0.747,0.753,2583516000.0,2593856750.0,2583516000.0,7193234133.0,24.0,12.357,444331000.0,2.517,1.0,1032552000.0,0.168,1135054000.0,82484000.0,4716884000.0,4592403250.0,1051968000.0,675877000.0,0.0,675877000.0,3169067000.0,1359837000.0,1809230000.0,5625213133.0,22819000.0,-385093000.0,20250000.0,61711000.0,-82838000.0,-877000.0,-608718000.0,0.0,631046000.0,1368000.0,130150000.0,130150000.0,130150000.0,0.0,0.0,0.021,734515000.0,298037000.0,443525000.0,0.637,2.177,43.221,42.311,1696965000.0,0.0,31.86,0.915,0.915,1006313000.0,2473808000.0,6149122000.0,6149122000.0,0.0,0.023,0.05,0.065,0.049,0.0,686485000.0,1.0,176560362.0,176560362.0,,34.827,4617529000.0,91490000.0,87886000.0,125264000.0,26.153,875781000.0
20,PH,MRY,2001-12-31,2001-06-30,2001-06-30,2021-09-08,-204531000.0,5337661000.0,5306799000.0,2196362000.0,3141299000.0,1.127,14.428,-244704000.0,23565000.0,23565000.0,4728156000.0,340792000.0,1.554,1.111,1403580000.0,546502000.0,857078000.0,1403580000.0,0.0,264527000.0,0.0,0.017,0.467,623958000.0,888485000.0,0.149,888485000.0,623958000.0,528183000.0,1.987,1.973,1.987,2528915000.0,2467643500.0,2528915000.0,6392672066.0,10.0,7.195,284083000.0,1.621,1.0,1251448000.0,0.209,962715000.0,95775000.0,4341832000.0,4448791250.0,1008864000.0,621904000.0,0.0,621904000.0,2808746000.0,1413129000.0,1395617000.0,4959097066.0,-44895000.0,-583254000.0,15971000.0,311465000.0,-79921000.0,247515000.0,-819828000.0,0.0,528787000.0,-1369000.0,340792000.0,340792000.0,340792000.0,0.0,0.0,0.057,632290000.0,619158000.0,367806000.0,0.235,1.961,14.552,14.239,1548688000.0,0.0,28.293,0.829,0.829,922325000.0,2426496000.0,5979604000.0,5979604000.0,0.0,0.064,0.138,0.14,0.104,0.0,679963000.0,1.0,175274402.0,175274402.0,,34.116,4374946000.0,99431000.0,187391000.0,193582000.0,24.961,783233000.0
21,PH,MRY,2000-12-31,2000-06-30,2000-06-30,2021-09-08,-125458000.0,4646299000.0,4010348250.0,2153113000.0,2493186000.0,1.343,13.752,-198431000.0,68460000.0,68460000.0,4186850000.0,368232000.0,1.815,1.012,1037060000.0,335298000.0,701762000.0,1037060000.0,0.0,206408000.0,0.0,0.02,0.453,621370000.0,827778000.0,0.154,827778000.0,621370000.0,562187000.0,2.227,2.207,2.227,2309458000.0,2061076000.0,2309458000.0,4563767470.0,7.0,5.513,339609000.0,2.022,1.0,1198768000.0,0.223,570740000.0,59183000.0,3857856000.0,3806791000.0,974196000.0,574241000.0,0.0,574241000.0,2336841000.0,1186303000.0,1150538000.0,3834535470.0,35183000.0,-351011000.0,1202000.0,154621000.0,-74963000.0,80860000.0,-579709000.0,0.0,538040000.0,-4008000.0,368232000.0,368232000.0,368232000.0,0.0,0.0,0.068,581510000.0,617258000.0,372666000.0,0.203,1.66,10.413,10.253,1340915000.0,0.0,22.833,0.712,0.712,840040000.0,2165625000.0,5385618000.0,5385618000.0,0.0,0.092,0.179,0.163,0.115,0.0,575906000.0,1.0,167935860.0,167935860.0,,32.069,4075559000.0,81001000.0,193955000.0,162147000.0,24.269,966810000.0
22,PH,MRY,1999-12-31,1999-06-30,1999-06-30,2021-09-08,-92858000.0,3705888000.0,3719659250.0,1774684000.0,1931204000.0,1.341,11.389,-223740000.0,33277000.0,33277000.0,3897266000.0,310501000.0,2.352,0.999,785366000.0,60609000.0,724757000.0,785366000.0,0.0,202046000.0,0.0,0.014,0.427,541391000.0,743437000.0,0.149,743437000.0,541391000.0,477694000.0,1.9,1.887,1.9,1853862000.0,1787083250.0,1853862000.0,5830008162.0,11.0,7.842,235357000.0,1.446,1.0,1089430000.0,0.218,441489000.0,63697000.0,3261975000.0,3608543250.0,915130000.0,260495000.0,0.0,260495000.0,1852026000.0,754513000.0,1097513000.0,4964829162.0,2789000.0,-89865000.0,74076000.0,-148407000.0,-69461000.0,-143792000.0,-313057000.0,0.0,459097000.0,541000.0,310501000.0,310501000.0,310501000.0,0.0,0.0,0.062,553095000.0,536335000.0,313173000.0,0.225,2.678,15.99,16.053,1200869000.0,0.0,30.5,0.996,0.996,738773000.0,1872356000.0,4986696000.0,4986696000.0,0.0,0.083,0.174,0.15,0.109,0.0,550681000.0,1.0,162781284.0,162781284.0,,30.634,3264399000.0,92927000.0,167193000.0,83384000.0,20.054,1020171000.0
23,PH,MRY,1998-12-31,1998-06-30,1998-06-30,2021-09-08,-60026000.0,3524821000.0,3327167250.0,1780075000.0,1744746000.0,1.392,10.149,-229794000.0,30488000.0,30488000.0,3550992000.0,319551000.0,1.8,1.094,778428000.0,265485000.0,512943000.0,778428000.0,0.0,182679000.0,0.0,0.014,0.367,553100000.0,735779000.0,0.159,735779000.0,553100000.0,500313000.0,1.92,1.9,1.92,1683450000.0,1628021500.0,1683450000.0,4916537013.0,9.0,6.682,90805000.0,0.547,1.0,1082031000.0,0.234,399681000.0,52787000.0,2884310000.0,2816054000.0,944271000.0,194632000.0,0.0,194632000.0,1841371000.0,988770000.0,852601000.0,4216336013.0,-38509000.0,-232953000.0,-96887000.0,264896000.0,-66501000.0,101508000.0,-459117000.0,0.0,320599000.0,-1499000.0,319551000.0,319551000.0,319551000.0,0.0,0.0,0.069,532039000.0,549992000.0,338249000.0,0.191,2.505,13.195,13.24,1135225000.0,0.0,25.42,0.91,0.91,699179000.0,1631316000.0,4633023000.0,4633023000.0,0.0,0.096,0.196,0.196,0.119,0.0,532134000.0,1.0,165866877.0,165866877.0,,27.932,3125140000.0,99310000.0,180762000.0,64113000.0,18.841,791305000.0
24,PH,MRY,1997-12-31,1997-06-30,1997-06-30,2021-09-08,-27345000.0,2998946000.0,2943035000.0,1499561000.0,1499385000.0,1.39,9.235,-177894000.0,68997000.0,68997000.0,3152988000.0,274039000.0,2.094,0.938,502623000.0,69738000.0,432885000.0,502623000.0,0.0,169833000.0,0.0,0.013,0.338,471526000.0,641359000.0,0.157,641359000.0,471526000.0,424867000.0,1.64,1.627,1.64,1547301000.0,1465629500.0,1547301000.0,5023515566.0,11.0,7.833,214416000.0,1.28,1.0,938093000.0,0.229,285264000.0,46659000.0,2431297000.0,2390510000.0,727847000.0,174142000.0,0.0,174142000.0,1451645000.0,716011000.0,735634000.0,4523594566.0,5044000.0,-31461000.0,-10184000.0,-121324000.0,-56570000.0,-188078000.0,-194731000.0,0.0,392310000.0,-4457000.0,274039000.0,274039000.0,274039000.0,0.0,0.0,0.067,475180000.0,462913000.0,266848000.0,0.206,2.924,16.507,16.463,1020743000.0,0.0,27.0,1.106,1.106,601724000.0,1378297000.0,4091081000.0,4091081000.0,0.0,0.093,0.187,0.197,0.115,0.0,475180000.0,1.0,167540540.0,167540540.0,,24.418,2713682000.0,102863000.0,150828000.0,77381000.0,16.197,783550000.0
25,PH,MRY,1996-12-31,1996-06-30,1996-06-30,2021-09-08,20725000.0,2887124000.0,,1402124000.0,1485000000.0,,,-192306000.0,63953000.0,63953000.0,2756343000.0,239667000.0,1.828,1.086,613586000.0,173789000.0,439797000.0,613586000.0,0.0,141363000.0,0.0,0.017,0.32,411146000.0,552509000.0,0.154,552509000.0,411146000.0,374479000.0,1.433,1.427,1.433,1383958000.0,,1383958000.0,,,,145675000.0,,1.0,830105000.0,0.231,320152000.0,36667000.0,2349723000.0,,707225000.0,148363000.0,0.0,148363000.0,1503166000.0,766882000.0,736284000.0,,123000.0,-359447000.0,-1209000.0,273222000.0,-53325000.0,218688000.0,-554565000.0,0.0,337981000.0,-1981000.0,239667000.0,239667000.0,239667000.0,0.0,0.0,0.067,425449000.0,404656000.0,236871000.0,0.223,,,13.026,991777000.0,0.0,18.667,,,538645000.0,1160828000.0,3586448000.0,3586448000.0,0.0,,,,0.115,0.0,425449000.0,1.0,,,,,2566972000.0,100978000.0,134812000.0,74401000.0,,635242000.0
26,PH,MRY,1995-12-31,1995-06-30,1995-06-30,2021-09-08,,,,,,,,-138918000.0,,,2448264000.0,218238000.0,,,,,,,,119930000.0,,0.019,0.302,379329000.0,499259000.0,0.155,499259000.0,379329000.0,348407000.0,1.313,,1.313,,,,,,,101217000.0,,1.0,766106000.0,0.238,,30922000.0,,,,,,,,,,,-17760000.0,-126713000.0,11528000.0,43347000.0,-49961000.0,4914000.0,-264222000.0,0.0,240135000.0,1413000.0,218238000.0,218238000.0,218238000.0,0.0,0.0,0.068,384581000.0,381525000.0,,0.23,,,12.27,,0.0,16.111,,,,,3214370000.0,3214370000.0,0.0,,,,0.118,0.0,384581000.0,1.0,,,,,,,130169000.0,,,
0,PH,MRQ,2021-06-30,2021-06-30,2021-06-30,2021-09-08,-1566727000.0,20341200000.0,,5616750000.0,14724450000.0,,65.075,-66043000.0,733117000.0,733117000.0,2831034000.0,505914000.0,1.814,1.42,6584877000.0,2824000.0,6582053000.0,6584877000.0,0.0,146582000.0,0.0,0.012,1.03,717880000.0,864462000.0,0.218,864462000.0,717880000.0,657622000.0,3.92,3.85,3.92,8398307000.0,,8398307000.0,45903067269.0,18.0,14.848,627553000.0,4.863,1.0,1127835000.0,0.285,11579484000.0,60258000.0,11516973000.0,,2090642000.0,813355000.0,39116000.0,774239000.0,11927530000.0,3096503000.0,8831027000.0,39634371269.0,243517000.0,0.0,-88615000.0,-185213000.0,-133841000.0,-407669000.0,-51426000.0,3993000.0,693596000.0,9016000.0,505738000.0,505738000.0,505738000.0,0.0,176000.0,0.128,304716000.0,823119000.0,1667878000.0,0.263,4.719,22.699,22.682,2266476000.0,0.0,307.11,2.762,2.762,2509909000.0,14915497000.0,3958869000.0,3958869000.0,0.0,,,,,19576000.0,414048000.0,1.0,129055945.0,129055945.0,,30.676,8761716000.0,104251000.0,151884000.0,790365000.0,67.891,2520247000.0
1,PH,MRQ,2021-03-31,2021-03-31,2021-03-31,2021-09-08,-2156290000.0,19841546000.0,,5049053000.0,14792493000.0,,57.268,-34845000.0,489600000.0,489600000.0,2714773000.0,471733000.0,1.663,1.682,6758296000.0,186388000.0,6571908000.0,6758296000.0,0.0,150548000.0,0.0,0.011,0.88,658096000.0,808644000.0,0.216,808644000.0,658096000.0,597266000.0,3.65,3.59,3.65,7392202000.0,,7392202000.0,47364555876.0,21.0,16.837,492572000.0,3.816,1.0,1031553000.0,0.275,11626768000.0,60830000.0,11446827000.0,,1898159000.0,831491000.0,40270000.0,791221000.0,12433617000.0,3036647000.0,9396970000.0,40716071876.0,-75134000.0,0.0,-67831000.0,-424470000.0,-114105000.0,-606406000.0,-27281000.0,4627000.0,527417000.0,31136000.0,471647000.0,471647000.0,471647000.0,0.0,86000.0,0.126,386831000.0,644722000.0,1551460000.0,0.241,5.508,26.582,26.529,2249122000.0,0.0,315.43,3.005,3.005,2428005000.0,14429912000.0,3746326000.0,3746326000.0,0.0,,,,,22074000.0,386831000.0,1.0,129081165.0,129081165.0,,29.023,8214778000.0,125382000.0,125619000.0,620464000.0,63.64,2012406000.0
2,PH,MRQ,2020-12-31,2020-12-31,2020-12-31,2021-09-08,-2130506000.0,19827429000.0,,4799679000.0,15027750000.0,,55.171,67048000.0,564734000.0,564734000.0,2519545000.0,447497000.0,1.497,1.788,7213218000.0,610909000.0,6602309000.0,7213218000.0,0.0,149818000.0,0.0,0.013,0.88,639311000.0,789129000.0,0.231,789129000.0,639311000.0,576321000.0,3.47,3.41,3.47,7105982000.0,,7105982000.0,42286253468.0,20.0,15.797,683662000.0,5.308,1.0,892360000.0,0.262,11796210000.0,62990000.0,11472620000.0,,1870948000.0,838387000.0,43314000.0,795073000.0,12705125000.0,3207083000.0,9498042000.0,35086474468.0,-177660000.0,0.0,-35938000.0,-766906000.0,-113686000.0,-916530000.0,74786000.0,-2391000.0,616614000.0,47470000.0,447306000.0,447306000.0,447306000.0,0.0,191000.0,0.131,356572000.0,535788000.0,1343011000.0,0.254,4.938,24.582,24.541,2302142000.0,0.0,272.41,2.598,2.598,2129321000.0,14072152000.0,3411905000.0,3411905000.0,0.0,,,,,21372000.0,356572000.0,1.0,128800244.0,128800244.0,,26.49,8031219000.0,134325000.0,129015000.0,639323000.0,62.354,1592596000.0
3,PH,MRQ,2020-09-30,2020-09-30,2020-09-30,2021-09-08,-2388472000.0,19785917000.0,,4869484000.0,14916433000.0,,50.785,-35527000.0,742394000.0,742394000.0,2384328000.0,321717000.0,1.463,2.028,7942173000.0,884450000.0,7057723000.0,7942173000.0,0.0,148442000.0,0.0,0.017,0.88,480945000.0,629387000.0,0.195,629387000.0,480945000.0,414987000.0,2.5,2.47,2.5,6528964000.0,,6528964000.0,33789428381.0,19.0,14.26,701847000.0,5.459,1.0,846212000.0,0.262,11715211000.0,65958000.0,11942262000.0,,1795779000.0,812054000.0,33463000.0,778591000.0,13241668000.0,3328223000.0,9913445000.0,26013157381.0,56880000.0,0.0,-21750000.0,-557442000.0,-113542000.0,-692734000.0,3908000.0,38381000.0,737374000.0,8332000.0,321409000.0,321409000.0,321409000.0,0.0,308000.0,0.099,369851000.0,476361000.0,1264991000.0,0.352,3.984,21.962,21.946,2292880000.0,0.0,202.34,1.914,1.914,2134315000.0,13738533000.0,3230540000.0,3230540000.0,0.0,,,,,58461000.0,369851000.0,1.0,128561616.0,128561616.0,,25.128,8070706000.0,129751000.0,93578000.0,610320000.0,62.777,1541261000.0
4,PH,MRQ,2020-06-30,2020-06-30,2020-06-30,2021-09-08,-2558875000.0,19887753000.0,,5034768000.0,14852985000.0,,48.568,-49142000.0,685514000.0,685514000.0,2363092000.0,291324000.0,1.599,2.191,8461785000.0,809529000.0,7652256000.0,8461785000.0,0.0,146582000.0,0.0,0.019,0.88,439365000.0,585947000.0,0.185,585947000.0,439365000.0,364816000.0,2.27,2.25,2.27,6227224000.0,,6227224000.0,31933901464.0,18.0,13.576,730948000.0,5.701,1.0,797511000.0,0.252,11668848000.0,74549000.0,12846803000.0,,1964195000.0,835368000.0,70805000.0,764563000.0,13645983000.0,3148373000.0,10497610000.0,23498405464.0,-12103000.0,0.0,-21252000.0,-687436000.0,-113547000.0,-823435000.0,21208000.0,22712000.0,780090000.0,10034000.0,291345000.0,291345000.0,291345000.0,0.0,-21000.0,0.092,351566000.0,445945000.0,1111759000.0,0.388,3.773,19.55,19.58,2292735000.0,0.0,183.27,1.716,1.716,2099268000.0,13643907000.0,3160603000.0,3160603000.0,0.0,,,,,19518000.0,352793000.0,1.0,128217414.0,128217414.0,,24.65,8218905000.0,126839000.0,73471000.0,614165000.0,64.101,1886395000.0
5,PH,MRQ,2020-03-31,2020-03-31,2020-03-31,2021-09-08,-2195462000.0,20365280000.0,,5481426000.0,14883854000.0,,49.048,-59504000.0,697617000.0,697617000.0,2766693000.0,367369000.0,1.492,2.233,9133113000.0,1035191000.0,8097922000.0,9133113000.0,0.0,137649000.0,0.0,0.027,0.88,534806000.0,672455000.0,0.182,672455000.0,534806000.0,454041000.0,2.86,2.83,2.86,6295990000.0,,6295990000.0,25449727574.0,13.0,10.383,405387000.0,3.158,1.0,935739000.0,0.253,11711606000.0,80765000.0,13415561000.0,,2011367000.0,843279000.0,92536000.0,750743000.0,14057853000.0,3673609000.0,10384244000.0,16652544574.0,-250738000.0,-459000.0,-57282000.0,-611012000.0,-113266000.0,-781560000.0,109887000.0,49286000.0,464891000.0,-43956000.0,367253000.0,367253000.0,367253000.0,0.0,116000.0,0.099,413460000.0,522279000.0,1422011000.0,0.308,2.645,12.46,12.474,2296990000.0,0.0,129.73,1.171,1.171,2496612000.0,13348291000.0,3702432000.0,3702432000.0,0.0,,,,,18788000.0,413460000.0,1.0,128363097.0,128363097.0,,28.843,8653674000.0,124515000.0,86788000.0,648949000.0,67.416,1807817000.0
6,PH,MRQ,2019-12-31,2019-12-31,2019-12-31,2021-09-08,-1945732000.0,21043989000.0,,5661151000.0,15382838000.0,,49.276,-66539000.0,948355000.0,948355000.0,2682765000.0,204598000.0,1.384,2.322,9745538000.0,1604318000.0,8141220000.0,9745538000.0,0.0,144229000.0,0.0,0.017,0.88,337513000.0,481742000.0,0.138,481742000.0,337513000.0,254622000.0,1.59,1.57,1.59,6330175000.0,,6330175000.0,31916904612.0,16.0,12.953,310298000.0,2.415,1.0,815209000.0,0.233,11991278000.0,82891000.0,13758772000.0,,2014260000.0,1086708000.0,145120000.0,941588000.0,14701488000.0,4091122000.0,10610366000.0,26440606612.0,-2679038000.0,-3379149000.0,-62907000.0,392508000.0,-113673000.0,215928000.0,-3302134000.0,142250000.0,376837000.0,30331000.0,204474000.0,204474000.0,204474000.0,0.0,124000.0,0.058,491121000.0,324088000.0,1311733000.0,0.553,4.177,19.154,19.164,2335940000.0,0.0,205.82,1.862,1.862,2292313000.0,13094252000.0,3497974000.0,3497974000.0,0.0,,,,,20436000.0,491121000.0,1.0,128464710.0,128464710.0,,27.229,9052711000.0,114032000.0,50148000.0,734847000.0,70.468,1570029000.0
7,PH,MRQ,2019-09-30,2019-09-30,2019-09-30,2021-09-08,-2130594000.0,19568589000.0,,8138079000.0,11430510000.0,,47.466,-31061000.0,3627393000.0,3627393000.0,2479741000.0,339041000.0,1.958,2.209,9103691000.0,1736779000.0,7366912000.0,9103691000.0,0.0,109071000.0,0.0,0.018,0.88,502969000.0,612040000.0,0.184,612040000.0,502969000.0,433013000.0,2.64,2.6,2.64,6096616000.0,,6096616000.0,27085951317.0,13.0,10.536,418070000.0,3.255,1.0,854770000.0,0.256,8512369000.0,69956000.0,12375190000.0,,1790044000.0,1174610000.0,282102000.0,892508000.0,13465797000.0,4157328000.0,9308469000.0,23197873317.0,407626000.0,-1696456000.0,-71985000.0,2023714000.0,-113352000.0,1838377000.0,-1852954000.0,-133507000.0,449131000.0,-26928000.0,338898000.0,338898000.0,338898000.0,0.0,143000.0,0.102,399179000.0,455591000.0,1287420000.0,0.333,3.805,15.593,15.651,1880157000.0,0.0,180.61,1.636,1.636,2272004000.0,13003084000.0,3334511000.0,3334511000.0,0.0,,,,,52633000.0,399179000.0,1.0,128441799.0,128441799.0,,25.961,11056220000.0,145476000.0,94115000.0,367025000.0,86.08,3980751000.0
8,PH,MRQ,2019-06-30,2019-06-30,2019-06-30,2021-09-08,-2059048000.0,17576690000.0,,7673086000.0,9903604000.0,,46.474,-40584000.0,3219767000.0,3219767000.0,2725064000.0,425890000.0,2.435,1.947,7107845000.0,587014000.0,6520831000.0,7107845000.0,0.0,105388000.0,0.0,0.019,0.88,579400000.0,684788000.0,0.186,684788000.0,579400000.0,529328000.0,3.31,3.28,3.31,5961969000.0,,5961969000.0,26012583664.0,12.0,10.101,596959000.0,4.653,1.0,956403000.0,0.26,7237082000.0,50072000.0,11075913000.0,,1678132000.0,898704000.0,150931000.0,747773000.0,11608538000.0,3151773000.0,8456765000.0,21809799664.0,2121038000.0,138000.0,-87757000.0,1793709000.0,-113462000.0,1592490000.0,-102415000.0,-80239000.0,637543000.0,-6580000.0,425820000.0,425820000.0,425820000.0,0.0,70000.0,0.116,400542000.0,555861000.0,1413155000.0,0.266,3.658,14.306,14.494,1768287000.0,0.0,170.01,1.523,1.523,2441762000.0,12777538000.0,3681467000.0,3681467000.0,0.0,,,,,19553000.0,391493000.0,1.0,128285393.0,128285393.0,,28.697,10339608000.0,150462000.0,103508000.0,360378000.0,80.598,4521313000.0
9,PH,MRQ,2019-03-31,2019-03-31,2019-03-31,2021-09-08,-1728915000.0,15477935000.0,,5537791000.0,9940144000.0,,46.457,-47608000.0,1098729000.0,1098729000.0,2766744000.0,411381000.0,1.56,1.574,5301513000.0,1017278000.0,4284235000.0,5301513000.0,0.0,108258000.0,0.0,0.018,0.76,577276000.0,685534000.0,0.186,685534000.0,577276000.0,529067000.0,3.2,3.14,3.2,6009978000.0,,6009978000.0,26601975225.0,13.0,10.407,503949000.0,3.896,1.0,920774000.0,0.25,7294398000.0,48209000.0,8837371000.0,,1755991000.0,839581000.0,70190000.0,769391000.0,9461887000.0,3548950000.0,5912937000.0,22201682225.0,51344000.0,0.0,-204485000.0,-127169000.0,-98547000.0,-430201000.0,-84785000.0,-38220000.0,551557000.0,14773000.0,411248000.0,411248000.0,411248000.0,0.0,133000.0,0.112,360865000.0,559909000.0,1423659000.0,0.237,3.694,15.291,15.475,1779892000.0,0.0,171.62,1.536,1.536,2434515000.0,12427212000.0,3687518000.0,3687518000.0,0.0,,,,,19910000.0,360865000.0,1.0,129365355.0,129365355.0,,28.505,8183537000.0,96463000.0,117819000.0,463325000.0,63.259,1988841000.0
10,PH,MRQ,2018-12-31,2018-12-31,2018-12-31,2021-09-08,-1795497000.0,15307687000.0,,5334736000.0,9972951000.0,,43.938,-29168000.0,1047385000.0,1047385000.0,2602339000.0,311913000.0,1.52,1.631,5447678000.0,1144347000.0,4303331000.0,5447678000.0,0.0,110052000.0,0.0,0.02,0.76,478496000.0,588548000.0,0.17,588548000.0,478496000.0,430978000.0,2.39,2.36,2.39,5815209000.0,,5815209000.0,23896468086.0,12.0,9.515,352484000.0,2.663,1.0,869706000.0,0.25,7346380000.0,47518000.0,8852666000.0,,1804564000.0,764943000.0,30956000.0,733987000.0,9486521000.0,3508934000.0,5977587000.0,19738508086.0,95263000.0,15025000.0,-500480000.0,347334000.0,-99590000.0,-252736000.0,-16247000.0,304000.0,381652000.0,-17406000.0,311737000.0,311737000.0,311737000.0,0.0,176000.0,0.09,397259000.0,472447000.0,1307178000.0,0.318,3.394,14.032,14.017,1793805000.0,0.0,149.14,1.36,1.36,2262963000.0,12114448000.0,3472045000.0,3472045000.0,0.0,,,,,21674000.0,397259000.0,1.0,132348854.0,132348854.0,,26.234,7961307000.0,98779000.0,119241000.0,469239000.0,60.154,1825802000.0
11,PH,MRQ,2018-09-30,2018-09-30,2018-09-30,2021-09-08,-1775983000.0,15425042000.0,,5298082000.0,10126960000.0,,46.097,-31137000.0,952122000.0,952122000.0,2594823000.0,375899000.0,1.601,1.527,5110082000.0,796861000.0,4313221000.0,5110082000.0,0.0,112491000.0,0.0,0.015,0.76,503874000.0,616365000.0,0.177,616365000.0,503874000.0,459535000.0,2.84,2.79,2.84,6101380000.0,,6101380000.0,28479867214.0,14.0,11.604,128251000.0,0.969,1.0,884471000.0,0.254,7441245000.0,44339000.0,8833236000.0,,1762640000.0,798582000.0,40787000.0,757795000.0,9317936000.0,3308521000.0,6009415000.0,24344979214.0,129985000.0,2473000.0,-64855000.0,158477000.0,-100869000.0,-7247000.0,-15063000.0,11283000.0,159388000.0,-7093000.0,375711000.0,375711000.0,375711000.0,0.0,188000.0,0.108,394322000.0,490149000.0,1404716000.0,0.268,3.99,21.149,21.215,1828034000.0,0.0,183.93,1.689,1.689,2377320000.0,11902300000.0,3479294000.0,3479294000.0,0.0,,,,,42941000.0,394322000.0,1.0,132360024.0,132360024.0,,26.287,7983797000.0,99886000.0,83824000.0,503841000.0,60.319,1989561000.0
12,PH,MRQ,2018-06-30,2018-06-30,2018-06-30,2021-09-08,-1763086000.0,15320087000.0,,5085238000.0,10234849000.0,,44.073,-35682000.0,822137000.0,822137000.0,2830198000.0,353328000.0,1.59,1.613,4957025000.0,638466000.0,4318559000.0,4957025000.0,0.0,114769000.0,0.0,0.018,0.76,550895000.0,665664000.0,0.174,665664000.0,550895000.0,497855000.0,2.66,2.61,2.66,5859866000.0,,5859866000.0,25506295321.0,13.0,10.709,659780000.0,4.962,1.0,987279000.0,0.259,7519940000.0,53040000.0,8737552000.0,,1621304000.0,834044000.0,32995000.0,801049000.0,9454594000.0,3197483000.0,6257111000.0,20721727321.0,-267392000.0,177741000.0,-177998000.0,-867490000.0,-100956000.0,-1146444000.0,203072000.0,61526000.0,695462000.0,-19482000.0,353256000.0,353256000.0,353256000.0,0.0,72000.0,0.093,413727000.0,573552000.0,1430306000.0,0.286,3.536,19.534,19.53,1856237000.0,0.0,155.85,1.449,1.449,2473916000.0,11625975000.0,3817477000.0,3817477000.0,0.0,,,,,29260000.0,418210000.0,1.0,132959431.0,132959431.0,,28.712,7800147000.0,57623000.0,144599000.0,433736000.0,58.666,1887755000.0
13,PH,MRQ,2018-03-31,2018-03-31,2018-03-31,2021-09-08,-1649038000.0,16237484000.0,,5563096000.0,10674388000.0,,44.122,-45171000.0,1089529000.0,1089529000.0,2819804000.0,366130000.0,1.586,1.765,5874097000.0,1055527000.0,4818570000.0,5874097000.0,0.0,117100000.0,0.0,0.015,0.66,523831000.0,640931000.0,0.171,640931000.0,523831000.0,469686000.0,2.75,2.7,2.75,5870353000.0,,5870353000.0,27777105480.0,15.0,12.14,399293000.0,3.001,1.0,929787000.0,0.248,7881017000.0,54145000.0,9632518000.0,,1732759000.0,915843000.0,101206000.0,814637000.0,10361201000.0,3508517000.0,6852684000.0,22755292480.0,64759000.0,0.0,-65001000.0,-199558000.0,-88145000.0,-352704000.0,-37569000.0,7371000.0,444464000.0,10568000.0,365989000.0,365989000.0,365989000.0,0.0,141000.0,0.098,416457000.0,513330000.0,1376457000.0,0.24,3.876,22.736,22.774,1941799000.0,0.0,171.03,1.628,1.628,2474519000.0,11373676000.0,3749591000.0,3749591000.0,0.0,,,,,25304000.0,416457000.0,1.0,133048544.0,133048544.0,,28.182,8356467000.0,36935000.0,103697000.0,293728000.0,62.808,2054579000.0
14,PH,MRQ,2017-12-31,2017-12-31,2017-12-31,2021-09-08,-1767728000.0,15965181000.0,,5286359000.0,10678822000.0,,41.384,-18045000.0,1024770000.0,1024770000.0,2564449000.0,56322000.0,1.494,1.895,6046583000.0,1248212000.0,4798371000.0,6046583000.0,0.0,118109000.0,0.0,0.013,0.66,413191000.0,531300000.0,0.158,531300000.0,413191000.0,360058000.0,0.42,0.41,0.42,5513401000.0,,5513401000.0,31646691456.0,19.0,15.131,200729000.0,1.507,1.0,806224000.0,0.239,7872811000.0,53133000.0,9576480000.0,,1780262000.0,940245000.0,107976000.0,832269000.0,10445971000.0,3537703000.0,6908268000.0,26589256456.0,150004000.0,0.0,-57445000.0,98117000.0,-88083000.0,-47411000.0,-24513000.0,-7845000.0,218774000.0,3154000.0,56159000.0,56159000.0,56159000.0,0.0,163000.0,0.017,408338000.0,397886000.0,1229336000.0,1.571,4.823,30.439,30.47,1937074000.0,0.0,199.58,1.992,1.992,2170503000.0,11095717000.0,3370673000.0,3370673000.0,0.0,,,,,21056000.0,408338000.0,1.0,133226057.0,133226057.0,,25.3,8092370000.0,36668000.0,303899000.0,300601000.0,60.742,1748656000.0
15,PH,MRQ,2017-09-30,2017-09-30,2017-09-30,2021-09-08,-1824503000.0,15731279000.0,,5004618000.0,10726661000.0,,41.5,-66888000.0,874766000.0,874766000.0,2523294000.0,285535000.0,1.443,1.846,5932201000.0,1144054000.0,4788147000.0,5932201000.0,0.0,116107000.0,0.0,0.015,0.66,427719000.0,543826000.0,0.162,543826000.0,427719000.0,374164000.0,2.14,2.1,2.14,5524940000.0,,5524940000.0,28285875399.0,18.0,14.228,171112000.0,1.285,1.0,841357000.0,0.25,7894536000.0,53555000.0,9427054000.0,,1707001000.0,933877000.0,99792000.0,834085000.0,10200620000.0,3467124000.0,6733496000.0,23300401399.0,-10120000.0,0.0,-76915000.0,29606000.0,-88104000.0,-135413000.0,-117313000.0,-57754000.0,238000000.0,4606000.0,285397000.0,285397000.0,285397000.0,0.0,138000.0,0.085,396984000.0,444373000.0,1304260000.0,0.308,4.217,22.009,22.043,1962846000.0,0.0,175.02,1.842,1.842,2188709000.0,11127641000.0,3364651000.0,3364651000.0,0.0,,,,,43211000.0,396984000.0,1.0,133129936.0,133129936.0,,25.273,7836743000.0,35194000.0,88767000.0,385620000.0,58.865,1537494000.0
16,PH,MRQ,2017-06-30,2017-06-30,2017-06-30,2021-09-08,-1924204000.0,15489904000.0,,4779718000.0,10710186000.0,,39.507,-52316000.0,884886000.0,884886000.0,2584749000.0,293359000.0,1.408,1.943,5870360000.0,1008465000.0,4861895000.0,5870360000.0,0.0,118686000.0,0.0,0.016,0.66,453344000.0,572030000.0,0.164,572030000.0,453344000.0,400557000.0,2.2,2.16,2.2,5261649000.0,,5261649000.0,26497116435.0,18.0,14.355,458954000.0,3.446,1.0,911489000.0,0.261,7894362000.0,52787000.0,9185156000.0,,1549494000.0,881793000.0,39318000.0,842475000.0,10222558000.0,3395860000.0,6826698000.0,21285364435.0,65323000.0,-1442000.0,-73628000.0,-223877000.0,-88219000.0,-385724000.0,-54881000.0,492000.0,511270000.0,-5342000.0,293305000.0,293305000.0,293305000.0,0.0,54000.0,0.084,317976000.0,593513000.0,1300496000.0,0.3,4.045,21.644,21.685,1937292000.0,0.0,159.82,1.769,1.769,2185738000.0,10930348000.0,3496238000.0,3496238000.0,0.0,,,,,19423000.0,361237000.0,1.0,133183359.0,133183359.0,,26.251,7595542000.0,36057000.0,107252000.0,374927000.0,57.031,1383858000.0
17,PH,MRQ,2017-03-31,2017-03-31,2017-03-31,2021-09-08,-2292833000.0,15325333000.0,,4619154000.0,10706179000.0,,35.577,-70419000.0,819563000.0,819563000.0,2383790000.0,238847000.0,1.515,2.231,6031315000.0,776159000.0,5255156000.0,6031315000.0,0.0,87458000.0,0.0,0.016,0.66,356946000.0,444404000.0,0.142,444404000.0,356946000.0,314889000.0,1.79,1.75,1.79,4742139000.0,,4742139000.0,23083955862.0,16.0,13.439,314698000.0,2.361,1.0,735349000.0,0.236,7847076000.0,42057000.0,9641568000.0,,1538644000.0,36758000.0,36758000.0,0.0,10577607000.0,3048441000.0,7529166000.0,21369644862.0,-701173000.0,-4037828000.0,-68138000.0,2465336000.0,-88171000.0,2309027000.0,-3410651000.0,700427000.0,385117000.0,15334000.0,238673000.0,238673000.0,238673000.0,0.0,174000.0,0.077,392036000.0,343313000.0,1209351000.0,0.369,4.506,22.931,23.001,1945739000.0,0.0,160.32,1.86,1.86,2105227000.0,10725262000.0,3119139000.0,3119139000.0,0.0,,,,,13755000.0,392036000.0,1.0,133293693.0,133293693.0,,23.4,7478257000.0,65152000.0,76216000.0,318300000.0,56.104,1570713000.0
18,PH,MRQ,2016-12-31,2016-12-31,2016-12-31,2021-09-08,-2411144000.0,11731613000.0,,5247839000.0,6483774000.0,,33.941,-38337000.0,1520736000.0,1520736000.0,2044484000.0,241400000.0,2.164,1.59,3235047000.0,581487000.0,2653560000.0,3235047000.0,0.0,73752000.0,0.0,0.018,0.63,354071000.0,427823000.0,0.16,427823000.0,354071000.0,320627000.0,1.81,1.78,1.81,4527709000.0,,4527709000.0,20530900640.0,15.0,12.4,251907000.0,1.888,1.0,626320000.0,0.235,3662930000.0,33444000.0,7357520000.0,,1241593000.0,684299000.0,684299000.0,0.0,7200635000.0,2425474000.0,4775161000.0,18675786640.0,126886000.0,85610000.0,-62372000.0,-9523000.0,-84241000.0,-156136000.0,57079000.0,11015000.0,290244000.0,-64301000.0,241305000.0,241305000.0,241305000.0,0.0,95000.0,0.09,336578000.0,289742000.0,997189000.0,0.348,4.125,21.215,21.309,1506201000.0,0.0,140.0,1.668,1.668,1667619000.0,10579635000.0,2670804000.0,2670804000.0,0.0,,,,,11343000.0,336578000.0,1.0,133398476.0,133398476.0,,20.021,8068683000.0,482136000.0,79322000.0,176763000.0,60.486,2822365000.0
19,PH,MRQ,2016-09-30,2016-09-30,2016-09-30,2021-09-08,-2185472000.0,11970914000.0,,5281878000.0,6689036000.0,,34.707,-28028000.0,1393850000.0,1393850000.0,2106006000.0,210238000.0,2.118,1.575,3248964000.0,595956000.0,2653008000.0,3248964000.0,0.0,75333000.0,0.0,0.02,0.63,326284000.0,401617000.0,0.146,401617000.0,326284000.0,292136000.0,1.57,1.55,1.57,4647281000.0,,4647281000.0,18623785053.0,15.0,11.864,85904000.0,0.642,1.0,637125000.0,0.232,3812704000.0,34148000.0,7519086000.0,,1247972000.0,746708000.0,746708000.0,0.0,7320325000.0,2494238000.0,4826087000.0,16808598053.0,172197000.0,-29927000.0,-131738000.0,231948000.0,-84749000.0,15461000.0,45213000.0,101718000.0,113932000.0,-2409000.0,210129000.0,210129000.0,210129000.0,0.0,109000.0,0.077,322969000.0,314156000.0,1017905000.0,0.401,3.617,20.449,20.545,1562933000.0,0.0,125.53,1.496,1.496,1748904000.0,10427245000.0,2743131000.0,2743131000.0,0.0,,,,,35818000.0,322969000.0,1.0,133901044.0,133901044.0,,20.486,8158210000.0,495708000.0,82007000.0,168607000.0,60.927,2787640000.0
20,PH,MRQ,2016-06-30,2016-06-30,2016-06-30,2021-09-08,-2227765000.0,12034142000.0,,5207787000.0,6826355000.0,,33.971,-33894000.0,1221653000.0,1221653000.0,2272455000.0,241911000.0,2.201,1.63,3014244000.0,361787000.0,2652457000.0,3014244000.0,0.0,75066000.0,0.0,0.023,0.63,368806000.0,443872000.0,0.15,443872000.0,368806000.0,336091000.0,1.8,1.77,1.8,4575255000.0,,4575255000.0,16768983590.0,13.0,10.765,472318000.0,3.507,1.0,684695000.0,0.232,3825608000.0,32715000.0,7635237000.0,,1173329000.0,1709834000.0,882342000.0,827492000.0,7455464000.0,2365888000.0,5089576000.0,14552333590.0,186682000.0,0.0,-122872000.0,-219712000.0,-85072000.0,-427656000.0,129821000.0,163346000.0,506212000.0,-21695000.0,241796000.0,241796000.0,241796000.0,0.0,115000.0,0.082,327535000.0,357160000.0,1034589000.0,0.35,3.181,18.036,18.129,1568100000.0,0.0,108.05,1.281,1.281,1826103000.0,10302866000.0,2957150000.0,2957150000.0,0.0,,,,,17558000.0,338572000.0,1.0,134681477.0,134681477.0,,21.957,8208534000.0,605155000.0,94295000.0,181992000.0,60.948,2841899000.0
21,PH,MRQ,2016-03-31,2016-03-31,2016-03-31,2021-09-08,-1725538000.0,12069401000.0,,5456839000.0,6612562000.0,,37.184,-29779000.0,1034971000.0,1034971000.0,2209401000.0,187142000.0,2.182,1.402,3251621000.0,576621000.0,2675000000.0,3251621000.0,0.0,75684000.0,0.0,0.023,0.63,306680000.0,382364000.0,0.135,382364000.0,306680000.0,272935000.0,1.39,1.37,1.39,5023612000.0,,5023612000.0,17258862142.0,14.0,11.26,312140000.0,2.31,1.0,619264000.0,0.219,3909490000.0,33745000.0,7875942000.0,,1248213000.0,1069658000.0,1069658000.0,0.0,7042418000.0,2500619000.0,4541799000.0,15007194142.0,-12523000.0,24325000.0,-54318000.0,-51036000.0,-85183000.0,-190537000.0,-171181000.0,-166813000.0,341919000.0,7276000.0,187084000.0,187084000.0,187084000.0,0.0,58000.0,0.066,335908000.0,283356000.0,999159000.0,0.453,2.987,20.157,20.307,1598758000.0,0.0,111.08,1.3,1.3,1833033000.0,10148038000.0,2828665000.0,2828665000.0,0.0,,,,,14709000.0,335908000.0,1.0,135102576.0,135102576.0,,20.937,8159911000.0,146939000.0,85851000.0,203575000.0,60.398,2956220000.0
22,PH,MRQ,2015-12-31,2015-12-31,2015-12-31,2021-09-08,-1884727000.0,11754091000.0,,5151011000.0,6603080000.0,,35.295,-32079000.0,1047494000.0,1047494000.0,2140624000.0,183137000.0,2.175,1.448,3299162000.0,574302000.0,2724860000.0,3299162000.0,0.0,77871000.0,0.0,0.026,0.63,264022000.0,341893000.0,0.126,341893000.0,264022000.0,229725000.0,1.35,1.33,1.35,4799406000.0,,4799406000.0,15569134115.0,12.0,9.435,310629000.0,2.284,1.0,564966000.0,0.209,3888580000.0,34297000.0,7749080000.0,,1279760000.0,820682000.0,820682000.0,0.0,6951370000.0,2368099000.0,4583271000.0,13187343115.0,73226000.0,0.0,-90614000.0,-48196000.0,-85720000.0,-224530000.0,-21853000.0,11403000.0,342708000.0,-23099000.0,182982000.0,182982000.0,182982000.0,0.0,155000.0,0.068,314666000.0,250300000.0,948157000.0,0.467,2.748,15.648,15.795,1598185000.0,0.0,96.98,1.11,1.11,1713847000.0,10047759000.0,2705590000.0,2705590000.0,0.0,,,,,3645000.0,314666000.0,1.0,135980028.0,135980028.0,,19.897,7865511000.0,148198000.0,46743000.0,185900000.0,57.843,2782912000.0
23,PH,MRQ,2015-09-30,2015-09-30,2015-09-30,2021-09-08,-1821805000.0,12001554000.0,,5327902000.0,6673652000.0,,35.05,-34834000.0,974268000.0,974268000.0,2200904000.0,195026000.0,2.089,1.473,3356059000.0,630650000.0,2725409000.0,3356059000.0,0.0,78222000.0,0.0,0.026,0.63,311361000.0,389583000.0,0.136,389583000.0,311361000.0,275601000.0,1.42,1.41,1.42,4851518000.0,,4851518000.0,15234666462.0,11.0,8.666,-14895000.0,-0.108,1.0,668444000.0,0.233,3951341000.0,35760000.0,7881963000.0,,1320204000.0,815483000.0,815483000.0,0.0,7146803000.0,2550041000.0,4596762000.0,13468148462.0,-206316000.0,-67552000.0,-319435000.0,404787000.0,-85987000.0,-635000.0,-201426000.0,-58767000.0,19939000.0,-24194000.0,194978000.0,194978000.0,194978000.0,0.0,48000.0,0.068,370214000.0,298230000.0,1014265000.0,0.444,2.776,14.528,14.676,1632803000.0,0.0,97.3,1.094,1.094,1876997000.0,9950458000.0,2869348000.0,2869348000.0,0.0,,,,,35381000.0,370214000.0,1.0,138418792.0,138418792.0,,20.729,8050213000.0,144033000.0,80623000.0,209000000.0,58.158,2777861000.0
24,PH,MRQ,2015-06-30,2015-06-30,2015-06-30,2021-09-08,-1738618000.0,12279282000.0,,5440945000.0,6838337000.0,,36.807,-53979000.0,1180584000.0,1180584000.0,2420780000.0,179585000.0,2.316,1.405,2947102000.0,223142000.0,2723960000.0,2947102000.0,0.0,80259000.0,0.0,0.02,0.63,338639000.0,418898000.0,0.133,418898000.0,338639000.0,303842000.0,1.31,1.29,1.31,5104287000.0,,5104287000.0,18505316536.0,12.0,9.908,518204000.0,3.737,1.0,723728000.0,0.23,3956118000.0,34797000.0,7740562000.0,,1300459000.0,1545420000.0,733490000.0,811930000.0,7171713000.0,2349120000.0,4822593000.0,16132263536.0,163571000.0,1710000.0,-87336000.0,-450036000.0,-87644000.0,-644113000.0,218276000.0,271820000.0,572183000.0,17225000.0,179454000.0,179454000.0,179454000.0,0.0,131000.0,0.057,396277000.0,327451000.0,1092138000.0,0.481,3.161,15.939,16.431,1664022000.0,0.0,116.33,1.269,1.269,1984728000.0,9841885000.0,3144508000.0,3144508000.0,0.0,,,,,21263000.0,391796000.0,1.0,138676726.0,138676726.0,,22.675,8323164000.0,406267000.0,124388000.0,202507000.0,60.018,3091825000.0
25,PH,MRQ,2015-03-31,2015-03-31,2015-03-31,2021-09-08,-1638224000.0,12337215000.0,,5784997000.0,6552218000.0,,36.164,-36014000.0,1017013000.0,1017013000.0,2373016000.0,285462000.0,2.09,1.394,3390066000.0,665123000.0,2724943000.0,3390066000.0,0.0,76607000.0,0.0,0.019,0.63,423252000.0,499859000.0,0.158,499859000.0,423252000.0,388249000.0,2.06,2.02,2.06,5151715000.0,,5151715000.0,18813092592.0,11.0,9.597,216539000.0,1.52,1.0,789295000.0,0.25,3915130000.0,35003000.0,8027814000.0,,1387681000.0,1013692000.0,1013692000.0,0.0,7182276000.0,2767324000.0,4414952000.0,16920846592.0,-58294000.0,12798000.0,-476775000.0,447368000.0,-87987000.0,-114616000.0,-156705000.0,-132002000.0,252553000.0,-39526000.0,285345000.0,285345000.0,285345000.0,0.0,117000.0,0.09,372306000.0,416989000.0,1138163000.0,0.306,3.285,14.925,15.228,1643538000.0,0.0,118.78,1.292,1.292,2025157000.0,9753934000.0,3162311000.0,3162311000.0,0.0,,,,,22613000.0,372306000.0,1.0,142455351.0,142455351.0,,22.199,8422085000.0,152599000.0,102904000.0,219929000.0,59.121,3017673000.0
26,PH,MRQ,2014-12-31,2014-12-31,2014-12-31,2021-09-08,-1290363000.0,12568399000.0,,5727772000.0,6840627000.0,,38.728,-53906000.0,1075307000.0,1075307000.0,2401584000.0,267335000.0,2.449,1.183,2967553000.0,242043000.0,2725510000.0,2967553000.0,0.0,78857000.0,0.0,0.016,0.63,370828000.0,449685000.0,0.143,449685000.0,370828000.0,343183000.0,1.84,1.8,1.84,5756749000.0,,5756749000.0,20260162900.0,13.0,10.7,223717000.0,1.505,1.0,733409000.0,0.234,4102866000.0,27645000.0,8018628000.0,,1453996000.0,886879000.0,886879000.0,0.0,6808258000.0,2339151000.0,4469107000.0,19167789900.0,-16830000.0,-18631000.0,-815037000.0,783540000.0,-93151000.0,-117641000.0,-159807000.0,-49091000.0,277623000.0,-17005000.0,267252000.0,267252000.0,267252000.0,0.0,83000.0,0.085,379804000.0,353605000.0,1145202000.0,0.342,3.33,17.572,17.497,1716489000.0,0.0,128.95,1.442,1.442,2000954000.0,9556319000.0,3134993000.0,3134993000.0,0.0,,,,,11658000.0,379804000.0,1.0,148645133.0,148645133.0,,21.09,8465533000.0,150301000.0,75931000.0,221360000.0,56.951,3388621000.0
27,PH,MRQ,2014-09-30,2014-09-30,2014-09-30,2021-09-08,-1098566000.0,12744625000.0,,5876262000.0,6868363000.0,,44.215,-51973000.0,1092137000.0,1092137000.0,2459865000.0,280171000.0,2.035,0.937,2184510000.0,702018000.0,1482492000.0,2184510000.0,0.0,81768000.0,0.0,0.017,0.48,417514000.0,499282000.0,0.153,499282000.0,417514000.0,396553000.0,1.88,1.85,1.88,6579003000.0,,6579003000.0,17696238269.0,10.0,8.656,208901000.0,1.404,1.0,810067000.0,0.248,4198732000.0,20961000.0,6750067000.0,,1441439000.0,945431000.0,945431000.0,0.0,6162261000.0,2888199000.0,3274062000.0,16985029269.0,-521418000.0,22770000.0,-53806000.0,-113565000.0,-71607000.0,-229666000.0,-480927000.0,-446664000.0,260874000.0,-71699000.0,280089000.0,280089000.0,280089000.0,0.0,82000.0,0.086,400840000.0,409227000.0,1192652000.0,0.255,2.582,15.773,15.788,1755254000.0,0.0,114.15,1.281,1.281,2132883000.0,9382218000.0,3269932000.0,3269932000.0,0.0,,,,,40559000.0,400840000.0,1.0,148795701.0,148795701.0,,21.976,8545893000.0,147410000.0,116464000.0,247998000.0,57.434,2988063000.0
28,PH,MRQ,2014-06-30,2014-06-30,2014-06-30,2021-09-08,-823498000.0,13274362000.0,,6071580000.0,7202782000.0,,44.713,-45386000.0,1613555000.0,1613555000.0,2685954000.0,301176000.0,1.867,0.993,2324764000.0,816622000.0,1508142000.0,2324764000.0,0.0,83552000.0,0.0,0.015,0.48,427849000.0,511401000.0,0.145,511401000.0,427849000.0,407686000.0,2.02,1.99,2.02,6659428000.0,,6659428000.0,19217226107.0,12.0,9.727,525036000.0,3.525,1.0,839461000.0,0.238,4359707000.0,20163000.0,6373068000.0,,1371681000.0,1592482000.0,573701000.0,1018781000.0,6611554000.0,3252796000.0,3358758000.0,18725758107.0,-482434000.0,-3321000.0,-48747000.0,-262254000.0,-71728000.0,-375390000.0,-674659000.0,-624880000.0,570422000.0,-2807000.0,301038000.0,301038000.0,301038000.0,0.0,138000.0,0.085,12294000.0,827167000.0,1252040000.0,0.238,2.812,17.987,18.013,1824294000.0,0.0,125.73,1.417,1.417,2246613000.0,9174189000.0,3525415000.0,3525415000.0,0.0,,,,,18514000.0,421185000.0,1.0,148936277.0,148936277.0,,23.671,8914655000.0,136193000.0,106648000.0,318430000.0,59.855,2818784000.0
29,PH,MRQ,2014-03-31,2014-03-31,2014-03-31,2021-09-08,-847077000.0,13102358000.0,,5949000000.0,7153358000.0,,43.258,-53529000.0,2095989000.0,2095989000.0,2605893000.0,242518000.0,1.767,1.031,2587457000.0,1078846000.0,1508611000.0,2587457000.0,0.0,83060000.0,0.0,0.015,0.48,349972000.0,433032000.0,0.129,433032000.0,349972000.0,329378000.0,1.63,1.6,1.63,6450996000.0,,6450996000.0,18437002556.0,11.0,9.485,223833000.0,1.501,1.0,752513000.0,0.224,4375142000.0,20594000.0,5851503000.0,,1448989000.0,0.0,0.0,0.0,6648125000.0,3367181000.0,3280944000.0,17852213556.0,-43533000.0,-15000000.0,-48277000.0,-138485000.0,-71798000.0,-249389000.0,-71183000.0,0.0,277362000.0,-323000.0,242406000.0,242406000.0,242406000.0,0.0,112000.0,0.072,407241000.0,345272000.0,1200466000.0,0.294,2.767,17.655,17.63,1827980000.0,0.0,119.71,1.361,1.361,2098063000.0,8945602000.0,3358406000.0,3358406000.0,0.0,,,,,9277000.0,407241000.0,1.0,149128841.0,149128841.0,,22.52,8727216000.0,122840000.0,86972000.0,266300000.0,58.521,2581819000.0
30,PH,MRQ,2013-12-31,2013-12-31,2013-12-31,2021-09-08,-873154000.0,12863936000.0,,5744873000.0,7119063000.0,,42.183,-49321000.0,2139522000.0,2139522000.0,2419971000.0,253404000.0,1.739,1.043,2724311000.0,1217292000.0,1507019000.0,2724311000.0,0.0,84510000.0,0.0,0.014,0.45,516051000.0,600561000.0,0.193,600561000.0,516051000.0,495200000.0,1.7,1.66,1.7,6295226000.0,,6295226000.0,20094154341.0,12.0,10.257,208097000.0,1.394,1.0,686035000.0,0.221,4382246000.0,20851000.0,5763376000.0,,1448628000.0,0.0,0.0,0.0,6565650000.0,3303103000.0,3262547000.0,19197694341.0,193899000.0,201735000.0,-50072000.0,-118103000.0,-67330000.0,-222312000.0,151637000.0,0.0,257418000.0,7156000.0,253288000.0,253288000.0,253288000.0,0.0,116000.0,0.082,587506000.0,98529000.0,1074512000.0,0.265,3.05,18.723,18.698,1820312000.0,0.0,128.64,1.469,1.469,1861849000.0,8779454000.0,3106006000.0,3106006000.0,0.0,,,,,26372000.0,398636000.0,1.0,149235808.0,149235808.0,,20.813,8481690000.0,125612000.0,241912000.0,284765000.0,56.834,2441770000.0
31,PH,MRQ,2013-09-30,2013-09-30,2013-09-30,2021-09-08,-922906000.0,12788364000.0,,5679179000.0,7109185000.0,,40.802,-53736000.0,1945623000.0,1945623000.0,2476409000.0,244320000.0,1.644,1.101,2842083000.0,1335339000.0,1506744000.0,2842083000.0,0.0,85580000.0,0.0,0.016,0.45,345044000.0,430624000.0,0.133,430624000.0,345044000.0,324086000.0,1.64,1.61,1.64,6086861000.0,,6086861000.0,17267152171.0,12.0,9.993,228955000.0,1.535,1.0,749735000.0,0.232,4565659000.0,20958000.0,5664156000.0,,1465431000.0,0.0,0.0,0.0,6698593000.0,3455009000.0,3243584000.0,16218778171.0,164211000.0,1491000.0,-48934000.0,1269000.0,-67388000.0,-111024000.0,-52196000.0,0.0,282691000.0,44740000.0,244316000.0,244316000.0,244316000.0,0.0,4000.0,0.076,406930000.0,342805000.0,1130676000.0,0.274,2.665,17.019,17.014,1833748000.0,0.0,108.72,1.245,1.245,1968490000.0,8596456000.0,3226144000.0,3226144000.0,0.0,,,,,48998000.0,406930000.0,1.0,149179343.0,149179343.0,,21.626,8222705000.0,123390000.0,79770000.0,287776000.0,55.12,2224170000.0
32,PH,MRQ,2013-06-30,2013-06-30,2013-06-30,2021-09-08,-1107833000.0,12540898000.0,,5531186000.0,7009712000.0,,38.448,-51109000.0,1781412000.0,1781412000.0,2618067000.0,271130000.0,1.571,1.185,2829786000.0,1333826000.0,1495960000.0,2829786000.0,0.0,85050000.0,0.0,0.018,0.45,394574000.0,479624000.0,0.14,479624000.0,394574000.0,373797000.0,1.82,1.8,1.82,5738426000.0,,5738426000.0,15584973490.0,11.0,8.968,421027000.0,2.821,1.0,810166000.0,0.236,4514014000.0,20777000.0,5555055000.0,,1377405000.0,687458000.0,0.0,687458000.0,6799417000.0,3520203000.0,3279214000.0,14238570490.0,104093000.0,828000.0,-47581000.0,-194632000.0,-67304000.0,-296403000.0,-62273000.0,0.0,472136000.0,-9367000.0,271164000.0,271164000.0,271164000.0,0.0,-34000.0,0.079,402762000.0,407404000.0,1156002000.0,0.247,2.481,15.013,15.0,1808240000.0,0.0,95.4,1.094,1.094,2062745000.0,8421270000.0,3428233000.0,3428233000.0,0.0,,,,,19480000.0,413061000.0,1.0,149251263.0,149251263.0,,22.97,8026884000.0,126955000.0,102633000.0,238999000.0,53.781,2010983000.0
33,PH,MRQ,2013-03-31,2013-03-31,2013-03-31,2021-09-08,-1275837000.0,12671772000.0,,5438509000.0,7233263000.0,,36.264,-63692000.0,1677319000.0,1677319000.0,2569189000.0,256592000.0,1.491,1.342,3023722000.0,1527696000.0,1496026000.0,3023722000.0,0.0,86747000.0,0.0,0.018,0.43,361569000.0,448316000.0,0.136,448316000.0,361569000.0,338519000.0,1.72,1.68,1.72,5409058000.0,,5409058000.0,15181524557.0,10.0,8.509,307769000.0,2.063,1.0,737852000.0,0.223,4543817000.0,23050000.0,5825809000.0,,1473072000.0,0.0,0.0,0.0,7259364000.0,3648549000.0,3610815000.0,13659915557.0,1179684000.0,4690000.0,-38793000.0,1017967000.0,-64377000.0,929425000.0,-60612000.0,0.0,371461000.0,-60590000.0,256560000.0,256560000.0,256560000.0,0.0,32000.0,0.078,379690000.0,358162000.0,1162125000.0,0.25,2.525,13.95,13.982,1829715000.0,0.0,91.58,1.051,1.051,2017126000.0,8229106000.0,3307041000.0,3307041000.0,0.0,,,,,18989000.0,379690000.0,1.0,149158283.0,149158283.0,,22.171,8127955000.0,134724000.0,81959000.0,247511000.0,54.492,1789960000.0
34,PH,MRQ,2012-12-31,2012-12-31,2012-12-31,2021-09-08,-1187140000.0,11461361000.0,,4095747000.0,7365614000.0,,35.7,-58008000.0,497635000.0,497635000.0,2421972000.0,181114000.0,1.646,1.151,2019244000.0,510006000.0,1509238000.0,2019244000.0,0.0,82655000.0,0.0,0.019,0.41,286693000.0,369348000.0,0.12,369348000.0,286693000.0,262477000.0,1.21,1.19,1.21,5325717000.0,,5325717000.0,14029583904.0,9.0,7.63,296301000.0,1.986,1.0,643523000.0,0.21,4663119000.0,24216000.0,5831591000.0,,1515325000.0,0.0,0.0,0.0,6132372000.0,2488260000.0,3644112000.0,12689333904.0,61504000.0,-358599000.0,-43221000.0,206485000.0,-61963000.0,114820000.0,-424540000.0,0.0,354309000.0,16915000.0,180962000.0,180962000.0,180962000.0,0.0,152000.0,0.059,381100000.0,262423000.0,1073233000.0,0.339,2.383,12.263,12.328,1844643000.0,0.0,85.06,0.97,0.97,1802405000.0,8052796000.0,3065495000.0,3065495000.0,0.0,,,,,15266000.0,381100000.0,1.0,149180977.0,149180977.0,,20.549,6798242000.0,127905000.0,81515000.0,223367000.0,45.57,1607487000.0
35,PH,MRQ,2012-09-30,2012-09-30,2012-09-30,2021-09-08,-1281719000.0,11134578000.0,,4200082000.0,6934496000.0,,34.402,-68040000.0,436131000.0,436131000.0,2477447000.0,239948000.0,1.775,1.164,1776381000.0,264582000.0,1511799000.0,1776381000.0,0.0,81172000.0,0.0,0.019,0.41,359360000.0,440532000.0,0.137,440532000.0,359360000.0,335851000.0,1.61,1.57,1.61,5141124000.0,,5141124000.0,13381719186.0,8.0,7.007,-75011000.0,-0.502,1.0,737488000.0,0.229,4269949000.0,23509000.0,5838414000.0,,1489748000.0,0.0,0.0,0.0,5982564000.0,2366465000.0,3616099000.0,12490501186.0,-402186000.0,-194548000.0,-96208000.0,-37773000.0,-61365000.0,-171668000.0,-262420000.0,0.0,-6971000.0,38873000.0,239741000.0,239741000.0,239741000.0,0.0,207000.0,0.075,381122000.0,356366000.0,1162797000.0,0.255,2.43,11.412,11.481,1803412000.0,0.0,83.58,0.952,0.952,1982590000.0,7949519000.0,3214935000.0,3214935000.0,0.0,,,,,31261000.0,381122000.0,1.0,149443661.0,149443661.0,,21.513,6864629000.0,130490000.0,96110000.0,221584000.0,45.935,1833617000.0
36,PH,MRQ,2012-06-30,2012-06-30,2012-06-30,2021-09-08,-1415900000.0,11170282000.0,,4498114000.0,6672168000.0,,32.416,-59876000.0,838317000.0,838317000.0,2572258000.0,302302000.0,1.809,1.279,1729535000.0,225589000.0,1503946000.0,1729535000.0,0.0,77526000.0,0.0,0.02,0.41,448489000.0,526015000.0,0.154,526015000.0,448489000.0,425002000.0,2.01,1.96,2.01,4896515000.0,,4896515000.0,12628474414.0,8.0,6.353,464048000.0,3.072,1.0,839408000.0,0.246,4021074000.0,23487000.0,5554413000.0,,1400732000.0,931126000.0,0.0,931126000.0,6264552000.0,2486013000.0,3778539000.0,11612809414.0,64858000.0,-125252000.0,-121276000.0,-52925000.0,-62048000.0,-232691000.0,-189846000.0,0.0,523924000.0,-36529000.0,301965000.0,301965000.0,301965000.0,0.0,337000.0,0.089,384187000.0,455221000.0,1194684000.0,0.204,2.372,10.082,10.089,1719968000.0,0.0,76.88,0.883,0.883,1992284000.0,7787175000.0,3411666000.0,3411666000.0,0.0,,,,,16833000.0,386681000.0,1.0,151051111.0,151051111.0,,22.586,7149208000.0,129352000.0,123037000.0,241900000.0,47.33,2012101000.0
37,PH,MRQ,2012-03-31,2012-03-31,2012-03-31,2021-09-08,-599160000.0,10889124000.0,,4497301000.0,6391823000.0,,36.961,-52819000.0,773459000.0,773459000.0,2590315000.0,312689000.0,1.807,0.951,1789124000.0,273907000.0,1515217000.0,1789124000.0,0.0,80272000.0,0.0,0.018,0.39,422525000.0,502797000.0,0.148,502797000.0,422525000.0,400212000.0,2.07,2.01,2.07,5577592000.0,,5577592000.0,14008664180.0,9.0,7.18,390226000.0,2.586,1.0,803248000.0,0.237,4022617000.0,22313000.0,5392872000.0,,1429014000.0,0.0,0.0,0.0,5302656000.0,2489300000.0,2813356000.0,12758839180.0,285475000.0,-17352000.0,-13383000.0,48852000.0,-59575000.0,-85069000.0,-72054000.0,0.0,443045000.0,-447000.0,312074000.0,312074000.0,312074000.0,0.0,615000.0,0.092,377479000.0,425769000.0,1148939000.0,0.188,2.288,11.172,11.364,1721970000.0,0.0,84.55,0.971,0.971,2061501000.0,7551260000.0,3393563000.0,3393563000.0,0.0,,,,,19640000.0,377479000.0,1.0,150902888.0,150902888.0,,22.488,6866507000.0,132991000.0,88138000.0,335374000.0,45.503,2008001000.0
38,PH,MRQ,2011-12-31,2011-12-31,2011-12-31,2021-09-08,-765350000.0,10327584000.0,,4043023000.0,6284561000.0,,34.142,-47389000.0,487984000.0,487984000.0,2381322000.0,242343000.0,1.907,0.983,1737809000.0,78375000.0,1659434000.0,1737809000.0,0.0,79299000.0,0.0,0.019,0.37,361139000.0,440438000.0,0.142,440438000.0,361139000.0,337370000.0,1.59,1.56,1.59,5158126000.0,,5158126000.0,12842654895.0,8.0,6.605,206531000.0,1.367,1.0,725510000.0,0.234,3980189000.0,23769000.0,5477111000.0,,1452664000.0,613210000.0,0.0,613210000.0,5071681000.0,2120109000.0,2951572000.0,11519861895.0,63630000.0,-3246000.0,-19217000.0,-886000.0,-56027000.0,-74720000.0,-65314000.0,0.0,253920000.0,-50256000.0,240766000.0,240766000.0,240766000.0,0.0,1577000.0,0.077,368690000.0,356820000.0,1069503000.0,0.233,2.233,10.382,10.755,1691162000.0,0.0,76.25,0.887,0.887,1828117000.0,7311219000.0,3106832000.0,3106832000.0,0.0,,,,,16564000.0,368690000.0,1.0,151080156.0,151080156.0,,20.564,6347395000.0,144819000.0,96604000.0,298019000.0,42.013,1922914000.0
39,PH,MRQ,2011-09-30,2011-09-30,2011-09-30,2021-09-08,-723525000.0,10321590000.0,,3999334000.0,6322256000.0,,32.357,-38329000.0,424354000.0,424354000.0,2414442000.0,298158000.0,1.789,1.038,1747147000.0,78547000.0,1668600000.0,1747147000.0,0.0,84832000.0,0.0,0.021,0.37,433666000.0,518498000.0,0.16,518498000.0,433666000.0,410445000.0,1.95,1.91,1.95,5017264000.0,,5017264000.0,10897895086.0,7.0,5.677,271167000.0,1.749,1.0,819439000.0,0.253,4020101000.0,23221000.0,5388573000.0,,1456078000.0,589285000.0,0.0,589285000.0,5208102000.0,2235709000.0,2972393000.0,9789004086.0,-233112000.0,-10406000.0,-292494000.0,-203000.0,-63004000.0,-431040000.0,-48554000.0,0.0,309496000.0,-63014000.0,297018000.0,297018000.0,297018000.0,0.0,1140000.0,0.092,386466000.0,432973000.0,1120339000.0,0.19,1.951,8.907,9.123,1712870000.0,0.0,63.13,0.768,0.768,1881303000.0,7128179000.0,3233881000.0,3233881000.0,0.0,,,,,27898000.0,386466000.0,1.0,155061050.0,155061050.0,,20.856,6301489000.0,144002000.0,113427000.0,382687000.0,40.639,1763625000.0
40,PH,MRQ,2011-06-30,2011-06-30,2011-06-30,2021-09-08,-450990000.0,10886805000.0,,4305256000.0,6581549000.0,,33.198,-40368000.0,657466000.0,657466000.0,2590772000.0,294654000.0,1.801,1.003,1766357000.0,75271000.0,1691086000.0,1766357000.0,0.0,85675000.0,0.0,0.014,0.37,403747000.0,489422000.0,0.144,489422000.0,403747000.0,378926000.0,1.83,1.79,1.83,5383854000.0,,5383854000.0,15302548630.0,10.0,8.293,326632000.0,2.014,1.0,819058000.0,0.24,4186838000.0,24821000.0,5417815000.0,,1412153000.0,597532000.0,0.0,597532000.0,5398469000.0,2391043000.0,3007426000.0,14553539630.0,-450489000.0,0.0,-633981000.0,-100318000.0,-63178000.0,-792105000.0,-41823000.0,0.0,367000000.0,16439000.0,292190000.0,292190000.0,292190000.0,0.0,2464000.0,0.086,405731000.0,413327000.0,1173851000.0,0.202,2.703,13.872,13.785,1797179000.0,0.0,89.74,1.179,1.179,1977856000.0,6891407000.0,3409830000.0,3409830000.0,0.0,,,,,16446000.0,413441000.0,1.0,162174500.0,162174500.0,,21.026,6699967000.0,145847000.0,86736000.0,392809000.0,41.313,1914213000.0
41,PH,MRQ,2011-03-31,2011-03-31,2011-03-31,2021-09-08,-737407000.0,11376862000.0,,4691329000.0,6685533000.0,,33.864,-42085000.0,1107955000.0,1107955000.0,2463083000.0,281648000.0,2.004,1.057,1856964000.0,173233000.0,1683731000.0,1856964000.0,0.0,83832000.0,0.0,0.012,0.32,412277000.0,496109000.0,0.153,496109000.0,412277000.0,387658000.0,1.72,1.68,1.72,5481908000.0,,5481908000.0,16362010748.0,12.0,9.305,349691000.0,2.16,1.0,777020000.0,0.24,4167304000.0,24619000.0,5618147000.0,,1390862000.0,0.0,0.0,0.0,5793133000.0,2340420000.0,3452713000.0,15326989748.0,299219000.0,-16868000.0,-19559000.0,-4638000.0,-51999000.0,-57302000.0,-57835000.0,0.0,391776000.0,22580000.0,279589000.0,279589000.0,279589000.0,0.0,2059000.0,0.086,375069000.0,401951000.0,1085126000.0,0.186,2.796,15.654,15.65,1788377000.0,0.0,94.68,1.307,1.307,1950980000.0,6664687000.0,3240103000.0,3240103000.0,0.0,,,,,15461000.0,375069000.0,1.0,161882021.0,161882021.0,,20.015,7209558000.0,151840000.0,108069000.0,396986000.0,44.536,2350909000.0
42,PH,MRQ,2010-12-31,2010-12-31,2010-12-31,2021-09-08,-881688000.0,10618844000.0,,4043940000.0,6574904000.0,,31.694,-42031000.0,808736000.0,808736000.0,2195728000.0,231818000.0,2.084,1.057,1843757000.0,101293000.0,1742464000.0,1843757000.0,0.0,85307000.0,0.0,0.012,0.29,330243000.0,415550000.0,0.145,415550000.0,330243000.0,304612000.0,1.42,1.39,1.42,5113261000.0,,5113261000.0,15136228874.0,12.0,9.566,243246000.0,1.508,1.0,670936000.0,0.234,4089641000.0,25631000.0,5623356000.0,,1361457000.0,0.0,0.0,0.0,5404251000.0,1940868000.0,3463383000.0,13922949874.0,-115100000.0,-35230000.0,-7279000.0,-274279000.0,-47259000.0,-313370000.0,-86312000.0,0.0,285277000.0,-695000.0,230180000.0,230180000.0,230180000.0,0.0,1638000.0,0.08,345679000.0,325257000.0,960567000.0,0.204,2.723,16.315,16.314,1764558000.0,0.0,86.3,1.255,1.255,1636905000.0,6449601000.0,2866664000.0,2866664000.0,0.0,,,,,12089000.0,345679000.0,1.0,161331980.0,161331980.0,,17.769,6529203000.0,130426000.0,74432000.0,299066000.0,40.471,2103072000.0
43,PH,MRQ,2010-09-30,2010-09-30,2010-09-30,2021-09-08,-910884000.0,10709721000.0,,4147596000.0,6562125000.0,,30.37,-50521000.0,923836000.0,923836000.0,2137874000.0,249030000.0,1.817,1.168,2137115000.0,391303000.0,1745812000.0,2137115000.0,0.0,84986000.0,0.0,0.015,0.27,359138000.0,444124000.0,0.157,444124000.0,359138000.0,334505000.0,1.53,1.51,1.53,4894945000.0,,4894945000.0,12493381279.0,12.0,8.734,72359000.0,0.449,1.0,691399000.0,0.244,4095623000.0,24633000.0,5545273000.0,,1295137000.0,0.0,0.0,0.0,5717144000.0,2282104000.0,3435040000.0,11292001279.0,348310000.0,-8129000.0,-6415000.0,293952000.0,-43648000.0,246999000.0,-58968000.0,0.0,122880000.0,37399000.0,247171000.0,247171000.0,247171000.0,0.0,1859000.0,0.087,333584000.0,357815000.0,953259000.0,0.176,2.307,15.516,15.5,1770983000.0,0.0,70.06,1.067,1.067,1694313000.0,6284148000.0,2829273000.0,2829273000.0,0.0,,,,,29242000.0,333584000.0,1.0,161176153.0,161176153.0,,17.554,6614098000.0,130094000.0,87334000.0,345156000.0,41.036,1865492000.0
44,PH,MRQ,2010-06-30,2010-06-30,2010-06-30,2021-09-08,-1208561000.0,9910382000.0,,3588796000.0,6321586000.0,,27.124,-30485000.0,575526000.0,575526000.0,2114190000.0,223052000.0,1.628,1.248,1776906000.0,363272000.0,1413634000.0,1776906000.0,0.0,84494000.0,0.0,0.018,0.26,318167000.0,402661000.0,0.145,402661000.0,318167000.0,291271000.0,1.38,1.36,1.38,4367965000.0,,4367965000.0,10453064095.0,12.0,8.578,346940000.0,2.154,1.0,672280000.0,0.241,3936385000.0,26896000.0,4970486000.0,,1171655000.0,687320000.0,0.0,687320000.0,5450982000.0,2204891000.0,3246091000.0,8931036095.0,194965000.0,0.0,-7495000.0,-76900000.0,-41953000.0,-115669000.0,-41730000.0,0.0,377425000.0,-25061000.0,222163000.0,222163000.0,222163000.0,0.0,889000.0,0.08,359620000.0,312660000.0,888743000.0,0.188,2.045,16.119,16.122,1697881000.0,0.0,55.46,0.894,0.894,1599941000.0,6086545000.0,2786470000.0,2786470000.0,0.0,,,,,11173000.0,349328000.0,1.0,161035631.0,161035631.0,,17.303,5973997000.0,130129000.0,69108000.0,311670000.0,37.097,1383905000.0
45,PH,MRQ,2010-03-31,2010-03-31,2010-03-31,2021-09-08,-780185000.0,9858248000.0,,3354328000.0,6503920000.0,,28.667,-31241000.0,380561000.0,380561000.0,2062451000.0,154380000.0,1.619,1.12,1902589000.0,366684000.0,1535905000.0,1902589000.0,0.0,88078000.0,0.0,0.015,0.25,231827000.0,319905000.0,0.122,319905000.0,231827000.0,205876000.0,0.96,0.94,0.96,4609629000.0,,4609629000.0,12120059163.0,19.0,12.133,203906000.0,1.268,1.0,552372000.0,0.211,4090149000.0,25951000.0,5218152000.0,,1196558000.0,0.0,0.0,0.0,5162704000.0,2071975000.0,3090729000.0,10410155163.0,146662000.0,-5451000.0,-1735000.0,-9430000.0,-40423000.0,-50058000.0,-34566000.0,0.0,235147000.0,-3861000.0,153863000.0,153863000.0,153863000.0,0.0,517000.0,0.059,316069000.0,236303000.0,785244000.0,0.26,2.258,27.293,27.088,1782426000.0,0.0,64.74,1.105,1.105,1563150000.0,5917136000.0,2614823000.0,2614823000.0,0.0,,,,,11085000.0,316069000.0,1.0,160799431.0,160799431.0,,16.261,5768099000.0,123906000.0,52013000.0,348604000.0,35.871,1282353000.0
46,PH,MRQ,2009-12-31,2009-12-31,2009-12-31,2021-09-08,-705524000.0,9794189000.0,,3058498000.0,6735691000.0,,28.328,-29890000.0,233899000.0,233899000.0,1869481000.0,104963000.0,1.596,1.133,1943803000.0,389715000.0,1554088000.0,1943803000.0,0.0,96974000.0,0.0,0.019,0.25,166847000.0,263821000.0,0.112,263821000.0,166847000.0,141818000.0,0.65,0.64,0.65,4552027000.0,,4552027000.0,10627820110.0,22.0,12.381,316307000.0,1.968,1.0,485227000.0,0.206,4203286000.0,25029000.0,5384769000.0,,1232979000.0,0.0,0.0,0.0,5156403000.0,1916038000.0,3240365000.0,8658055110.0,44050000.0,0.0,-3330000.0,-202654000.0,-40192000.0,-245573000.0,-42866000.0,0.0,346197000.0,-13708000.0,104546000.0,104546000.0,104546000.0,0.0,417000.0,0.044,309840000.0,175387000.0,692721000.0,0.385,1.902,30.814,30.614,1842750000.0,0.0,53.88,0.946,0.946,1368449000.0,5808915000.0,2354708000.0,2354708000.0,0.0,,,,,10624000.0,309840000.0,1.0,160691446.0,160691446.0,,14.654,5590903000.0,124182000.0,37272000.0,339645000.0,34.793,1142460000.0
47,PH,MRQ,2009-09-30,2009-09-30,2009-09-30,2021-09-08,-696200000.0,9937173000.0,,3133491000.0,6803682000.0,,27.922,-25677000.0,189849000.0,189849000.0,1800945000.0,73970000.0,1.707,1.198,2159614000.0,304083000.0,1855531000.0,2159614000.0,0.0,92963000.0,0.0,0.019,0.25,139275000.0,232238000.0,0.104,232238000.0,139275000.0,113552000.0,0.46,0.45,0.46,4481984000.0,,4481984000.0,10454791466.0,19.0,11.457,234376000.0,1.46,1.0,436220000.0,0.195,4240370000.0,25723000.0,5831231000.0,,1266319000.0,0.0,0.0,0.0,5367560000.0,1835337000.0,3532223000.0,8321230466.0,2238000.0,0.0,-2132000.0,-197279000.0,-40171000.0,-238696000.0,-27011000.0,0.0,260053000.0,7892000.0,73493000.0,73493000.0,73493000.0,0.0,477000.0,0.033,301843000.0,134377000.0,659764000.0,0.543,1.857,25.077,24.923,1891438000.0,0.0,51.84,0.878,0.878,1452494000.0,5747734000.0,2237165000.0,2237165000.0,0.0,,,,,26436000.0,301843000.0,1.0,160517563.0,160517563.0,,13.937,5696803000.0,124640000.0,40059000.0,340169000.0,35.49,1298154000.0
48,PH,MRQ,2009-06-30,2009-06-30,2009-06-30,2021-09-08,-843019000.0,9855902000.0,,3123781000.0,6732121000.0,,26.591,-41451000.0,187611000.0,187611000.0,1814069000.0,48393000.0,1.557,1.29,2321172000.0,481467000.0,1839705000.0,2321172000.0,0.0,93400000.0,0.0,0.023,0.25,89592000.0,182992000.0,0.083,182992000.0,89592000.0,64317000.0,0.32,0.32,0.32,4268199000.0,,4268199000.0,9326114719.0,12.0,8.101,371647000.0,2.315,1.0,396889000.0,0.18,4176939000.0,25275000.0,5806770000.0,,1254550000.0,674628000.0,0.0,674628000.0,5505462000.0,2005754000.0,3499708000.0,6895517719.0,21063000.0,-2082000.0,-3625000.0,-311950000.0,-40117000.0,-355500000.0,-42668000.0,0.0,413098000.0,6133000.0,49516000.0,49516000.0,49516000.0,0.0,-1123000.0,0.022,302185000.0,94704000.0,649718000.0,0.781,1.616,13.56,13.638,1880554000.0,0.0,42.96,0.669,0.669,1417305000.0,5722038000.0,2210958000.0,2210958000.0,0.0,,,,,11929000.0,302521000.0,1.0,160510189.0,160510189.0,,13.775,5678963000.0,121980000.0,14801000.0,296564000.0,35.381,1118027000.0
49,PH,MRQ,2009-03-31,2009-03-31,2009-03-31,2021-09-08,-628326000.0,9567510000.0,,3311464000.0,6256046000.0,,27.813,-36455000.0,166548000.0,166548000.0,1908607000.0,53155000.0,1.436,1.141,2597145000.0,747859000.0,1849286000.0,2597145000.0,0.0,88452000.0,0.0,0.028,0.25,90928000.0,179380000.0,0.077,179380000.0,90928000.0,62535000.0,0.33,0.33,0.33,4468652000.0,,4468652000.0,8102271913.0,7.0,5.614,235124000.0,1.463,1.0,436106000.0,0.186,4051054000.0,28393000.0,5640524000.0,,1335186000.0,0.0,0.0,0.0,5098858000.0,2306529000.0,2792329000.0,5459456913.0,-95442000.0,-15425000.0,-7627000.0,-271700000.0,-40127000.0,-318865000.0,-46221000.0,0.0,271579000.0,-1935000.0,53422000.0,53422000.0,53422000.0,0.0,-267000.0,0.023,317992000.0,118114000.0,658775000.0,0.758,1.222,7.672,7.866,1828520000.0,0.0,33.98,0.477,0.477,1532232000.0,5720650000.0,2344713000.0,2344713000.0,0.0,,,,,6835000.0,317992000.0,1.0,160666772.0,160666772.0,,14.594,5516456000.0,125998000.0,9113000.0,330224000.0,34.335,1004935000.0
50,PH,MRQ,2008-12-31,2008-12-31,2008-12-31,2021-09-08,-502595000.0,10115191000.0,,3678608000.0,6436583000.0,,28.431,-73005000.0,261990000.0,261990000.0,2121450000.0,156761000.0,1.379,1.208,2904805000.0,1022112000.0,1882693000.0,2904805000.0,0.0,89719000.0,0.0,0.022,0.25,228180000.0,317899000.0,0.118,317899000.0,228180000.0,197873000.0,0.97,0.96,0.97,4581681000.0,,4581681000.0,8803933177.0,6.0,5.108,64163000.0,0.398,1.0,567206000.0,0.211,4120911000.0,30307000.0,5969396000.0,,1519651000.0,0.0,0.0,0.0,5533510000.0,2667699000.0,2865811000.0,6855437177.0,-346337000.0,-693040000.0,-19564000.0,349870000.0,-40222000.0,290158000.0,-761014000.0,0.0,137168000.0,-12649000.0,155401000.0,155401000.0,155401000.0,0.0,1360000.0,0.058,337183000.0,230023000.0,751942000.0,0.258,1.496,7.504,7.721,1888023000.0,0.0,42.54,0.558,0.558,1682338000.0,5709795000.0,2688656000.0,2688656000.0,0.0,,,,,7796000.0,337183000.0,1.0,161152731.0,161152731.0,,16.684,5994280000.0,145131000.0,42472000.0,332314000.0,37.196,1010909000.0
51,PH,MRQ,2008-09-30,2008-09-30,2008-09-30,2021-09-08,-236421000.0,10132556000.0,,4157118000.0,5975438000.0,,28.3,-90836000.0,608327000.0,608327000.0,2337222000.0,251835000.0,1.635,1.136,2556823000.0,677890000.0,1878933000.0,2556823000.0,0.0,86166000.0,0.0,0.017,0.25,384825000.0,470991000.0,0.154,470991000.0,384825000.0,356729000.0,1.52,1.5,1.52,4743868000.0,,4743868000.0,10629616183.0,7.0,5.883,216511000.0,1.292,1.0,727466000.0,0.237,3612520000.0,28096000.0,5925905000.0,,1506793000.0,0.0,0.0,0.0,5388688000.0,2542627000.0,2846061000.0,8884348183.0,282279000.0,-12088000.0,-413427000.0,561558000.0,-41109000.0,109859000.0,-110928000.0,0.0,307347000.0,-23999000.0,250176000.0,250176000.0,250176000.0,0.0,1659000.0,0.082,332683000.0,394783000.0,836873000.0,0.164,1.873,9.159,9.138,1855830000.0,0.0,53.0,0.715,0.715,1821681000.0,5595284000.0,3064688000.0,3064688000.0,0.0,,,,,20655000.0,332683000.0,1.0,167629211.0,167629211.0,,18.283,6520036000.0,147447000.0,106553000.0,384434000.0,38.896,1614491000.0
52,PH,MRQ,2008-06-30,2008-06-30,2008-06-30,2021-09-08,117642000.0,10386854000.0,,4095625000.0,6291229000.0,,31.354,-78278000.0,326048000.0,326048000.0,2575422000.0,260612000.0,1.876,0.975,2071316000.0,118864000.0,1952452000.0,2071316000.0,0.0,95044000.0,0.0,0.012,0.21,379837000.0,474881000.0,0.142,474881000.0,379837000.0,354818000.0,1.5,1.48,1.5,5258971000.0,,5258971000.0,13591351695.0,10.0,7.757,374560000.0,2.233,1.0,771330000.0,0.23,3818701000.0,25019000.0,6130165000.0,,1494694000.0,546006000.0,0.0,546006000.0,5127883000.0,2183256000.0,2944627000.0,11962581695.0,143914000.0,-453328000.0,-8932000.0,252676000.0,-35183000.0,215198000.0,-527508000.0,0.0,452838000.0,3386000.0,252565000.0,252565000.0,252565000.0,0.0,8047000.0,0.075,369742000.0,401588000.0,961886000.0,0.14,2.275,12.599,12.645,1926522000.0,0.0,71.32,0.985,0.985,2046726000.0,5387836000.0,3346752000.0,3346752000.0,0.0,,,,,7013000.0,373138000.0,1.0,167731095.0,167731095.0,,19.953,6568153000.0,145831000.0,102253000.0,345814000.0,39.159,1912369000.0
53,PH,MRQ,2008-03-31,2008-03-31,2008-03-31,2021-09-08,186068000.0,9609177000.0,,3872174000.0,5737003000.0,,30.38,-66881000.0,182134000.0,182134000.0,2447216000.0,255441000.0,1.557,0.877,1810904000.0,621168000.0,1189736000.0,1810904000.0,0.0,76534000.0,0.0,0.012,0.21,383334000.0,459868000.0,0.144,459868000.0,383334000.0,357794000.0,1.52,1.49,1.52,5118993000.0,,5118993000.0,13490846994.0,10.0,8.081,323290000.0,1.919,1.0,735321000.0,0.231,3377334000.0,25540000.0,5373327000.0,,1488799000.0,0.0,0.0,0.0,4490184000.0,2487286000.0,2002898000.0,11671969994.0,-15516000.0,-4635000.0,-47475000.0,-255981000.0,-35210000.0,-336510000.0,-72369000.0,0.0,390171000.0,3192000.0,255441000.0,255441000.0,255441000.0,0.0,0.0,0.08,347022000.0,388299000.0,879169000.0,0.138,2.28,12.769,12.875,1861893000.0,0.0,69.27,1.0,1.0,1985894000.0,5181323000.0,3182537000.0,3182537000.0,0.0,,,,,7848000.0,347022000.0,1.0,168499639.0,168499639.0,,18.888,6231843000.0,145013000.0,102353000.0,306306000.0,36.984,1384888000.0
54,PH,MRQ,2007-12-31,2007-12-31,2007-12-31,2021-09-08,32153000.0,9217506000.0,,3621580000.0,5595926000.0,,28.398,-50231000.0,197650000.0,197650000.0,2194137000.0,211863000.0,1.451,0.929,2016527000.0,865058000.0,1151469000.0,2016527000.0,0.0,78970000.0,0.0,0.01,0.21,322186000.0,401156000.0,0.142,401156000.0,322186000.0,296170000.0,1.26,1.23,1.26,4777236000.0,,4777236000.0,14179136442.0,11.0,8.858,154469000.0,0.918,1.0,634923000.0,0.224,3297380000.0,26016000.0,5242515000.0,,1477267000.0,0.0,0.0,0.0,4440270000.0,2496488000.0,1943782000.0,12668834442.0,9733000.0,-429500000.0,8629000.0,296323000.0,-35323000.0,281099000.0,-474244000.0,0.0,204700000.0,-1822000.0,211863000.0,211863000.0,211863000.0,0.0,0.0,0.075,318961000.0,315962000.0,756495000.0,0.167,2.652,14.596,14.854,1804979000.0,0.0,75.31,1.124,1.124,1745683000.0,4965631000.0,2829060000.0,2829060000.0,0.0,,,,,6532000.0,318961000.0,1.0,168222473.0,168222473.0,,16.817,5920126000.0,137206000.0,84307000.0,223122000.0,35.192,1125092000.0
55,PH,MRQ,2007-09-30,2007-09-30,2007-09-30,2021-09-08,5140000.0,8692993000.0,,3524424000.0,5168569000.0,,26.089,-54940000.0,187917000.0,187917000.0,2122297000.0,229597000.0,1.57,0.912,1698219000.0,580542000.0,1117677000.0,1698219000.0,0.0,76176000.0,0.0,0.01,0.21,340163000.0,416339000.0,0.149,416339000.0,340163000.0,317742000.0,1.35,1.33,1.35,4546128000.0,,4546128000.0,14103756272.0,11.0,9.038,213961000.0,1.228,1.0,664959000.0,0.239,2930214000.0,22421000.0,5028142000.0,,1353774000.0,0.0,0.0,0.0,4146865000.0,2244939000.0,1901926000.0,12991162272.0,15211000.0,-33551000.0,-503419000.0,374021000.0,-36544000.0,-158565000.0,-96679000.0,0.0,268901000.0,1554000.0,229597000.0,229597000.0,229597000.0,0.0,0.0,0.082,324961000.0,339998000.0,779274000.0,0.156,2.858,15.301,15.153,1762165000.0,0.0,74.553,1.186,1.186,1784784000.0,4794447000.0,2787256000.0,2787256000.0,0.0,,,,,23554000.0,324961000.0,1.0,174253272.0,174253272.0,,15.995,5762779000.0,128801000.0,88145000.0,295179000.0,33.071,1279485000.0
56,PH,MRQ,2007-06-30,2007-06-30,2007-06-30,2021-09-08,-112621000.0,8441413000.0,,3386175000.0,5055238000.0,,27.119,-52444000.0,172706000.0,172706000.0,2223756000.0,217186000.0,1.759,0.792,1285300000.0,195384000.0,1089916000.0,1285300000.0,0.0,72547000.0,0.0,0.011,0.173,319469000.0,392016000.0,0.136,392016000.0,319469000.0,297934000.0,1.25,1.23,1.25,4711665000.0,,4711665000.0,12566352256.0,10.0,8.175,367582000.0,2.116,1.0,650609000.0,0.226,2849676000.0,21535000.0,4779086000.0,,1265802000.0,469190000.0,0.0,469190000.0,3729748000.0,1925245000.0,1804503000.0,11340636256.0,-11021000.0,-190299000.0,-31133000.0,-147123000.0,-30076000.0,-181785000.0,-249025000.0,0.0,420026000.0,-237000.0,217186000.0,217186000.0,217186000.0,0.0,0.0,0.076,316170000.0,334439000.0,788560000.0,0.138,2.407,13.663,13.742,1736372000.0,0.0,65.273,1.058,1.058,1737748000.0,4625195000.0,2874365000.0,2874365000.0,0.0,,,,,4686000.0,333434000.0,1.0,173740725.0,173740725.0,,16.544,5591737000.0,140264000.0,80748000.0,266958000.0,32.184,1460930000.0
57,PH,MRQ,2007-03-31,2007-03-31,2007-03-31,2021-09-08,-114081000.0,8708537000.0,,3368312000.0,5340225000.0,,26.031,-47810000.0,183727000.0,183727000.0,2163828000.0,209309000.0,1.776,0.926,1409443000.0,293456000.0,1115987000.0,1409443000.0,0.0,73821000.0,0.0,0.012,0.173,317329000.0,391150000.0,0.141,391150000.0,317329000.0,294926000.0,1.21,1.19,1.21,4520442000.0,,4520442000.0,11340627983.0,9.0,7.526,181422000.0,1.045,1.0,617141000.0,0.222,2661014000.0,22403000.0,5376478000.0,,1270971000.0,0.0,0.0,0.0,4188095000.0,1896761000.0,2291334000.0,9992215983.0,26629000.0,-27911000.0,-1035000.0,-99986000.0,-29995000.0,-131016000.0,-76789000.0,0.0,229232000.0,5202000.0,209309000.0,209309000.0,209309000.0,0.0,0.0,0.075,308562000.0,308579000.0,734801000.0,0.143,2.21,12.386,12.583,1709239000.0,0.0,57.54,0.955,0.955,1717153000.0,4438085000.0,2780969000.0,2780969000.0,0.0,,,,,4299000.0,308562000.0,1.0,173656864.0,173656864.0,,16.014,6047523000.0,132261000.0,85617000.0,270676000.0,34.825,1471551000.0
58,PH,MRQ,2006-12-31,2006-12-31,2006-12-31,2021-09-08,-130250000.0,8456295000.0,,3176247000.0,5280048000.0,,24.407,-42326000.0,157098000.0,157098000.0,1938007000.0,192967000.0,1.655,0.959,1505510000.0,439180000.0,1066330000.0,1505510000.0,0.0,73958000.0,0.0,0.013,0.173,287067000.0,361025000.0,0.144,361025000.0,287067000.0,264763000.0,1.11,1.09,1.11,4317065000.0,,4317065000.0,10205436105.0,9.0,6.969,150821000.0,0.853,1.0,573145000.0,0.228,2639937000.0,22304000.0,5245987000.0,,1314400000.0,0.0,0.0,0.0,4139230000.0,1918783000.0,2220447000.0,9065750105.0,-18756000.0,-127749000.0,-186903000.0,167252000.0,-30155000.0,-49806000.0,-165610000.0,0.0,193147000.0,3513000.0,192967000.0,192967000.0,192967000.0,0.0,0.0,0.077,292855000.0,280290000.0,700973000.0,0.156,2.1,11.698,11.763,1706795000.0,0.0,51.253,0.891,0.891,1524240000.0,4258772000.0,2511152000.0,2511152000.0,0.0,,,,,4836000.0,292855000.0,1.0,176881180.0,176881180.0,,14.197,5816358000.0,131228000.0,71796000.0,228763000.0,32.883,1257464000.0
59,PH,MRQ,2006-09-30,2006-09-30,2006-09-30,2021-09-08,-196504000.0,8324483000.0,,3188828000.0,5135655000.0,,23.68,-49421000.0,175854000.0,175854000.0,1947358000.0,210584000.0,1.764,0.949,1315540000.0,269077000.0,1046463000.0,1315540000.0,0.0,74240000.0,0.0,0.012,0.173,318831000.0,393071000.0,0.154,393071000.0,318831000.0,301659000.0,1.18,1.17,1.18,4270067000.0,,4270067000.0,10304339867.0,10.0,7.522,65079000.0,0.361,1.0,604215000.0,0.237,2496881000.0,17172000.0,5159802000.0,,1250827000.0,0.0,0.0,0.0,4054416000.0,1807486000.0,2246930000.0,9344392867.0,4301000.0,-32680000.0,-173713000.0,186930000.0,-31037000.0,-17820000.0,-88337000.0,0.0,114500000.0,-4042000.0,210584000.0,210584000.0,210584000.0,0.0,0.0,0.083,292010000.0,312205000.0,724352000.0,0.147,2.188,13.142,13.043,1680837000.0,0.0,51.82,0.951,0.951,1569479000.0,4095960000.0,2551573000.0,2551573000.0,0.0,,,,,19382000.0,292010000.0,1.0,180324062.0,180324062.0,,14.15,5827602000.0,132012000.0,91075000.0,321613000.0,32.317,1381342000.0
60,PH,MRQ,2006-06-30,2006-06-30,2006-06-30,2021-09-08,-194819000.0,8173432000.0,,3138978000.0,5034454000.0,,23.5,-28128000.0,171553000.0,171553000.0,2053991000.0,193888000.0,1.867,0.927,1131500000.0,72039000.0,1059461000.0,1131500000.0,0.0,71702000.0,0.0,0.012,0.153,290000000.0,361702000.0,0.138,361702000.0,290000000.0,271333000.0,1.073,1.063,1.073,4241203000.0,,4241203000.0,10505683066.0,10.0,8.134,312532000.0,1.732,1.0,562741000.0,0.215,2481553000.0,18667000.0,4970721000.0,,1182878000.0,859107000.0,0.0,859107000.0,3932229000.0,1681105000.0,2251124000.0,9336619066.0,-79187000.0,-26415000.0,-27047000.0,-318860000.0,-27542000.0,-353043000.0,-62280000.0,0.0,340660000.0,-4524000.0,193888000.0,193888000.0,193888000.0,-6007000.0,0.0,0.074,292383000.0,270358000.0,770665000.0,0.143,2.201,13.87,13.759,1693794000.0,0.0,51.733,0.995,0.995,1592323000.0,3916412000.0,2616732000.0,2616732000.0,0.0,,,,,5376000.0,277087000.0,1.0,180475884.0,180475884.0,,14.499,5691879000.0,127986000.0,77445000.0,258931000.0,31.538,1457873000.0
61,PH,MRQ,2006-03-31,2006-03-31,2006-03-31,2021-09-08,-454766000.0,7972517000.0,,3000678000.0,4971839000.0,,21.271,-29433000.0,250740000.0,250740000.0,1952191000.0,177523000.0,1.744,1.087,1419804000.0,365306000.0,1054498000.0,1419804000.0,0.0,72591000.0,0.0,0.011,0.153,276106000.0,348697000.0,0.14,348697000.0,276106000.0,255068000.0,0.993,0.973,0.993,3820121000.0,,3820121000.0,10955150248.0,11.0,8.882,160414000.0,0.893,1.0,545877000.0,0.219,2442677000.0,21038000.0,4978078000.0,,1137108000.0,0.0,0.0,0.0,4152396000.0,1720826000.0,2431570000.0,9651481248.0,-62598000.0,8470000.0,25704000.0,-217416000.0,-27432000.0,-219144000.0,-34467000.0,0.0,189847000.0,1166000.0,177523000.0,177523000.0,177523000.0,0.0,0.0,0.071,276700000.0,269177000.0,619558000.0,0.154,2.526,15.064,14.957,1638492000.0,0.0,53.74,1.079,1.079,1452783000.0,3750067000.0,2498068000.0,2498068000.0,0.0,,,,,5270000.0,276700000.0,1.0,179595855.0,179595855.0,,13.909,5529840000.0,111542000.0,77545000.0,207946000.0,30.79,1279852000.0
62,PH,MRQ,2005-12-31,2005-12-31,2005-12-31,2021-09-08,-480972000.0,7795797000.0,,2902768000.0,4893029000.0,,20.08,-59006000.0,313338000.0,313338000.0,1705683000.0,129024000.0,1.662,1.161,1617007000.0,534423000.0,1082584000.0,1617007000.0,0.0,71325000.0,0.0,0.013,0.153,195111000.0,266436000.0,0.123,266436000.0,195111000.0,175524000.0,0.727,0.713,0.727,3607372000.0,,3607372000.0,8604956791.0,10.0,7.453,153448000.0,0.854,1.0,451854000.0,0.209,2441228000.0,19587000.0,4911353000.0,,1153521000.0,0.0,0.0,0.0,4188425000.0,1746885000.0,2441540000.0,7899743791.0,70408000.0,-664905000.0,-5615000.0,613908000.0,-27314000.0,580979000.0,-722915000.0,0.0,212454000.0,-110000.0,129024000.0,129024000.0,129024000.0,0.0,0.0,0.06,245845000.0,206009000.0,584347000.0,0.21,2.19,13.111,13.01,1643941000.0,0.0,43.973,0.923,0.923,1250448000.0,3599975000.0,2157537000.0,2157537000.0,0.0,,,,,5188000.0,245845000.0,1.0,179648510.0,179648510.0,,12.01,5354569000.0,133508000.0,46500000.0,161390000.0,29.806,1155883000.0
63,PH,MRQ,2005-09-30,2005-09-30,2005-09-30,2021-09-08,-492309000.0,6988348000.0,,2729423000.0,4258925000.0,,19.466,-40448000.0,242930000.0,242930000.0,1655753000.0,172732000.0,2.144,1.0,948143000.0,20978000.0,927165000.0,948143000.0,0.0,65353000.0,0.0,0.013,0.153,249395000.0,314748000.0,0.149,314748000.0,249395000.0,232924000.0,0.967,0.953,0.967,3494753000.0,,3494753000.0,8331380314.0,9.0,7.006,167285000.0,0.932,1.0,457798000.0,0.217,1863808000.0,16471000.0,4556726000.0,,1068065000.0,0.0,0.0,0.0,3493595000.0,1273027000.0,2220568000.0,7697074314.0,-93150000.0,-60416000.0,7428000.0,-179112000.0,-27355000.0,-199039000.0,-101581000.0,0.0,207733000.0,-263000.0,172732000.0,172732000.0,172732000.0,-28884000.0,0.0,0.082,237014000.0,220784000.0,536929000.0,0.158,2.202,11.94,11.866,1575590000.0,0.0,42.873,0.927,0.927,1242295000.0,3498266000.0,2113551000.0,2113551000.0,0.0,,,,,17614000.0,237014000.0,1.0,179530578.0,179530578.0,,11.773,5124540000.0,130386000.0,60192000.0,189210000.0,28.544,1456396000.0
64,PH,MRQ,2005-06-30,2005-06-30,2005-06-30,2021-09-08,-470964000.0,6860703000.0,,2755707000.0,4104996000.0,,18.527,-41312000.0,336080000.0,336080000.0,1708074000.0,161412000.0,2.118,1.054,970386000.0,31962000.0,938424000.0,970386000.0,0.0,66928000.0,0.0,0.013,0.133,236627000.0,303555000.0,0.14,303555000.0,236627000.0,220252000.0,0.907,0.893,0.907,3340147000.0,,3340147000.0,8333456115.0,10.0,7.314,313795000.0,1.741,1.0,464423000.0,0.214,1610915000.0,16375000.0,4583270000.0,,1017045000.0,831595000.0,0.0,831595000.0,3520556000.0,1300824000.0,2219732000.0,7452828115.0,231796000.0,-27668000.0,-29670000.0,-27000.0,-23732000.0,-53429000.0,-68157000.0,0.0,355107000.0,-1725000.0,161412000.0,161412000.0,161412000.0,-5341000.0,0.0,0.074,236665000.0,227758000.0,569047000.0,0.147,2.231,12.325,12.184,1581348000.0,0.0,41.34,0.924,0.924,1225423000.0,3352888000.0,2172497000.0,2172497000.0,0.0,,,,,0.0,232795000.0,1.0,180281280.0,180281280.0,,12.051,5249788000.0,127490000.0,58840000.0,133193000.0,29.12,1454883000.0
65,PH,MRQ,2005-03-31,2005-03-31,2005-03-31,2021-09-08,-239645000.0,6755425000.0,,2611057000.0,4144368000.0,,19.201,-27994000.0,104284000.0,104284000.0,1688804000.0,139370000.0,2.1,0.952,984912000.0,18098000.0,966814000.0,984912000.0,0.0,64654000.0,0.0,0.013,0.133,205125000.0,269779000.0,0.128,269779000.0,205125000.0,188046000.0,0.78,0.767,0.78,3461051000.0,,3461051000.0,8273885693.0,10.0,7.554,115961000.0,0.643,1.0,423658000.0,0.201,1680534000.0,17079000.0,4712297000.0,,1072248000.0,0.0,0.0,0.0,3294374000.0,1243222000.0,2051152000.0,7320836693.0,-12577000.0,-43921000.0,-14309000.0,-64061000.0,-23815000.0,-102185000.0,-72050000.0,0.0,143955000.0,-1378000.0,139370000.0,139370000.0,139370000.0,1276000.0,0.0,0.066,215231000.0,208427000.0,533674000.0,0.171,2.115,12.872,12.692,1620928000.0,0.0,40.613,0.945,0.945,1283675000.0,3215188000.0,2112462000.0,2112462000.0,0.0,,,,,0.0,215231000.0,1.0,180256977.0,180256977.0,,11.719,5074891000.0,108384000.0,48676000.0,199429000.0,28.154,1367835000.0
66,PH,MRQ,2004-12-31,2004-12-31,2004-12-31,2021-09-08,-192236000.0,6681094000.0,,2552896000.0,4128198000.0,,18.902,-32712000.0,116861000.0,116861000.0,1516905000.0,171127000.0,2.117,0.972,1069910000.0,81082000.0,988828000.0,1069910000.0,0.0,67696000.0,0.0,0.01,0.127,233317000.0,301013000.0,0.158,301013000.0,233317000.0,216081000.0,0.96,0.94,0.96,3387402000.0,,3387402000.0,9746432591.0,12.0,9.319,164604000.0,0.918,1.0,389026000.0,0.204,1669407000.0,17236000.0,4758858000.0,,1119993000.0,0.0,0.0,0.0,3293692000.0,1205878000.0,2087814000.0,9048971591.0,-173856000.0,-364880000.0,20351000.0,46388000.0,-22582000.0,44157000.0,-397898000.0,0.0,197316000.0,4007000.0,171127000.0,171127000.0,171127000.0,-60714000.0,0.0,0.09,217856000.0,171170000.0,490134000.0,0.132,2.671,16.844,16.681,1667789000.0,0.0,50.493,1.204,1.204,1158785000.0,3099632000.0,1905931000.0,1905931000.0,0.0,,,,,0.0,217856000.0,1.0,179211214.0,179211214.0,,10.635,5011687000.0,115187000.0,44954000.0,184343000.0,27.965,1347018000.0
67,PH,MRQ,2004-09-30,2004-09-30,2004-09-30,2021-09-08,-294278000.0,6339810000.0,,2676920000.0,3662890000.0,,17.395,-32603000.0,290717000.0,290717000.0,1477694000.0,132783000.0,2.189,1.034,988178000.0,33033000.0,955145000.0,988178000.0,0.0,63412000.0,0.0,0.013,0.127,201597000.0,265009000.0,0.141,265009000.0,201597000.0,185418000.0,0.747,0.74,0.747,3116465000.0,,3116465000.0,7835499054.0,12.0,8.647,124525000.0,0.695,1.0,400221000.0,0.213,1309267000.0,16179000.0,4504963000.0,,1044583000.0,0.0,0.0,0.0,3223345000.0,1223041000.0,2000304000.0,7030344054.0,106870000.0,-2100000.0,-96000.0,-3502000.0,-22483000.0,-26081000.0,-27278000.0,0.0,157128000.0,744000.0,132783000.0,132783000.0,132783000.0,-6747000.0,0.0,0.071,194396000.0,205825000.0,509171000.0,0.17,2.256,16.665,16.487,1575865000.0,0.0,39.24,0.976,0.976,1185357000.0,2951088000.0,1877915000.0,1877915000.0,0.0,,,,,0.0,194396000.0,1.0,179162692.0,179162692.0,,10.482,5030543000.0,116991000.0,52635000.0,212125000.0,28.078,1453879000.0
68,PH,MRQ,2004-06-30,2004-06-30,2004-06-30,2021-09-08,-311710000.0,6235233000.0,,2491441000.0,3743792000.0,,16.631,-25474000.0,183847000.0,183847000.0,1454907000.0,125473000.0,2.011,1.091,988994000.0,35198000.0,953796000.0,988994000.0,0.0,60810000.0,0.0,0.013,0.127,198669000.0,259479000.0,0.14,259479000.0,198669000.0,181772000.0,0.713,0.707,0.713,2982454000.0,,2982454000.0,8072624420.0,14.0,9.973,141925000.0,0.791,1.0,398187000.0,0.215,1279617000.0,16897000.0,4522119000.0,,976258000.0,798242000.0,0.0,798242000.0,3252779000.0,1238644000.0,2014135000.0,7108806420.0,13891000.0,34000000.0,13780000.0,-137563000.0,-22441000.0,-146224000.0,5210000.0,0.0,167399000.0,-3759000.0,125473000.0,125473000.0,125473000.0,-7009000.0,0.0,0.068,210606000.0,187581000.0,525113000.0,0.178,2.384,20.559,20.224,1585989000.0,0.0,39.64,1.032,1.032,1174601000.0,2840787000.0,1853094000.0,1853094000.0,0.0,,,,,0.0,211677000.0,1.0,179334168.0,179334168.0,,10.333,4955616000.0,140848000.0,56299000.0,202058000.0,27.633,1252797000.0
69,PH,MRQ,2004-03-31,2004-03-31,2004-03-31,2021-09-08,-383820000.0,6230801000.0,,2493055000.0,3737746000.0,,15.603,-23081000.0,169956000.0,169956000.0,1526297000.0,107848000.0,1.872,1.233,1133774000.0,165448000.0,968326000.0,1133774000.0,0.0,61737000.0,0.0,0.013,0.127,158624000.0,220361000.0,0.117,220361000.0,158624000.0,141395000.0,0.607,0.6,0.607,2790664000.0,,2790664000.0,7610381751.0,17.0,10.722,100732000.0,0.563,1.0,352760000.0,0.188,1298743000.0,17229000.0,4564460000.0,,984900000.0,0.0,0.0,0.0,3440137000.0,1331416000.0,2108721000.0,6737051751.0,31909000.0,-194224000.0,9892000.0,131107000.0,-22408000.0,118591000.0,-211174000.0,0.0,123813000.0,-2921000.0,107848000.0,107848000.0,107848000.0,-2108000.0,0.0,0.057,195452000.0,157308000.0,501899000.0,0.209,2.414,25.008,24.781,1628708000.0,0.0,37.667,1.018,1.018,1190598000.0,2737733000.0,1879057000.0,1879057000.0,0.0,,,,,0.0,195452000.0,1.0,178859781.0,178859781.0,,10.506,4932058000.0,108409000.0,33547000.0,160652000.0,27.575,1161639000.0
70,PH,MRQ,2003-12-31,2003-12-31,2003-12-31,2021-09-08,-368953000.0,5799495000.0,,2206928000.0,3592567000.0,,15.205,-29890000.0,138047000.0,138047000.0,1313802000.0,55771000.0,2.172,1.145,1011377000.0,36142000.0,975235000.0,1011377000.0,0.0,63760000.0,0.0,0.013,0.127,97531000.0,161291000.0,0.101,161291000.0,97531000.0,80264000.0,0.313,0.313,0.313,2704273000.0,,2704273000.0,8095075312.0,21.0,12.551,197264000.0,1.109,1.0,279538000.0,0.175,1200665000.0,17267000.0,4456195000.0,,999779000.0,0.0,0.0,0.0,3095222000.0,1015965000.0,2079257000.0,7055087312.0,-67362000.0,-6877000.0,18883000.0,-263325000.0,-22306000.0,-266748000.0,-32931000.0,0.0,227154000.0,28000.0,55771000.0,55771000.0,55771000.0,-2277000.0,0.0,0.035,183524000.0,96014000.0,444076000.0,0.406,2.609,33.563,33.25,1632764000.0,0.0,39.667,1.104,1.104,926393000.0,2652294000.0,1593340000.0,1593340000.0,0.0,,,,,0.0,183524000.0,1.0,177859344.0,177859344.0,,8.958,4598830000.0,103106000.0,24493000.0,103155000.0,25.857,1190963000.0
71,PH,MRQ,2003-09-30,2003-09-30,2003-09-30,2021-09-08,-433015000.0,5882592000.0,,2305955000.0,3576637000.0,,14.6,-32651000.0,205409000.0,205409000.0,1298776000.0,56691000.0,1.835,1.273,1245397000.0,289041000.0,956356000.0,1245397000.0,0.0,63379000.0,0.0,0.017,0.127,106393000.0,169772000.0,0.107,169772000.0,106393000.0,84613000.0,0.32,0.32,0.32,2587861000.0,,2587861000.0,6426823158.0,17.0,10.191,111381000.0,0.628,1.0,288142000.0,0.182,1171368000.0,21780000.0,4494849000.0,,991306000.0,0.0,0.0,0.0,3294731000.0,1256363000.0,2038368000.0,5282106158.0,-40441000.0,0.0,13668000.0,-145647000.0,-22131000.0,-154110000.0,-31577000.0,0.0,144032000.0,1214000.0,56691000.0,56691000.0,56691000.0,0.0,0.0,0.036,180204000.0,107938000.0,415380000.0,0.397,2.041,27.513,27.091,1632563000.0,0.0,29.8,0.837,0.837,967866000.0,2618828000.0,1586918000.0,1586918000.0,0.0,,,,,0.0,180204000.0,1.0,177251884.0,177251884.0,,8.953,4711224000.0,102498000.0,27922000.0,102464000.0,26.579,1049592000.0
72,PH,MRQ,2003-06-30,2003-06-30,2003-06-30,2021-09-08,-445982000.0,5985633000.0,,2396807000.0,3588826000.0,,14.227,-35053000.0,245850000.0,245850000.0,1319270000.0,49082000.0,1.683,1.374,1390567000.0,424235000.0,966332000.0,1390567000.0,0.0,67647000.0,0.0,0.018,0.127,90747000.0,158394000.0,0.101,158394000.0,90747000.0,68739000.0,0.28,0.28,0.28,2520911000.0,,2520911000.0,6265947102.0,17.0,9.907,196341000.0,1.108,1.0,242474000.0,0.155,1168054000.0,22008000.0,4538569000.0,,997167000.0,720022000.0,0.0,720022000.0,3464722000.0,1423727000.0,2040995000.0,4960201102.0,193154000.0,60000.0,6295000.0,14332000.0,-22094000.0,-1467000.0,-35264000.0,0.0,231394000.0,-1004000.0,49082000.0,49082000.0,49082000.0,-4435000.0,0.0,0.031,162697000.0,79777000.0,437103000.0,0.454,1.968,25.272,24.839,1657425000.0,0.0,27.993,0.786,0.786,1002060000.0,2584268000.0,1561744000.0,1561744000.0,0.0,,,,,0.0,159040000.0,1.0,177192228.0,177192228.0,,8.814,4817579000.0,143106000.0,19657000.0,85874000.0,27.188,973080000.0
73,PH,MRQ,2003-03-31,2003-03-31,2003-03-31,2021-09-08,-207013000.0,5756087000.0,,2200360000.0,3555727000.0,,15.374,-31344000.0,52696000.0,52696000.0,1368430000.0,48663000.0,1.68,1.113,1358442000.0,410278000.0,948164000.0,1358442000.0,0.0,61191000.0,0.0,0.019,0.127,94305000.0,155496000.0,0.094,155496000.0,94305000.0,73956000.0,0.28,0.28,0.28,2723891000.0,,2723891000.0,5894961812.0,19.0,9.845,34375000.0,0.194,1.0,278414000.0,0.169,1148018000.0,20349000.0,4604435000.0,,1027939000.0,0.0,0.0,0.0,3032196000.0,1309380000.0,1722816000.0,4575777812.0,17331000.0,0.0,869000.0,2596000.0,-22043000.0,-18578000.0,-30490000.0,0.0,65719000.0,680000.0,48663000.0,48663000.0,48663000.0,0.0,0.0,0.03,182378000.0,96036000.0,395658000.0,0.454,1.68,33.81,33.111,1661714000.0,0.0,25.827,0.714,0.714,991131000.0,2557259000.0,1646844000.0,1646844000.0,0.0,,,,,0.0,182378000.0,1.0,177172605.0,177172605.0,,9.295,4608069000.0,85329000.0,25293000.0,167942000.0,26.009,890980000.0
74,PH,MRQ,2002-12-31,2002-12-31,2002-12-31,2021-09-08,-225552000.0,5591220000.0,,2121613000.0,3469607000.0,,15.086,-34526000.0,35365000.0,35365000.0,1258827000.0,37552000.0,1.498,1.093,1354549000.0,580816000.0,773733000.0,1354549000.0,0.0,65754000.0,0.0,0.016,0.12,81232000.0,146986000.0,0.097,146986000.0,81232000.0,58046000.0,0.22,0.213,0.22,2671126000.0,,2671126000.0,6807795299.0,22.0,11.365,80770000.0,0.456,1.0,258374000.0,0.17,1136588000.0,23186000.0,4357140000.0,,1058579000.0,0.0,0.0,0.0,2920094000.0,1416676000.0,1503418000.0,5445083299.0,-10365000.0,-12000.0,1377000.0,-72430000.0,-20854000.0,-91907000.0,-34982000.0,0.0,115296000.0,1228000.0,37552000.0,37552000.0,37552000.0,0.0,0.0,0.025,177142000.0,81232000.0,371835000.0,0.545,2.038,39.164,38.442,1674837000.0,0.0,30.753,0.859,0.859,898888000.0,2530640000.0,1517201000.0,1517201000.0,0.0,,,,,0.0,177142000.0,1.0,177056686.0,177056686.0,,8.569,4454632000.0,87483000.0,20494000.0,145528000.0,25.159,704937000.0
75,PH,MRQ,2002-09-30,2002-09-30,2002-09-30,2021-09-08,-265273000.0,5626417000.0,,2163317000.0,3463100000.0,,14.76,-36398000.0,45730000.0,45730000.0,1299890000.0,60975000.0,1.618,1.153,1408442000.0,453130000.0,955312000.0,1408442000.0,0.0,64073000.0,0.0,0.019,0.12,109759000.0,173832000.0,0.11,173832000.0,109759000.0,91691000.0,0.347,0.347,0.347,2613158000.0,,2613158000.0,5969063660.0,20.0,10.267,108755000.0,0.614,1.0,286014000.0,0.18,1122412000.0,18068000.0,4529578000.0,,1046342000.0,0.0,0.0,0.0,3013259000.0,1337139000.0,1676120000.0,4509871660.0,-654000.0,-1987000.0,845000.0,-90214000.0,-20842000.0,-110211000.0,-35668000.0,0.0,145153000.0,72000.0,60975000.0,60975000.0,60975000.0,0.0,0.0,0.038,176255000.0,109759000.0,413912000.0,0.346,1.726,34.547,34.101,1681958000.0,0.0,25.473,0.721,0.721,945861000.0,2513941000.0,1585904000.0,1585904000.0,0.0,,,,,0.0,176255000.0,1.0,177042855.0,177042855.0,,8.958,4504005000.0,80386000.0,30716000.0,140975000.0,25.44,826178000.0
76,PH,MRQ,2002-06-30,2002-06-30,2002-06-30,2021-09-08,-247497000.0,5752583000.0,,2235618000.0,3516965000.0,,14.632,-41525000.0,46384000.0,46384000.0,1405807000.0,-11850000.0,1.644,1.227,1505576000.0,416693000.0,1088883000.0,1505576000.0,0.0,100641000.0,0.0,0.015,0.12,21816000.0,122457000.0,0.074,122457000.0,21816000.0,1998000.0,-0.067,-0.073,-0.067,2583516000.0,,2583516000.0,7193234133.0,24.0,12.357,131537000.0,0.745,1.0,251786000.0,0.152,1135054000.0,19818000.0,4716884000.0,,1051968000.0,675877000.0,0.0,675877000.0,3169067000.0,1359837000.0,1809230000.0,5625213133.0,14467000.0,-1949000.0,16320000.0,-128421000.0,-20780000.0,-132881000.0,-29662000.0,0.0,173062000.0,3948000.0,-11850000.0,-11850000.0,-11850000.0,0.0,0.0,-0.007,232453000.0,19333000.0,443525000.0,-1.791,2.177,43.221,42.311,1696965000.0,0.0,31.86,0.915,0.915,1006313000.0,2473808000.0,1657593000.0,1657593000.0,0.0,,,,,0.0,184423000.0,1.0,176560362.0,176560362.0,,9.388,4617529000.0,91490000.0,13848000.0,125264000.0,26.153,875781000.0
77,PH,MRQ,2002-03-31,2002-03-31,2002-03-31,2021-09-08,-205420000.0,5755017000.0,,2323956000.0,3431061000.0,,14.944,-40343000.0,31917000.0,31917000.0,1309245000.0,52357000.0,1.566,1.191,1599938000.0,547764000.0,1052174000.0,1599938000.0,0.0,58441000.0,0.0,0.014,0.12,97323000.0,155764000.0,0.099,155764000.0,97323000.0,76560000.0,0.3,0.3,0.3,2626229000.0,,2626229000.0,7373700729.0,20.0,11.842,67305000.0,0.383,1.0,269087000.0,0.17,1143147000.0,20763000.0,4696282000.0,,1070287000.0,98850000.0,98850000.0,0.0,3128788000.0,1483609000.0,1645179000.0,5846244729.0,3034000.0,-72966000.0,8640000.0,48916000.0,-20628000.0,36928000.0,-141583000.0,0.0,107648000.0,41000.0,52357000.0,52357000.0,52357000.0,0.0,0.0,0.033,171764000.0,97323000.0,378951000.0,0.4,2.226,30.551,30.051,1683768000.0,0.0,33.267,0.978,0.978,981972000.0,2506438000.0,1578332000.0,1578332000.0,0.0,,,,,0.0,171764000.0,1.0,175738820.0,175738820.0,,8.981,4611870000.0,98682000.0,24203000.0,220989000.0,26.243,840347000.0
78,PH,MRQ,2001-12-31,2001-12-31,2001-12-31,2021-09-08,-198312000.0,5548818000.0,,2190523000.0,3358295000.0,,14.695,-51230000.0,28883000.0,28883000.0,1203893000.0,29062000.0,1.635,1.147,1556339000.0,493278000.0,1063061000.0,1556339000.0,0.0,60753000.0,0.0,0.016,0.12,68554000.0,129307000.0,0.09,129307000.0,68554000.0,46988000.0,0.167,0.167,0.167,2585044000.0,,2585044000.0,6806374963.0,15.0,9.769,96009000.0,0.546,1.0,233437000.0,0.162,1100178000.0,21566000.0,4636732000.0,,1110732000.0,92912000.0,92912000.0,0.0,2963774000.0,1339364000.0,1624410000.0,5384102963.0,-6501000.0,-174633000.0,-4561000.0,105373000.0,-20699000.0,80113000.0,-232920000.0,0.0,147239000.0,-933000.0,29062000.0,29062000.0,29062000.0,0.0,0.0,0.02,164883000.0,68554000.0,336454000.0,0.719,2.083,23.711,23.187,1701925000.0,0.0,30.607,0.906,0.906,813638000.0,2474709000.0,1437330000.0,1437330000.0,0.0,,,,,0.0,164883000.0,1.0,175912752.0,175912752.0,,8.171,4448640000.0,101303000.0,17926000.0,206305000.0,25.289,851159000.0
79,PH,MRQ,2001-09-30,2001-09-30,2001-09-30,2021-09-08,-198918000.0,5495975000.0,,2244003000.0,3251972000.0,,14.664,-53617000.0,35384000.0,35384000.0,1197625000.0,60581000.0,1.498,1.13,1457656000.0,583428000.0,874228000.0,1457656000.0,0.0,61763000.0,0.0,0.021,0.12,112827000.0,174590000.0,0.118,174590000.0,112827000.0,92490000.0,0.353,0.347,0.353,2580638000.0,,2580638000.0,5404131234.0,10.0,6.923,149480000.0,0.849,1.0,278242000.0,0.189,1100959000.0,20337000.0,4319715000.0,,1047713000.0,86992000.0,86992000.0,0.0,2915337000.0,1497573000.0,1417764000.0,4024116234.0,11819000.0,-135545000.0,-149000.0,35843000.0,-20731000.0,14963000.0,-204553000.0,0.0,203097000.0,-1688000.0,60581000.0,60581000.0,60581000.0,0.0,0.0,0.041,165415000.0,112827000.0,380009000.0,0.34,1.559,14.563,14.229,1600157000.0,0.0,22.867,0.674,0.674,920958000.0,2466347000.0,1475867000.0,1475867000.0,0.0,,,,,0.0,165415000.0,1.0,175981760.0,175981760.0,,8.386,4395016000.0,109376000.0,31909000.0,225558000.0,24.974,746430000.0
80,PH,MRQ,2001-06-30,2001-06-30,2001-06-30,2021-09-08,-204531000.0,5337661000.0,,2196362000.0,3141299000.0,,14.428,-57388000.0,23565000.0,23565000.0,1195520000.0,49358000.0,1.554,1.111,1403580000.0,546502000.0,857078000.0,1403580000.0,0.0,63742000.0,0.0,0.017,0.12,99246000.0,162988000.0,0.11,162988000.0,99246000.0,74489000.0,0.287,0.28,0.287,2528915000.0,,2528915000.0,6392672066.0,10.0,7.195,163107000.0,0.931,1.0,289276000.0,0.195,962715000.0,24757000.0,4341832000.0,,1008864000.0,621904000.0,0.0,621904000.0,2808746000.0,1413129000.0,1395617000.0,4959097066.0,-21644000.0,-70538000.0,6147000.0,-79751000.0,-20623000.0,-94227000.0,-148937000.0,0.0,220495000.0,1025000.0,49358000.0,49358000.0,49358000.0,0.0,0.0,0.033,140673000.0,148603000.0,367806000.0,0.418,1.961,14.552,14.239,1548688000.0,0.0,28.293,0.829,0.829,922325000.0,2426496000.0,1484796000.0,1484796000.0,0.0,,,,,0.0,188346000.0,1.0,175274402.0,175274402.0,,8.471,4374946000.0,99431000.0,25131000.0,193582000.0,24.961,783233000.0
81,PH,MRQ,2001-03-31,2001-03-31,2001-03-31,2021-09-08,-199158000.0,5251438000.0,,2286891000.0,2964547000.0,,14.241,-86556000.0,45209000.0,45209000.0,1221243000.0,88074000.0,1.648,1.109,1478784000.0,613328000.0,865456000.0,1478784000.0,0.0,67231000.0,0.0,0.017,0.12,162651000.0,229882000.0,0.149,229882000.0,162651000.0,138408000.0,0.513,0.513,0.513,2490344000.0,,2490344000.0,6081312144.0,9.0,6.673,47020000.0,0.269,1.0,320815000.0,0.208,852973000.0,24243000.0,4444761000.0,,1006037000.0,0.0,0.0,0.0,2761094000.0,1387279000.0,1373815000.0,4630520144.0,-26320000.0,-27481000.0,5932000.0,-27331000.0,-20567000.0,-41966000.0,-116855000.0,0.0,133576000.0,-1075000.0,88074000.0,88074000.0,88074000.0,0.0,0.0,0.057,159580000.0,161235000.0,333212000.0,0.234,1.859,11.45,11.187,1507047000.0,0.0,26.48,0.771,0.771,888760000.0,2397761000.0,1542058000.0,1542058000.0,0.0,,,,,0.0,159580000.0,1.0,174868586.0,174868586.0,,8.818,4398465000.0,93671000.0,50334000.0,180428000.0,25.153,899612000.0
82,PH,MRQ,2000-12-31,2000-12-31,2000-12-31,2021-09-08,-154168000.0,5308371000.0,,2366459000.0,2941912000.0,,14.067,-102163000.0,71529000.0,71529000.0,1152364000.0,78314000.0,1.717,1.16,1522321000.0,540368000.0,981953000.0,1522321000.0,0.0,66122000.0,0.0,0.015,0.113,147023000.0,213145000.0,0.145,213145000.0,147023000.0,121416000.0,0.453,0.453,0.453,2457145000.0,,2457145000.0,6633358445.0,10.0,7.291,52589000.0,0.301,1.0,315255000.0,0.215,847117000.0,25607000.0,4533902000.0,,1065313000.0,0.0,0.0,0.0,2851226000.0,1378144000.0,1473082000.0,5139005445.0,16339000.0,688000.0,2167000.0,-47460000.0,-19370000.0,-64663000.0,-73988000.0,0.0,154752000.0,238000.0,78314000.0,78314000.0,78314000.0,0.0,0.0,0.053,169596000.0,145659000.0,378778000.0,0.249,2.091,12.148,11.735,1496932000.0,0.0,29.42,0.877,0.877,870510000.0,2330253000.0,1467619000.0,1467619000.0,0.0,,,,,0.0,169596000.0,1.0,174677276.0,174677276.0,,8.402,4461254000.0,83296000.0,43102000.0,160089000.0,25.54,988315000.0
83,PH,MRQ,2000-09-30,2000-09-30,2000-09-30,2021-09-08,-154776000.0,5329726000.0,,2399469000.0,2930257000.0,,13.72,1403000.0,55190000.0,55190000.0,1159029000.0,125046000.0,1.614,1.226,1549543000.0,596109000.0,953434000.0,1549543000.0,0.0,67432000.0,0.0,0.02,0.113,163661000.0,231093000.0,0.156,231093000.0,163661000.0,193870000.0,0.733,0.727,0.733,2394170000.0,,2394170000.0,4895000885.0,7.0,5.57,21367000.0,0.122,1.0,326102000.0,0.22,862892000.0,-30209000.0,4474670000.0,,1027213000.0,0.0,0.0,0.0,2935556000.0,1486517000.0,1449039000.0,3926400885.0,-13270000.0,-485923000.0,1725000.0,466007000.0,-19361000.0,448371000.0,-480048000.0,0.0,19964000.0,-1557000.0,125046000.0,125046000.0,125046000.0,0.0,0.0,0.084,162441000.0,163661000.0,360787000.0,0.154,1.64,9.356,8.953,1435642000.0,0.0,22.5,0.698,0.698,953904000.0,2271311000.0,1485131000.0,1485131000.0,0.0,,,,,0.0,162441000.0,1.0,174506706.0,174506706.0,,8.51,4466834000.0,86754000.0,68824000.0,221233000.0,25.597,912952000.0
84,PH,MRQ,2000-06-30,2000-06-30,2000-06-30,2021-09-08,-125458000.0,4646299000.0,,2153113000.0,2493186000.0,,13.752,-53327000.0,68460000.0,68460000.0,1164798000.0,112972000.0,1.815,1.012,1037060000.0,335298000.0,701762000.0,1037060000.0,0.0,49402000.0,0.0,0.02,0.113,187822000.0,237224000.0,0.157,237224000.0,187822000.0,172477000.0,0.667,0.66,0.667,2309458000.0,,2309458000.0,4563767470.0,7.0,5.513,119797000.0,0.713,1.0,345661000.0,0.229,570740000.0,15345000.0,3857856000.0,,974196000.0,574241000.0,0.0,574241000.0,2336841000.0,1186303000.0,1150538000.0,3834535470.0,7745000.0,-229537000.0,5612000.0,140647000.0,-19302000.0,126957000.0,-292541000.0,0.0,173124000.0,205000.0,112972000.0,112972000.0,112972000.0,0.0,0.0,0.075,161951000.0,183710000.0,372666000.0,0.169,1.66,10.413,10.253,1340915000.0,0.0,22.833,0.712,0.712,840040000.0,2165625000.0,1510459000.0,1510459000.0,0.0,,,,,0.0,156347000.0,1.0,167935860.0,167935860.0,,8.994,4075559000.0,81001000.0,59505000.0,162147000.0,24.269,966810000.0
85,PH,MRQ,2000-03-31,2000-03-31,2000-03-31,2021-09-08,-118680000.0,3902321000.0,,1854545000.0,2047776000.0,,12.108,-51193000.0,60715000.0,60715000.0,1074133000.0,106703000.0,2.399,0.917,789947000.0,83351000.0,706596000.0,789947000.0,0.0,50044000.0,0.0,0.016,0.113,178272000.0,228316000.0,0.164,228316000.0,178272000.0,162905000.0,0.653,0.647,0.653,2035728000.0,,2035728000.0,5330665601.0,9.0,6.675,100471000.0,0.598,1.0,319526000.0,0.229,0.0,15367000.0,3858419000.0,,909835000.0,0.0,0.0,0.0,1866593000.0,773134000.0,1093459000.0,4630303601.0,-13638000.0,-115763000.0,-8059000.0,19672000.0,-18580000.0,-6967000.0,-157446000.0,0.0,151664000.0,-889000.0,106703000.0,106703000.0,106703000.0,0.0,0.0,0.077,141254000.0,178272000.0,301193000.0,0.173,2.275,13.321,12.991,1237603000.0,0.0,27.54,0.892,0.892,800241000.0,2071955000.0,1393659000.0,1393659000.0,0.0,,,,,0.0,141254000.0,1.0,168130124.0,168130124.0,,8.289,3902321000.0,65725000.0,56202000.0,95965000.0,23.21,1081411000.0
86,PH,MRQ,1999-12-31,1999-12-31,1999-12-31,2021-09-08,-99865000.0,3722411000.0,,1767490000.0,1954921000.0,,11.721,-61612000.0,74353000.0,74353000.0,971298000.0,74963000.0,2.703,0.891,774715000.0,61123000.0,713592000.0,774715000.0,0.0,53759000.0,0.0,0.013,0.113,128476000.0,182235000.0,0.147,182235000.0,128476000.0,114448000.0,0.46,0.453,0.46,1968944000.0,,1968944000.0,6459031616.0,12.0,8.613,33854000.0,0.202,1.0,267909000.0,0.216,0.0,14028000.0,3768980000.0,,915037000.0,0.0,0.0,0.0,1753467000.0,653793000.0,1099674000.0,5746391616.0,9932000.0,-2704000.0,1778000.0,-2172000.0,-18560000.0,-18954000.0,-64611000.0,0.0,95466000.0,-1969000.0,74963000.0,74963000.0,74963000.0,0.0,0.0,0.06,140157000.0,127752000.0,253798000.0,0.246,2.919,18.104,17.632,1214202000.0,0.0,34.207,1.138,1.138,692357000.0,1983832000.0,1239207000.0,1239207000.0,0.0,,,,,0.0,140157000.0,1.0,167990400.0,167990400.0,,7.377,3722411000.0,66722000.0,39485000.0,70377000.0,22.158,1113697000.0
87,PH,MRQ,1999-09-30,1999-09-30,1999-09-30,2021-09-08,-79112000.0,3770362000.0,,1811994000.0,1958368000.0,,11.499,-32299000.0,64421000.0,64421000.0,976621000.0,73594000.0,2.445,0.953,777061000.0,59462000.0,717599000.0,777061000.0,0.0,53203000.0,0.0,0.015,0.113,127524000.0,180727000.0,0.145,180727000.0,127524000.0,112357000.0,0.447,0.447,0.447,1930174000.0,,1930174000.0,5766523551.0,11.0,7.821,85487000.0,0.509,1.0,265672000.0,0.214,0.0,15167000.0,3741909000.0,,920843000.0,0.0,0.0,0.0,1840188000.0,741093000.0,1099095000.0,5014434551.0,31144000.0,-3007000.0,1871000.0,-3526000.0,-18521000.0,-20176000.0,-65111000.0,0.0,117786000.0,-1355000.0,73594000.0,73594000.0,73594000.0,0.0,0.0,0.059,138148000.0,127524000.0,288521000.0,0.253,2.598,16.388,15.949,1207012000.0,0.0,29.873,1.001,1.001,739682000.0,1927429000.0,1242293000.0,1242293000.0,0.0,,,,,0.0,138148000.0,1.0,167856546.0,167856546.0,,7.401,3770362000.0,65907000.0,38763000.0,116972000.0,22.462,1070901000.0
88,PH,MRQ,1999-06-30,1999-06-30,1999-06-30,2021-09-08,-92858000.0,3705888000.0,,1774684000.0,1931204000.0,,11.389,-61487000.0,33277000.0,33277000.0,1017655000.0,92341000.0,2.352,0.999,785366000.0,60609000.0,724757000.0,785366000.0,0.0,48028000.0,0.0,0.014,0.113,159274000.0,207302000.0,0.158,207302000.0,159274000.0,142063000.0,0.56,0.56,0.56,1853862000.0,,1853862000.0,5830008162.0,11.0,7.842,118177000.0,0.726,1.0,295507000.0,0.225,441489000.0,17211000.0,3261975000.0,,915130000.0,260495000.0,0.0,260495000.0,1852026000.0,754513000.0,1097513000.0,4964829162.0,-7800000.0,0.0,9477000.0,-119535000.0,-18317000.0,-128375000.0,-59013000.0,0.0,179664000.0,-76000.0,92341000.0,92341000.0,92341000.0,0.0,0.0,0.07,141289000.0,154218000.0,313173000.0,0.202,2.678,15.99,16.053,1200869000.0,0.0,30.5,0.996,0.996,738773000.0,1872356000.0,1313162000.0,1313162000.0,0.0,,,,,0.0,138875000.0,1.0,162781284.0,162781284.0,,8.067,3264399000.0,92927000.0,49722000.0,83384000.0,20.054,1020171000.0
89,PH,MRQ,1999-03-31,1999-03-31,1999-03-31,2021-09-08,-79972000.0,3691327000.0,,1799211000.0,1892116000.0,,10.962,-49967000.0,41077000.0,41077000.0,989137000.0,76511000.0,2.249,1.07,906256000.0,172752000.0,733504000.0,906256000.0,0.0,49236000.0,0.0,0.018,0.113,130374000.0,179610000.0,0.143,179610000.0,130374000.0,117710000.0,0.473,0.467,0.473,1783630000.0,,1783630000.0,4660091362.0,9.0,6.358,106621000.0,0.655,1.0,266652000.0,0.212,0.0,12664000.0,3756516000.0,,939041000.0,0.0,0.0,0.0,1907697000.0,799990000.0,1107707000.0,3715224362.0,1137000.0,0.0,112462000.0,-195167000.0,-18444000.0,-101149000.0,-52938000.0,0.0,156588000.0,-1364000.0,76511000.0,76511000.0,76511000.0,0.0,0.0,0.061,136278000.0,130374000.0,268193000.0,0.239,2.083,12.185,12.276,1186772000.0,0.0,22.833,0.756,0.756,718711000.0,1798332000.0,1255789000.0,1255789000.0,0.0,,,,,0.0,136278000.0,1.0,162710556.0,162710556.0,,7.718,3691327000.0,80828000.0,41199000.0,83146000.0,22.686,999221000.0
90,PH,MRQ,1998-12-31,1998-12-31,1998-12-31,2021-09-08,-35335000.0,3721352000.0,,1821119000.0,1900233000.0,,10.832,-56549000.0,39940000.0,39940000.0,943167000.0,63532000.0,1.917,1.103,984807000.0,350604000.0,634203000.0,984807000.0,0.0,55203000.0,0.0,0.018,0.1,114484000.0,169687000.0,0.142,169687000.0,114484000.0,96810000.0,0.393,0.387,0.393,1769747000.0,,1769747000.0,4517228815.0,8.0,6.072,47092000.0,0.288,1.0,255854000.0,0.213,0.0,17674000.0,3716365000.0,,1011723000.0,0.0,0.0,0.0,1951605000.0,949854000.0,1001751000.0,3567162815.0,-4261000.0,-399000.0,-18282000.0,-13673000.0,-16271000.0,-48226000.0,-60202000.0,0.0,103641000.0,526000.0,63532000.0,63532000.0,63532000.0,0.0,0.0,0.053,141370000.0,114484000.0,282166000.0,0.254,2.016,11.447,11.534,1191294000.0,0.0,21.833,0.735,0.735,661261000.0,1740265000.0,1199021000.0,1199021000.0,0.0,,,,,0.0,141370000.0,1.0,163381503.0,163381503.0,,7.339,3721352000.0,87567000.0,33278000.0,64321000.0,22.777,871265000.0
91,PH,MRQ,1998-09-30,1998-09-30,1998-09-30,2021-09-08,-34827000.0,3760070000.0,,1875787000.0,1884283000.0,,10.619,-55737000.0,44201000.0,44201000.0,947307000.0,78117000.0,1.856,1.16,994267000.0,355218000.0,639049000.0,994267000.0,0.0,49579000.0,0.0,0.02,0.1,137259000.0,186838000.0,0.153,186838000.0,137259000.0,121111000.0,0.473,0.473,0.473,1741094000.0,,1741094000.0,3993293481.0,7.0,5.359,-36533000.0,-0.223,1.0,271417000.0,0.223,0.0,16148000.0,3699317000.0,,1010062000.0,0.0,0.0,0.0,2018976000.0,1010819000.0,1008157000.0,3245353481.0,13713000.0,-89466000.0,-29581000.0,179968000.0,-16429000.0,133958000.0,-140904000.0,0.0,19204000.0,1455000.0,78117000.0,78117000.0,78117000.0,0.0,0.0,0.064,134158000.0,137259000.0,285642000.0,0.211,1.864,10.161,10.272,1177344000.0,0.0,19.793,0.681,0.681,714364000.0,1693002000.0,1218724000.0,1218724000.0,0.0,,,,,0.0,134158000.0,1.0,163961948.0,163961948.0,,7.433,3760070000.0,86577000.0,42994000.0,102550000.0,22.933,864968000.0
92,PH,MRQ,1998-06-30,1998-06-30,1998-06-30,2021-09-08,-60026000.0,3524821000.0,,1780075000.0,1744746000.0,,10.149,-71049000.0,30488000.0,30488000.0,949322000.0,86751000.0,1.8,1.094,778428000.0,265485000.0,512943000.0,778428000.0,0.0,44583000.0,0.0,0.014,0.1,152277000.0,196860000.0,0.159,196860000.0,152277000.0,136521000.0,0.52,0.513,0.52,1683450000.0,,1683450000.0,4916537013.0,9.0,6.682,51473000.0,0.31,1.0,289036000.0,0.233,399681000.0,15756000.0,2884310000.0,,944271000.0,194632000.0,0.0,194632000.0,1841371000.0,988770000.0,852601000.0,4216336013.0,-11957000.0,-60094000.0,-25918000.0,38348000.0,-16558000.0,-4128000.0,-130631000.0,0.0,122522000.0,280000.0,86751000.0,86751000.0,86751000.0,0.0,0.0,0.07,135345000.0,153691000.0,338249000.0,0.192,2.505,13.195,13.24,1135225000.0,0.0,25.42,0.91,0.91,699179000.0,1631316000.0,1238358000.0,1238358000.0,0.0,,,,,0.0,135440000.0,1.0,165866877.0,165866877.0,,7.466,3125140000.0,99310000.0,49770000.0,64113000.0,18.841,791305000.0
93,PH,MRQ,1998-03-31,1998-03-31,1998-03-31,2021-09-08,-61030000.0,3388556000.0,,1702274000.0,1686282000.0,,9.835,-49728000.0,42445000.0,42445000.0,912322000.0,83225000.0,1.819,1.071,742646000.0,255161000.0,487485000.0,742646000.0,0.0,45111000.0,0.0,0.01,0.1,145405000.0,190516000.0,0.159,190516000.0,145405000.0,131893000.0,0.507,0.5,0.507,1635859000.0,,1635859000.0,6340712852.0,11.0,8.673,21411000.0,0.129,1.0,284226000.0,0.238,377908000.0,13512000.0,2775235000.0,,873290000.0,226885000.0,0.0,226885000.0,1752697000.0,935614000.0,817083000.0,5697224852.0,5764000.0,-29313000.0,-26237000.0,50654000.0,-16536000.0,7881000.0,-72870000.0,0.0,71139000.0,-386000.0,83225000.0,83225000.0,83225000.0,0.0,0.0,0.07,138458000.0,145768000.0,283938000.0,0.197,3.483,17.519,17.539,1081489000.0,0.0,34.253,1.263,1.263,677610000.0,1561123000.0,1196548000.0,1196548000.0,0.0,,,,,0.0,138458000.0,1.0,166326144.0,166326144.0,,7.194,3010648000.0,91142000.0,48668000.0,95188000.0,18.101,766660000.0
94,PH,MRQ,1997-12-31,1997-12-31,1997-12-31,2021-09-08,-50181000.0,3197591000.0,,1549340000.0,1648251000.0,,9.539,-53020000.0,36681000.0,36681000.0,862209000.0,71314000.0,1.931,1.002,680169000.0,205733000.0,474436000.0,680169000.0,0.0,47357000.0,0.0,0.011,0.1,123646000.0,171003000.0,0.153,171003000.0,123646000.0,110564000.0,0.427,0.42,0.427,1597207000.0,,1597207000.0,5703821883.0,11.0,7.972,622000.0,0.004,1.0,252739000.0,0.227,370113000.0,13082000.0,2668579000.0,,825042000.0,220970000.0,0.0,220970000.0,1600384000.0,802387000.0,797997000.0,5121219883.0,-2775000.0,57000.0,-34395000.0,55398000.0,-16662000.0,4341000.0,-60400000.0,0.0,53642000.0,-358000.0,71314000.0,71314000.0,71314000.0,0.0,0.0,0.064,132961000.0,119778000.0,249975000.0,0.234,3.206,16.007,15.989,1057168000.0,0.0,30.587,1.175,1.175,578433000.0,1494435000.0,1114948000.0,1114948000.0,0.0,,,,,0.0,132961000.0,1.0,167433082.0,167433082.0,,6.659,2827478000.0,93801000.0,39250000.0,71828000.0,16.887,746953000.0
95,PH,MRQ,1997-09-30,1997-09-30,1997-09-30,2021-09-08,-31200000.0,3197701000.0,,1549047000.0,1648654000.0,,9.529,-55997000.0,39456000.0,39456000.0,827139000.0,78261000.0,1.835,1.004,622058000.0,188756000.0,433302000.0,622058000.0,0.0,45628000.0,0.0,0.011,0.067,131772000.0,177400000.0,0.164,177400000.0,131772000.0,121335000.0,0.467,0.467,0.467,1595570000.0,,1595570000.0,5457144930.0,11.0,7.994,17299000.0,0.103,1.0,256030000.0,0.236,0.0,10437000.0,2936092000.0,,777727000.0,0.0,0.0,0.0,1602131000.0,844211000.0,757920000.0,5023518930.0,-29541000.0,-143603000.0,-10337000.0,120496000.0,-16745000.0,93414000.0,-195216000.0,0.0,73296000.0,-1035000.0,78261000.0,78261000.0,78261000.0,0.0,0.0,0.072,125275000.0,130755000.0,256804000.0,0.143,3.148,16.679,16.667,1059865000.0,0.0,30.0,1.192,1.192,629476000.0,1439782000.0,1083169000.0,1083169000.0,0.0,,,,,0.0,125275000.0,1.0,167450631.0,167450631.0,,6.469,3197701000.0,86035000.0,43074000.0,114791000.0,19.096,704836000.0
96,PH,MRQ,1997-06-30,1997-06-30,1997-06-30,2021-09-08,-27345000.0,2998946000.0,,1499561000.0,1499385000.0,,9.235,-62787000.0,68997000.0,68997000.0,836589000.0,92406000.0,2.094,0.938,502623000.0,69738000.0,432885000.0,502623000.0,0.0,38308000.0,0.0,0.013,0.089,153849000.0,192157000.0,0.172,192157000.0,153849000.0,143265000.0,0.553,0.547,0.553,1547301000.0,,1547301000.0,5023515566.0,11.0,7.833,86870000.0,0.519,1.0,278477000.0,0.25,285264000.0,10584000.0,2431297000.0,,727847000.0,174142000.0,0.0,174142000.0,1451645000.0,716011000.0,735634000.0,4523594566.0,23051000.0,-4037000.0,-7028000.0,-58041000.0,-14907000.0,-79976000.0,-44580000.0,0.0,149657000.0,-2050000.0,92406000.0,92406000.0,92406000.0,0.0,0.0,0.083,125446000.0,153031000.0,266848000.0,0.161,2.924,16.507,16.463,1020743000.0,0.0,27.0,1.106,1.106,601724000.0,1378297000.0,1115066000.0,1115066000.0,0.0,,,,,0.0,125446000.0,1.0,167540540.0,167540540.0,,6.655,2713682000.0,102863000.0,50859000.0,77381000.0,16.197,783550000.0
97,PH,MRQ,1997-03-31,1997-03-31,1997-03-31,2021-09-08,-15261000.0,2906797000.0,,1444093000.0,1462704000.0,,8.893,-40475000.0,45946000.0,45946000.0,800578000.0,77964000.0,2.066,0.952,545867000.0,124190000.0,421677000.0,545867000.0,0.0,43523000.0,0.0,0.017,0.089,131439000.0,174962000.0,0.167,174962000.0,131439000.0,119620000.0,0.467,0.467,0.467,1488884000.0,,1488884000.0,3713659524.0,9.0,6.215,46645000.0,0.279,1.0,246522000.0,0.235,292908000.0,11819000.0,2414782000.0,,696244000.0,189089000.0,0.0,189089000.0,1417913000.0,699028000.0,718885000.0,3181046524.0,3214000.0,-9498000.0,-538000.0,-24095000.0,-14897000.0,-39530000.0,-43027000.0,0.0,87120000.0,-1349000.0,77964000.0,77964000.0,77964000.0,0.0,0.0,0.074,115747000.0,130775000.0,197999000.0,0.191,2.137,12.91,12.916,980707000.0,0.0,19.0,0.802,0.802,597217000.0,1300798000.0,1047100000.0,1047100000.0,0.0,,,,,0.0,115747000.0,1.0,167423501.0,167423501.0,,6.254,2613889000.0,90147000.0,41656000.0,73326000.0,15.612,745065000.0
98,PH,MRQ,1996-12-31,1996-12-31,1996-12-31,2021-09-08,19708000.0,2887622000.0,,1382593000.0,1505029000.0,,8.728,-32958000.0,42732000.0,42732000.0,761323000.0,52564000.0,2.0,0.976,575345000.0,145811000.0,429534000.0,575345000.0,0.0,44077000.0,0.0,0.019,0.08,94072000.0,138149000.0,0.142,138149000.0,94072000.0,82130000.0,0.313,0.313,0.313,1461324000.0,,1461324000.0,,,,22040000.0,0.132,1.0,208264000.0,0.215,312819000.0,11942000.0,2416057000.0,,714844000.0,199761000.0,0.0,199761000.0,1426298000.0,691359000.0,734939000.0,2883404744.0,-24391000.0,-702000.0,579000.0,-20999000.0,-13382000.0,-33802000.0,-45039000.0,0.0,54998000.0,-548000.0,52564000.0,52564000.0,52564000.0,0.0,0.0,0.054,119543000.0,88721000.0,192351000.0,0.256,1.973,12.137,12.145,992449000.0,0.0,17.222,0.749,0.749,526867000.0,1237731000.0,969587000.0,969587000.0,0.0,,,,,0.0,119543000.0,1.0,167423501.0,167423501.0,,5.791,2574803000.0,83974000.0,29566000.0,69743000.0,15.379,691234000.0
99,PH,MRQ,1996-09-30,1996-09-30,1996-09-30,2021-09-08,,,,,,,,-41674000.0,,,754498000.0,51105000.0,,,,,,,,43925000.0,,0.017,0.08,92166000.0,136091000.0,0.142,136091000.0,92166000.0,79852000.0,0.307,,0.307,,,,,,,58861000.0,,1.0,204830000.0,0.214,,12314000.0,,,,,,,,,,,3170000.0,-17224000.0,-3197000.0,-18189000.0,-13384000.0,-34770000.0,-62085000.0,0.0,100535000.0,-510000.0,51105000.0,51105000.0,51105000.0,0.0,0.0,0.053,114444000.0,90386000.0,,0.261,,,13.352,,0.0,18.667,,,,,959328000.0,959328000.0,0.0,,,,,0.0,114444000.0,1.0,,,,,,,28747000.0,,,
100,PH,MRQ,1996-06-30,1996-06-30,1996-06-30,2021-09-08,20725000.0,2887124000.0,,1402124000.0,1485000000.0,,,-53456000.0,63953000.0,63953000.0,761326000.0,64768000.0,1.828,1.086,613586000.0,173789000.0,439797000.0,613586000.0,0.0,38384000.0,0.0,0.017,0.08,109940000.0,148324000.0,0.15,148324000.0,109940000.0,96861000.0,0.384,,0.384,1383958000.0,,1383958000.0,,,,75085000.0,,1.0,230336000.0,0.232,320152000.0,13079000.0,2349723000.0,,707225000.0,148363000.0,0.0,148363000.0,1503166000.0,766882000.0,736284000.0,,18000.0,-192472000.0,-2234000.0,133305000.0,-13296000.0,117775000.0,-245547000.0,0.0,128541000.0,-751000.0,64768000.0,64768000.0,64768000.0,0.0,0.0,0.065,120037000.0,110299000.0,236871000.0,0.208,,,13.026,991777000.0,0.0,18.667,,,538645000.0,1160828000.0,991662000.0,991662000.0,0.0,,,,,0.0,120037000.0,1.0,,,,,2566972000.0,100978000.0,32093000.0,74401000.0,,635242000.0
101,PH,MRQ,1996-03-31,1996-03-31,1996-03-31,2021-09-08,,,,,,,,-45874000.0,,,707927000.0,69128000.0,,,,,,,,34279000.0,,0.019,0.08,118086000.0,152365000.0,0.164,152365000.0,118086000.0,109727000.0,0.413,,0.413,,,,,,,52825000.0,,1.0,223429000.0,0.24,,8359000.0,,,,,,,,,,,-9842000.0,-153945000.0,997000.0,104146000.0,-13352000.0,91791000.0,-199544000.0,0.0,98699000.0,-788000.0,69128000.0,69128000.0,69128000.0,0.0,0.0,0.074,106504000.0,116925000.0,,0.194,,,,,0.0,16.889,,,,,931356000.0,931356000.0,0.0,,,,,0.0,106504000.0,1.0,,,,,,,40599000.0,,,
102,PH,MRQ,1995-12-31,1995-12-31,1995-12-31,2021-09-08,,,,,,,,,,,641481000.0,48396000.0,,,,,,,,,,0.021,0.08,84061000.0,,,,84061000.0,76820000.0,0.293,,0.293,,,,,,,,,1.0,182895000.0,0.222,,7241000.0,,,,,,,,,,,,,,,,,,,,,48396000.0,48396000.0,48396000.0,0.0,0.0,0.059,101189000.0,81706000.0,,0.273,,,,,0.0,15.222,,,,,824376000.0,824376000.0,0.0,,,,,,101189000.0,1.0,,,,,,,28424000.0,,,
0,PH,MRT,2021-06-30,2021-06-30,2021-06-30,2021-09-08,-1566727000.0,20341200000.0,19949023000.0,5616750000.0,14724450000.0,0.719,65.075,-69367000.0,733117000.0,733117000.0,10449680000.0,1746861000.0,1.814,1.42,6584877000.0,2824000.0,6582053000.0,6584877000.0,0.0,595390000.0,0.0,0.012,3.67,2496232000.0,3091622000.0,0.215,3091622000.0,2496232000.0,2246196000.0,13.54,13.35,13.54,8398307000.0,7356363750.0,8398307000.0,45903067269.0,18.0,14.848,2505634000.0,19.415,1.0,3897960000.0,0.272,11579484000.0,250036000.0,11516973000.0,11594670500.0,2090642000.0,813355000.0,39116000.0,774239000.0,11927530000.0,3096503000.0,8831027000.0,39634371269.0,47603000.0,0.0,-214134000.0,-1934031000.0,-475174000.0,-2623339000.0,-13000.0,44610000.0,2575001000.0,95954000.0,1746100000.0,1746100000.0,1746100000.0,0.0,761000.0,0.122,1417970000.0,2479990000.0,1667878000.0,0.271,4.719,22.699,22.682,2266476000.0,0.0,307.11,2.762,2.762,2509909000.0,14915497000.0,14347640000.0,14347640000.0,0.0,0.088,0.237,0.215,0.174,121483000.0,1527302000.0,1.0,129055945.0,129055945.0,,111.174,8761716000.0,104251000.0,500096000.0,790365000.0,67.891,2520247000.0
1,PH,MRT,2021-03-31,2021-03-31,2021-03-31,2021-09-08,-2156290000.0,19841546000.0,19835661250.0,5049053000.0,14792493000.0,0.683,57.268,-52466000.0,489600000.0,489600000.0,9981738000.0,1532271000.0,1.663,1.682,6758296000.0,186388000.0,6571908000.0,6758296000.0,0.0,595390000.0,0.0,0.011,3.52,2217717000.0,2813107000.0,0.208,2813107000.0,2217717000.0,1953390000.0,11.89,11.72,11.89,7392202000.0,6813593000.0,7392202000.0,47364555876.0,21.0,16.837,2609029000.0,20.212,1.0,3567636000.0,0.263,11626768000.0,264327000.0,11446827000.0,11927128000.0,1898159000.0,831491000.0,40270000.0,791221000.0,12433617000.0,3036647000.0,9396970000.0,40716071876.0,-208017000.0,0.0,-146771000.0,-2436254000.0,-454880000.0,-3039105000.0,72621000.0,63329000.0,2661495000.0,96972000.0,1531707000.0,1531707000.0,1531707000.0,0.0,564000.0,0.113,1464820000.0,2102816000.0,1551460000.0,0.296,5.508,26.582,26.529,2249122000.0,0.0,315.43,3.005,3.005,2428005000.0,14429912000.0,13549374000.0,13549374000.0,0.0,0.077,0.225,0.186,0.164,121425000.0,1466047000.0,1.0,129081165.0,129081165.0,,104.968,8214778000.0,125382000.0,421683000.0,620464000.0,63.64,2012406000.0
2,PH,MRT,2020-12-31,2020-12-31,2020-12-31,2021-09-08,-2130506000.0,19827429000.0,19966594750.0,4799679000.0,15027750000.0,0.676,55.171,-77125000.0,564734000.0,564734000.0,10033658000.0,1427907000.0,1.497,1.788,7213218000.0,610909000.0,6602309000.0,7213218000.0,0.0,582491000.0,0.0,0.013,3.52,2094427000.0,2676918000.0,0.198,2676918000.0,2094427000.0,1810165000.0,11.1,10.96,11.1,7105982000.0,6539540000.0,7105982000.0,42286253468.0,20.0,15.797,2521844000.0,19.579,1.0,3471822000.0,0.257,11796210000.0,284262000.0,11472620000.0,12419311500.0,1870948000.0,838387000.0,43314000.0,795073000.0,12705125000.0,3207083000.0,9498042000.0,35086474468.0,-383621000.0,-459000.0,-136222000.0,-2622796000.0,-454041000.0,-3214259000.0,209789000.0,107988000.0,2598969000.0,21880000.0,1427313000.0,1427313000.0,1427313000.0,0.0,594000.0,0.106,1491449000.0,1980373000.0,1343011000.0,0.317,4.938,24.582,24.541,2302142000.0,0.0,272.41,2.598,2.598,2129321000.0,14072152000.0,13505480000.0,13505480000.0,0.0,0.071,0.218,0.169,0.155,118139000.0,1492676000.0,1.0,128800244.0,128800244.0,,104.856,8031219000.0,134325000.0,382852000.0,639323000.0,62.354,1592596000.0
3,PH,MRT,2020-09-30,2020-09-30,2020-09-30,2021-09-08,-2388472000.0,19785917000.0,20270734750.0,4869484000.0,14916433000.0,0.671,50.785,-210712000.0,742394000.0,742394000.0,10196878000.0,1185008000.0,1.463,2.028,7942173000.0,884450000.0,7057723000.0,7942173000.0,0.0,576902000.0,0.0,0.017,3.52,1792629000.0,2369531000.0,0.174,2369531000.0,1792629000.0,1488466000.0,9.22,9.12,9.22,6528964000.0,6345588250.0,6528964000.0,33789428381.0,19.0,14.26,2148480000.0,16.712,1.0,3394671000.0,0.25,11715211000.0,304163000.0,11942262000.0,12990849500.0,1795779000.0,812054000.0,33463000.0,778591000.0,13241668000.0,3328223000.0,9913445000.0,26013157381.0,-2884999000.0,-3379608000.0,-163191000.0,-1463382000.0,-454028000.0,-2081801000.0,-3167131000.0,252629000.0,2359192000.0,4741000.0,1184481000.0,1184481000.0,1184481000.0,0.0,527000.0,0.087,1625998000.0,1768673000.0,1264991000.0,0.382,3.984,21.962,21.946,2292880000.0,0.0,202.34,1.914,1.914,2134315000.0,13738533000.0,13591549000.0,13591549000.0,0.0,0.058,0.187,0.138,0.132,117203000.0,1627225000.0,1.0,128561616.0,128561616.0,,105.72,8070706000.0,129751000.0,303985000.0,610320000.0,62.777,1541261000.0
4,PH,MRT,2020-06-30,2020-06-30,2020-06-30,2021-09-08,-2558875000.0,19887753000.0,20216402750.0,5034768000.0,14852985000.0,0.677,48.568,-206246000.0,685514000.0,685514000.0,10292291000.0,1202332000.0,1.599,2.191,8461785000.0,809529000.0,7652256000.0,8461785000.0,0.0,537531000.0,0.0,0.019,3.52,1814653000.0,2352184000.0,0.172,2352184000.0,1814653000.0,1506492000.0,9.36,9.26,9.36,6227224000.0,6237501250.0,6227224000.0,31933901464.0,18.0,13.576,1864703000.0,14.543,1.0,3403229000.0,0.248,11668848000.0,308161000.0,12846803000.0,13099081500.0,1964195000.0,835368000.0,70805000.0,764563000.0,13645983000.0,3148373000.0,10497610000.0,23498405464.0,-2534253000.0,-5076064000.0,-213426000.0,1117774000.0,-453838000.0,449310000.0,-5023993000.0,80741000.0,2070949000.0,-30519000.0,1201970000.0,1201970000.0,1201970000.0,0.0,362000.0,0.088,1655326000.0,1747903000.0,1111759000.0,0.376,3.773,19.55,19.58,2292735000.0,0.0,183.27,1.716,1.716,2099268000.0,13643907000.0,13695520000.0,13695520000.0,0.0,0.059,0.193,0.139,0.132,111375000.0,1656553000.0,1.0,128217414.0,128217414.0,,106.815,8218905000.0,126839000.0,304522000.0,614165000.0,64.101,1886395000.0
5,PH,MRT,2020-03-31,2020-03-31,2020-03-31,2021-09-08,-2195462000.0,20365280000.0,19638637000.0,5481426000.0,14883854000.0,0.724,49.048,-197688000.0,697617000.0,697617000.0,10654263000.0,1336898000.0,1.492,2.233,9133113000.0,1035191000.0,8097922000.0,9133113000.0,0.0,496337000.0,0.0,0.027,3.52,1954688000.0,2451025000.0,0.172,2451025000.0,1954688000.0,1671004000.0,10.4,10.28,10.4,6295990000.0,6171187500.0,6295990000.0,25449727574.0,13.0,10.383,1730714000.0,13.483,1.0,3562121000.0,0.251,11711606000.0,283684000.0,13415561000.0,12656359000.0,2011367000.0,843279000.0,92536000.0,750743000.0,14057853000.0,3673609000.0,10384244000.0,16652544574.0,-401112000.0,-5075926000.0,-279931000.0,3598919000.0,-453753000.0,2865235000.0,-5147616000.0,-22210000.0,1928402000.0,-47133000.0,1336445000.0,1336445000.0,1336445000.0,0.0,453000.0,0.094,1704302000.0,1857819000.0,1422011000.0,0.338,2.645,12.46,12.474,2296990000.0,0.0,129.73,1.171,1.171,2496612000.0,13348291000.0,14216384000.0,14216384000.0,0.0,0.068,0.217,0.154,0.137,111410000.0,1695253000.0,1.0,128363097.0,128363097.0,,110.751,8653674000.0,124515000.0,334559000.0,648949000.0,67.416,1807817000.0
6,PH,MRT,2019-12-31,2019-12-31,2019-12-31,2021-09-08,-1945732000.0,21043989000.0,18416800750.0,5661151000.0,15382838000.0,0.771,49.276,-185792000.0,948355000.0,948355000.0,10654314000.0,1380910000.0,1.384,2.322,9745538000.0,1604318000.0,8141220000.0,9745538000.0,0.0,466946000.0,0.0,0.017,3.4,1997158000.0,2464104000.0,0.174,2464104000.0,1997158000.0,1746030000.0,10.74,10.59,10.74,6330175000.0,6099684500.0,6330175000.0,31916904612.0,16.0,12.953,1829276000.0,14.24,1.0,3547156000.0,0.25,11991278000.0,251128000.0,13758772000.0,11511811500.0,2014260000.0,1086708000.0,145120000.0,941588000.0,14701488000.0,4091122000.0,10610366000.0,26440606612.0,-99030000.0,-5075467000.0,-427134000.0,4082762000.0,-439034000.0,3216594000.0,-5342288000.0,-109716000.0,2015068000.0,11596000.0,1380440000.0,1380440000.0,1380440000.0,0.0,470000.0,0.097,1651707000.0,1895449000.0,1311733000.0,0.317,4.177,19.154,19.164,2335940000.0,0.0,205.82,1.862,1.862,2292313000.0,13094252000.0,14201470000.0,14201470000.0,0.0,0.075,0.226,0.173,0.141,112532000.0,1642658000.0,1.0,128464710.0,128464710.0,,110.548,9052711000.0,114032000.0,365590000.0,734847000.0,70.468,1570029000.0
7,PH,MRT,2019-09-30,2019-09-30,2019-09-30,2021-09-08,-2130594000.0,19568589000.0,16982725250.0,8138079000.0,11430510000.0,0.835,47.466,-148421000.0,3627393000.0,3627393000.0,10573888000.0,1488225000.0,1.958,2.209,9103691000.0,1736779000.0,7366912000.0,9103691000.0,0.0,432769000.0,0.0,0.018,3.28,2138141000.0,2570910000.0,0.181,2570910000.0,2138141000.0,1922386000.0,11.54,11.38,11.54,6096616000.0,5970943000.0,6096616000.0,27085951317.0,13.0,10.536,1871462000.0,14.571,1.0,3601653000.0,0.254,8512369000.0,215755000.0,12375190000.0,10285285000.0,1790044000.0,1174610000.0,282102000.0,892508000.0,13465797000.0,4157328000.0,9308469000.0,23197873317.0,2675271000.0,-1681293000.0,-864707000.0,4037588000.0,-424951000.0,2747930000.0,-2056401000.0,-251662000.0,2019883000.0,-36141000.0,1487703000.0,1487703000.0,1487703000.0,0.0,522000.0,0.105,1557845000.0,2043808000.0,1287420000.0,0.284,3.805,15.593,15.651,1880157000.0,0.0,180.61,1.636,1.636,2272004000.0,13003084000.0,14175541000.0,14175541000.0,0.0,0.088,0.249,0.208,0.151,113770000.0,1548796000.0,1.0,128441799.0,128441799.0,,110.365,11056220000.0,145476000.0,434683000.0,367025000.0,86.08,3980751000.0
8,PH,MRT,2019-06-30,2019-06-30,2019-06-30,2021-09-08,-2059048000.0,17576690000.0,15946838500.0,7673086000.0,9903604000.0,0.898,46.474,-148497000.0,3219767000.0,3219767000.0,10688970000.0,1525083000.0,2.435,1.947,7107845000.0,587014000.0,6520831000.0,7107845000.0,0.0,436189000.0,0.0,0.019,3.16,2139046000.0,2575235000.0,0.18,2575235000.0,2139046000.0,1948908000.0,11.73,11.57,11.73,5961969000.0,5972134000.0,5961969000.0,26012583664.0,12.0,10.101,1581643000.0,12.329,1.0,3631354000.0,0.254,7237082000.0,190138000.0,11075913000.0,9399796500.0,1678132000.0,898704000.0,150931000.0,747773000.0,11608538000.0,3151773000.0,8456765000.0,21809799664.0,2397630000.0,17636000.0,-857577000.0,2172351000.0,-412468000.0,902306000.0,-218510000.0,-106872000.0,1730140000.0,-16306000.0,1524516000.0,1524516000.0,1524516000.0,0.0,567000.0,0.106,1552988000.0,2078366000.0,1413155000.0,0.269,3.658,14.306,14.494,1768287000.0,0.0,170.01,1.523,1.523,2441762000.0,12777538000.0,14320324000.0,14320324000.0,0.0,0.096,0.255,0.228,0.149,104078000.0,1543939000.0,1.0,128285393.0,128285393.0,,111.629,10339608000.0,150462000.0,424392000.0,360378000.0,80.598,4521313000.0
9,PH,MRT,2019-03-31,2019-03-31,2019-03-31,2021-09-08,-1728915000.0,15477935000.0,15382687750.0,5537791000.0,9940144000.0,0.94,46.457,-143595000.0,1098729000.0,1098729000.0,10794104000.0,1452521000.0,1.56,1.574,5301513000.0,1017278000.0,4284235000.0,5301513000.0,0.0,445570000.0,0.0,0.018,3.04,2110541000.0,2556111000.0,0.177,2556111000.0,2110541000.0,1917435000.0,11.09,10.9,11.09,6009978000.0,5946608250.0,6009978000.0,26601975225.0,13.0,10.407,1644464000.0,12.712,1.0,3662230000.0,0.253,7294398000.0,193106000.0,8837371000.0,8815206250.0,1755991000.0,839581000.0,70190000.0,769391000.0,9461887000.0,3548950000.0,5912937000.0,22201682225.0,9200000.0,195239000.0,-947818000.0,-488848000.0,-399962000.0,-1836628000.0,86977000.0,34893000.0,1788059000.0,-29208000.0,1451952000.0,1451952000.0,1451952000.0,0.0,569000.0,0.1,1566173000.0,2096057000.0,1423659000.0,0.274,3.694,15.291,15.475,1779892000.0,0.0,171.62,1.536,1.536,2434515000.0,12427212000.0,14456334000.0,14456334000.0,0.0,0.094,0.244,0.239,0.146,113785000.0,1570656000.0,1.0,129365355.0,129365355.0,,111.748,8183537000.0,96463000.0,465483000.0,463325000.0,63.259,1988841000.0
10,PH,MRT,2018-12-31,2018-12-31,2018-12-31,2021-09-08,-1795497000.0,15307687000.0,15572575000.0,5334736000.0,9972951000.0,0.932,43.938,-141158000.0,1047385000.0,1047385000.0,10847164000.0,1407270000.0,1.52,1.631,5447678000.0,1144347000.0,4303331000.0,5447678000.0,0.0,454412000.0,0.0,0.02,2.94,2057096000.0,2511508000.0,0.173,2511508000.0,2057096000.0,1858054000.0,10.64,10.46,10.64,5815209000.0,5911702000.0,5815209000.0,23896468086.0,12.0,9.515,1539808000.0,11.634,1.0,3671243000.0,0.253,7346380000.0,199042000.0,8852666000.0,9013993000.0,1804564000.0,764943000.0,30956000.0,733987000.0,9486521000.0,3508934000.0,5977587000.0,19738508086.0,22615000.0,195239000.0,-808334000.0,-561237000.0,-389560000.0,-1759131000.0,134193000.0,80484000.0,1680966000.0,-33413000.0,1406693000.0,1406693000.0,1406693000.0,0.0,577000.0,0.097,1621765000.0,2049478000.0,1307178000.0,0.276,3.394,14.032,14.017,1793805000.0,0.0,149.14,1.36,1.36,2262963000.0,12114448000.0,14518407000.0,14518407000.0,0.0,0.09,0.238,0.228,0.142,119179000.0,1626248000.0,1.0,132348854.0,132348854.0,,109.698,7961307000.0,98779000.0,451361000.0,469239000.0,60.154,1825802000.0
11,PH,MRT,2018-09-30,2018-09-30,2018-09-30,2021-09-08,-1775983000.0,15425042000.0,15736948500.0,5298082000.0,10126960000.0,0.916,46.097,-130035000.0,952122000.0,952122000.0,10809274000.0,1151679000.0,1.601,1.527,5110082000.0,796861000.0,4313221000.0,5110082000.0,0.0,462469000.0,0.0,0.015,2.84,1991791000.0,2454260000.0,0.17,2454260000.0,1991791000.0,1787134000.0,8.67,8.51,8.67,6101380000.0,5836250000.0,6101380000.0,28479867214.0,14.0,11.604,1388053000.0,10.487,1.0,3607761000.0,0.25,7441245000.0,204657000.0,8833236000.0,9194946500.0,1762640000.0,798582000.0,40787000.0,757795000.0,9317936000.0,3308521000.0,6009415000.0,24344979214.0,77356000.0,180214000.0,-365299000.0,-810454000.0,-378053000.0,-1553806000.0,125927000.0,72335000.0,1518088000.0,-12853000.0,1151115000.0,1151115000.0,1151115000.0,0.0,564000.0,0.08,1632844000.0,1974917000.0,1404716000.0,0.328,3.99,21.149,21.215,1828034000.0,0.0,183.93,1.689,1.689,2377320000.0,11902300000.0,14417035000.0,14417035000.0,0.0,0.073,0.197,0.217,0.138,118561000.0,1637327000.0,1.0,132360024.0,132360024.0,,108.923,7983797000.0,99886000.0,636019000.0,503841000.0,60.319,1989561000.0
12,PH,MRT,2018-06-30,2018-06-30,2018-06-30,2021-09-08,-1763086000.0,15320087000.0,15813507750.0,5085238000.0,10234849000.0,0.904,44.073,-165786000.0,822137000.0,822137000.0,10737745000.0,1061315000.0,1.59,1.613,4957025000.0,638466000.0,4318559000.0,4957025000.0,0.0,466085000.0,0.0,0.018,2.74,1915636000.0,2381721000.0,0.167,2381721000.0,1915636000.0,1701763000.0,7.98,7.83,7.98,5859866000.0,5692140000.0,5859866000.0,25506295321.0,13.0,10.709,1430914000.0,10.762,1.0,3564647000.0,0.249,7519940000.0,213873000.0,8737552000.0,9343401000.0,1621304000.0,834044000.0,32995000.0,801049000.0,9454594000.0,3197483000.0,6257111000.0,20721727321.0,-62749000.0,177741000.0,-377359000.0,-939325000.0,-365288000.0,-1681972000.0,23677000.0,3298000.0,1596700000.0,-1154000.0,1060801000.0,1060801000.0,1060801000.0,0.0,514000.0,0.074,1635506000.0,1929141000.0,1430306000.0,0.343,3.536,19.534,19.53,1856237000.0,0.0,155.85,1.449,1.449,2473916000.0,11625975000.0,14302392000.0,14302392000.0,0.0,0.067,0.186,0.205,0.134,118831000.0,1639989000.0,1.0,132959431.0,132959431.0,,107.57,7800147000.0,57623000.0,640962000.0,433736000.0,58.666,1887755000.0
13,PH,MRT,2018-03-31,2018-03-31,2018-03-31,2021-09-08,-1649038000.0,16237484000.0,15855962000.0,5563096000.0,10674388000.0,0.882,44.122,-182420000.0,1089529000.0,1089529000.0,10492296000.0,1001346000.0,1.586,1.765,5874097000.0,1055527000.0,4818570000.0,5874097000.0,0.0,470002000.0,0.0,0.015,2.64,1818085000.0,2288087000.0,0.164,2288087000.0,1818085000.0,1604465000.0,7.51,7.37,7.51,5870353000.0,5542585750.0,5870353000.0,27777105480.0,15.0,12.14,1230088000.0,9.245,1.0,3488857000.0,0.25,7881017000.0,213620000.0,9632518000.0,9455302000.0,1732759000.0,915843000.0,101206000.0,814637000.0,10361201000.0,3508517000.0,6852684000.0,22755292480.0,269966000.0,-1442000.0,-272989000.0,-295712000.0,-352551000.0,-921252000.0,-234276000.0,-57736000.0,1412508000.0,12986000.0,1000850000.0,1000850000.0,1000850000.0,0.0,496000.0,0.072,1539755000.0,1949102000.0,1376457000.0,0.352,3.876,22.736,22.774,1941799000.0,0.0,171.03,1.628,1.628,2474519000.0,11373676000.0,13981153000.0,13981153000.0,0.0,0.063,0.181,0.192,0.13,108994000.0,1583016000.0,1.0,133048544.0,133048544.0,,105.083,8356467000.0,36935000.0,603615000.0,293728000.0,62.808,2054579000.0
14,PH,MRT,2017-12-31,2017-12-31,2017-12-31,2021-09-08,-1767728000.0,15965181000.0,15627924250.0,5286359000.0,10678822000.0,0.854,41.384,-207668000.0,1024770000.0,1024770000.0,10056282000.0,874063000.0,1.494,1.895,6046583000.0,1248212000.0,4798371000.0,6046583000.0,0.0,440360000.0,0.0,0.013,2.64,1651200000.0,2091560000.0,0.157,2091560000.0,1651200000.0,1449668000.0,6.55,6.42,6.55,5513401000.0,5260532250.0,5513401000.0,31646691456.0,19.0,15.131,1145493000.0,8.598,1.0,3294419000.0,0.247,7872811000.0,201532000.0,9576480000.0,9457564500.0,1780262000.0,940245000.0,107976000.0,832269000.0,10445971000.0,3537703000.0,6908268000.0,26589256456.0,-495966000.0,-4039270000.0,-276126000.0,2369182000.0,-352577000.0,1740479000.0,-3607358000.0,635320000.0,1353161000.0,17752000.0,873534000.0,873534000.0,873534000.0,0.0,529000.0,0.065,1515334000.0,1779085000.0,1229336000.0,0.403,4.823,30.439,30.47,1937074000.0,0.0,199.58,1.992,1.992,2170503000.0,11095717000.0,13350701000.0,13350701000.0,0.0,0.056,0.166,0.175,0.124,97445000.0,1558595000.0,1.0,133226057.0,133226057.0,,100.211,8092370000.0,36668000.0,576134000.0,300601000.0,60.742,1748656000.0
15,PH,MRT,2017-09-30,2017-09-30,2017-09-30,2021-09-08,-1824503000.0,15731279000.0,14569532250.0,5004618000.0,10726661000.0,0.868,41.5,-227960000.0,874766000.0,874766000.0,9536317000.0,1059141000.0,1.443,1.846,5932201000.0,1144054000.0,4788147000.0,5932201000.0,0.0,396003000.0,0.0,0.015,2.61,1592080000.0,1988083000.0,0.157,1988083000.0,1592080000.0,1410237000.0,7.94,7.79,7.94,5524940000.0,5014109250.0,5524940000.0,28285875399.0,18.0,14.228,1196671000.0,8.989,1.0,3114515000.0,0.246,7894536000.0,181843000.0,9427054000.0,8902824500.0,1707001000.0,933877000.0,99792000.0,834085000.0,10200620000.0,3467124000.0,6733496000.0,23300401399.0,-519084000.0,-3953660000.0,-281053000.0,2261542000.0,-348735000.0,1631754000.0,-3525766000.0,654180000.0,1424631000.0,-49703000.0,1058680000.0,1058680000.0,1058680000.0,0.0,461000.0,0.084,1443574000.0,1670941000.0,1304260000.0,0.329,4.217,22.009,22.043,1962846000.0,0.0,175.02,1.842,1.842,2188709000.0,11127641000.0,12650832000.0,12650832000.0,0.0,0.073,0.211,0.179,0.126,87732000.0,1486835000.0,1.0,133129936.0,133129936.0,,95.026,7836743000.0,35194000.0,351557000.0,385620000.0,58.865,1537494000.0
16,PH,MRT,2017-06-30,2017-06-30,2017-06-30,2021-09-08,-1924204000.0,15489904000.0,13629441000.0,4779718000.0,10710186000.0,0.883,39.507,-189100000.0,884886000.0,884886000.0,9119029000.0,983844000.0,1.408,1.943,5870360000.0,1008465000.0,4861895000.0,5870360000.0,0.0,355229000.0,0.0,0.016,2.58,1490645000.0,1845874000.0,0.153,1845874000.0,1490645000.0,1328209000.0,7.37,7.25,7.37,5261649000.0,4794694500.0,5261649000.0,26497116435.0,18.0,14.355,1111463000.0,8.345,1.0,2910283000.0,0.242,7894362000.0,162436000.0,9185156000.0,8425832500.0,1549494000.0,881793000.0,39318000.0,842475000.0,10222558000.0,3395860000.0,6826698000.0,21285364435.0,-336767000.0,-3983587000.0,-335876000.0,2463884000.0,-345380000.0,1782628000.0,-3363240000.0,813652000.0,1300563000.0,-56718000.0,983412000.0,983412000.0,983412000.0,0.0,432000.0,0.082,1369559000.0,1540724000.0,1300496000.0,0.35,4.045,21.644,21.685,1937292000.0,0.0,159.82,1.769,1.769,2185738000.0,10930348000.0,12029312000.0,12029312000.0,0.0,0.072,0.205,0.177,0.124,80339000.0,1412820000.0,1.0,133183359.0,133183359.0,,90.321,7595542000.0,36057000.0,344797000.0,374927000.0,57.031,1383858000.0
17,PH,MRT,2017-03-31,2017-03-31,2017-03-31,2021-09-08,-2292833000.0,15325333000.0,12765500500.0,4619154000.0,10706179000.0,0.9,35.577,-170678000.0,819563000.0,819563000.0,8806735000.0,932396000.0,1.515,2.231,6031315000.0,776159000.0,5255156000.0,6031315000.0,0.0,311609000.0,0.0,0.016,2.55,1406107000.0,1717716000.0,0.149,1717716000.0,1406107000.0,1263743000.0,6.97,6.85,6.97,4742139000.0,4623096000.0,4742139000.0,23083955862.0,16.0,13.439,1124827000.0,8.439,1.0,2683489000.0,0.234,7847076000.0,142364000.0,9641568000.0,8038352750.0,1538644000.0,36758000.0,36758000.0,0.0,10577607000.0,3048441000.0,7529166000.0,21369644862.0,-215408000.0,-3982145000.0,-385120000.0,2468049000.0,-342233000.0,1740696000.0,-3178538000.0,976506000.0,1295505000.0,-73071000.0,931903000.0,931903000.0,931903000.0,0.0,493000.0,0.081,1379118000.0,1304371000.0,1209351000.0,0.366,4.506,22.931,23.001,1945739000.0,0.0,160.32,1.86,1.86,2105227000.0,10725262000.0,11490224000.0,11490224000.0,0.0,0.073,0.202,0.175,0.122,78474000.0,1390155000.0,1.0,133293693.0,133293693.0,,86.202,7478257000.0,65152000.0,331840000.0,318300000.0,56.104,1570713000.0
18,PH,MRT,2016-12-31,2016-12-31,2016-12-31,2021-09-08,-2411144000.0,11731613000.0,11951517500.0,5247839000.0,6483774000.0,0.937,33.941,-130038000.0,1520736000.0,1520736000.0,8632346000.0,880691000.0,2.164,1.59,3235047000.0,581487000.0,2653560000.0,3235047000.0,0.0,299835000.0,0.0,0.018,2.52,1355841000.0,1655676000.0,0.148,1655676000.0,1355841000.0,1221789000.0,6.57,6.47,6.57,4527709000.0,4693464250.0,4527709000.0,20530900640.0,15.0,12.4,1122269000.0,8.413,1.0,2567404000.0,0.229,3662930000.0,134052000.0,7357520000.0,7596946250.0,1241593000.0,684299000.0,684299000.0,0.0,7200635000.0,2425474000.0,4775161000.0,18675786640.0,473242000.0,80008000.0,-371300000.0,-48323000.0,-339245000.0,-758868000.0,60932000.0,109266000.0,1252307000.0,-81129000.0,880314000.0,880314000.0,880314000.0,0.0,377000.0,0.079,1322990000.0,1244414000.0,997189000.0,0.384,4.125,21.215,21.309,1506201000.0,0.0,140.0,1.668,1.668,1667619000.0,10579635000.0,11199750000.0,11199750000.0,0.0,0.074,0.188,0.178,0.121,79428000.0,1334027000.0,1.0,133398476.0,133398476.0,,83.957,8068683000.0,482136000.0,341475000.0,176763000.0,60.486,2822365000.0
19,PH,MRT,2016-09-30,2016-09-30,2016-09-30,2021-09-08,-2185472000.0,11970914000.0,11957137000.0,5281878000.0,6689036000.0,0.94,34.707,-123780000.0,1393850000.0,1393850000.0,8728486000.0,822428000.0,2.118,1.575,3248964000.0,595956000.0,2653008000.0,3248964000.0,0.0,303954000.0,0.0,0.02,2.52,1265792000.0,1569746000.0,0.14,1569746000.0,1265792000.0,1130887000.0,6.11,6.02,6.11,4647281000.0,4761388500.0,4647281000.0,18623785053.0,15.0,11.864,1180991000.0,8.82,1.0,2506050000.0,0.223,3812704000.0,134905000.0,7519086000.0,7694836250.0,1247972000.0,746708000.0,746708000.0,0.0,7320325000.0,2494238000.0,4826087000.0,16808598053.0,419582000.0,-5602000.0,-399542000.0,-86996000.0,-340724000.0,-827262000.0,-18000000.0,109654000.0,1304771000.0,-39927000.0,821991000.0,821991000.0,821991000.0,0.0,437000.0,0.073,1301078000.0,1204972000.0,1017905000.0,0.412,3.617,20.449,20.545,1562933000.0,0.0,125.53,1.496,1.496,1748904000.0,10427245000.0,11234536000.0,11234536000.0,0.0,0.069,0.173,0.164,0.113,71730000.0,1312115000.0,1.0,133901044.0,133901044.0,,83.902,8158210000.0,495708000.0,308896000.0,168607000.0,60.927,2787640000.0
20,PH,MRT,2016-06-30,2016-06-30,2016-06-30,2021-09-08,-2227765000.0,12034142000.0,11964797000.0,5207787000.0,6826355000.0,0.95,33.971,-130586000.0,1221653000.0,1221653000.0,8823384000.0,807216000.0,2.201,1.63,3014244000.0,361787000.0,2652457000.0,3014244000.0,0.0,306843000.0,0.0,0.023,2.52,1250869000.0,1557712000.0,0.137,1557712000.0,1250869000.0,1114352000.0,5.96,5.89,5.96,4575255000.0,4812447750.0,4575255000.0,16768983590.0,13.0,10.765,1080192000.0,8.02,1.0,2537369000.0,0.223,3825608000.0,136517000.0,7635237000.0,7785555500.0,1173329000.0,1709834000.0,882342000.0,827492000.0,7455464000.0,2365888000.0,5089576000.0,14552333590.0,41069000.0,-43227000.0,-587239000.0,85843000.0,-341962000.0,-843358000.0,-264639000.0,-50831000.0,1210778000.0,-61712000.0,806840000.0,806840000.0,806840000.0,0.0,376000.0,0.071,1348323000.0,1189046000.0,1034589000.0,0.423,3.181,18.036,18.129,1568100000.0,0.0,108.05,1.281,1.281,1826103000.0,10302866000.0,11360753000.0,11360753000.0,0.0,0.067,0.168,0.161,0.11,71293000.0,1359360000.0,1.0,134681477.0,134681477.0,,84.353,8208534000.0,605155000.0,307512000.0,181992000.0,60.948,2841899000.0
21,PH,MRT,2016-03-31,2016-03-31,2016-03-31,2021-09-08,-1725538000.0,12069401000.0,12026082000.0,5456839000.0,6612562000.0,0.96,37.184,-150671000.0,1034971000.0,1034971000.0,8971709000.0,744890000.0,2.182,1.402,3251621000.0,576621000.0,2675000000.0,3251621000.0,0.0,312036000.0,0.0,0.023,2.52,1220702000.0,1532738000.0,0.133,1532738000.0,1220702000.0,1082103000.0,5.47,5.4,5.47,5023612000.0,4944705750.0,5023612000.0,17258862142.0,14.0,11.26,1126078000.0,8.335,1.0,2576402000.0,0.223,3909490000.0,138599000.0,7875942000.0,7811886750.0,1248213000.0,1069658000.0,1069658000.0,0.0,7042418000.0,2500619000.0,4541799000.0,15007194142.0,17958000.0,-41517000.0,-551703000.0,-144481000.0,-344534000.0,-1059815000.0,-176184000.0,57643000.0,1276749000.0,-22792000.0,744498000.0,744498000.0,744498000.0,0.0,392000.0,0.064,1417065000.0,1159337000.0,999159000.0,0.461,2.987,20.157,20.307,1598758000.0,0.0,111.08,1.3,1.3,1833033000.0,10148038000.0,11548111000.0,11548111000.0,0.0,0.062,0.151,0.156,0.106,74998000.0,1412584000.0,1.0,135102576.0,135102576.0,,85.477,8159911000.0,146939000.0,337605000.0,203575000.0,60.398,2956220000.0
22,PH,MRT,2015-12-31,2015-12-31,2015-12-31,2021-09-08,-1884727000.0,11754091000.0,12093035500.0,5151011000.0,6603080000.0,0.983,35.295,-156906000.0,1047494000.0,1047494000.0,9135324000.0,843210000.0,2.175,1.448,3299162000.0,574302000.0,2724860000.0,3299162000.0,0.0,312959000.0,0.0,0.026,2.52,1337274000.0,1650233000.0,0.139,1650233000.0,1337274000.0,1197417000.0,6.14,6.05,6.14,4799406000.0,4976731500.0,4799406000.0,15569134115.0,12.0,9.435,1030477000.0,7.578,1.0,2746433000.0,0.231,3888580000.0,139857000.0,7749080000.0,7849854750.0,1279760000.0,820682000.0,820682000.0,0.0,6951370000.0,2368099000.0,4583271000.0,13187343115.0,-27813000.0,-53044000.0,-974160000.0,353923000.0,-347338000.0,-983894000.0,-161708000.0,92454000.0,1187383000.0,-69594000.0,842759000.0,842759000.0,842759000.0,0.0,451000.0,0.071,1453463000.0,1292970000.0,948157000.0,0.41,2.748,15.648,15.795,1598185000.0,0.0,96.98,1.11,1.11,1713847000.0,10047759000.0,11881757000.0,11881757000.0,0.0,0.07,0.169,0.17,0.113,82902000.0,1448982000.0,1.0,135980028.0,135980028.0,,87.379,7865511000.0,148198000.0,354658000.0,185900000.0,57.843,2782912000.0
23,PH,MRT,2015-09-30,2015-09-30,2015-09-30,2021-09-08,-1821805000.0,12001554000.0,12296612500.0,5327902000.0,6673652000.0,1.001,35.05,-178733000.0,974268000.0,974268000.0,9396284000.0,927408000.0,2.089,1.473,3356059000.0,630650000.0,2725409000.0,3356059000.0,0.0,313945000.0,0.0,0.026,2.52,1444080000.0,1758025000.0,0.143,1758025000.0,1444080000.0,1310875000.0,6.63,6.52,6.63,4851518000.0,5216067250.0,4851518000.0,15234666462.0,11.0,8.666,943565000.0,6.817,1.0,2914876000.0,0.237,3951341000.0,133205000.0,7881963000.0,7917241750.0,1320204000.0,815483000.0,815483000.0,0.0,7146803000.0,2550041000.0,4596762000.0,13468148462.0,-117869000.0,-71675000.0,-1698583000.0,1185659000.0,-354769000.0,-877005000.0,-299662000.0,31960000.0,1122298000.0,-63500000.0,927029000.0,927029000.0,927029000.0,0.0,379000.0,0.075,1518601000.0,1396275000.0,1014265000.0,0.38,2.776,14.528,14.676,1632803000.0,0.0,97.3,1.094,1.094,1876997000.0,9950458000.0,12311160000.0,12311160000.0,0.0,0.075,0.178,0.182,0.117,90915000.0,1514120000.0,1.0,138418792.0,138418792.0,,88.941,8050213000.0,144033000.0,383846000.0,209000000.0,58.158,2777861000.0
24,PH,MRT,2015-06-30,2015-06-30,2015-06-30,2021-09-08,-1738618000.0,12279282000.0,12482380250.0,5440945000.0,6838337000.0,1.018,36.807,-195872000.0,1180584000.0,1180584000.0,9655245000.0,1012553000.0,2.316,1.405,2947102000.0,223142000.0,2723960000.0,2947102000.0,0.0,317491000.0,0.0,0.02,2.37,1550233000.0,1867724000.0,0.147,1867724000.0,1550233000.0,1431827000.0,7.08,6.97,7.08,5104287000.0,5647938500.0,5104287000.0,18505316536.0,12.0,9.908,1167361000.0,8.418,1.0,3056499000.0,0.24,3956118000.0,118406000.0,7740562000.0,7634267750.0,1300459000.0,1545420000.0,733490000.0,811930000.0,7171713000.0,2349120000.0,4822593000.0,16132263536.0,-432971000.0,18647000.0,-1432954000.0,667307000.0,-340389000.0,-1106036000.0,-579163000.0,-355937000.0,1363233000.0,-111005000.0,1012140000.0,1012140000.0,1012140000.0,0.0,413000.0,0.08,1549227000.0,1507272000.0,1092138000.0,0.335,3.161,15.939,16.431,1664022000.0,0.0,116.33,1.269,1.269,1984728000.0,9841885000.0,12711744000.0,12711744000.0,0.0,0.081,0.179,0.203,0.122,96093000.0,1544746000.0,1.0,138676726.0,138676726.0,,91.665,8323164000.0,406267000.0,419687000.0,202507000.0,60.018,3091825000.0
25,PH,MRT,2015-03-31,2015-03-31,2015-03-31,2021-09-08,-1638224000.0,12337215000.0,12731150250.0,5784997000.0,6552218000.0,1.028,36.164,-187279000.0,1017013000.0,1017013000.0,9920419000.0,1134144000.0,2.09,1.394,3390066000.0,665123000.0,2724943000.0,3390066000.0,0.0,320784000.0,0.0,0.019,2.22,1639443000.0,1960227000.0,0.15,1960227000.0,1639443000.0,1535671000.0,7.8,7.66,7.8,5151715000.0,6036723750.0,5151715000.0,18813092592.0,11.0,9.597,1174193000.0,8.243,1.0,3172232000.0,0.242,3915130000.0,103772000.0,8027814000.0,7292394250.0,1387681000.0,1013692000.0,1013692000.0,0.0,7182276000.0,2767324000.0,4414952000.0,16920846592.0,-1078976000.0,13616000.0,-1394365000.0,855089000.0,-324473000.0,-837313000.0,-1472098000.0,-1252637000.0,1361472000.0,-131037000.0,1133724000.0,1133724000.0,1133724000.0,0.0,420000.0,0.087,1165244000.0,2006988000.0,1138163000.0,0.285,3.285,14.925,15.228,1643538000.0,0.0,118.78,1.292,1.292,2025157000.0,9753934000.0,13092651000.0,13092651000.0,0.0,0.089,0.188,0.225,0.125,93344000.0,1574135000.0,1.0,142455351.0,142455351.0,,91.907,8422085000.0,152599000.0,401947000.0,219929000.0,59.121,3017673000.0
26,PH,MRT,2014-12-31,2014-12-31,2014-12-31,2021-09-08,-1290363000.0,12568399000.0,12922436000.0,5727772000.0,6840627000.0,1.028,38.728,-204794000.0,1075307000.0,1075307000.0,10153296000.0,1091200000.0,2.449,1.183,2967553000.0,242043000.0,2725510000.0,2967553000.0,0.0,327237000.0,0.0,0.016,2.07,1566163000.0,1893400000.0,0.142,1893400000.0,1566163000.0,1476800000.0,7.37,7.24,7.37,5756749000.0,6361544000.0,5756749000.0,20260162900.0,13.0,10.7,1181487000.0,7.948,1.0,3135450000.0,0.236,4102866000.0,89363000.0,8018628000.0,6748316500.0,1453996000.0,886879000.0,886879000.0,0.0,6808258000.0,2339151000.0,4469107000.0,19167789900.0,-1064215000.0,-14182000.0,-965867000.0,269236000.0,-308284000.0,-972086000.0,-1386576000.0,-1120635000.0,1386281000.0,-91834000.0,1090785000.0,1090785000.0,1090785000.0,0.0,415000.0,0.082,1200179000.0,1935271000.0,1145202000.0,0.281,3.33,17.572,17.497,1716489000.0,0.0,128.95,1.442,1.442,2000954000.0,9556319000.0,13288746000.0,13288746000.0,0.0,0.084,0.171,0.232,0.118,80008000.0,1609070000.0,1.0,148645133.0,148645133.0,,89.399,8465533000.0,150301000.0,386015000.0,221360000.0,56.951,3388621000.0
27,PH,MRT,2014-09-30,2014-09-30,2014-09-30,2021-09-08,-1098566000.0,12744625000.0,12996320250.0,5876262000.0,6868363000.0,1.02,44.215,-200209000.0,1092137000.0,1092137000.0,10171683000.0,1077269000.0,2.035,0.937,2184510000.0,702018000.0,1482492000.0,2184510000.0,0.0,332890000.0,0.0,0.017,1.89,1711386000.0,2044276000.0,0.154,2044276000.0,1711386000.0,1628817000.0,7.23,7.1,7.23,6579003000.0,6496163250.0,6579003000.0,17696238269.0,10.0,8.656,1165867000.0,7.835,1.0,3088076000.0,0.233,4198732000.0,82569000.0,6750067000.0,6184503500.0,1441439000.0,945431000.0,945431000.0,0.0,6162261000.0,2888199000.0,3274062000.0,16985029269.0,-853486000.0,206184000.0,-200902000.0,-632407000.0,-282463000.0,-1076757000.0,-1075132000.0,-1071544000.0,1366076000.0,-67673000.0,1076821000.0,1076821000.0,1076821000.0,0.0,448000.0,0.081,1407881000.0,1680195000.0,1192652000.0,0.261,2.582,15.773,15.788,1755254000.0,0.0,114.15,1.281,1.281,2132883000.0,9382218000.0,13259759000.0,13259759000.0,0.0,0.083,0.166,0.277,0.129,94722000.0,1627902000.0,1.0,148795701.0,148795701.0,,89.114,8545893000.0,147410000.0,551996000.0,247998000.0,57.434,2988063000.0
28,PH,MRT,2014-06-30,2014-06-30,2014-06-30,2021-09-08,-823498000.0,13274362000.0,13007255000.0,6071580000.0,7202782000.0,1.016,44.713,-201972000.0,1613555000.0,1613555000.0,10188227000.0,1041418000.0,1.867,0.993,2324764000.0,816622000.0,1508142000.0,2324764000.0,0.0,336702000.0,0.0,0.015,1.86,1638916000.0,1975618000.0,0.149,1975618000.0,1638916000.0,1556350000.0,6.98,6.87,6.98,6659428000.0,6373127750.0,6659428000.0,19217226107.0,12.0,9.727,1185921000.0,7.963,1.0,3027744000.0,0.229,4359707000.0,82566000.0,6373068000.0,5913025750.0,1371681000.0,1592482000.0,573701000.0,1018781000.0,6611554000.0,3252796000.0,3358758000.0,18725758107.0,-167857000.0,184905000.0,-196030000.0,-517573000.0,-278244000.0,-958115000.0,-646401000.0,-624880000.0,1387893000.0,48766000.0,1041048000.0,1041048000.0,1041048000.0,0.0,370000.0,0.079,1413971000.0,1613773000.0,1252040000.0,0.266,2.812,17.987,18.013,1824294000.0,0.0,125.73,1.417,1.417,2246613000.0,9174189000.0,13215971000.0,13215971000.0,0.0,0.08,0.163,0.277,0.124,103161000.0,1633992000.0,1.0,148936277.0,148936277.0,,88.736,8914655000.0,136193000.0,515302000.0,318430000.0,59.855,2818784000.0
29,PH,MRT,2014-03-31,2014-03-31,2014-03-31,2021-09-08,-847077000.0,13102358000.0,12823889000.0,5949000000.0,7153358000.0,1.023,43.258,-207695000.0,2095989000.0,2095989000.0,10120340000.0,1011372000.0,1.767,1.031,2587457000.0,1078846000.0,1508611000.0,2587457000.0,0.0,338200000.0,0.0,0.015,1.83,1605641000.0,1943841000.0,0.148,1943841000.0,1605641000.0,1522461000.0,6.79,6.67,6.79,6450996000.0,6142877250.0,6450996000.0,18437002556.0,11.0,9.485,1081912000.0,7.255,1.0,2998449000.0,0.229,4375142000.0,83180000.0,5851503000.0,5708522500.0,1448989000.0,0.0,0.0,0.0,6648125000.0,3367181000.0,3280944000.0,17852213556.0,418670000.0,189054000.0,-194864000.0,-449951000.0,-273820000.0,-879128000.0,-34015000.0,0.0,1289607000.0,42206000.0,1011174000.0,1011174000.0,1011174000.0,0.0,198000.0,0.077,1804439000.0,1194010000.0,1200466000.0,0.27,2.767,17.655,17.63,1827980000.0,0.0,119.71,1.361,1.361,2098063000.0,8945602000.0,13118789000.0,13118789000.0,0.0,0.079,0.165,0.281,0.122,104127000.0,1625868000.0,1.0,149128841.0,149128841.0,,87.969,8727216000.0,122840000.0,511287000.0,266300000.0,58.521,2581819000.0
30,PH,MRT,2013-12-31,2013-12-31,2013-12-31,2021-09-08,-873154000.0,12863936000.0,12716242500.0,5744873000.0,7119063000.0,1.028,42.183,-217858000.0,2139522000.0,2139522000.0,10083636000.0,1025446000.0,1.739,1.043,2724311000.0,1217292000.0,1507019000.0,2724311000.0,0.0,341887000.0,0.0,0.014,1.78,1617238000.0,1959125000.0,0.15,1959125000.0,1617238000.0,1531602000.0,6.88,6.75,6.88,6295226000.0,5882392750.0,6295226000.0,20094154341.0,12.0,10.257,1165848000.0,7.812,1.0,2983788000.0,0.228,4382246000.0,85636000.0,5763376000.0,5702099000.0,1448628000.0,0.0,0.0,0.0,6565650000.0,3303103000.0,3262547000.0,19197694341.0,1641887000.0,208744000.0,-185380000.0,706501000.0,-266399000.0,299686000.0,-23444000.0,0.0,1383706000.0,-18061000.0,1025328000.0,1025328000.0,1025328000.0,0.0,118000.0,0.078,1776888000.0,1206900000.0,1074512000.0,0.259,3.05,18.723,18.698,1820312000.0,0.0,128.64,1.469,1.469,1861849000.0,8779454000.0,13067424000.0,13067424000.0,0.0,0.081,0.174,0.284,0.124,113839000.0,1598317000.0,1.0,149235808.0,149235808.0,,87.562,8481690000.0,125612000.0,506274000.0,284765000.0,56.834,2441770000.0
31,PH,MRT,2013-09-30,2013-09-30,2013-09-30,2021-09-08,-922906000.0,12788364000.0,12365598750.0,5679179000.0,7109185000.0,1.053,40.802,-226545000.0,1945623000.0,1945623000.0,10085637000.0,953156000.0,1.644,1.101,2842083000.0,1335339000.0,1506744000.0,2842083000.0,0.0,340032000.0,0.0,0.016,1.74,1387880000.0,1727912000.0,0.133,1727912000.0,1387880000.0,1298879000.0,6.39,6.28,6.39,6086861000.0,5640015500.0,6086861000.0,17267152171.0,12.0,9.993,1254052000.0,8.406,1.0,2941276000.0,0.226,4565659000.0,89001000.0,5664156000.0,5719152750.0,1465431000.0,0.0,0.0,0.0,6698593000.0,3455009000.0,3243584000.0,16218778171.0,1509492000.0,-351590000.0,-178529000.0,1031089000.0,-261032000.0,636818000.0,-599621000.0,0.0,1480597000.0,-8302000.0,953002000.0,953002000.0,953002000.0,0.0,154000.0,0.073,1570482000.0,1370794000.0,1130676000.0,0.272,2.665,17.019,17.014,1833748000.0,0.0,108.72,1.245,1.245,1968490000.0,8596456000.0,13026913000.0,13026913000.0,0.0,0.077,0.169,0.243,0.107,102733000.0,1580781000.0,1.0,149179343.0,149179343.0,,87.324,8222705000.0,123390000.0,345877000.0,287776000.0,55.12,2224170000.0
32,PH,MRT,2013-06-30,2013-06-30,2013-06-30,2021-09-08,-1107833000.0,12540898000.0,11952152250.0,5531186000.0,7009712000.0,1.089,38.448,-240849000.0,1781412000.0,1781412000.0,10086675000.0,948784000.0,1.571,1.185,2829786000.0,1333826000.0,1495960000.0,2829786000.0,0.0,335624000.0,0.0,0.018,1.7,1402196000.0,1737820000.0,0.134,1737820000.0,1402196000.0,1310644000.0,6.36,6.26,6.36,5738426000.0,5403581250.0,5738426000.0,15584973490.0,11.0,8.968,950086000.0,6.366,1.0,2929029000.0,0.225,4514014000.0,91552000.0,5555055000.0,5762717250.0,1377405000.0,687458000.0,0.0,687458000.0,6799417000.0,3520203000.0,3279214000.0,14238570490.0,943095000.0,-547629000.0,-225803000.0,992047000.0,-255009000.0,576174000.0,-809845000.0,0.0,1190935000.0,-14169000.0,948427000.0,948427000.0,948427000.0,0.0,357000.0,0.073,1544674000.0,1384355000.0,1156002000.0,0.267,2.481,15.013,15.0,1808240000.0,0.0,95.4,1.094,1.094,2062745000.0,8421270000.0,13015704000.0,13015704000.0,0.0,0.079,0.176,0.243,0.108,84996000.0,1554973000.0,1.0,149251263.0,149251263.0,,87.207,8026884000.0,126955000.0,362217000.0,238999000.0,53.781,2010983000.0
33,PH,MRT,2013-03-31,2013-03-31,2013-03-31,2021-09-08,-1275837000.0,12671772000.0,11609498250.0,5438509000.0,7233263000.0,1.12,36.264,-249616000.0,1677319000.0,1677319000.0,10040866000.0,979956000.0,1.491,1.342,3023722000.0,1527696000.0,1496026000.0,3023722000.0,0.0,328100000.0,0.0,0.018,1.66,1456111000.0,1784211000.0,0.137,1784211000.0,1456111000.0,1361849000.0,6.55,6.4,6.55,5409058000.0,5193103500.0,5409058000.0,15181524557.0,10.0,8.509,993107000.0,6.658,1.0,2958271000.0,0.228,4543817000.0,94262000.0,5825809000.0,5762556750.0,1473072000.0,0.0,0.0,0.0,7259364000.0,3648549000.0,3610815000.0,13659915557.0,903860000.0,-673709000.0,-299498000.0,1133754000.0,-249753000.0,639886000.0,-937418000.0,0.0,1242723000.0,-41331000.0,979228000.0,979228000.0,979228000.0,0.0,728000.0,0.075,1526099000.0,1432172000.0,1162125000.0,0.253,2.525,13.95,13.982,1829715000.0,0.0,91.58,1.051,1.051,2017126000.0,8229106000.0,12999137000.0,12999137000.0,0.0,0.084,0.189,0.253,0.112,82349000.0,1528593000.0,1.0,149158283.0,149158283.0,,87.15,8127955000.0,134724000.0,382621000.0,247511000.0,54.492,1789960000.0
34,PH,MRT,2012-12-31,2012-12-31,2012-12-31,2021-09-08,-1187140000.0,11461361000.0,11163836250.0,4095747000.0,7365614000.0,1.172,35.7,-238743000.0,497635000.0,497635000.0,10061992000.0,1036053000.0,1.646,1.151,2019244000.0,510006000.0,1509238000.0,2019244000.0,0.0,321625000.0,0.0,0.019,1.62,1517067000.0,1838692000.0,0.141,1838692000.0,1517067000.0,1423542000.0,6.9,6.73,6.9,5325717000.0,5235237000.0,5325717000.0,14029583904.0,9.0,7.63,1075564000.0,7.21,1.0,3023667000.0,0.231,4663119000.0,93525000.0,5831591000.0,5654322500.0,1515325000.0,0.0,0.0,0.0,6132372000.0,2488260000.0,3644112000.0,12689333904.0,9651000.0,-695751000.0,-274088000.0,164639000.0,-244951000.0,-374608000.0,-948860000.0,0.0,1314307000.0,18812000.0,1034742000.0,1034742000.0,1034742000.0,0.0,1311000.0,0.079,1523888000.0,1499779000.0,1073233000.0,0.235,2.383,12.263,12.328,1844643000.0,0.0,85.06,0.97,0.97,1802405000.0,8052796000.0,13085659000.0,13085659000.0,0.0,0.093,0.198,0.268,0.116,83000000.0,1526382000.0,1.0,149180977.0,149180977.0,,87.717,6798242000.0,127905000.0,388800000.0,223367000.0,45.57,1607487000.0
35,PH,MRT,2012-09-30,2012-09-30,2012-09-30,2021-09-08,-1281719000.0,11134578000.0,10880392000.0,4200082000.0,6934496000.0,1.206,34.402,-228124000.0,436131000.0,436131000.0,10021342000.0,1097282000.0,1.775,1.164,1776381000.0,264582000.0,1511799000.0,1776381000.0,0.0,318269000.0,0.0,0.019,1.58,1591513000.0,1909782000.0,0.145,1909782000.0,1591513000.0,1498435000.0,7.28,7.1,7.28,5141124000.0,5193339250.0,5141124000.0,13381719186.0,8.0,7.007,985794000.0,6.596,1.0,3105654000.0,0.237,4269949000.0,93078000.0,5838414000.0,5565702500.0,1489748000.0,0.0,0.0,0.0,5982564000.0,2366465000.0,3616099000.0,12490501186.0,11777000.0,-340398000.0,-250084000.0,-42732000.0,-239015000.0,-564148000.0,-589634000.0,0.0,1213918000.0,-48359000.0,1094546000.0,1094546000.0,1094546000.0,0.0,2736000.0,0.083,1511478000.0,1594176000.0,1162797000.0,0.217,2.43,11.412,11.481,1803412000.0,0.0,83.58,0.952,0.952,1982590000.0,7949519000.0,13126996000.0,13126996000.0,0.0,0.101,0.211,0.286,0.121,84298000.0,1513972000.0,1.0,149443661.0,149443661.0,,87.839,6864629000.0,130490000.0,403889000.0,221584000.0,45.935,1833617000.0
36,PH,MRT,2012-06-30,2012-06-30,2012-06-30,2021-09-08,-1415900000.0,11170282000.0,10677145000.0,4498114000.0,6672168000.0,1.231,32.416,-198413000.0,838317000.0,838317000.0,9958337000.0,1155492000.0,1.809,1.279,1729535000.0,225589000.0,1503946000.0,1729535000.0,0.0,321929000.0,0.0,0.02,1.54,1665819000.0,1987748000.0,0.151,1987748000.0,1665819000.0,1573029000.0,7.62,7.45,7.62,4896515000.0,5162374250.0,4896515000.0,12628474414.0,8.0,6.353,1331972000.0,8.818,1.0,3187605000.0,0.242,4021074000.0,92790000.0,5554413000.0,5453242250.0,1400732000.0,931126000.0,0.0,931126000.0,6264552000.0,2486013000.0,3778539000.0,11612809414.0,180851000.0,-156256000.0,-446370000.0,-5162000.0,-240654000.0,-823520000.0,-375768000.0,0.0,1530385000.0,-150246000.0,1151823000.0,1151823000.0,1151823000.0,0.0,3669000.0,0.088,1516822000.0,1670783000.0,1194684000.0,0.202,2.372,10.082,10.089,1719968000.0,0.0,76.88,0.883,0.883,1992284000.0,7787175000.0,13145942000.0,13145942000.0,0.0,0.108,0.223,0.305,0.127,80935000.0,1519316000.0,1.0,151051111.0,151051111.0,,87.03,7149208000.0,129352000.0,421206000.0,241900000.0,47.33,2012101000.0
37,PH,MRT,2012-03-31,2012-03-31,2012-03-31,2021-09-08,-599160000.0,10889124000.0,10606275750.0,4497301000.0,6391823000.0,1.239,36.961,-178905000.0,773459000.0,773459000.0,9976851000.0,1147844000.0,1.807,0.951,1789124000.0,273907000.0,1515217000.0,1789124000.0,0.0,330078000.0,0.0,0.018,1.5,1621077000.0,1951155000.0,0.148,1951155000.0,1621077000.0,1526953000.0,7.44,7.27,7.44,5577592000.0,5284209000.0,5577592000.0,14008664180.0,9.0,7.18,1194556000.0,7.916,1.0,3167255000.0,0.241,4022617000.0,94124000.0,5392872000.0,5419092750.0,1429014000.0,0.0,0.0,0.0,5302656000.0,2489300000.0,2813356000.0,12758839180.0,-334496000.0,-31004000.0,-959075000.0,-52555000.0,-241784000.0,-1382934000.0,-227745000.0,0.0,1373461000.0,-97278000.0,1142048000.0,1142048000.0,1142048000.0,0.0,5796000.0,0.087,1538366000.0,1628889000.0,1148939000.0,0.202,2.288,11.172,11.364,1721970000.0,0.0,84.55,0.971,0.971,2061501000.0,7551260000.0,13144106000.0,13144106000.0,0.0,0.108,0.216,0.299,0.123,80548000.0,1546076000.0,1.0,150902888.0,150902888.0,,87.103,6866507000.0,132991000.0,384905000.0,335374000.0,45.503,2008001000.0
38,PH,MRT,2011-12-31,2011-12-31,2011-12-31,2021-09-08,-765350000.0,10327584000.0,10728210250.0,4043023000.0,6284561000.0,1.211,34.142,-168171000.0,487984000.0,487984000.0,9849619000.0,1116803000.0,1.907,0.983,1737809000.0,78375000.0,1659434000.0,1737809000.0,0.0,333638000.0,0.0,0.019,1.43,1610829000.0,1944467000.0,0.15,1944467000.0,1610829000.0,1514399000.0,7.09,6.94,7.09,5158126000.0,5260288000.0,5158126000.0,12842654895.0,8.0,6.605,1154021000.0,7.638,1.0,3141027000.0,0.242,3980189000.0,96430000.0,5477111000.0,5475411500.0,1452664000.0,613210000.0,0.0,613210000.0,5071681000.0,2120109000.0,2951572000.0,11519861895.0,-320752000.0,-30520000.0,-965251000.0,-106045000.0,-234208000.0,-1355167000.0,-213526000.0,0.0,1322192000.0,-74251000.0,1109563000.0,1109563000.0,1109563000.0,0.0,7240000.0,0.085,1535956000.0,1605071000.0,1069503000.0,0.202,2.233,10.382,10.755,1691162000.0,0.0,76.25,0.887,0.887,1828117000.0,7311219000.0,12990646000.0,12990646000.0,0.0,0.103,0.211,0.294,0.124,76369000.0,1543666000.0,1.0,151080156.0,151080156.0,,85.985,6347395000.0,144819000.0,404836000.0,298019000.0,42.013,1922914000.0
39,PH,MRT,2011-09-30,2011-09-30,2011-09-30,2021-09-08,-723525000.0,10321590000.0,10801025250.0,3999334000.0,6322256000.0,1.18,32.357,-162813000.0,424354000.0,424354000.0,9664025000.0,1106278000.0,1.789,1.038,1747147000.0,78547000.0,1668600000.0,1747147000.0,0.0,339646000.0,0.0,0.021,1.35,1579933000.0,1919579000.0,0.151,1919579000.0,1579933000.0,1481641000.0,6.92,6.77,6.92,5017264000.0,5249071750.0,5017264000.0,10897895086.0,7.0,5.677,1190736000.0,7.679,1.0,3086453000.0,0.242,4020101000.0,98292000.0,5388573000.0,5511972750.0,1456078000.0,589285000.0,0.0,589285000.0,5208102000.0,2235709000.0,2972393000.0,9789004086.0,-499482000.0,-62504000.0,-953313000.0,-379438000.0,-225440000.0,-1593817000.0,-234524000.0,0.0,1353549000.0,-24690000.0,1098977000.0,1098977000.0,1098977000.0,0.0,7301000.0,0.086,1512945000.0,1573508000.0,1120339000.0,0.195,1.951,8.907,9.123,1712870000.0,0.0,63.13,0.768,0.768,1881303000.0,7128179000.0,12750478000.0,12750478000.0,0.0,0.102,0.209,0.287,0.124,71894000.0,1520655000.0,1.0,155061050.0,155061050.0,,82.229,6301489000.0,144002000.0,382664000.0,382687000.0,40.639,1763625000.0
40,PH,MRT,2011-06-30,2011-06-30,2011-06-30,2021-09-08,-450990000.0,10886805000.0,10898058000.0,4305256000.0,6581549000.0,1.133,33.198,-175005000.0,657466000.0,657466000.0,9387457000.0,1057150000.0,1.801,1.003,1766357000.0,75271000.0,1691086000.0,1766357000.0,0.0,339800000.0,0.0,0.014,1.25,1505405000.0,1845205000.0,0.149,1845205000.0,1505405000.0,1405701000.0,6.51,6.37,6.51,5383854000.0,5218492000.0,5383854000.0,15302548630.0,10.0,8.293,991928000.0,6.116,1.0,2958413000.0,0.24,4186838000.0,99704000.0,5417815000.0,5551147750.0,1412153000.0,597532000.0,0.0,597532000.0,5398469000.0,2391043000.0,3007426000.0,14553539630.0,81940000.0,-60227000.0,-667234000.0,-85283000.0,-206084000.0,-915778000.0,-244938000.0,0.0,1166933000.0,75723000.0,1049130000.0,1049130000.0,1049130000.0,0.0,8020000.0,0.085,1460063000.0,1498350000.0,1173851000.0,0.192,2.703,13.872,13.785,1797179000.0,0.0,89.74,1.179,1.179,1977856000.0,6891407000.0,12345870000.0,12345870000.0,0.0,0.096,0.201,0.271,0.122,73238000.0,1467773000.0,1.0,162174500.0,162174500.0,,76.127,6699967000.0,145847000.0,356571000.0,392809000.0,41.313,1914213000.0
41,PH,MRT,2011-03-31,2011-03-31,2011-03-31,2021-09-08,-737407000.0,11376862000.0,10653952250.0,4691329000.0,6685533000.0,1.1,33.864,-165122000.0,1107955000.0,1107955000.0,8910875000.0,985548000.0,2.004,1.057,1856964000.0,173233000.0,1683731000.0,1856964000.0,0.0,338619000.0,0.0,0.012,1.14,1419825000.0,1758444000.0,0.15,1758444000.0,1419825000.0,1318046000.0,6.05,5.94,6.05,5481908000.0,4964519750.0,5481908000.0,16362010748.0,12.0,9.305,1012236000.0,6.253,1.0,2811635000.0,0.24,4167304000.0,101779000.0,5618147000.0,5439315500.0,1390862000.0,0.0,0.0,0.0,5793133000.0,2340420000.0,3452713000.0,15326989748.0,727394000.0,-60227000.0,-40748000.0,-61865000.0,-184859000.0,-239342000.0,-244845000.0,0.0,1177358000.0,34223000.0,979103000.0,979103000.0,979103000.0,0.0,6445000.0,0.084,1413952000.0,1397683000.0,1085126000.0,0.188,2.796,15.654,15.65,1788377000.0,0.0,94.68,1.307,1.307,1950980000.0,6664687000.0,11722510000.0,11722510000.0,0.0,0.092,0.197,0.261,0.121,67965000.0,1403660000.0,1.0,161882021.0,161882021.0,,72.414,7209558000.0,151840000.0,338943000.0,396986000.0,44.536,2350909000.0
42,PH,MRT,2010-12-31,2010-12-31,2010-12-31,2021-09-08,-881688000.0,10618844000.0,10274298750.0,4043940000.0,6574904000.0,1.08,31.694,-154278000.0,808736000.0,808736000.0,8510243000.0,858280000.0,2.084,1.057,1843757000.0,101293000.0,1742464000.0,1843757000.0,0.0,342865000.0,0.0,0.012,1.07,1239375000.0,1582240000.0,0.143,1582240000.0,1239375000.0,1136264000.0,5.29,5.2,5.29,5113261000.0,4746450000.0,5113261000.0,15136228874.0,12.0,9.566,866451000.0,5.371,1.0,2586987000.0,0.233,4089641000.0,103111000.0,5623356000.0,5339316750.0,1361457000.0,0.0,0.0,0.0,5404251000.0,1940868000.0,3463383000.0,13922949874.0,574837000.0,-48810000.0,-22924000.0,-66657000.0,-173283000.0,-232098000.0,-221576000.0,0.0,1020729000.0,7782000.0,853377000.0,853377000.0,853377000.0,0.0,4903000.0,0.077,1354952000.0,1232035000.0,960567000.0,0.202,2.723,16.315,16.314,1764558000.0,0.0,86.3,1.255,1.255,1636905000.0,6449601000.0,11097230000.0,11097230000.0,0.0,0.083,0.18,0.232,0.112,63589000.0,1344660000.0,1.0,161331980.0,161331980.0,,68.785,6529203000.0,130426000.0,282887000.0,299066000.0,40.471,2103072000.0
43,PH,MRT,2010-09-30,2010-09-30,2010-09-30,2021-09-08,-910884000.0,10709721000.0,10068135000.0,4147596000.0,6562125000.0,1.051,30.37,-142137000.0,923836000.0,923836000.0,8183996000.0,731425000.0,1.817,1.168,2137115000.0,391303000.0,1745812000.0,2137115000.0,0.0,354532000.0,0.0,0.015,1.03,1075979000.0,1430511000.0,0.135,1430511000.0,1075979000.0,973470000.0,4.52,4.45,4.52,4894945000.0,4606141500.0,4894945000.0,12493381279.0,12.0,8.734,939512000.0,5.829,1.0,2401278000.0,0.227,4095623000.0,102509000.0,5545273000.0,5279670000.0,1295137000.0,0.0,0.0,0.0,5717144000.0,2282104000.0,3435040000.0,11292001279.0,733987000.0,-13580000.0,-18975000.0,4968000.0,-166216000.0,-164301000.0,-178130000.0,0.0,1081649000.0,-5231000.0,727743000.0,727743000.0,727743000.0,0.0,3682000.0,0.069,1319113000.0,1082165000.0,953259000.0,0.228,2.307,15.516,15.5,1770983000.0,0.0,70.06,1.067,1.067,1694313000.0,6284148000.0,10585274000.0,10585274000.0,0.0,0.072,0.158,0.204,0.102,62124000.0,1308821000.0,1.0,161176153.0,161176153.0,,65.675,6614098000.0,130094000.0,245727000.0,345156000.0,41.036,1865492000.0
44,PH,MRT,2010-06-30,2010-06-30,2010-06-30,2021-09-08,-1208561000.0,9910382000.0,9874998000.0,3588796000.0,6321586000.0,1.012,27.124,-117293000.0,575526000.0,575526000.0,7847067000.0,556365000.0,1.628,1.248,1776906000.0,363272000.0,1413634000.0,1776906000.0,0.0,362509000.0,0.0,0.018,1.01,856116000.0,1218625000.0,0.122,1218625000.0,856116000.0,752517000.0,3.44,3.4,3.44,4367965000.0,4502901250.0,4367965000.0,10453064095.0,12.0,8.578,1101529000.0,6.84,1.0,2146099000.0,0.215,3936385000.0,103599000.0,4970486000.0,5351159500.0,1171655000.0,687320000.0,0.0,687320000.0,5450982000.0,2204891000.0,3246091000.0,8931036095.0,387915000.0,-5451000.0,-14692000.0,-486263000.0,-162739000.0,-649996000.0,-146173000.0,0.0,1218822000.0,-34738000.0,554065000.0,554065000.0,554065000.0,0.0,2300000.0,0.055,1287372000.0,858727000.0,888743000.0,0.294,2.045,16.119,16.122,1697881000.0,0.0,55.46,0.894,0.894,1599941000.0,6086545000.0,9993166000.0,9993166000.0,0.0,0.056,0.123,0.16,0.086,59318000.0,1277080000.0,1.0,161035631.0,161035631.0,,62.056,5973997000.0,130129000.0,198452000.0,311670000.0,37.097,1383905000.0
45,PH,MRT,2010-03-31,2010-03-31,2010-03-31,2021-09-08,-780185000.0,9858248000.0,9861378000.0,3354328000.0,6503920000.0,0.955,28.667,-128259000.0,380561000.0,380561000.0,7546946000.0,381706000.0,1.619,1.12,1902589000.0,366684000.0,1535905000.0,1902589000.0,0.0,371415000.0,0.0,0.015,1.0,627541000.0,998956000.0,0.106,998956000.0,627541000.0,525563000.0,2.39,2.35,2.39,4609629000.0,4477959750.0,4609629000.0,12120059163.0,19.0,12.133,1126236000.0,7.004,1.0,1870708000.0,0.199,4090149000.0,101978000.0,5218152000.0,5560230500.0,1196558000.0,0.0,0.0,0.0,5162704000.0,2071975000.0,3090729000.0,10410155163.0,214013000.0,-7533000.0,-10822000.0,-721313000.0,-160903000.0,-889827000.0,-147111000.0,0.0,1254495000.0,-3544000.0,381418000.0,381418000.0,381418000.0,0.0,288000.0,0.041,1229937000.0,640771000.0,785244000.0,0.418,2.258,27.293,27.088,1782426000.0,0.0,64.74,1.105,1.105,1563150000.0,5917136000.0,9417654000.0,9417654000.0,0.0,0.039,0.085,0.113,0.067,60074000.0,1230273000.0,1.0,160799431.0,160799431.0,,58.568,5768099000.0,123906000.0,144145000.0,348604000.0,35.871,1282353000.0
46,PH,MRT,2009-12-31,2009-12-31,2009-12-31,2021-09-08,-705524000.0,9794189000.0,9788693500.0,3058498000.0,6735691000.0,0.935,28.328,-133473000.0,233899000.0,233899000.0,7393102000.0,280481000.0,1.596,1.133,1943803000.0,389715000.0,1554088000.0,1943803000.0,0.0,371789000.0,0.0,0.019,1.0,486642000.0,858431000.0,0.094,858431000.0,486642000.0,382222000.0,1.76,1.74,1.76,4552027000.0,4442715500.0,4552027000.0,10627820110.0,22.0,12.381,1157454000.0,7.203,1.0,1754442000.0,0.192,4203286000.0,104420000.0,5384769000.0,5665823500.0,1232979000.0,0.0,0.0,0.0,5156403000.0,1916038000.0,3240365000.0,8658055110.0,-28091000.0,-17507000.0,-16714000.0,-983583000.0,-160607000.0,-1158634000.0,-158766000.0,0.0,1290927000.0,-1618000.0,280977000.0,280977000.0,280977000.0,0.0,-496000.0,0.031,1231860000.0,522582000.0,692721000.0,0.568,1.902,30.814,30.614,1842750000.0,0.0,53.88,0.946,0.946,1368449000.0,5808915000.0,9147544000.0,9147544000.0,0.0,0.029,0.063,0.086,0.053,55824000.0,1232196000.0,1.0,160691446.0,160691446.0,,56.926,5590903000.0,124182000.0,101245000.0,339645000.0,34.793,1142460000.0
47,PH,MRT,2009-09-30,2009-09-30,2009-09-30,2021-09-08,-696200000.0,9937173000.0,9868944000.0,3133491000.0,6803682000.0,0.961,27.922,-176588000.0,189849000.0,189849000.0,7645071000.0,332279000.0,1.707,1.198,2159614000.0,304083000.0,1855531000.0,2159614000.0,0.0,364534000.0,0.0,0.019,1.0,547975000.0,912509000.0,0.096,912509000.0,547975000.0,438277000.0,2.08,2.06,2.08,4481984000.0,4450129000.0,4481984000.0,10454791466.0,19.0,11.457,905310000.0,5.64,1.0,1836421000.0,0.194,4240370000.0,109698000.0,5831231000.0,5811980250.0,1266319000.0,0.0,0.0,0.0,5367560000.0,1835337000.0,3532223000.0,8321230466.0,-418478000.0,-710547000.0,-32948000.0,-431059000.0,-160637000.0,-622903000.0,-876914000.0,0.0,1081898000.0,-559000.0,331832000.0,331832000.0,331832000.0,0.0,447000.0,0.035,1259203000.0,577218000.0,659764000.0,0.481,1.857,25.077,24.923,1891438000.0,0.0,51.84,0.878,0.878,1452494000.0,5747734000.0,9481492000.0,9481492000.0,0.0,0.034,0.075,0.094,0.058,52996000.0,1259539000.0,1.0,160517563.0,160517563.0,,59.068,5696803000.0,124640000.0,106445000.0,340169000.0,35.49,1298154000.0
48,PH,MRT,2009-06-30,2009-06-30,2009-06-30,2021-09-08,-843019000.0,9855902000.0,9917789750.0,3123781000.0,6732121000.0,1.039,26.591,-241747000.0,187611000.0,187611000.0,8181348000.0,510144000.0,1.557,1.29,2321172000.0,481467000.0,1839705000.0,2321172000.0,0.0,357737000.0,0.0,0.023,1.0,793525000.0,1151262000.0,0.112,1151262000.0,793525000.0,681454000.0,3.15,3.13,3.15,4268199000.0,4515600000.0,4268199000.0,9326114719.0,12.0,8.101,887445000.0,5.529,1.0,2127667000.0,0.206,4176939000.0,112071000.0,5806770000.0,5835648750.0,1254550000.0,674628000.0,0.0,674628000.0,5505462000.0,2005754000.0,3499708000.0,6895517719.0,-138437000.0,-722635000.0,-444243000.0,327778000.0,-161575000.0,-274348000.0,-960831000.0,0.0,1129192000.0,-32450000.0,508515000.0,508515000.0,508515000.0,0.0,1629000.0,0.049,1290043000.0,837624000.0,649718000.0,0.317,1.616,13.56,13.638,1880554000.0,0.0,42.96,0.669,0.669,1417305000.0,5722038000.0,10309015000.0,10309015000.0,0.0,0.051,0.113,0.136,0.077,47215000.0,1290379000.0,1.0,160510189.0,160510189.0,,64.227,5678963000.0,121980000.0,172939000.0,296564000.0,35.381,1118027000.0
49,PH,MRT,2009-03-31,2009-03-31,2009-03-31,2021-09-08,-628326000.0,9567510000.0,10050527750.0,3311464000.0,6256046000.0,1.139,27.813,-278574000.0,166548000.0,166548000.0,8942701000.0,722363000.0,1.436,1.141,2597145000.0,747859000.0,1849286000.0,2597145000.0,0.0,359381000.0,0.0,0.028,0.96,1083770000.0,1443151000.0,0.126,1443151000.0,1083770000.0,971955000.0,4.32,4.27,4.32,4468652000.0,4763293000.0,4468652000.0,8102271913.0,7.0,5.614,890358000.0,5.542,1.0,2502108000.0,0.219,4051054000.0,111815000.0,5640524000.0,5916497500.0,1335186000.0,0.0,0.0,0.0,5098858000.0,2306529000.0,2792329000.0,5459456913.0,-15586000.0,-1173881000.0,-449550000.0,892404000.0,-156641000.0,296350000.0,-1445671000.0,0.0,1168932000.0,-35197000.0,711564000.0,711564000.0,711564000.0,0.0,10799000.0,0.062,1357600000.0,1144508000.0,658775000.0,0.222,1.222,7.672,7.866,1828520000.0,0.0,33.98,0.477,0.477,1532232000.0,5720650000.0,11444809000.0,11444809000.0,0.0,0.071,0.149,0.183,0.095,42299000.0,1360996000.0,1.0,160666772.0,160666772.0,,71.233,5516456000.0,125998000.0,260391000.0,330224000.0,34.335,1004935000.0
50,PH,MRT,2008-12-31,2008-12-31,2008-12-31,2021-09-08,-502595000.0,10115191000.0,10060944500.0,3678608000.0,6436583000.0,1.221,28.431,-309000000.0,261990000.0,261990000.0,9481310000.0,924649000.0,1.379,1.208,2904805000.0,1022112000.0,1882693000.0,2904805000.0,0.0,347463000.0,0.0,0.022,0.92,1376176000.0,1723639000.0,0.14,1723639000.0,1376176000.0,1267214000.0,5.51,5.43,5.51,4581681000.0,4925878250.0,4581681000.0,8803933177.0,6.0,5.108,978524000.0,6.072,1.0,2801323000.0,0.228,4120911000.0,108962000.0,5969396000.0,5849698250.0,1519651000.0,0.0,0.0,0.0,5533510000.0,2667699000.0,2865811000.0,6855437177.0,64340000.0,-1163091000.0,-489398000.0,908123000.0,-151724000.0,278705000.0,-1471819000.0,0.0,1287524000.0,-30070000.0,913583000.0,913583000.0,913583000.0,0.0,11066000.0,0.074,1386630000.0,1414693000.0,751942000.0,0.167,1.496,7.504,7.721,1888023000.0,0.0,42.54,0.558,0.558,1682338000.0,5709795000.0,12282633000.0,12282633000.0,0.0,0.091,0.185,0.235,0.112,43312000.0,1390026000.0,1.0,161152731.0,161152731.0,,76.217,5994280000.0,145131000.0,353631000.0,332314000.0,37.196,1010909000.0
51,PH,MRT,2008-09-30,2008-09-30,2008-09-30,2021-09-08,-236421000.0,10132556000.0,9836523250.0,4157118000.0,5975438000.0,1.263,28.3,-286226000.0,608327000.0,608327000.0,9553997000.0,979751000.0,1.635,1.136,2556823000.0,677890000.0,1878933000.0,2556823000.0,0.0,336714000.0,0.0,0.017,0.88,1470182000.0,1806896000.0,0.145,1806896000.0,1470182000.0,1365511000.0,5.8,5.7,5.8,4743868000.0,4974767000.0,4743868000.0,10629616183.0,7.0,5.883,1068830000.0,6.376,1.0,2869040000.0,0.231,3612520000.0,104671000.0,5925905000.0,5667978000.0,1506793000.0,0.0,0.0,0.0,5388688000.0,2542627000.0,2846061000.0,8884348183.0,420410000.0,-899551000.0,-461205000.0,854576000.0,-146825000.0,269646000.0,-1185049000.0,0.0,1355056000.0,-19243000.0,970045000.0,970045000.0,970045000.0,0.0,9706000.0,0.078,1368408000.0,1500632000.0,836873000.0,0.152,1.873,9.159,9.138,1855830000.0,0.0,53.0,0.715,0.715,1821681000.0,5595284000.0,12423037000.0,12423037000.0,0.0,0.099,0.195,0.259,0.118,42048000.0,1371804000.0,1.0,167629211.0,167629211.0,,74.11,6520036000.0,147447000.0,395466000.0,384434000.0,38.896,1614491000.0
52,PH,MRT,2008-06-30,2008-06-30,2008-06-30,2021-09-08,117642000.0,10386854000.0,9476632500.0,4095625000.0,6291229000.0,1.282,31.354,-250330000.0,326048000.0,326048000.0,9339072000.0,957513000.0,1.876,0.975,2071316000.0,118864000.0,1952452000.0,2071316000.0,0.0,326724000.0,0.0,0.012,0.84,1425520000.0,1752244000.0,0.144,1752244000.0,1425520000.0,1326524000.0,5.64,5.53,5.64,5258971000.0,4925332000.0,5258971000.0,13591351695.0,10.0,7.757,1066280000.0,6.357,1.0,2806533000.0,0.231,3818701000.0,98996000.0,6130165000.0,5443537250.0,1494694000.0,546006000.0,0.0,546006000.0,5127883000.0,2183256000.0,2944627000.0,11962581695.0,153342000.0,-921014000.0,-551197000.0,667039000.0,-142260000.0,1222000.0,-1170800000.0,0.0,1316610000.0,6310000.0,949466000.0,949466000.0,949466000.0,0.0,8047000.0,0.078,1360686000.0,1445847000.0,961886000.0,0.149,2.275,12.599,12.645,1926522000.0,0.0,71.32,0.985,0.985,2046726000.0,5387836000.0,12145605000.0,12145605000.0,0.0,0.1,0.193,0.262,0.117,44947000.0,1364082000.0,1.0,167731095.0,167731095.0,,72.411,6568153000.0,145831000.0,377058000.0,345814000.0,39.159,1912369000.0
53,PH,MRT,2008-03-31,2008-03-31,2008-03-31,2021-09-08,186068000.0,9609177000.0,8990272250.0,3872174000.0,5737003000.0,1.298,30.38,-224496000.0,182134000.0,182134000.0,8987406000.0,914087000.0,1.557,0.877,1810904000.0,621168000.0,1189736000.0,1810904000.0,0.0,304227000.0,0.0,0.012,0.803,1365152000.0,1669379000.0,0.143,1669379000.0,1365152000.0,1269640000.0,5.38,5.28,5.38,5118993000.0,4788505500.0,5118993000.0,13490846994.0,10.0,8.081,1059302000.0,6.287,1.0,2685812000.0,0.23,3377334000.0,95512000.0,5373327000.0,5105767500.0,1488799000.0,0.0,0.0,0.0,4490184000.0,2487286000.0,2002898000.0,11671969994.0,-1593000.0,-657985000.0,-573398000.0,267240000.0,-137153000.0,-395761000.0,-892317000.0,0.0,1283798000.0,2687000.0,914087000.0,914087000.0,914087000.0,0.0,0.0,0.078,1307114000.0,1378698000.0,879169000.0,0.149,2.28,12.769,12.875,1861893000.0,0.0,69.27,1.0,1.0,1985894000.0,5181323000.0,11673218000.0,11673218000.0,0.0,0.102,0.191,0.267,0.117,42620000.0,1324378000.0,1.0,168499639.0,168499639.0,,69.277,6231843000.0,145013000.0,355553000.0,306306000.0,36.984,1384888000.0
54,PH,MRT,2007-12-31,2007-12-31,2007-12-31,2021-09-08,32153000.0,9217506000.0,8765112250.0,3621580000.0,5595926000.0,1.286,28.398,-205425000.0,197650000.0,197650000.0,8704018000.0,867955000.0,1.451,0.929,2016527000.0,865058000.0,1151469000.0,2016527000.0,0.0,301514000.0,0.0,0.01,0.767,1299147000.0,1600661000.0,0.142,1600661000.0,1299147000.0,1206772000.0,5.07,4.98,5.07,4777236000.0,4638867750.0,4777236000.0,14179136442.0,11.0,8.858,917434000.0,5.454,1.0,2567632000.0,0.228,3297380000.0,92375000.0,5242515000.0,5106555250.0,1477267000.0,0.0,0.0,0.0,4440270000.0,2496488000.0,1943782000.0,12668834442.0,40552000.0,-681261000.0,-526958000.0,423235000.0,-131938000.0,-190267000.0,-896737000.0,0.0,1122859000.0,4697000.0,867955000.0,867955000.0,867955000.0,0.0,0.0,0.077,1268654000.0,1298978000.0,756495000.0,0.151,2.652,14.596,14.854,1804979000.0,0.0,75.31,1.124,1.124,1745683000.0,4965631000.0,11271650000.0,11271650000.0,0.0,0.099,0.187,0.254,0.115,39071000.0,1285918000.0,1.0,168222473.0,168222473.0,,67.004,5920126000.0,137206000.0,338817000.0,223122000.0,35.192,1125092000.0
55,PH,MRT,2007-09-30,2007-09-30,2007-09-30,2021-09-08,5140000.0,8692993000.0,8574809500.0,3524424000.0,5168569000.0,1.277,26.089,-197520000.0,187917000.0,187917000.0,8447888000.0,849059000.0,1.57,0.912,1698219000.0,580542000.0,1117677000.0,1698219000.0,0.0,296502000.0,0.0,0.01,0.73,1264028000.0,1560530000.0,0.142,1560530000.0,1264028000.0,1175365000.0,4.92,4.84,4.92,4546128000.0,4523825000.0,4546128000.0,14103756272.0,11.0,9.038,913786000.0,5.244,1.0,2505854000.0,0.229,2930214000.0,88663000.0,5028142000.0,5107423250.0,1353774000.0,0.0,0.0,0.0,4146865000.0,2244939000.0,1901926000.0,12991162272.0,12063000.0,-379510000.0,-722490000.0,294164000.0,-126770000.0,-521172000.0,-588103000.0,0.0,1111306000.0,10032000.0,849059000.0,849059000.0,849059000.0,0.0,0.0,0.078,1242548000.0,1263306000.0,779274000.0,0.148,2.858,15.301,15.153,1762165000.0,0.0,74.553,1.186,1.186,1784784000.0,4794447000.0,10953742000.0,10953742000.0,0.0,0.099,0.188,0.247,0.115,37375000.0,1259812000.0,1.0,174253272.0,174253272.0,,62.861,5762779000.0,128801000.0,326306000.0,295179000.0,33.071,1279485000.0
56,PH,MRT,2007-06-30,2007-06-30,2007-06-30,2021-09-08,-112621000.0,8441413000.0,8482682000.0,3386175000.0,5055238000.0,1.264,27.119,-192001000.0,172706000.0,172706000.0,8272949000.0,830046000.0,1.759,0.792,1285300000.0,195384000.0,1089916000.0,1285300000.0,0.0,294566000.0,0.0,0.011,0.693,1242696000.0,1537262000.0,0.143,1537262000.0,1242696000.0,1159282000.0,4.75,4.68,4.75,4711665000.0,4454809750.0,4711665000.0,12566352256.0,10.0,8.175,764904000.0,4.403,1.0,2445110000.0,0.228,2849676000.0,83414000.0,4779086000.0,5140338250.0,1265802000.0,469190000.0,0.0,469190000.0,3729748000.0,1925245000.0,1804503000.0,11340636256.0,1153000.0,-378639000.0,-392784000.0,107073000.0,-121263000.0,-380427000.0,-579761000.0,0.0,956905000.0,4436000.0,830046000.0,830046000.0,830046000.0,0.0,0.0,0.077,1209597000.0,1235513000.0,788560000.0,0.146,2.407,13.663,13.742,1736372000.0,0.0,65.273,1.058,1.058,1737748000.0,4625195000.0,10718059000.0,10718059000.0,0.0,0.098,0.186,0.242,0.116,33203000.0,1226861000.0,1.0,173740725.0,173740725.0,,61.69,5591737000.0,140264000.0,329236000.0,266958000.0,32.184,1460930000.0
57,PH,MRT,2007-03-31,2007-03-31,2007-03-31,2021-09-08,-114081000.0,8708537000.0,8415686750.0,3368312000.0,5340225000.0,1.243,26.031,-167685000.0,183727000.0,183727000.0,8103184000.0,806748000.0,1.776,0.926,1409443000.0,293456000.0,1115987000.0,1409443000.0,0.0,293721000.0,0.0,0.012,0.673,1213227000.0,1506948000.0,0.144,1506948000.0,1213227000.0,1132681000.0,4.573,4.513,4.573,4520442000.0,4337194250.0,4520442000.0,11340627983.0,9.0,7.526,709854000.0,4.088,1.0,2357242000.0,0.225,2661014000.0,80546000.0,5376478000.0,5188247000.0,1270971000.0,0.0,0.0,0.0,4188095000.0,1896761000.0,2291334000.0,9992215983.0,-67013000.0,-214755000.0,-388698000.0,-64664000.0,-118729000.0,-551685000.0,-393016000.0,0.0,877539000.0,149000.0,806748000.0,806748000.0,806748000.0,-6007000.0,0.0,0.077,1185810000.0,1171432000.0,734801000.0,0.147,2.21,12.386,12.583,1709239000.0,0.0,57.54,0.955,0.955,1717153000.0,4438085000.0,10460426000.0,10460426000.0,0.0,0.096,0.186,0.234,0.116,33893000.0,1170514000.0,1.0,173656864.0,173656864.0,,60.236,6047523000.0,132261000.0,325933000.0,270676000.0,34.825,1471551000.0
58,PH,MRT,2006-12-31,2006-12-31,2006-12-31,2021-09-08,-130250000.0,8456295000.0,8231681750.0,3176247000.0,5280048000.0,1.236,24.407,-149308000.0,157098000.0,157098000.0,7891547000.0,774962000.0,1.655,0.959,1505510000.0,439180000.0,1066330000.0,1505510000.0,0.0,292491000.0,0.0,0.013,0.653,1172004000.0,1464495000.0,0.144,1464495000.0,1172004000.0,1092823000.0,4.357,4.297,4.357,4317065000.0,4162114000.0,4317065000.0,10205436105.0,9.0,6.969,688846000.0,3.894,1.0,2285978000.0,0.225,2639937000.0,79181000.0,5245987000.0,5088647000.0,1314400000.0,0.0,0.0,0.0,4139230000.0,1918783000.0,2220447000.0,9065750105.0,-156240000.0,-178374000.0,-361959000.0,-182094000.0,-116166000.0,-639813000.0,-350694000.0,0.0,838154000.0,-3887000.0,774962000.0,774962000.0,774962000.0,-6007000.0,0.0,0.076,1153948000.0,1132030000.0,700973000.0,0.15,2.1,11.698,11.763,1706795000.0,0.0,51.253,0.891,0.891,1524240000.0,4258772000.0,10177525000.0,10177525000.0,0.0,0.094,0.186,0.23,0.115,34864000.0,1138652000.0,1.0,176881180.0,176881180.0,,57.539,5816358000.0,131228000.0,317861000.0,228763000.0,32.883,1257464000.0
59,PH,MRT,2006-09-30,2006-09-30,2006-09-30,2021-09-08,-196504000.0,8324483000.0,8066557250.0,3188828000.0,5135655000.0,1.218,23.68,-165988000.0,175854000.0,175854000.0,7659223000.0,711019000.0,1.764,0.949,1315540000.0,269077000.0,1046463000.0,1315540000.0,0.0,289858000.0,0.0,0.012,0.633,1080048000.0,1369906000.0,0.139,1369906000.0,1080048000.0,1003584000.0,3.973,3.92,3.973,4270067000.0,3984690750.0,4270067000.0,10304339867.0,10.0,7.522,691473000.0,3.835,1.0,2164687000.0,0.22,2496881000.0,76464000.0,5159802000.0,5004988500.0,1250827000.0,0.0,0.0,0.0,4054416000.0,1807486000.0,2246930000.0,9344392867.0,-67076000.0,-715530000.0,-180671000.0,264562000.0,-113325000.0,-9028000.0,-907999000.0,0.0,857461000.0,-7510000.0,711019000.0,711019000.0,711019000.0,-6007000.0,0.0,0.072,1106938000.0,1057749000.0,724352000.0,0.159,2.188,13.142,13.043,1680837000.0,0.0,51.82,0.951,0.951,1569479000.0,4095960000.0,9823910000.0,9823910000.0,0.0,0.088,0.178,0.216,0.11,35216000.0,1091642000.0,1.0,180324062.0,180324062.0,,54.479,5827602000.0,132012000.0,292565000.0,321613000.0,32.317,1381342000.0
60,PH,MRT,2006-06-30,2006-06-30,2006-06-30,2021-09-08,-194819000.0,8173432000.0,7732523500.0,3138978000.0,5034454000.0,1.214,23.5,-157015000.0,171553000.0,171553000.0,7367618000.0,673167000.0,1.867,0.927,1131500000.0,72039000.0,1059461000.0,1131500000.0,0.0,280971000.0,0.0,0.012,0.613,1010612000.0,1291583000.0,0.138,1291583000.0,1010612000.0,934849000.0,3.76,3.71,3.76,4241203000.0,3790862250.0,4241203000.0,10505683066.0,10.0,8.134,793679000.0,4.398,1.0,2018270000.0,0.215,2481553000.0,75763000.0,4970721000.0,4854219500.0,1182878000.0,859107000.0,0.0,859107000.0,3932229000.0,1681105000.0,2251124000.0,9336619066.0,-164527000.0,-743266000.0,470000.0,-101480000.0,-109643000.0,-190247000.0,-921243000.0,0.0,950694000.0,-3731000.0,673167000.0,673167000.0,673167000.0,-34891000.0,0.0,0.072,1051942000.0,966328000.0,770665000.0,0.163,2.201,13.87,13.759,1693794000.0,0.0,51.733,0.995,0.995,1592323000.0,3916412000.0,9385888000.0,9385888000.0,0.0,0.087,0.178,0.208,0.108,33448000.0,1036646000.0,1.0,180475884.0,180475884.0,,52.006,5691879000.0,127986000.0,261682000.0,258931000.0,31.538,1457873000.0
61,PH,MRT,2006-03-31,2006-03-31,2006-03-31,2021-09-08,-454766000.0,7972517000.0,7404341250.0,3000678000.0,4971839000.0,1.208,21.271,-170199000.0,250740000.0,250740000.0,7021701000.0,640691000.0,1.744,1.087,1419804000.0,365306000.0,1054498000.0,1419804000.0,0.0,276197000.0,0.0,0.011,0.593,957239000.0,1233436000.0,0.138,1233436000.0,957239000.0,883768000.0,3.593,3.533,3.593,3820121000.0,3565598250.0,3820121000.0,10955150248.0,11.0,8.882,794942000.0,4.426,1.0,1919952000.0,0.215,2442677000.0,73471000.0,4978078000.0,4757356750.0,1137108000.0,0.0,0.0,0.0,4152396000.0,1720826000.0,2431570000.0,9651481248.0,146456000.0,-744519000.0,-2153000.0,217353000.0,-105833000.0,109367000.0,-927120000.0,0.0,965141000.0,-932000.0,640691000.0,640691000.0,640691000.0,-34225000.0,0.0,0.072,996224000.0,923728000.0,619558000.0,0.165,2.526,15.064,14.957,1638492000.0,0.0,53.74,1.079,1.079,1452783000.0,3750067000.0,8941653000.0,8941653000.0,0.0,0.087,0.18,0.201,0.107,28072000.0,992354000.0,1.0,179595855.0,179595855.0,,49.788,5529840000.0,111542000.0,243077000.0,207946000.0,30.79,1279852000.0
62,PH,MRT,2005-12-31,2005-12-31,2005-12-31,2021-09-08,-480972000.0,7795797000.0,7100068250.0,2902768000.0,4893029000.0,1.205,20.08,-168760000.0,313338000.0,313338000.0,6758314000.0,602538000.0,1.662,1.161,1617007000.0,534423000.0,1082584000.0,1617007000.0,0.0,268260000.0,0.0,0.013,0.573,886258000.0,1154518000.0,0.135,1154518000.0,886258000.0,816746000.0,3.38,3.327,3.38,3607372000.0,3475830750.0,3607372000.0,8604956791.0,10.0,7.453,750489000.0,4.178,1.0,1797733000.0,0.21,2441228000.0,69512000.0,4911353000.0,4690911500.0,1153521000.0,0.0,0.0,0.0,4188425000.0,1746885000.0,2441540000.0,7899743791.0,196477000.0,-796910000.0,-42166000.0,370708000.0,-102216000.0,226326000.0,-964703000.0,0.0,919249000.0,-3476000.0,602538000.0,602538000.0,602538000.0,-32949000.0,0.0,0.07,934755000.0,862978000.0,584347000.0,0.17,2.19,13.111,13.01,1643941000.0,0.0,43.973,0.923,0.923,1250448000.0,3599975000.0,8556047000.0,8556047000.0,0.0,0.085,0.173,0.189,0.104,22802000.0,930885000.0,1.0,179648510.0,179648510.0,,47.627,5354569000.0,133508000.0,214208000.0,161390000.0,29.806,1155883000.0
63,PH,MRT,2005-09-30,2005-09-30,2005-09-30,2021-09-08,-492309000.0,6988348000.0,6821392500.0,2729423000.0,4258925000.0,1.217,19.466,-142466000.0,242930000.0,242930000.0,6569536000.0,644641000.0,2.144,1.0,948143000.0,20978000.0,927165000.0,948143000.0,0.0,264631000.0,0.0,0.013,0.547,924464000.0,1189095000.0,0.143,1189095000.0,924464000.0,857303000.0,3.613,3.553,3.613,3494753000.0,3420838250.0,3494753000.0,8331380314.0,9.0,7.006,761645000.0,4.242,1.0,1734905000.0,0.209,1863808000.0,67161000.0,4556726000.0,4652787750.0,1068065000.0,0.0,0.0,0.0,3493595000.0,1273027000.0,2220568000.0,7697074314.0,-47787000.0,-496885000.0,-16200000.0,-196812000.0,-97484000.0,-310496000.0,-639686000.0,0.0,904111000.0,641000.0,644641000.0,644641000.0,644641000.0,-93663000.0,0.0,0.078,906766000.0,828139000.0,536929000.0,0.151,2.202,11.94,11.866,1575590000.0,0.0,42.873,0.927,0.927,1242295000.0,3498266000.0,8304441000.0,8304441000.0,0.0,0.095,0.188,0.199,0.111,17614000.0,902896000.0,1.0,179530578.0,179530578.0,,46.256,5124540000.0,130386000.0,212662000.0,189210000.0,28.544,1456396000.0
64,PH,MRT,2005-06-30,2005-06-30,2005-06-30,2021-09-08,-470964000.0,6860703000.0,6659258000.0,2755707000.0,4104996000.0,1.212,18.527,-134621000.0,336080000.0,336080000.0,6391477000.0,604692000.0,2.118,1.054,970386000.0,31962000.0,938424000.0,970386000.0,0.0,262690000.0,0.0,0.013,0.52,876666000.0,1139356000.0,0.141,1139356000.0,876666000.0,809797000.0,3.393,3.347,3.393,3340147000.0,3326266250.0,3340147000.0,8333456115.0,10.0,7.314,718885000.0,3.988,1.0,1677328000.0,0.208,1610915000.0,66869000.0,4583270000.0,4639847000.0,1017045000.0,831595000.0,0.0,831595000.0,3520556000.0,1300824000.0,2219732000.0,7452828115.0,152233000.0,-438569000.0,-23724000.0,-21202000.0,-92612000.0,-137538000.0,-565383000.0,0.0,853506000.0,1648000.0,604692000.0,604692000.0,604692000.0,-71526000.0,0.0,0.075,864148000.0,813180000.0,569047000.0,0.153,2.231,12.325,12.184,1581348000.0,0.0,41.34,0.924,0.924,1225423000.0,3352888000.0,8068805000.0,8068805000.0,0.0,0.091,0.182,0.189,0.109,0.0,860278000.0,1.0,180281280.0,180281280.0,,44.757,5249788000.0,127490000.0,205105000.0,133193000.0,29.12,1454883000.0
65,PH,MRT,2005-03-31,2005-03-31,2005-03-31,2021-09-08,-239645000.0,6755425000.0,6502890500.0,2611057000.0,4144368000.0,1.192,19.201,-118783000.0,104284000.0,104284000.0,6138310000.0,568753000.0,2.1,0.952,984912000.0,18098000.0,966814000.0,984912000.0,0.0,256572000.0,0.0,0.013,0.513,838708000.0,1095280000.0,0.141,1095280000.0,838708000.0,771317000.0,3.2,3.153,3.2,3461051000.0,3236843000.0,3461051000.0,8273885693.0,10.0,7.554,547015000.0,3.035,1.0,1611092000.0,0.208,1680534000.0,67391000.0,4712297000.0,4624559250.0,1072248000.0,0.0,0.0,0.0,3294374000.0,1243222000.0,2051152000.0,7320836693.0,-65672000.0,-376901000.0,19726000.0,-158738000.0,-91321000.0,-230333000.0,-492016000.0,0.0,665798000.0,-386000.0,568753000.0,568753000.0,568753000.0,-73194000.0,0.0,0.073,838089000.0,773003000.0,533674000.0,0.16,2.115,12.872,12.692,1620928000.0,0.0,40.613,0.945,0.945,1283675000.0,3215188000.0,7749402000.0,7749402000.0,0.0,0.087,0.176,0.181,0.108,0.0,839160000.0,1.0,180256977.0,180256977.0,,42.991,5074891000.0,108384000.0,202564000.0,199429000.0,28.154,1367835000.0
66,PH,MRT,2004-12-31,2004-12-31,2004-12-31,2021-09-08,-192236000.0,6681094000.0,6371734500.0,2552896000.0,4128198000.0,1.18,18.902,-113870000.0,116861000.0,116861000.0,5975803000.0,537231000.0,2.117,0.972,1069910000.0,81082000.0,988828000.0,1069910000.0,0.0,253655000.0,0.0,0.01,0.507,792207000.0,1045862000.0,0.139,1045862000.0,792207000.0,724666000.0,3.027,2.987,3.027,3387402000.0,3069246250.0,3387402000.0,9746432591.0,12.0,9.319,531786000.0,2.967,1.0,1540194000.0,0.205,1669407000.0,67541000.0,4758858000.0,4587600000.0,1119993000.0,0.0,0.0,0.0,3293692000.0,1205878000.0,2087814000.0,9048971591.0,-21186000.0,-527204000.0,43927000.0,36430000.0,-89914000.0,-9557000.0,-631140000.0,0.0,645656000.0,-1929000.0,537231000.0,537231000.0,537231000.0,-76578000.0,0.0,0.071,818310000.0,721884000.0,490134000.0,0.167,2.671,16.844,16.681,1667789000.0,0.0,50.493,1.204,1.204,1158785000.0,3099632000.0,7515997000.0,7515997000.0,0.0,0.084,0.175,0.173,0.105,0.0,819381000.0,1.0,179211214.0,179211214.0,,41.939,5011687000.0,115187000.0,187435000.0,184343000.0,27.965,1347018000.0
67,PH,MRT,2004-09-30,2004-09-30,2004-09-30,2021-09-08,-294278000.0,6339810000.0,6151334750.0,2676920000.0,3662890000.0,1.171,17.395,-111048000.0,290717000.0,290717000.0,5772700000.0,421875000.0,2.189,1.034,988178000.0,33033000.0,955145000.0,988178000.0,0.0,249719000.0,0.0,0.013,0.507,656421000.0,906140000.0,0.126,906140000.0,656421000.0,588849000.0,2.38,2.36,2.38,3116465000.0,2898464000.0,3116465000.0,7835499054.0,12.0,8.647,564446000.0,3.15,1.0,1430706000.0,0.199,1309267000.0,67572000.0,4504963000.0,4511934250.0,1044583000.0,0.0,0.0,0.0,3223345000.0,1223041000.0,2000304000.0,7030344054.0,85308000.0,-169201000.0,42459000.0,-273283000.0,-89638000.0,-320462000.0,-266173000.0,0.0,675494000.0,-5908000.0,421875000.0,421875000.0,421875000.0,-18141000.0,0.0,0.059,783978000.0,646728000.0,509171000.0,0.213,2.256,16.665,16.487,1575865000.0,0.0,39.24,0.976,0.976,1185357000.0,2951088000.0,7203406000.0,7203406000.0,0.0,0.069,0.146,0.145,0.091,0.0,785049000.0,1.0,179162692.0,179162692.0,,40.206,5030543000.0,116991000.0,166974000.0,212125000.0,28.078,1453879000.0
68,PH,MRT,2004-06-30,2004-06-30,2004-06-30,2021-09-08,-311710000.0,6235233000.0,6037030250.0,2491441000.0,3743792000.0,1.141,16.631,-111096000.0,183847000.0,183847000.0,5577888000.0,345783000.0,2.011,1.091,988994000.0,35198000.0,953796000.0,988994000.0,0.0,249686000.0,0.0,0.013,0.507,559798000.0,809484000.0,0.118,809484000.0,559798000.0,486654000.0,1.96,1.94,1.96,2982454000.0,2766313000.0,2982454000.0,8072624420.0,14.0,9.973,551302000.0,3.074,1.0,1309708000.0,0.19,1279617000.0,73144000.0,4522119000.0,4509405750.0,976258000.0,798242000.0,0.0,798242000.0,3252779000.0,1238644000.0,2014135000.0,7108806420.0,-62003000.0,-167101000.0,56223000.0,-415428000.0,-89286000.0,-448491000.0,-270472000.0,0.0,662398000.0,-5438000.0,345783000.0,345783000.0,345783000.0,-13698000.0,0.0,0.05,764499000.0,545209000.0,525113000.0,0.259,2.384,20.559,20.224,1585989000.0,0.0,39.64,1.032,1.032,1174601000.0,2840787000.0,6887596000.0,6887596000.0,0.0,0.057,0.125,0.124,0.081,0.0,765570000.0,1.0,179334168.0,179334168.0,,38.406,4955616000.0,140848000.0,140871000.0,202058000.0,27.633,1252797000.0
69,PH,MRT,2004-03-31,2004-03-31,2004-03-31,2021-09-08,-383820000.0,6230801000.0,5974630250.0,2493055000.0,3737746000.0,1.108,15.603,-120675000.0,169956000.0,169956000.0,5458145000.0,269392000.0,1.872,1.233,1133774000.0,165448000.0,968326000.0,1133774000.0,0.0,256523000.0,0.0,0.013,0.507,453295000.0,709818000.0,0.107,709818000.0,453295000.0,375011000.0,1.52,1.513,1.52,2790664000.0,2650927250.0,2790664000.0,7610381751.0,17.0,10.722,605718000.0,3.387,1.0,1162914000.0,0.176,1298743000.0,78284000.0,4564460000.0,4513518250.0,984900000.0,0.0,0.0,0.0,3440137000.0,1331416000.0,2108721000.0,6737051751.0,117260000.0,-201041000.0,48738000.0,-263533000.0,-88939000.0,-303734000.0,-310946000.0,0.0,726393000.0,-2683000.0,269392000.0,269392000.0,269392000.0,-8820000.0,0.0,0.041,721877000.0,441037000.0,501899000.0,0.334,2.414,25.008,24.781,1628708000.0,0.0,37.667,1.018,1.018,1190598000.0,2737733000.0,6621059000.0,6621059000.0,0.0,0.045,0.102,0.1,0.068,0.0,718220000.0,1.0,178859781.0,178859781.0,,37.018,4932058000.0,108409000.0,105619000.0,160652000.0,27.575,1161639000.0
70,PH,MRT,2003-12-31,2003-12-31,2003-12-31,2021-09-08,-368953000.0,5799495000.0,5855951750.0,2206928000.0,3592567000.0,1.091,15.205,-128938000.0,138047000.0,138047000.0,5300278000.0,210207000.0,2.172,1.145,1011377000.0,36142000.0,975235000.0,1011377000.0,0.0,255977000.0,0.0,0.013,0.507,388976000.0,644953000.0,0.101,644953000.0,388976000.0,307572000.0,1.193,1.193,1.193,2704273000.0,2634234000.0,2704273000.0,8095075312.0,21.0,12.551,539361000.0,3.033,1.0,1088568000.0,0.17,1200665000.0,81404000.0,4456195000.0,4523512000.0,999779000.0,0.0,0.0,0.0,3095222000.0,1015965000.0,2079257000.0,7055087312.0,102682000.0,-6817000.0,39715000.0,-392044000.0,-88574000.0,-440903000.0,-130262000.0,0.0,668299000.0,918000.0,210207000.0,210207000.0,210207000.0,-6712000.0,0.0,0.033,708803000.0,379765000.0,444076000.0,0.425,2.609,33.563,33.25,1632764000.0,0.0,39.667,1.104,1.104,926393000.0,2652294000.0,6388846000.0,6388846000.0,0.0,0.036,0.08,0.086,0.061,0.0,705146000.0,1.0,177859344.0,177859344.0,,35.921,4598830000.0,103106000.0,97365000.0,103155000.0,25.857,1190963000.0
71,PH,MRT,2003-09-30,2003-09-30,2003-09-30,2021-09-08,-433015000.0,5882592000.0,5803883000.0,2305955000.0,3576637000.0,1.088,14.6,-133574000.0,205409000.0,205409000.0,5245303000.0,191988000.0,1.835,1.273,1245397000.0,289041000.0,956356000.0,1245397000.0,0.0,257971000.0,0.0,0.017,0.5,372677000.0,630648000.0,0.1,630648000.0,372677000.0,285354000.0,1.1,1.093,1.1,2587861000.0,2625947250.0,2587861000.0,6426823158.0,17.0,10.191,422867000.0,2.386,1.0,1067404000.0,0.169,1171368000.0,87323000.0,4494849000.0,4498748250.0,991306000.0,0.0,0.0,0.0,3294731000.0,1256363000.0,2038368000.0,5282106158.0,159679000.0,48000.0,22209000.0,-201149000.0,-87122000.0,-266062000.0,-132313000.0,0.0,556441000.0,2118000.0,191988000.0,191988000.0,191988000.0,-4435000.0,0.0,0.03,702421000.0,364983000.0,415380000.0,0.455,2.041,27.513,27.091,1632563000.0,0.0,29.8,0.837,0.837,967866000.0,2618828000.0,6312707000.0,6312707000.0,0.0,0.033,0.073,0.083,0.059,0.0,698764000.0,1.0,177251884.0,177251884.0,,35.614,4711224000.0,102498000.0,93366000.0,102464000.0,26.579,1049592000.0
72,PH,MRT,2003-06-30,2003-06-30,2003-06-30,2021-09-08,-445982000.0,5985633000.0,5739839250.0,2396807000.0,3588826000.0,1.1,14.227,-137321000.0,245850000.0,245850000.0,5246417000.0,196272000.0,1.683,1.374,1390567000.0,424235000.0,966332000.0,1390567000.0,0.0,258665000.0,0.0,0.018,0.493,373839000.0,632504000.0,0.1,632504000.0,373839000.0,292432000.0,1.127,1.12,1.127,2520911000.0,2632271500.0,2520911000.0,6265947102.0,17.0,9.907,420241000.0,2.372,1.0,1065276000.0,0.169,1168054000.0,81407000.0,4538569000.0,4507430500.0,997167000.0,720022000.0,0.0,720022000.0,3464722000.0,1423727000.0,2040995000.0,4960201102.0,199466000.0,-1939000.0,9386000.0,-145716000.0,-85833000.0,-222163000.0,-136404000.0,0.0,557562000.0,976000.0,196272000.0,196272000.0,196272000.0,-4435000.0,0.0,0.031,698472000.0,366804000.0,437103000.0,0.437,1.968,25.272,24.839,1657425000.0,0.0,27.993,0.786,0.786,1002060000.0,2584268000.0,6311693000.0,6311693000.0,0.0,0.034,0.075,0.083,0.059,0.0,694815000.0,1.0,177192228.0,177192228.0,,35.621,4817579000.0,143106000.0,96160000.0,85874000.0,27.188,973080000.0
73,PH,MRT,2003-03-31,2003-03-31,2003-03-31,2021-09-08,-207013000.0,5756087000.0,5681576750.0,2200360000.0,3555727000.0,1.128,15.374,-143793000.0,52696000.0,52696000.0,5332954000.0,135340000.0,1.68,1.113,1358442000.0,410278000.0,948164000.0,1358442000.0,0.0,291659000.0,0.0,0.019,0.487,307112000.0,598771000.0,0.093,598771000.0,307112000.0,225691000.0,0.78,0.767,0.78,2723891000.0,2647922750.0,2723891000.0,5894961812.0,19.0,9.845,355437000.0,2.006,1.0,1074588000.0,0.168,1148018000.0,81421000.0,4604435000.0,4552009250.0,1027939000.0,0.0,0.0,0.0,3032196000.0,1309380000.0,1722816000.0,4575777812.0,20779000.0,-3948000.0,19411000.0,-288469000.0,-84519000.0,-353577000.0,-130802000.0,0.0,499230000.0,5928000.0,135340000.0,135340000.0,135340000.0,0.0,0.0,0.021,768228000.0,306360000.0,395658000.0,0.624,1.68,33.81,33.111,1661714000.0,0.0,25.827,0.714,0.714,991131000.0,2557259000.0,6407542000.0,6407542000.0,0.0,0.024,0.051,0.067,0.048,0.0,720198000.0,1.0,177172605.0,177172605.0,,36.166,4608069000.0,85329000.0,90351000.0,167942000.0,26.009,890980000.0
74,PH,MRT,2002-12-31,2002-12-31,2002-12-31,2021-09-08,-225552000.0,5591220000.0,5681309250.0,2121613000.0,3469607000.0,1.116,15.086,-152792000.0,35365000.0,35365000.0,5273769000.0,139034000.0,1.498,1.093,1354549000.0,580816000.0,773733000.0,1354549000.0,0.0,288909000.0,0.0,0.016,0.48,310130000.0,599039000.0,0.095,599039000.0,310130000.0,228295000.0,0.8,0.787,0.8,2671126000.0,2623507250.0,2671126000.0,6807795299.0,22.0,11.365,388367000.0,2.193,1.0,1065261000.0,0.168,1136588000.0,81835000.0,4357140000.0,4574971000.0,1058579000.0,0.0,0.0,0.0,2920094000.0,1416676000.0,1503418000.0,5445083299.0,6482000.0,-76914000.0,27182000.0,-242149000.0,-83104000.0,-298071000.0,-241895000.0,0.0,541159000.0,5289000.0,139034000.0,139034000.0,139034000.0,0.0,0.0,0.022,757614000.0,307647000.0,371835000.0,0.6,2.038,39.164,38.442,1674837000.0,0.0,30.753,0.859,0.859,898888000.0,2530640000.0,6339030000.0,6339030000.0,0.0,0.024,0.053,0.068,0.049,0.0,709584000.0,1.0,177056686.0,177056686.0,,35.802,4454632000.0,87483000.0,89261000.0,145528000.0,25.159,704937000.0
75,PH,MRT,2002-09-30,2002-09-30,2002-09-30,2021-09-08,-265273000.0,5626417000.0,5670708750.0,2163317000.0,3463100000.0,1.104,14.76,-169496000.0,45730000.0,45730000.0,5218835000.0,130544000.0,1.618,1.153,1408442000.0,453130000.0,955312000.0,1408442000.0,0.0,283908000.0,0.0,0.019,0.48,297452000.0,581360000.0,0.093,581360000.0,297452000.0,217237000.0,0.747,0.74,0.747,2613158000.0,2601986750.0,2613158000.0,5969063660.0,20.0,10.267,403606000.0,2.28,1.0,1040324000.0,0.166,1122412000.0,80215000.0,4529578000.0,4644869000.0,1046342000.0,0.0,0.0,0.0,3013259000.0,1337139000.0,1676120000.0,4509871660.0,10346000.0,-251535000.0,21244000.0,-64346000.0,-82949000.0,-126051000.0,-439833000.0,0.0,573102000.0,3128000.0,130544000.0,130544000.0,130544000.0,0.0,0.0,0.021,745355000.0,294969000.0,413912000.0,0.643,1.726,34.547,34.101,1681958000.0,0.0,25.473,0.721,0.721,945861000.0,2513941000.0,6259159000.0,6259159000.0,0.0,0.023,0.05,0.064,0.048,0.0,697325000.0,1.0,177042855.0,177042855.0,,35.354,4504005000.0,80386000.0,86693000.0,140975000.0,25.44,826178000.0
76,PH,MRT,2002-06-30,2002-06-30,2002-06-30,2021-09-08,-247497000.0,5752583000.0,5638098250.0,2235618000.0,3516965000.0,1.091,14.632,-186715000.0,46384000.0,46384000.0,5116570000.0,130150000.0,1.644,1.227,1505576000.0,416693000.0,1088883000.0,1505576000.0,0.0,281598000.0,0.0,0.015,0.48,300520000.0,582118000.0,0.095,582118000.0,300520000.0,218036000.0,0.753,0.747,0.753,2583516000.0,2593856750.0,2583516000.0,7193234133.0,24.0,12.357,444331000.0,2.517,1.0,1032552000.0,0.168,1135054000.0,82484000.0,4716884000.0,4592403250.0,1051968000.0,675877000.0,0.0,675877000.0,3169067000.0,1359837000.0,1809230000.0,5625213133.0,22819000.0,-385093000.0,20250000.0,61711000.0,-82838000.0,-877000.0,-608718000.0,0.0,631046000.0,1368000.0,130150000.0,130150000.0,130150000.0,0.0,0.0,0.021,734515000.0,298037000.0,443525000.0,0.637,2.177,43.221,42.311,1696965000.0,0.0,31.86,0.915,0.915,1006313000.0,2473808000.0,6149122000.0,6149122000.0,0.0,0.023,0.05,0.065,0.049,0.0,686485000.0,1.0,176560362.0,176560362.0,,34.827,4617529000.0,91490000.0,87886000.0,125264000.0,26.153,875781000.0
77,PH,MRT,2002-03-31,2002-03-31,2002-03-31,2021-09-08,-205420000.0,5755017000.0,5534367750.0,2323956000.0,3431061000.0,1.08,14.944,-202578000.0,31917000.0,31917000.0,4906283000.0,191358000.0,1.566,1.191,1599938000.0,547764000.0,1052174000.0,1599938000.0,0.0,244699000.0,0.0,0.014,0.48,377950000.0,622649000.0,0.104,622649000.0,377950000.0,290527000.0,1.107,1.093,1.107,2626229000.0,2580206500.0,2626229000.0,7373700729.0,20.0,11.842,475901000.0,2.708,1.0,1070042000.0,0.179,1143147000.0,87423000.0,4696282000.0,4498640250.0,1070287000.0,98850000.0,98850000.0,0.0,3128788000.0,1483609000.0,1645179000.0,5846244729.0,-13292000.0,-453682000.0,10077000.0,110381000.0,-82681000.0,37777000.0,-727993000.0,0.0,678479000.0,-1555000.0,191358000.0,191358000.0,191358000.0,0.0,0.0,0.032,642735000.0,427307000.0,378951000.0,0.434,2.226,30.551,30.051,1683768000.0,0.0,33.267,0.978,0.978,981972000.0,2506438000.0,5976325000.0,5976325000.0,0.0,0.035,0.074,0.084,0.063,0.0,690408000.0,1.0,175738820.0,175738820.0,,34.007,4611870000.0,98682000.0,99169000.0,220989000.0,26.243,840347000.0
78,PH,MRT,2001-12-31,2001-12-31,2001-12-31,2021-09-08,-198312000.0,5548818000.0,5408473000.0,2190523000.0,3358295000.0,1.098,14.695,-248791000.0,28883000.0,28883000.0,4818281000.0,227075000.0,1.635,1.147,1556339000.0,493278000.0,1063061000.0,1556339000.0,0.0,253489000.0,0.0,0.016,0.48,443278000.0,696767000.0,0.117,696767000.0,443278000.0,352375000.0,1.32,1.307,1.32,2585044000.0,2546235250.0,2585044000.0,6806374963.0,15.0,9.769,455616000.0,2.59,1.0,1121770000.0,0.189,1100178000.0,90903000.0,4636732000.0,4435760000.0,1110732000.0,92912000.0,92912000.0,0.0,2963774000.0,1339364000.0,1624410000.0,5384102963.0,-42646000.0,-408197000.0,7369000.0,34134000.0,-82620000.0,-41117000.0,-703265000.0,0.0,704407000.0,-2671000.0,227075000.0,227075000.0,227075000.0,0.0,0.0,0.038,630551000.0,491219000.0,336454000.0,0.364,2.083,23.711,23.187,1701925000.0,0.0,30.607,0.906,0.906,813638000.0,2474709000.0,5940051000.0,5940051000.0,0.0,0.042,0.089,0.1,0.075,0.0,678224000.0,1.0,175912752.0,175912752.0,,33.767,4448640000.0,101303000.0,125300000.0,206305000.0,25.289,851159000.0
79,PH,MRT,2001-09-30,2001-09-30,2001-09-30,2021-09-08,-198918000.0,5495975000.0,5348361250.0,2244003000.0,3251972000.0,1.116,14.664,-299724000.0,35384000.0,35384000.0,4766752000.0,276327000.0,1.498,1.13,1457656000.0,583428000.0,874228000.0,1457656000.0,0.0,258858000.0,0.0,0.021,0.473,521747000.0,780605000.0,0.131,780605000.0,521747000.0,426803000.0,1.607,1.593,1.607,2580638000.0,2514260500.0,2580638000.0,5404131234.0,10.0,6.923,412196000.0,2.342,1.0,1203588000.0,0.202,1100959000.0,94944000.0,4319715000.0,4410052500.0,1047713000.0,86992000.0,86992000.0,0.0,2915337000.0,1497573000.0,1417764000.0,4024116234.0,-19806000.0,-232876000.0,14097000.0,-118699000.0,-81291000.0,-185893000.0,-544333000.0,0.0,711920000.0,-1500000.0,276327000.0,276327000.0,276327000.0,0.0,0.0,0.046,635264000.0,568324000.0,380009000.0,0.294,1.559,14.563,14.229,1600157000.0,0.0,22.867,0.674,0.674,920958000.0,2466347000.0,5970340000.0,5970340000.0,0.0,0.052,0.11,0.118,0.087,0.0,682937000.0,1.0,175981760.0,175981760.0,,33.926,4395016000.0,109376000.0,150476000.0,225558000.0,24.974,746430000.0
80,PH,MRT,2001-06-30,2001-06-30,2001-06-30,2021-09-08,-204531000.0,5337661000.0,5306799000.0,2196362000.0,3141299000.0,1.127,14.428,-244704000.0,23565000.0,23565000.0,4728156000.0,340792000.0,1.554,1.111,1403580000.0,546502000.0,857078000.0,1403580000.0,0.0,264527000.0,0.0,0.017,0.467,623958000.0,888485000.0,0.149,888485000.0,623958000.0,528183000.0,1.987,1.973,1.987,2528915000.0,2467643500.0,2528915000.0,6392672066.0,10.0,7.195,284083000.0,1.621,1.0,1251448000.0,0.209,962715000.0,95775000.0,4341832000.0,4448791250.0,1008864000.0,621904000.0,0.0,621904000.0,2808746000.0,1413129000.0,1395617000.0,4959097066.0,-44895000.0,-583254000.0,15971000.0,311465000.0,-79921000.0,247515000.0,-819828000.0,0.0,528787000.0,-1369000.0,340792000.0,340792000.0,340792000.0,0.0,0.0,0.057,632290000.0,619158000.0,367806000.0,0.235,1.961,14.552,14.239,1548688000.0,0.0,28.293,0.829,0.829,922325000.0,2426496000.0,5979604000.0,5979604000.0,0.0,0.064,0.138,0.14,0.104,0.0,679963000.0,1.0,175274402.0,175274402.0,,34.116,4374946000.0,99431000.0,187391000.0,193582000.0,24.961,783233000.0
81,PH,MRT,2001-03-31,2001-03-31,2001-03-31,2021-09-08,-199158000.0,5251438000.0,5133958500.0,2286891000.0,2964547000.0,1.17,14.241,-240643000.0,45209000.0,45209000.0,4697434000.0,404406000.0,1.648,1.109,1478784000.0,613328000.0,865456000.0,1478784000.0,0.0,250187000.0,0.0,0.017,0.46,661157000.0,911344000.0,0.152,911344000.0,661157000.0,626171000.0,2.367,2.353,2.367,2490344000.0,2412779250.0,2490344000.0,6081312144.0,9.0,6.673,240773000.0,1.377,1.0,1307833000.0,0.218,852973000.0,34986000.0,4444761000.0,4327797250.0,1006037000.0,0.0,0.0,0.0,2761094000.0,1387279000.0,1373815000.0,4630520144.0,-15506000.0,-742253000.0,15436000.0,531863000.0,-78600000.0,468699000.0,-963432000.0,0.0,481416000.0,-2189000.0,404406000.0,404406000.0,404406000.0,0.0,0.0,0.067,653568000.0,654265000.0,333212000.0,0.194,1.859,11.45,11.187,1507047000.0,0.0,26.48,0.771,0.771,888760000.0,2397761000.0,6005267000.0,6005267000.0,0.0,0.079,0.168,0.153,0.11,0.0,647964000.0,1.0,174868586.0,174868586.0,,34.342,4398465000.0,93671000.0,221765000.0,180428000.0,25.153,899612000.0
82,PH,MRT,2000-12-31,2000-12-31,2000-12-31,2021-09-08,-154168000.0,5308371000.0,4796679250.0,2366459000.0,2941912000.0,1.221,14.067,-205280000.0,71529000.0,71529000.0,4550324000.0,423035000.0,1.717,1.16,1522321000.0,540368000.0,981953000.0,1522321000.0,0.0,233000000.0,0.0,0.015,0.453,676778000.0,909778000.0,0.155,909778000.0,676778000.0,650668000.0,2.507,2.487,2.507,2457145000.0,2299125250.0,2457145000.0,6633358445.0,10.0,7.291,294224000.0,1.684,1.0,1306544000.0,0.223,847117000.0,26110000.0,4533902000.0,4181211750.0,1065313000.0,0.0,0.0,0.0,2851226000.0,1378144000.0,1473082000.0,5139005445.0,-2824000.0,-830535000.0,1445000.0,578866000.0,-76613000.0,503698000.0,-1004023000.0,0.0,499504000.0,-2003000.0,423035000.0,423035000.0,423035000.0,0.0,0.0,0.072,635242000.0,671302000.0,378778000.0,0.181,2.091,12.148,11.735,1496932000.0,0.0,29.42,0.877,0.877,870510000.0,2330253000.0,5856868000.0,5856868000.0,0.0,0.088,0.184,0.162,0.116,0.0,629638000.0,1.0,174677276.0,174677276.0,,33.53,4461254000.0,83296000.0,227633000.0,160089000.0,25.54,988315000.0
83,PH,MRT,2000-09-30,2000-09-30,2000-09-30,2021-09-08,-154776000.0,5329726000.0,4400189250.0,2399469000.0,2930257000.0,1.279,13.72,-164729000.0,55190000.0,55190000.0,4369258000.0,419684000.0,1.614,1.226,1549543000.0,596109000.0,953434000.0,1549543000.0,0.0,220637000.0,0.0,0.02,0.453,658231000.0,878868000.0,0.156,878868000.0,658231000.0,643700000.0,2.513,2.487,2.513,2394170000.0,2177075000.0,2394170000.0,4895000885.0,7.0,5.57,275489000.0,1.579,1.0,1259198000.0,0.224,862892000.0,14531000.0,4474670000.0,3989981250.0,1027213000.0,0.0,0.0,0.0,2935556000.0,1486517000.0,1449039000.0,3926400885.0,-9231000.0,-833927000.0,1056000.0,624154000.0,-75803000.0,549407000.0,-994646000.0,0.0,440218000.0,-4210000.0,419684000.0,419684000.0,419684000.0,0.0,0.0,0.075,605803000.0,653395000.0,360787000.0,0.18,1.64,9.356,8.953,1435642000.0,0.0,22.5,0.698,0.698,953904000.0,2271311000.0,5628456000.0,5628456000.0,0.0,0.095,0.193,0.165,0.117,0.0,600199000.0,1.0,174506706.0,174506706.0,,32.254,4466834000.0,86754000.0,224016000.0,221233000.0,25.597,912952000.0
84,PH,MRT,2000-06-30,2000-06-30,2000-06-30,2021-09-08,-125458000.0,4646299000.0,4010348250.0,2153113000.0,2493186000.0,1.343,13.752,-198431000.0,68460000.0,68460000.0,4186850000.0,368232000.0,1.815,1.012,1037060000.0,335298000.0,701762000.0,1037060000.0,0.0,206408000.0,0.0,0.02,0.453,621370000.0,827778000.0,0.154,827778000.0,621370000.0,562187000.0,2.227,2.207,2.227,2309458000.0,2061076000.0,2309458000.0,4563767470.0,7.0,5.513,339609000.0,2.022,1.0,1198768000.0,0.223,570740000.0,59183000.0,3857856000.0,3806791000.0,974196000.0,574241000.0,0.0,574241000.0,2336841000.0,1186303000.0,1150538000.0,3834535470.0,35183000.0,-351011000.0,1202000.0,154621000.0,-74963000.0,80860000.0,-579709000.0,0.0,538040000.0,-4008000.0,368232000.0,368232000.0,368232000.0,0.0,0.0,0.068,581510000.0,617258000.0,372666000.0,0.203,1.66,10.413,10.253,1340915000.0,0.0,22.833,0.712,0.712,840040000.0,2165625000.0,5385618000.0,5385618000.0,0.0,0.092,0.179,0.163,0.115,0.0,575906000.0,1.0,167935860.0,167935860.0,,32.069,4075559000.0,81001000.0,193955000.0,162147000.0,24.269,966810000.0
85,PH,MRT,2000-03-31,2000-03-31,2000-03-31,2021-09-08,-118680000.0,3902321000.0,3775245500.0,1854545000.0,2047776000.0,1.374,12.108,-206591000.0,60715000.0,60715000.0,4039707000.0,347601000.0,2.399,0.917,789947000.0,83351000.0,706596000.0,789947000.0,0.0,205034000.0,0.0,0.016,0.453,593546000.0,798580000.0,0.154,798580000.0,593546000.0,531773000.0,2.12,2.107,2.12,2035728000.0,1947177000.0,2035728000.0,5330665601.0,9.0,6.675,337989000.0,2.01,1.0,1148614000.0,0.221,0.0,61773000.0,3858419000.0,3657820750.0,909835000.0,0.0,0.0,0.0,1866593000.0,773134000.0,1093459000.0,4630303601.0,19638000.0,-121474000.0,5067000.0,-105561000.0,-73978000.0,-174472000.0,-346181000.0,0.0,544580000.0,-4289000.0,347601000.0,347601000.0,347601000.0,0.0,0.0,0.067,560848000.0,587766000.0,301193000.0,0.214,2.275,13.321,12.991,1237603000.0,0.0,27.54,0.892,0.892,800241000.0,2071955000.0,5188321000.0,5188321000.0,0.0,0.092,0.179,0.162,0.114,0.0,558434000.0,1.0,168130124.0,168130124.0,,30.859,3902321000.0,65725000.0,184172000.0,95965000.0,23.21,1081411000.0
86,PH,MRT,1999-12-31,1999-12-31,1999-12-31,2021-09-08,-99865000.0,3722411000.0,3722497000.0,1767490000.0,1954921000.0,1.357,11.721,-205365000.0,74353000.0,74353000.0,3954711000.0,317409000.0,2.703,0.891,774715000.0,61123000.0,713592000.0,774715000.0,0.0,204226000.0,0.0,0.013,0.453,545648000.0,749874000.0,0.148,749874000.0,545648000.0,486578000.0,1.94,1.927,1.94,1968944000.0,1884152500.0,1968944000.0,6459031616.0,12.0,8.613,344139000.0,2.049,1.0,1095740000.0,0.217,0.0,59070000.0,3768980000.0,3632345000.0,915037000.0,0.0,0.0,0.0,1753467000.0,653793000.0,1099674000.0,5746391616.0,34413000.0,-5711000.0,125588000.0,-320400000.0,-73842000.0,-268654000.0,-241673000.0,0.0,549504000.0,-4764000.0,317409000.0,317409000.0,317409000.0,0.0,0.0,0.063,555872000.0,539868000.0,253798000.0,0.234,2.919,18.104,17.632,1214202000.0,0.0,34.207,1.138,1.138,692357000.0,1983832000.0,5050451000.0,5050451000.0,0.0,0.085,0.168,0.15,0.108,0.0,553458000.0,1.0,167990400.0,167990400.0,,30.064,3722411000.0,66722000.0,169169000.0,70377000.0,22.158,1113697000.0
87,PH,MRT,1999-09-30,1999-09-30,1999-09-30,2021-09-08,-79112000.0,3770362000.0,3722232250.0,1811994000.0,1958368000.0,1.346,11.499,-200302000.0,64421000.0,64421000.0,3926580000.0,305978000.0,2.445,0.953,777061000.0,59462000.0,717599000.0,777061000.0,0.0,205670000.0,0.0,0.015,0.44,531656000.0,737326000.0,0.147,737326000.0,531656000.0,468940000.0,1.873,1.86,1.873,1930174000.0,1834353250.0,1930174000.0,5766523551.0,11.0,7.821,357377000.0,2.129,1.0,1083685000.0,0.216,0.0,62716000.0,3741909000.0,3619191250.0,920843000.0,0.0,0.0,0.0,1840188000.0,741093000.0,1099095000.0,5014434551.0,20220000.0,-3406000.0,105528000.0,-331901000.0,-71553000.0,-297926000.0,-237264000.0,0.0,557679000.0,-2269000.0,305978000.0,305978000.0,305978000.0,0.0,0.0,0.061,557085000.0,526600000.0,288521000.0,0.235,2.598,16.388,15.949,1207012000.0,0.0,29.873,1.001,1.001,739682000.0,1927429000.0,5010265000.0,5010265000.0,0.0,0.082,0.167,0.147,0.106,0.0,554671000.0,1.0,167856546.0,167856546.0,,29.848,3770362000.0,65907000.0,162962000.0,116972000.0,22.462,1070901000.0
88,PH,MRT,1999-06-30,1999-06-30,1999-06-30,2021-09-08,-92858000.0,3705888000.0,3719659250.0,1774684000.0,1931204000.0,1.341,11.389,-223740000.0,33277000.0,33277000.0,3897266000.0,310501000.0,2.352,0.999,785366000.0,60609000.0,724757000.0,785366000.0,0.0,202046000.0,0.0,0.014,0.427,541391000.0,743437000.0,0.149,743437000.0,541391000.0,477694000.0,1.9,1.887,1.9,1853862000.0,1787083250.0,1853862000.0,5830008162.0,11.0,7.842,235357000.0,1.446,1.0,1089430000.0,0.218,441489000.0,63697000.0,3261975000.0,3608543250.0,915130000.0,260495000.0,0.0,260495000.0,1852026000.0,754513000.0,1097513000.0,4964829162.0,2789000.0,-89865000.0,74076000.0,-148407000.0,-69461000.0,-143792000.0,-313057000.0,0.0,459097000.0,541000.0,310501000.0,310501000.0,310501000.0,0.0,0.0,0.062,553095000.0,536335000.0,313173000.0,0.225,2.678,15.99,16.053,1200869000.0,0.0,30.5,0.996,0.996,738773000.0,1872356000.0,4986696000.0,4986696000.0,0.0,0.083,0.174,0.15,0.109,0.0,550681000.0,1.0,162781284.0,162781284.0,,30.634,3264399000.0,92927000.0,167193000.0,83384000.0,20.054,1020171000.0
89,PH,MRT,1999-03-31,1999-03-31,1999-03-31,2021-09-08,-79972000.0,3691327000.0,3674392500.0,1799211000.0,1892116000.0,1.337,10.962,-233302000.0,41077000.0,41077000.0,3828933000.0,304911000.0,2.249,1.07,906256000.0,172752000.0,733504000.0,906256000.0,0.0,198601000.0,0.0,0.018,0.413,534394000.0,732995000.0,0.149,732995000.0,534394000.0,472152000.0,1.86,1.84,1.86,1783630000.0,1744480250.0,1783630000.0,4660091362.0,9.0,6.358,168653000.0,1.037,1.0,1082959000.0,0.22,0.0,62242000.0,3756516000.0,3514127000.0,939041000.0,0.0,0.0,0.0,1907697000.0,799990000.0,1107707000.0,3715224362.0,-1368000.0,-149959000.0,38681000.0,9476000.0,-67702000.0,-19545000.0,-384675000.0,0.0,401955000.0,897000.0,304911000.0,304911000.0,304911000.0,0.0,0.0,0.062,547151000.0,535808000.0,268193000.0,0.222,2.083,12.185,12.276,1186772000.0,0.0,22.833,0.756,0.756,718711000.0,1798332000.0,4911892000.0,4911892000.0,0.0,0.083,0.175,0.152,0.109,0.0,547246000.0,1.0,162710556.0,162710556.0,,30.188,3691327000.0,80828000.0,167241000.0,83146000.0,22.686,999221000.0
90,PH,MRT,1998-12-31,1998-12-31,1998-12-31,2021-09-08,-35335000.0,3721352000.0,3598699750.0,1821119000.0,1900233000.0,1.348,10.832,-233063000.0,39940000.0,39940000.0,3752118000.0,311625000.0,1.917,1.103,984807000.0,350604000.0,634203000.0,984807000.0,0.0,194476000.0,0.0,0.018,0.4,549425000.0,743901000.0,0.153,743901000.0,549425000.0,486335000.0,1.893,1.873,1.893,1769747000.0,1707537500.0,1769747000.0,4517228815.0,8.0,6.072,83443000.0,0.511,1.0,1100533000.0,0.227,0.0,63090000.0,3716365000.0,3268806750.0,1011723000.0,0.0,0.0,0.0,1951605000.0,949854000.0,1001751000.0,3567162815.0,3259000.0,-179272000.0,-100018000.0,255297000.0,-65794000.0,89485000.0,-404607000.0,0.0,316506000.0,1875000.0,311625000.0,311625000.0,311625000.0,0.0,0.0,0.064,549331000.0,551202000.0,282166000.0,0.211,2.016,11.447,11.534,1191294000.0,0.0,21.833,0.735,0.735,661261000.0,1740265000.0,4852651000.0,4852651000.0,0.0,0.087,0.182,0.168,0.113,0.0,549426000.0,1.0,163381503.0,163381503.0,,29.701,3721352000.0,87567000.0,174710000.0,64321000.0,22.777,871265000.0
91,PH,MRT,1998-09-30,1998-09-30,1998-09-30,2021-09-08,-34827000.0,3760070000.0,3467759500.0,1875787000.0,1884283000.0,1.375,10.619,-229534000.0,44201000.0,44201000.0,3671160000.0,319407000.0,1.856,1.16,994267000.0,355218000.0,639049000.0,994267000.0,0.0,186630000.0,0.0,0.02,0.4,558587000.0,745217000.0,0.156,745217000.0,558587000.0,500089000.0,1.927,1.907,1.927,1741094000.0,1664402500.0,1741094000.0,3993293481.0,7.0,5.359,36973000.0,0.225,1.0,1097418000.0,0.23,0.0,58498000.0,3699317000.0,3006860250.0,1010062000.0,0.0,0.0,0.0,2018976000.0,1010819000.0,1008157000.0,3245353481.0,4745000.0,-178816000.0,-116131000.0,324368000.0,-66185000.0,142052000.0,-404805000.0,0.0,266507000.0,991000.0,319407000.0,319407000.0,319407000.0,0.0,0.0,0.067,540922000.0,556496000.0,285642000.0,0.208,1.864,10.161,10.272,1177344000.0,0.0,19.793,0.681,0.681,714364000.0,1693002000.0,4768578000.0,4768578000.0,0.0,0.092,0.192,0.186,0.117,0.0,541017000.0,1.0,163961948.0,163961948.0,,29.083,3760070000.0,86577000.0,180682000.0,102550000.0,22.933,864968000.0
92,PH,MRT,1998-06-30,1998-06-30,1998-06-30,2021-09-08,-60026000.0,3524821000.0,3327167250.0,1780075000.0,1744746000.0,1.392,10.149,-229794000.0,30488000.0,30488000.0,3550992000.0,319551000.0,1.8,1.094,778428000.0,265485000.0,512943000.0,778428000.0,0.0,182679000.0,0.0,0.014,0.367,553100000.0,735779000.0,0.159,735779000.0,553100000.0,500313000.0,1.92,1.9,1.92,1683450000.0,1628021500.0,1683450000.0,4916537013.0,9.0,6.682,90805000.0,0.547,1.0,1082031000.0,0.234,399681000.0,52787000.0,2884310000.0,2816054000.0,944271000.0,194632000.0,0.0,194632000.0,1841371000.0,988770000.0,852601000.0,4216336013.0,-38509000.0,-232953000.0,-96887000.0,264896000.0,-66501000.0,101508000.0,-459117000.0,0.0,320599000.0,-1499000.0,319551000.0,319551000.0,319551000.0,0.0,0.0,0.069,532039000.0,549992000.0,338249000.0,0.191,2.505,13.195,13.24,1135225000.0,0.0,25.42,0.91,0.91,699179000.0,1631316000.0,4633023000.0,4633023000.0,0.0,0.096,0.196,0.196,0.119,0.0,532134000.0,1.0,165866877.0,165866877.0,,27.932,3125140000.0,99310000.0,180762000.0,64113000.0,18.841,791305000.0
93,PH,MRT,1998-03-31,1998-03-31,1998-03-31,2021-09-08,-61030000.0,3388556000.0,3195698500.0,1702274000.0,1686282000.0,1.411,9.835,-221532000.0,42445000.0,42445000.0,3438259000.0,325206000.0,1.819,1.071,742646000.0,255161000.0,487485000.0,742646000.0,0.0,176404000.0,0.0,0.01,0.356,554672000.0,731076000.0,0.162,731076000.0,554672000.0,507057000.0,1.953,1.933,1.953,1635859000.0,1593984250.0,1635859000.0,6340712852.0,11.0,8.673,126202000.0,0.759,1.0,1071472000.0,0.238,377908000.0,47615000.0,2775235000.0,2702800750.0,873290000.0,226885000.0,0.0,226885000.0,1752697000.0,935614000.0,817083000.0,5697224852.0,-3501000.0,-176896000.0,-77997000.0,168507000.0,-64850000.0,25660000.0,-373066000.0,0.0,347734000.0,-3829000.0,325206000.0,325206000.0,325206000.0,0.0,0.0,0.072,522140000.0,549332000.0,283938000.0,0.182,3.483,17.519,17.539,1081489000.0,0.0,34.253,1.263,1.263,677610000.0,1561123000.0,4509731000.0,4509731000.0,0.0,0.102,0.204,0.205,0.123,0.0,522140000.0,1.0,166326144.0,166326144.0,,27.114,3010648000.0,91142000.0,181851000.0,95188000.0,18.101,766660000.0
94,PH,MRT,1997-12-31,1997-12-31,1997-12-31,2021-09-08,-50181000.0,3197591000.0,3075258750.0,1549340000.0,1648251000.0,1.418,9.539,-212279000.0,36681000.0,36681000.0,3326515000.0,319945000.0,1.931,1.002,680169000.0,205733000.0,474436000.0,680169000.0,0.0,174816000.0,0.0,0.011,0.344,540706000.0,715522000.0,0.164,715522000.0,540706000.0,494784000.0,1.913,1.9,1.913,1597207000.0,1557240500.0,1597207000.0,5703821883.0,11.0,7.972,151436000.0,0.904,1.0,1033768000.0,0.237,370113000.0,45922000.0,2668579000.0,2612687500.0,825042000.0,220970000.0,0.0,220970000.0,1600384000.0,802387000.0,797997000.0,5121219883.0,-6051000.0,-157081000.0,-52298000.0,93758000.0,-63211000.0,-21751000.0,-343223000.0,0.0,363715000.0,-4792000.0,319945000.0,319945000.0,319945000.0,0.0,0.0,0.073,499429000.0,534339000.0,249975000.0,0.18,3.206,16.007,15.989,1057168000.0,0.0,30.587,1.175,1.175,578433000.0,1494435000.0,4360283000.0,4360283000.0,0.0,0.104,0.205,0.207,0.124,0.0,499429000.0,1.0,167433082.0,167433082.0,,26.042,2827478000.0,93801000.0,174839000.0,71828000.0,16.887,746953000.0
95,PH,MRT,1997-09-30,1997-09-30,1997-09-30,2021-09-08,-31200000.0,3197701000.0,2997766500.0,1549047000.0,1648654000.0,1.406,9.529,-192217000.0,39456000.0,39456000.0,3225629000.0,301195000.0,1.835,1.004,622058000.0,188756000.0,433302000.0,622058000.0,0.0,171536000.0,0.0,0.011,0.324,511132000.0,682668000.0,0.162,682668000.0,511132000.0,466350000.0,1.8,1.793,1.8,1595570000.0,1523269750.0,1595570000.0,5457144930.0,11.0,7.994,172854000.0,1.032,1.0,989293000.0,0.235,0.0,44782000.0,2936092000.0,2549557000.0,777727000.0,0.0,0.0,0.0,1602131000.0,844211000.0,757920000.0,5023518930.0,-27667000.0,-157840000.0,-17324000.0,17361000.0,-59931000.0,-59894000.0,-327862000.0,0.0,365071000.0,-4982000.0,301195000.0,301195000.0,301195000.0,0.0,0.0,0.071,486011000.0,503282000.0,256804000.0,0.18,3.148,16.679,16.667,1059865000.0,0.0,30.0,1.192,1.192,629476000.0,1439782000.0,4214922000.0,4214922000.0,0.0,0.1,0.198,0.2,0.121,0.0,486011000.0,1.0,167450631.0,167450631.0,,25.171,3197701000.0,86035000.0,165155000.0,114791000.0,19.096,704836000.0
96,PH,MRT,1997-06-30,1997-06-30,1997-06-30,2021-09-08,-27345000.0,2998946000.0,2943035000.0,1499561000.0,1499385000.0,1.39,9.235,-177894000.0,68997000.0,68997000.0,3152988000.0,274039000.0,2.094,0.938,502623000.0,69738000.0,432885000.0,502623000.0,0.0,169833000.0,0.0,0.013,0.338,471526000.0,641359000.0,0.157,641359000.0,471526000.0,424867000.0,1.64,1.627,1.64,1547301000.0,1465629500.0,1547301000.0,5023515566.0,11.0,7.833,214416000.0,1.28,1.0,938093000.0,0.229,285264000.0,46659000.0,2431297000.0,2390510000.0,727847000.0,174142000.0,0.0,174142000.0,1451645000.0,716011000.0,735634000.0,4523594566.0,5044000.0,-31461000.0,-10184000.0,-121324000.0,-56570000.0,-188078000.0,-194731000.0,0.0,392310000.0,-4457000.0,274039000.0,274039000.0,274039000.0,0.0,0.0,0.067,475180000.0,462913000.0,266848000.0,0.206,2.924,16.507,16.463,1020743000.0,0.0,27.0,1.106,1.106,601724000.0,1378297000.0,4091081000.0,4091081000.0,0.0,0.093,0.187,0.197,0.115,0.0,475180000.0,1.0,167540540.0,167540540.0,,24.418,2713682000.0,102863000.0,150828000.0,77381000.0,16.197,783550000.0
97,PH,MRT,1997-03-31,1997-03-31,1997-03-31,2021-09-08,-15261000.0,2906797000.0,,1444093000.0,1462704000.0,,8.893,-168563000.0,45946000.0,45946000.0,3077725000.0,246401000.0,2.066,0.952,545867000.0,124190000.0,421677000.0,545867000.0,0.0,169909000.0,0.0,0.017,0.329,427617000.0,597526000.0,0.151,597526000.0,427617000.0,378463000.0,1.471,,1.471,1488884000.0,,1488884000.0,3713659524.0,9.0,6.215,202631000.0,1.21,1.0,889952000.0,0.224,292908000.0,49154000.0,2414782000.0,,696244000.0,189089000.0,0.0,189089000.0,1417913000.0,699028000.0,718885000.0,3181046524.0,-17989000.0,-219896000.0,-5390000.0,70022000.0,-54959000.0,9673000.0,-395698000.0,0.0,371194000.0,-3158000.0,246401000.0,246401000.0,246401000.0,0.0,0.0,0.062,469771000.0,420181000.0,197999000.0,0.224,2.137,12.91,12.916,980707000.0,0.0,19.0,0.802,0.802,597217000.0,1300798000.0,3967677000.0,3967677000.0,0.0,,,,0.108,0.0,469771000.0,1.0,167423501.0,167423501.0,,23.698,2613889000.0,90147000.0,132062000.0,73326000.0,15.612,745065000.0
98,PH,MRT,1996-12-31,1996-12-31,1996-12-31,2021-09-08,19708000.0,2887622000.0,,1382593000.0,1505029000.0,,8.728,-173962000.0,42732000.0,42732000.0,2985074000.0,237565000.0,2.0,0.976,575345000.0,145811000.0,429534000.0,575345000.0,0.0,160665000.0,0.0,0.019,0.32,414264000.0,574929000.0,0.149,574929000.0,414264000.0,368570000.0,1.418,,1.418,1461324000.0,,1461324000.0,,,,208811000.0,1.247,1.0,866859000.0,0.225,312819000.0,45694000.0,2416057000.0,,714844000.0,199761000.0,0.0,199761000.0,1426298000.0,691359000.0,734939000.0,2883404744.0,-31045000.0,-364343000.0,-3855000.0,198263000.0,-53414000.0,140994000.0,-552215000.0,0.0,382773000.0,-2597000.0,237565000.0,237565000.0,237565000.0,0.0,0.0,0.062,460528000.0,406331000.0,192351000.0,0.226,1.973,12.137,12.145,992449000.0,0.0,17.222,0.749,0.749,526867000.0,1237731000.0,3851933000.0,3851933000.0,0.0,,,,0.108,0.0,460528000.0,1.0,167423501.0,167423501.0,,23.007,2574803000.0,83974000.0,131005000.0,69743000.0,15.379,691234000.0
99,PH,MRT,1996-09-30,1996-09-30,1996-09-30,2021-09-08,,,,,,,,,,,2865232000.0,233397000.0,,,,,,,,,,0.017,0.32,404253000.0,,,,404253000.0,363260000.0,1.398,,1.398,,,,,,,,,1.0,841490000.0,0.227,,40993000.0,,,,,,,,,,,,,,,,,,,,,233397000.0,233397000.0,233397000.0,0.0,0.0,0.063,442174000.0,399316000.0,,0.229,,,13.352,,0.0,18.667,,,,,3706722000.0,3706722000.0,0.0,,,,0.109,,442174000.0,1.0,,,,,,,129863000.0,,,
100,PH,MRT,1996-06-30,1996-06-30,1996-06-30,2021-09-08,20725000.0,2887124000.0,,1402124000.0,1485000000.0,,,-192306000.0,63953000.0,63953000.0,2756343000.0,239667000.0,1.828,1.086,613586000.0,173789000.0,439797000.0,613586000.0,0.0,141363000.0,0.0,0.017,0.32,411146000.0,552509000.0,0.154,552509000.0,411146000.0,374479000.0,1.433,1.427,1.433,1383958000.0,,1383958000.0,,,,145675000.0,,1.0,830105000.0,0.231,320152000.0,36667000.0,2349723000.0,,707225000.0,148363000.0,0.0,148363000.0,1503166000.0,766882000.0,736284000.0,,123000.0,-359447000.0,-1209000.0,273222000.0,-53325000.0,218688000.0,-554565000.0,0.0,337981000.0,-1981000.0,239667000.0,239667000.0,239667000.0,0.0,0.0,0.067,425449000.0,404656000.0,236871000.0,0.223,,,13.026,991777000.0,0.0,18.667,,,538645000.0,1160828000.0,3586448000.0,3586448000.0,0.0,,,,0.115,0.0,425449000.0,1.0,,,,,2566972000.0,100978000.0,134812000.0,74401000.0,,635242000.0
101,PH,MRT,1996-03-31,1996-03-31,1996-03-31,2021-09-08,,,,,,,,,,,,,,,,,,,,,,0.019,0.32,,,,,,,,,,,,,,,,,,1.0,,,,,,,,,,,,,,,,,,,,,,,,,,,,,,,,,,,,,,,,16.889,,,,,,,,,,,,,,1.0,,,,,,,,,,
102,PH,MRT,1995-12-31,1995-12-31,1995-12-31,2021-09-08,,,,,,,,,,,,,,,,,,,,,,0.021,0.314,,,,,,,,,,,,,,,,,,1.0,,,,,,,,,,,,,,,,,,,,,,,,,,,,,,,,,,,,,,,,15.222,,,,,,,,,,,,,,1.0,,,,,,,,,,
103,PH,MRT,1995-06-30,1995-06-30,1995-06-30,2021-09-08,,,,,,,,-138918000.0,,,2448264000.0,218238000.0,,,,,,,,119930000.0,,0.019,0.302,379329000.0,499259000.0,0.155,499259000.0,379329000.0,348407000.0,1.313,,1.313,,,,,,,101217000.0,,1.0,766106000.0,0.238,,30922000.0,,,,,,,,,,,-17760000.0,-126713000.0,11528000.0,43347000.0,-49961000.0,4914000.0,-264222000.0,0.0,240135000.0,1413000.0,218238000.0,218238000.0,218238000.0,0.0,0.0,0.068,384581000.0,381525000.0,,0.23,,,12.27,,0.0,16.111,,,,,3214370000.0,3214370000.0,0.0,,,,0.118,0.0,384581000.0,1.0,,,,,,,130169000.0,,,
